  <div class='ocr_page' id='page_1' title='image "/cluster/home/n/w/nwhite01/storage/ocr_20150623/63/hvd.32044054112164/014.png"; bbox 0 0 4088 6212; ppageno 0'>
   <div class='ocr_carea' id='block_1_1' title="bbox 1723 699 2374 858">
    <p class='ocr_par' dir='ltr' id='par_1_1' title="bbox 1723 699 2374 858">
     <span class='ocr_line' id='line_1_1' title="bbox 1723 699 2374 858; baseline 0.002 -2"><span class='ocrx_word' id='word_1_1' title='bbox 1723 699 2374 858; x_wconf 85' lang='lat' dir='ltr'>INDEX</span> 
     </span>
    </p>
   </div>
   <div class='ocr_carea' id='block_1_2' title="bbox 794 1033 3296 1191">
    <p class='ocr_par' dir='ltr' id='par_1_2' title="bbox 794 1033 3296 1191">
     <span class='ocr_line' id='line_1_2' title="bbox 794 1033 3296 1191; baseline -0.003 0"><span class='ocrx_word' id='word_1_2' title='bbox 794 1033 1395 1191; x_wconf 16' lang='lat' dir='ltr'><strong>OPERUM&#39;</strong></span> <span class='ocrx_word' id='word_1_3' title='bbox 1443 1099 1538 1189; x_wconf 90' lang='lat' dir='ltr'><strong>s.</strong></span> <span class='ocrx_word' id='word_1_4' title='bbox 1631 1040 2230 1190; x_wconf 87' lang='lat' dir='ltr'><strong>JOANNIS</strong></span> <span class='ocrx_word' id='word_1_5' title='bbox 2319 1037 3296 1189; x_wconf 20' lang='lat' dir='ltr'><strong>CH-RYSOSTOMI</strong></span> 
     </span>
    </p>
   </div>
   <div class='ocr_carea' id='block_1_3' title="bbox 1201 1395 2890 1467">
    <p class='ocr_par' dir='ltr' id='par_1_3' title="bbox 1201 1395 2890 1467">
     <span class='ocr_line' id='line_1_3' title="bbox 1201 1395 2890 1467; baseline 0.003 -15"><span class='ocrx_word' id='word_1_6' title='bbox 1201 1397 1366 1467; x_wconf 71' lang='lat' dir='ltr'><strong>QUAE</strong></span> <span class='ocrx_word' id='word_1_7' title='bbox 1409 1397 1645 1461; x_wconf 70' lang='grc' dir='ltr'><strong>ΙΝςΗΟΟ</strong></span> <span class='ocrx_word' id='word_1_8' title='bbox 1690 1396 2093 1456; x_wconf 84' lang='lat' dir='ltr'><strong>DUODECIMO</strong></span> <span class='ocrx_word' id='word_1_9' title='bbox 2131 1399 2326 1456; x_wconf 82' lang='lat' dir='ltr'><strong>TOMO</strong></span> <span class='ocrx_word' id='word_1_10' title='bbox 2371 1395 2890 1457; x_wconf 76' lang='lat' dir='ltr'><strong>CONTINENTUR.</strong></span> 
     </span>
    </p>
   </div>
   <div class='ocr_carea' id='block_1_4' title="bbox 1708 1670 2424 1711">
    <p class='ocr_par' dir='ltr' id='par_1_4' title="bbox 1708 1670 2424 1711">
     <span class='ocr_line' id='line_1_4' title="bbox 1708 1670 2424 1711; baseline 0 -5"><span class='ocrx_word' id='word_1_11' title='bbox 1708 1670 2424 1711; x_wconf 55' lang='grc' dir='ltr'>ψ</span> 
     </span>
    </p>
   </div>
   <div class='ocr_carea' id='block_1_5' title="bbox 430 1902 2011 2022">
    <p class='ocr_par' dir='ltr' id='par_1_5' title="bbox 430 1902 2011 2022">
     <span class='ocr_line' id='line_1_5' title="bbox 430 1902 2011 2022; baseline -0.006 -7"><span class='ocrx_word' id='word_1_12' title='bbox 430 1956 477 2015; x_wconf 83' lang='grc'>1.</span> <span class='ocrx_word' id='word_1_13' title='bbox 517 1955 768 2011; x_wconf 67' lang='grc' dir='ltr'><strong>Ρνςεΐιιιῑο</strong></span> <span class='ocrx_word' id='word_1_14' title='bbox 790 1963 842 2008; x_wconf 80' lang='lat' dir='ltr'><strong>et</strong></span> <span class='ocrx_word' id='word_1_15' title='bbox 877 1902 1107 2009; x_wconf 54' lang='lat' dir='ltr'><strong>hocmiliae</strong></span> <span class='ocrx_word' id='word_1_16' title='bbox 1135 1949 1349 2006; x_wconf 75' lang='lat' dir='ltr'><strong>XXXIV</strong></span> <span class='ocrx_word' id='word_1_17' title='bbox 1389 1953 1442 2006; x_wconf 92' lang='lat' dir='ltr'><strong>in</strong></span> <span class='ocrx_word' id='word_1_18' title='bbox 1488 1950 1785 2022; x_wconf 90' lang='lat' dir='ltr'><strong>Epistolam</strong></span> <span class='ocrx_word' id='word_1_19' title='bbox 1837 1951 2011 2006; x_wconf 89' lang='lat' dir='ltr'><strong>sancti</strong></span> 
     </span>
    </p>
   </div>
   <div class='ocr_carea' id='block_1_6' title="bbox 495 2039 2003 2116">
    <p class='ocr_par' dir='ltr' id='par_1_6' title="bbox 495 2039 2003 2116">
     <span class='ocr_line' id='line_1_6' title="bbox 495 2039 2003 2116; baseline -0.005 -10"><span class='ocrx_word' id='word_1_20' title='bbox 495 2051 647 2107; x_wconf 80' lang='lat' dir='ltr'><strong>Pauli</strong></span> <span class='ocrx_word' id='word_1_21' title='bbox 674 2048 742 2102; x_wconf 90' lang='lat' dir='ltr'><strong>ad</strong></span> <span class='ocrx_word' id='word_1_22' title='bbox 779 2047 1062 2112; x_wconf 63' lang='lat' dir='ltr'><strong>Hebr-reos;</strong></span> <span class='ocrx_word' id='word_1_23' title='bbox 1110 2045 1455 2116; x_wconf 79' lang='lat' dir='ltr'><strong>superaddita</strong></span> <span class='ocrx_word' id='word_1_24' title='bbox 1514 2040 1536 2110; x_wconf 89' lang='lat'><strong>(</strong></span> <span class='ocrx_word' id='word_1_25' title='bbox 1576 2039 1643 2095; x_wconf 86' lang='lat' dir='ltr'><strong>ad</strong></span> <span class='ocrx_word' id='word_1_26' title='bbox 1671 2042 1832 2096; x_wconf 86' lang='lat' dir='ltr'><strong>linem</strong></span> <span class='ocrx_word' id='word_1_27' title='bbox 1870 2057 2003 2112; x_wconf 71' lang='lat' dir='ltr'><strong>ope-</strong></span> 
     </span>
    </p>
   </div>
   <div class='ocr_carea' id='block_1_7' title="bbox 496 2133 2009 2210">
    <p class='ocr_par' dir='ltr' id='par_1_7' title="bbox 496 2133 2009 2210">
     <span class='ocr_line' id='line_1_7' title="bbox 496 2133 2009 2210; baseline -0.001 -21"><span class='ocrx_word' id='word_1_28' title='bbox 496 2138 574 2193; x_wconf 85' lang='lat' dir='ltr'><strong>ris</strong></span> <span class='ocrx_word' id='word_1_29' title='bbox 615 2140 634 2210; x_wconf 95' lang='lat'>)</span> <span class='ocrx_word' id='word_1_30' title='bbox 702 2139 932 2196; x_wconf 85' lang='lat' dir='ltr'><strong>Mutiani</strong></span> <span class='ocrx_word' id='word_1_31' title='bbox 964 2137 1287 2193; x_wconf 84' lang='lat' dir='ltr'><strong>Scholastici</strong></span> <span class='ocrx_word' id='word_1_32' title='bbox 1321 2134 1768 2204; x_wconf 75' lang='lat' dir='ltr'><strong>interpretatione</strong></span> <span class='ocrx_word' id='word_1_33' title='bbox 1793 2133 2009 2199; x_wconf 87' lang='lat' dir='ltr'><strong>Latina,</strong></span> 
     </span>
    </p>
   </div>
   <div class='ocr_carea' id='block_1_8' title="bbox 501 2225 2007 2302">
    <p class='ocr_par' dir='ltr' id='par_1_8' title="bbox 501 2225 2007 2302">
     <span class='ocr_line' id='line_1_8' title="bbox 501 2225 2007 2302; baseline -0.005 -14"><span class='ocrx_word' id='word_1_34' title='bbox 501 2234 697 2298; x_wconf 80' lang='lat' dir='ltr'><strong>Savil.,</strong></span> <span class='ocrx_word' id='word_1_35' title='bbox 729 2231 886 2287; x_wconf 87' lang='lat' dir='ltr'><strong>Tom.</strong></span> <span class='ocrx_word' id='word_1_36' title='bbox 917 2232 969 2285; x_wconf 88' lang='lat'><strong>4.</strong></span> <span class='ocrx_word' id='word_1_37' title='bbox 995 2246 1117 2302; x_wconf 79' lang='lat' dir='ltr'><strong>pag.</strong></span> <span class='ocrx_word' id='word_1_38' title='bbox 1149 2229 1198 2284; x_wconf 99' lang='grc'><strong>1.</strong></span> <span class='ocrx_word' id='word_1_39' title='bbox 1232 2227 1422 2284; x_wconf 83' lang='lat' dir='ltr'><strong>Morel.</strong></span> <span class='ocrx_word' id='word_1_40' title='bbox 1451 2225 1608 2282; x_wconf 89' lang='lat' dir='ltr'><strong>Tom.</strong></span> <span class='ocrx_word' id='word_1_41' title='bbox 1641 2226 1693 2280; x_wconf 91' lang='lat'><strong>6.</strong></span> <span class='ocrx_word' id='word_1_42' title='bbox 1727 2241 1850 2298; x_wconf 78' lang='lat' dir='ltr'><strong>pag.</strong></span> <span class='ocrx_word' id='word_1_43' title='bbox 1881 2225 2007 2280; x_wconf 87' lang='lat'><strong>427.</strong></span> 
     </span>
    </p>
   </div>
   <div class='ocr_carea' id='block_1_9' title="bbox 425 2367 2014 2449">
    <p class='ocr_par' dir='ltr' id='par_1_9' title="bbox 425 2367 2014 2449">
     <span class='ocr_line' id='line_1_9' title="bbox 425 2367 2014 2449; baseline -0.006 -17"><span class='ocrx_word' id='word_1_44' title='bbox 425 2379 754 2449; x_wconf 80' lang='lat' dir='ltr'><strong>Sequuntur</strong></span> <span class='ocrx_word' id='word_1_45' title='bbox 771 2375 1008 2432; x_wconf 64' lang='lat' dir='ltr'><strong>homiliaa</strong></span> <span class='ocrx_word' id='word_1_46' title='bbox 1036 2373 1288 2429; x_wconf 82' lang='lat' dir='ltr'><strong>undecim</strong></span> <span class='ocrx_word' id='word_1_47' title='bbox 1320 2371 1584 2428; x_wconf 74' lang='lat' dir='ltr'><strong>hactenus</strong></span> <span class='ocrx_word' id='word_1_48' title='bbox 1619 2383 1727 2423; x_wconf 92' lang='lat' dir='ltr'><strong>non</strong></span> <span class='ocrx_word' id='word_1_49' title='bbox 1753 2367 1932 2436; x_wconf 83' lang='lat' dir='ltr'><strong>editae,</strong></span> <span class='ocrx_word' id='word_1_50' title='bbox 1959 2377 2014 2425; x_wconf 91' lang='lat' dir='ltr'><strong>et</strong></span> 
     </span>
    </p>
   </div>
   <div class='ocr_carea' id='block_1_10' title="bbox 509 2460 1850 2524">
    <p class='ocr_par' dir='ltr' id='par_1_10' title="bbox 509 2460 1850 2524">
     <span class='ocr_line' id='line_1_10' title="bbox 509 2460 1850 2524; baseline -0.006 -2"><span class='ocrx_word' id='word_1_51' title='bbox 509 2471 578 2524; x_wconf 87' lang='lat' dir='ltr'><strong>ad</strong></span> <span class='ocrx_word' id='word_1_52' title='bbox 612 2470 890 2523; x_wconf 75' lang='lat' dir='ltr'><strong>historiam</strong></span> <span class='ocrx_word' id='word_1_53' title='bbox 925 2468 1069 2523; x_wconf 91' lang='lat' dir='ltr'><strong>illius</strong></span> <span class='ocrx_word' id='word_1_54' title='bbox 1094 2466 1193 2522; x_wconf 61' lang='lat' dir='ltr'><strong>avi</strong></span> <span class='ocrx_word' id='word_1_55' title='bbox 1226 2465 1452 2518; x_wconf 89' lang='lat' dir='ltr'><strong>multum</strong></span> <span class='ocrx_word' id='word_1_56' title='bbox 1485 2460 1850 2518; x_wconf 83' lang='lat' dir='ltr'><strong>conferentes.</strong></span> 
     </span>
    </p>
   </div>
   <div class='ocr_carea' id='block_1_11' title="bbox 435 2575 2015 2651">
    <p class='ocr_par' dir='ltr' id='par_1_11' title="bbox 435 2575 2015 2651">
     <span class='ocr_line' id='line_1_11' title="bbox 435 2575 2015 2651; baseline -0.003 -16"><span class='ocrx_word' id='word_1_57' title='bbox 435 2580 480 2651; x_wconf 70' lang='grc' dir='ltr'><strong>-ι-</strong></span> <span class='ocrx_word' id='word_1_58' title='bbox 518 2581 572 2635; x_wconf 87' lang='lat'><strong>2.</strong></span> <span class='ocrx_word' id='word_1_59' title='bbox 600 2581 830 2635; x_wconf 86' lang='lat' dir='ltr'><strong>Ilomilia</strong></span> <span class='ocrx_word' id='word_1_60' title='bbox 862 2581 1034 2651; x_wconf 89' lang='lat' dir='ltr'><strong>prima</strong></span> <span class='ocrx_word' id='word_1_61' title='bbox 1058 2580 1242 2634; x_wconf 84' lang='lat' dir='ltr'><strong>habita</strong></span> <span class='ocrx_word' id='word_1_62' title='bbox 1281 2579 1334 2632; x_wconf 91' lang='lat' dir='ltr'><strong>in</strong></span> <span class='ocrx_word' id='word_1_63' title='bbox 1357 2576 1619 2648; x_wconf 79' lang='lat' dir='ltr'><strong>Martyrio</strong></span> <span class='ocrx_word' id='word_1_64' title='bbox 1642 2592 1738 2631; x_wconf 88' lang='lat' dir='ltr'><strong>seu</strong></span> <span class='ocrx_word' id='word_1_65' title='bbox 1766 2577 1818 2630; x_wconf 88' lang='lat' dir='ltr'><strong>in</strong></span> <span class='ocrx_word' id='word_1_66' title='bbox 1842 2575 2015 2631; x_wconf 78' lang='lat' dir='ltr'><strong>eccle-</strong></span> 
     </span>
    </p>
   </div>
   <div class='ocr_carea' id='block_1_12' title="bbox 508 2666 2014 2743">
    <p class='ocr_par' dir='ltr' id='par_1_12' title="bbox 508 2666 2014 2743">
     <span class='ocr_line' id='line_1_12' title="bbox 508 2666 2014 2743; baseline -0.005 -14"><span class='ocrx_word' id='word_1_67' title='bbox 508 2675 610 2737; x_wconf 82' lang='lat' dir='ltr'><strong>sia,</strong></span> <span class='ocrx_word' id='word_1_68' title='bbox 651 2689 769 2743; x_wconf 60' lang='lat' dir='ltr'><strong>quae</strong></span> <span class='ocrx_word' id='word_1_69' title='bbox 809 2681 893 2729; x_wconf 84' lang='lat' dir='ltr'><strong>est</strong></span> <span class='ocrx_word' id='word_1_70' title='bbox 940 2673 1161 2742; x_wconf 84' lang='lat' dir='ltr'><strong>antiqua</strong></span> <span class='ocrx_word' id='word_1_71' title='bbox 1192 2670 1350 2728; x_wconf 81' lang='lat' dir='ltr'><strong>Petra</strong></span> <span class='ocrx_word' id='word_1_72' title='bbox 1385 2686 1398 2723; x_wconf 90' lang='lat'><strong>:</strong></span> <span class='ocrx_word' id='word_1_73' title='bbox 1438 2685 1466 2726; x_wconf 70' lang='grc' dir='ltr'><strong>ι,</strong></span> <span class='ocrx_word' id='word_1_74' title='bbox 1497 2666 1650 2732; x_wconf 83' lang='lat' dir='ltr'><strong>Quod</strong></span> <span class='ocrx_word' id='word_1_75' title='bbox 1704 2667 2014 2737; x_wconf 75' lang='lat' dir='ltr'><strong>frequenter</strong></span> 
     </span>
    </p>
   </div>
   <div class='ocr_carea' id='block_1_13' title="bbox 508 2758 2011 2834">
    <p class='ocr_par' dir='ltr' id='par_1_13' title="bbox 508 2758 2011 2834">
     <span class='ocr_line' id='line_1_13' title="bbox 508 2758 2011 2834; baseline -0.005 -12"><span class='ocrx_word' id='word_1_76' title='bbox 508 2767 941 2822; x_wconf 76' lang='lat' dir='ltr'><strong>conveniendum</strong></span> <span class='ocrx_word' id='word_1_77' title='bbox 969 2767 1145 2830; x_wconf 71' lang='lat' dir='ltr'><strong>sit,et</strong></span> <span class='ocrx_word' id='word_1_78' title='bbox 1170 2762 1317 2834; x_wconf 88' lang='lat' dir='ltr'><strong>quod</strong></span> <span class='ocrx_word' id='word_1_79' title='bbox 1353 2777 1462 2818; x_wconf 85' lang='lat' dir='ltr'><strong>non</strong></span> <span class='ocrx_word' id='word_1_80' title='bbox 1491 2761 1564 2817; x_wconf 87' lang='lat' dir='ltr'><strong>sit</strong></span> <span class='ocrx_word' id='word_1_81' title='bbox 1591 2758 2011 2831; x_wconf 63' lang='lat' dir='ltr'><strong>desperandum</strong></span> 
     </span>
    </p>
   </div>
   <div class='ocr_carea' id='block_1_14' title="bbox 502 2857 1301 2923">
    <p class='ocr_par' dir='ltr' id='par_1_14' title="bbox 502 2857 1301 2923">
     <span class='ocr_line' id='line_1_14' title="bbox 502 2857 1301 2923; baseline -0.001 -9"><span class='ocrx_word' id='word_1_82' title='bbox 502 2861 570 2914; x_wconf 86' lang='lat' dir='ltr'><strong>de</strong></span> <span class='ocrx_word' id='word_1_83' title='bbox 598 2860 795 2923; x_wconf 87' lang='lat' dir='ltr'><strong>salute,</strong></span> <span class='ocrx_word' id='word_1_84' title='bbox 841 2878 860 2911; x_wconf 75' lang='grc' dir='ltr'><strong><em>ι</em></strong></span> <span class='ocrx_word' id='word_1_85' title='bbox 898 2859 1005 2914; x_wconf 91' lang='lat' dir='ltr'><strong>col.</strong></span> <span class='ocrx_word' id='word_1_86' title='bbox 1040 2857 1301 2913; x_wconf 85' lang='lat'><strong>469-470.</strong></span> 
     </span>
    </p>
   </div>
   <div class='ocr_carea' id='block_1_15' title="bbox 430 2980 2015 3057">
    <p class='ocr_par' dir='ltr' id='par_1_15' title="bbox 430 2980 2015 3057">
     <span class='ocr_line' id='line_1_15' title="bbox 430 2980 2015 3057; baseline -0.003 -18"><span class='ocrx_word' id='word_1_87' title='bbox 430 2984 473 3057; x_wconf 67' lang='grc' dir='ltr'><strong>-ι-</strong></span> <span class='ocrx_word' id='word_1_88' title='bbox 510 2985 565 3039; x_wconf 89' lang='lat'><strong>3.</strong></span> <span class='ocrx_word' id='word_1_89' title='bbox 591 2982 825 3037; x_wconf 79' lang='lat' dir='ltr'><strong>llomilia</strong></span> <span class='ocrx_word' id='word_1_90' title='bbox 847 2981 1086 3038; x_wconf 85' lang='lat' dir='ltr'><strong>secunda</strong></span> <span class='ocrx_word' id='word_1_91' title='bbox 1116 2981 1304 3036; x_wconf 84' lang='lat' dir='ltr'><strong>habita</strong></span> <span class='ocrx_word' id='word_1_92' title='bbox 1334 2996 1458 3036; x_wconf 88' lang='lat' dir='ltr'><strong>cum</strong></span> <span class='ocrx_word' id='word_1_93' title='bbox 1479 2981 1794 3050; x_wconf 61' lang='lat' dir='ltr'><strong>Imperatr-ix</strong></span> <span class='ocrx_word' id='word_1_94' title='bbox 1830 2980 2015 3035; x_wconf 82' lang='lat' dir='ltr'><strong>Eudo-</strong></span> 
     </span>
    </p>
   </div>
   <div class='ocr_carea' id='block_1_16' title="bbox 503 3073 2016 3145">
    <p class='ocr_par' dir='ltr' id='par_1_16' title="bbox 503 3073 2016 3145">
     <span class='ocr_line' id='line_1_16' title="bbox 503 3073 2016 3145; baseline -0.001 -15"><span class='ocrx_word' id='word_1_95' title='bbox 503 3077 592 3130; x_wconf 80' lang='lat' dir='ltr'><strong>xia</strong></span> <span class='ocrx_word' id='word_1_96' title='bbox 611 3074 867 3145; x_wconf 88' lang='lat' dir='ltr'><strong>reliquias</strong></span> <span class='ocrx_word' id='word_1_97' title='bbox 895 3083 1195 3144; x_wconf 77' lang='lat' dir='ltr'><strong>martyrum</strong></span> <span class='ocrx_word' id='word_1_98' title='bbox 1225 3074 1279 3127; x_wconf 88' lang='lat' dir='ltr'><strong>in</strong></span> <span class='ocrx_word' id='word_1_99' title='bbox 1310 3073 1473 3126; x_wconf 89' lang='lat' dir='ltr'><strong>aliam</strong></span> <span class='ocrx_word' id='word_1_100' title='bbox 1506 3073 1795 3128; x_wconf 89' lang='lat' dir='ltr'><strong>ecclesiam</strong></span> <span class='ocrx_word' id='word_1_101' title='bbox 1831 3079 2016 3128; x_wconf 89' lang='lat' dir='ltr'><strong>trans-</strong></span> 
     </span>
    </p>
   </div>
   <div class='ocr_carea' id='block_1_17' title="bbox 505 3165 1727 3232">
    <p class='ocr_par' dir='ltr' id='par_1_17' title="bbox 505 3165 1727 3232">
     <span class='ocr_line' id='line_1_17' title="bbox 505 3165 1727 3232; baseline 0 -11"><span class='ocrx_word' id='word_1_102' title='bbox 505 3169 646 3221; x_wconf 87' lang='lat' dir='ltr'><strong>latas</strong></span> <span class='ocrx_word' id='word_1_103' title='bbox 675 3168 937 3221; x_wconf 83' lang='lat' dir='ltr'><strong>comitata</strong></span> <span class='ocrx_word' id='word_1_104' title='bbox 971 3174 1136 3231; x_wconf 86' lang='lat' dir='ltr'><strong>esset,</strong></span> <span class='ocrx_word' id='word_1_105' title='bbox 1170 3176 1296 3232; x_wconf 92' lang='lat' dir='ltr'><strong>etc.,</strong></span> <span class='ocrx_word' id='word_1_106' title='bbox 1333 3167 1439 3220; x_wconf 92' lang='lat' dir='ltr'><strong>col.</strong></span> <span class='ocrx_word' id='word_1_107' title='bbox 1462 3165 1727 3222; x_wconf 80' lang='lat'><strong>475-476.</strong></span> 
     </span>
    </p>
   </div>
   <div class='ocr_carea' id='block_1_18' title="bbox 430 3279 2012 3352">
    <p class='ocr_par' dir='ltr' id='par_1_18' title="bbox 430 3279 2012 3352">
     <span class='ocr_line' id='line_1_18' title="bbox 430 3279 2012 3352; baseline -0.001 -17"><span class='ocrx_word' id='word_1_108' title='bbox 430 3281 473 3352; x_wconf 62' lang='grc'><strong>1-</strong></span> <span class='ocrx_word' id='word_1_109' title='bbox 512 3281 566 3336; x_wconf 89' lang='lat'><strong>4.</strong></span> <span class='ocrx_word' id='word_1_110' title='bbox 601 3279 838 3335; x_wconf 75' lang='lat' dir='ltr'><strong>liomilia</strong></span> <span class='ocrx_word' id='word_1_111' title='bbox 862 3282 1020 3336; x_wconf 87' lang='lat' dir='ltr'><strong>tertia</strong></span> <span class='ocrx_word' id='word_1_112' title='bbox 1037 3281 1222 3336; x_wconf 82' lang='lat' dir='ltr'><strong>habita</strong></span> <span class='ocrx_word' id='word_1_113' title='bbox 1240 3289 1531 3352; x_wconf 86' lang='lat' dir='ltr'><strong>postquam</strong></span> <span class='ocrx_word' id='word_1_114' title='bbox 1560 3283 1860 3351; x_wconf 87' lang='lat' dir='ltr'><strong>Imperator</strong></span> <span class='ocrx_word' id='word_1_115' title='bbox 1883 3280 2012 3337; x_wconf 88' lang='lat' dir='ltr'><strong>reli-</strong></span> 
     </span>
    </p>
   </div>
   <div class='ocr_carea' id='block_1_19' title="bbox 487 3373 2015 3443">
    <p class='ocr_par' dir='ltr' id='par_1_19' title="bbox 487 3373 2015 3443">
     <span class='ocr_line' id='line_1_19' title="bbox 487 3373 2015 3443; baseline 0.003 -17"><span class='ocrx_word' id='word_1_116' title='bbox 487 3374 646 3443; x_wconf 89' lang='lat' dir='ltr'><strong>quias</strong></span> <span class='ocrx_word' id='word_1_117' title='bbox 673 3381 1032 3428; x_wconf 80' lang='lat' dir='ltr'><strong>veneraturus</strong></span> <span class='ocrx_word' id='word_1_118' title='bbox 1057 3373 1110 3427; x_wconf 91' lang='lat' dir='ltr'><strong>in</strong></span> <span class='ocrx_word' id='word_1_119' title='bbox 1136 3374 1426 3430; x_wconf 87' lang='lat' dir='ltr'><strong>ecclesiam</strong></span> <span class='ocrx_word' id='word_1_120' title='bbox 1450 3373 1508 3428; x_wconf 92' lang='lat' dir='ltr'><strong>S.</strong></span> <span class='ocrx_word' id='word_1_121' title='bbox 1531 3373 1755 3428; x_wconf 85' lang='lat' dir='ltr'><strong>Thomae</strong></span> <span class='ocrx_word' id='word_1_122' title='bbox 1777 3389 1901 3430; x_wconf 90' lang='lat' dir='ltr'><strong>cum</strong></span> <span class='ocrx_word' id='word_1_123' title='bbox 1919 3390 2015 3431; x_wconf 89' lang='lat' dir='ltr'><strong>co-</strong></span> 
     </span>
    </p>
   </div>
   <div class='ocr_carea' id='block_1_20' title="bbox 510 3465 1540 3530">
    <p class='ocr_par' dir='ltr' id='par_1_20' title="bbox 510 3465 1540 3530">
     <span class='ocr_line' id='line_1_20' title="bbox 510 3465 1540 3530; baseline 0.004 -12"><span class='ocrx_word' id='word_1_124' title='bbox 510 3465 706 3520; x_wconf 85' lang='lat' dir='ltr'><strong>mitatu</strong></span> <span class='ocrx_word' id='word_1_125' title='bbox 739 3479 842 3520; x_wconf 90' lang='lat' dir='ltr'><strong>suo</strong></span> <span class='ocrx_word' id='word_1_126' title='bbox 870 3474 1113 3530; x_wconf 86' lang='lat' dir='ltr'><strong>venerat,</strong></span> <span class='ocrx_word' id='word_1_127' title='bbox 1141 3466 1248 3522; x_wconf 90' lang='lat' dir='ltr'><strong>col.</strong></span> <span class='ocrx_word' id='word_1_128' title='bbox 1272 3465 1540 3522; x_wconf 80' lang='lat'><strong>481-482.</strong></span> 
     </span>
    </p>
   </div>
   <div class='ocr_carea' id='block_1_21' title="bbox 431 3575 2012 3647">
    <p class='ocr_par' dir='ltr' id='par_1_21' title="bbox 431 3575 2012 3647">
     <span class='ocr_line' id='line_1_21' title="bbox 431 3575 2012 3647; baseline 0.003 -16"><span class='ocrx_word' id='word_1_129' title='bbox 431 3577 474 3646; x_wconf 68' lang='grc' dir='ltr'><strong>-ξ-</strong></span> <span class='ocrx_word' id='word_1_130' title='bbox 513 3577 566 3631; x_wconf 90' lang='grc'>5.</span> <span class='ocrx_word' id='word_1_131' title='bbox 596 3575 829 3631; x_wconf 80' lang='lat' dir='ltr'><strong>Homilia</strong></span> <span class='ocrx_word' id='word_1_132' title='bbox 847 3586 1040 3647; x_wconf 90' lang='lat' dir='ltr'><strong>quarta</strong></span> <span class='ocrx_word' id='word_1_133' title='bbox 1069 3578 1122 3632; x_wconf 91' lang='lat' dir='ltr'><strong>in</strong></span> <span class='ocrx_word' id='word_1_134' title='bbox 1147 3579 1382 3634; x_wconf 86' lang='lat' dir='ltr'><strong>ecclesia</strong></span> <span class='ocrx_word' id='word_1_135' title='bbox 1413 3579 1470 3634; x_wconf 89' lang='lat' dir='ltr'><strong>S.</strong></span> <span class='ocrx_word' id='word_1_136' title='bbox 1495 3579 1803 3637; x_wconf 83' lang='lat' dir='ltr'><strong>Anastasiae</strong></span> <span class='ocrx_word' id='word_1_137' title='bbox 1826 3578 2012 3638; x_wconf 88' lang='lat' dir='ltr'><strong>habita</strong></span> 
     </span>
    </p>
   </div>
   <div class='ocr_carea' id='block_1_22' title="bbox 509 3665 1574 3736">
    <p class='ocr_par' dir='ltr' id='par_1_22' title="bbox 509 3665 1574 3736">
     <span class='ocr_line' id='line_1_22' title="bbox 509 3665 1574 3736; baseline 0.006 -18"><span class='ocrx_word' id='word_1_138' title='bbox 509 3665 578 3721; x_wconf 83' lang='lat' dir='ltr'><strong>de</strong></span> <span class='ocrx_word' id='word_1_139' title='bbox 608 3667 873 3736; x_wconf 78' lang='lat' dir='ltr'><strong>agonibus</strong></span> <span class='ocrx_word' id='word_1_140' title='bbox 901 3667 960 3721; x_wconf 88' lang='lat' dir='ltr'><strong>S.</strong></span> <span class='ocrx_word' id='word_1_141' title='bbox 995 3666 1139 3734; x_wconf 81' lang='lat' dir='ltr'><strong>Juhi,</strong></span> <span class='ocrx_word' id='word_1_142' title='bbox 1173 3669 1279 3724; x_wconf 89' lang='lat' dir='ltr'><strong>col.</strong></span> <span class='ocrx_word' id='word_1_143' title='bbox 1310 3668 1574 3725; x_wconf 77' lang='lat'><strong>485-486.</strong></span> 
     </span>
    </p>
   </div>
   <div class='ocr_carea' id='block_1_23' title="bbox 435 3767 2012 3864">
    <p class='ocr_par' dir='ltr' id='par_1_23' title="bbox 435 3767 2012 3864">
     <span class='ocr_line' id='line_1_23' title="bbox 435 3767 2012 3864; baseline 0.006 -25"><span class='ocrx_word' id='word_1_144' title='bbox 435 3767 477 3856; x_wconf 57' lang='grc' dir='ltr'><em>’ξ</em></span> <span class='ocrx_word' id='word_1_145' title='bbox 515 3785 572 3840; x_wconf 84' lang='grc'>6.</span> <span class='ocrx_word' id='word_1_146' title='bbox 608 3785 839 3842; x_wconf 88' lang='lat' dir='ltr'><strong>llomilia</strong></span> <span class='ocrx_word' id='word_1_147' title='bbox 869 3791 1059 3860; x_wconf 86' lang='lat' dir='ltr'><strong>quinta</strong></span> <span class='ocrx_word' id='word_1_148' title='bbox 1077 3789 1260 3845; x_wconf 86' lang='lat' dir='ltr'><strong>habita</strong></span> <span class='ocrx_word' id='word_1_149' title='bbox 1292 3792 1347 3846; x_wconf 84' lang='lat' dir='ltr'><strong>in</strong></span> <span class='ocrx_word' id='word_1_150' title='bbox 1375 3793 1581 3864; x_wconf 90' lang='lat' dir='ltr'><strong>templo</strong></span> <span class='ocrx_word' id='word_1_151' title='bbox 1612 3791 1670 3848; x_wconf 89' lang='lat' dir='ltr'><strong>S.</strong></span> <span class='ocrx_word' id='word_1_152' title='bbox 1707 3792 1916 3860; x_wconf 84' lang='lat' dir='ltr'><strong>Irenes,</strong></span> <span class='ocrx_word' id='word_1_153' title='bbox 1945 3794 2012 3848; x_wconf 82' lang='lat' dir='ltr'><strong>de</strong></span> 
     </span>
    </p>
   </div>
   <div class='ocr_carea' id='block_1_24' title="bbox 504 3879 2015 3954">
    <p class='ocr_par' dir='ltr' id='par_1_24' title="bbox 504 3879 2015 3954">
     <span class='ocr_line' id='line_1_24' title="bbox 504 3879 2015 3954; baseline 0.004 -22"><span class='ocrx_word' id='word_1_154' title='bbox 504 3879 689 3933; x_wconf 83' lang='lat' dir='ltr'><strong>studio</strong></span> <span class='ocrx_word' id='word_1_155' title='bbox 717 3881 1069 3949; x_wconf 65' lang='lat' dir='ltr'><strong>praesentium</strong></span> <span class='ocrx_word' id='word_1_156' title='bbox 1089 3889 1143 3936; x_wconf 84' lang='lat' dir='ltr'><strong>et</strong></span> <span class='ocrx_word' id='word_1_157' title='bbox 1160 3881 1226 3937; x_wconf 89' lang='lat' dir='ltr'><strong>de</strong></span> <span class='ocrx_word' id='word_1_158' title='bbox 1250 3883 1467 3953; x_wconf 85' lang='lat' dir='ltr'><strong>ignavia</strong></span> <span class='ocrx_word' id='word_1_159' title='bbox 1499 3884 1808 3939; x_wconf 83' lang='lat' dir='ltr'><strong>absentium</strong></span> <span class='ocrx_word' id='word_1_160' title='bbox 1833 3902 1846 3938; x_wconf 88' lang='lat'><strong>:</strong></span> <span class='ocrx_word' id='word_1_161' title='bbox 1872 3884 2015 3954; x_wconf 89' lang='lat' dir='ltr'><strong>quod</strong></span> 
     </span>
    </p>
   </div>
   <div class='ocr_carea' id='block_1_25' title="bbox 510 3962 1556 4040">
    <p class='ocr_par' dir='ltr' id='par_1_25' title="bbox 510 3962 1556 4040">
     <span class='ocr_line' id='line_1_25' title="bbox 510 3962 1556 4040; baseline 0.006 -18"><span class='ocrx_word' id='word_1_162' title='bbox 510 3969 584 4022; x_wconf 85' lang='lat' dir='ltr'><strong>sit</strong></span> <span class='ocrx_word' id='word_1_163' title='bbox 608 3969 975 4040; x_wconf 85' lang='lat' dir='ltr'><strong>psallendum,</strong></span> <span class='ocrx_word' id='word_1_164' title='bbox 1001 3978 1132 4038; x_wconf 88' lang='lat' dir='ltr'><strong>etc.,</strong></span> <span class='ocrx_word' id='word_1_165' title='bbox 1165 3972 1271 4027; x_wconf 93' lang='lat' dir='ltr'><strong>col.</strong></span> <span class='ocrx_word' id='word_1_166' title='bbox 1298 3962 1556 4028; x_wconf 80' lang='lat'><strong>493-494.</strong></span> 
     </span>
    </p>
   </div>
   <div class='ocr_carea' id='block_1_26' title="bbox 432 4086 2015 4166">
    <p class='ocr_par' dir='ltr' id='par_1_26' title="bbox 432 4086 2015 4166">
     <span class='ocr_line' id='line_1_26' title="bbox 432 4086 2015 4166; baseline 0.006 -25"><span class='ocrx_word' id='word_1_167' title='bbox 432 4086 477 4158; x_wconf 60' lang='grc' dir='ltr'><strong>αξ·</strong></span> <span class='ocrx_word' id='word_1_168' title='bbox 515 4088 806 4144; x_wconf 89' lang='lat' dir='ltr'><strong>7.llomilia</strong></span> <span class='ocrx_word' id='word_1_169' title='bbox 830 4099 982 4146; x_wconf 82' lang='lat' dir='ltr'><strong>sexta</strong></span> <span class='ocrx_word' id='word_1_170' title='bbox 1030 4091 1214 4146; x_wconf 91' lang='lat' dir='ltr'><strong>habita</strong></span> <span class='ocrx_word' id='word_1_171' title='bbox 1242 4093 1295 4146; x_wconf 89' lang='lat' dir='ltr'><strong>in</strong></span> <span class='ocrx_word' id='word_1_172' title='bbox 1340 4094 1575 4149; x_wconf 88' lang='lat' dir='ltr'><strong>ecclesia</strong></span> <span class='ocrx_word' id='word_1_173' title='bbox 1622 4096 2015 4166; x_wconf 86' lang='lat' dir='ltr'><strong>Apostolorum</strong></span> 
     </span>
    </p>
   </div>
   <div class='ocr_carea' id='block_1_27' title="bbox 496 4179 2018 4253">
    <p class='ocr_par' dir='ltr' id='par_1_27' title="bbox 496 4179 2018 4253">
     <span class='ocr_line' id='line_1_27' title="bbox 496 4179 2018 4253; baseline 0.008 -21"><span class='ocrx_word' id='word_1_174' title='bbox 496 4179 553 4232; x_wconf 91' lang='lat' dir='ltr'><strong>in</strong></span> <span class='ocrx_word' id='word_1_175' title='bbox 592 4181 679 4235; x_wconf 88' lang='lat' dir='ltr'><strong>die</strong></span> <span class='ocrx_word' id='word_1_176' title='bbox 731 4179 1027 4236; x_wconf 82' lang='lat' dir='ltr'><strong>Theodosii</strong></span> <span class='ocrx_word' id='word_1_177' title='bbox 1089 4182 1465 4253; x_wconf 85' lang='lat' dir='ltr'><strong>Imperatoris,</strong></span> <span class='ocrx_word' id='word_1_178' title='bbox 1506 4195 1697 4240; x_wconf 88' lang='lat' dir='ltr'><strong>contra</strong></span> <span class='ocrx_word' id='word_1_179' title='bbox 1725 4187 2018 4252; x_wconf 86' lang='lat' dir='ltr'><strong>Catharos,</strong></span> 
     </span>
    </p>
   </div>
   <div class='ocr_carea' id='block_1_28' title="bbox 501 4273 894 4329">
    <p class='ocr_par' dir='ltr' id='par_1_28' title="bbox 501 4273 894 4329">
     <span class='ocr_line' id='line_1_28' title="bbox 501 4273 894 4329; baseline 0.005 -5"><span class='ocrx_word' id='word_1_180' title='bbox 501 4273 610 4325; x_wconf 90' lang='lat' dir='ltr'><strong>col.</strong></span> <span class='ocrx_word' id='word_1_181' title='bbox 635 4273 894 4329; x_wconf 81' lang='lat'><strong>499-500.</strong></span> 
     </span>
    </p>
   </div>
   <div class='ocr_carea' id='block_1_29' title="bbox 435 4381 2023 4462">
    <p class='ocr_par' dir='ltr' id='par_1_29' title="bbox 435 4381 2023 4462">
     <span class='ocr_line' id='line_1_29' title="bbox 435 4381 2023 4462; baseline 0.01 -28"><span class='ocrx_word' id='word_1_182' title='bbox 435 4382 478 4452; x_wconf 48' lang='grc' dir='ltr'><em>ἦ</em></span> <span class='ocrx_word' id='word_1_183' title='bbox 517 4382 573 4436; x_wconf 89' lang='grc'><strong>8.</strong></span> <span class='ocrx_word' id='word_1_184' title='bbox 609 4381 844 4439; x_wconf 83' lang='lat' dir='ltr'><strong>Homilia</strong></span> <span class='ocrx_word' id='word_1_185' title='bbox 875 4385 1109 4455; x_wconf 90' lang='lat' dir='ltr'><strong>septima</strong></span> <span class='ocrx_word' id='word_1_186' title='bbox 1150 4386 1336 4444; x_wconf 84' lang='lat' dir='ltr'><strong>habita</strong></span> <span class='ocrx_word' id='word_1_187' title='bbox 1368 4388 1424 4444; x_wconf 89' lang='lat' dir='ltr'><strong>in</strong></span> <span class='ocrx_word' id='word_1_188' title='bbox 1457 4391 1659 4462; x_wconf 89' lang='lat' dir='ltr'><strong>templo</strong></span> <span class='ocrx_word' id='word_1_189' title='bbox 1695 4391 1753 4448; x_wconf 91' lang='lat' dir='ltr'><strong>S.</strong></span> <span class='ocrx_word' id='word_1_190' title='bbox 1786 4392 2023 4450; x_wconf 83' lang='lat' dir='ltr'><strong>Anasta-</strong></span> 
     </span>
    </p>
   </div>
   <div class='ocr_carea' id='block_1_30' title="bbox 496 4477 1049 4539">
    <p class='ocr_par' dir='ltr' id='par_1_30' title="bbox 496 4477 1049 4539">
     <span class='ocr_line' id='line_1_30' title="bbox 496 4477 1049 4539; baseline 0.009 -10"><span class='ocrx_word' id='word_1_191' title='bbox 496 4477 613 4539; x_wconf 57' lang='grc' dir='ltr'><strong>εἰδὲ,</strong></span> <span class='ocrx_word' id='word_1_192' title='bbox 645 4477 751 4530; x_wconf 90' lang='lat' dir='ltr'><strong>col.</strong></span> <span class='ocrx_word' id='word_1_193' title='bbox 787 4477 1049 4534; x_wconf 82' lang='lat'><strong>501-502.</strong></span> 
     </span>
    </p>
   </div>
   <div class='ocr_carea' id='block_1_31' title="bbox 437 4587 2021 4668">
    <p class='ocr_par' dir='ltr' id='par_1_31' title="bbox 437 4587 2021 4668">
     <span class='ocr_line' id='line_1_31' title="bbox 437 4587 2021 4668; baseline 0.007 -25"><span class='ocrx_word' id='word_1_194' title='bbox 437 4587 482 4659; x_wconf 63' lang='lat'><strong>~1-</strong></span> <span class='ocrx_word' id='word_1_195' title='bbox 542 4589 596 4644; x_wconf 86' lang='lat'><strong>9.</strong></span> <span class='ocrx_word' id='word_1_196' title='bbox 629 4588 861 4646; x_wconf 76' lang='lat' dir='ltr'><strong>Humilia</strong></span> <span class='ocrx_word' id='word_1_197' title='bbox 918 4600 1111 4649; x_wconf 82' lang='lat' dir='ltr'><strong>octava</strong></span> <span class='ocrx_word' id='word_1_198' title='bbox 1146 4592 1327 4652; x_wconf 88' lang='lat' dir='ltr'><strong>habita</strong></span> <span class='ocrx_word' id='word_1_199' title='bbox 1359 4597 1415 4652; x_wconf 89' lang='lat' dir='ltr'><strong>in</strong></span> <span class='ocrx_word' id='word_1_200' title='bbox 1445 4597 1678 4655; x_wconf 87' lang='lat' dir='ltr'><strong>ecclesia</strong></span> <span class='ocrx_word' id='word_1_201' title='bbox 1729 4597 1789 4654; x_wconf 91' lang='lat' dir='ltr'><strong>S.</strong></span> <span class='ocrx_word' id='word_1_202' title='bbox 1844 4598 2021 4668; x_wconf 86' lang='lat' dir='ltr'><strong>Pauli,</strong></span> 
     </span>
    </p>
   </div>
   <div class='ocr_carea' id='block_1_32' title="bbox 506 4681 906 4741">
    <p class='ocr_par' dir='ltr' id='par_1_32' title="bbox 506 4681 906 4741">
     <span class='ocr_line' id='line_1_32' title="bbox 506 4681 906 4741; baseline 0.015 -6"><span class='ocrx_word' id='word_1_203' title='bbox 506 4681 610 4735; x_wconf 90' lang='lat' dir='ltr'><strong>col.</strong></span> <span class='ocrx_word' id='word_1_204' title='bbox 641 4683 768 4738; x_wconf 84' lang='lat'><strong>507-</strong></span> <span class='ocrx_word' id='word_1_205' title='bbox 781 4685 906 4741; x_wconf 83' lang='lat'><strong>508.</strong></span> 
     </span>
    </p>
   </div>
   <div class='ocr_carea' id='block_1_33' title="bbox 439 4800 2025 4886">
    <p class='ocr_par' dir='ltr' id='par_1_33' title="bbox 439 4800 2025 4886">
     <span class='ocr_line' id='line_1_33' title="bbox 439 4800 2025 4886; baseline 0.011 -32"><span class='ocrx_word' id='word_1_206' title='bbox 439 4800 482 4872; x_wconf 58' lang='lat'>1-</span> <span class='ocrx_word' id='word_1_207' title='bbox 520 4803 600 4858; x_wconf 87' lang='lat' dir='ltr'><strong>l0.</strong></span> <span class='ocrx_word' id='word_1_208' title='bbox 631 4802 864 4871; x_wconf 80' lang='lat' dir='ltr'><strong>Homilja</strong></span> <span class='ocrx_word' id='word_1_209' title='bbox 900 4825 1044 4865; x_wconf 90' lang='lat' dir='ltr'><strong>nona</strong></span> <span class='ocrx_word' id='word_1_210' title='bbox 1085 4830 1098 4866; x_wconf 89' lang='lat'><strong>:</strong></span> <span class='ocrx_word' id='word_1_211' title='bbox 1134 4829 1153 4864; x_wconf 70' lang='grc' dir='ltr'>ι</span> <span class='ocrx_word' id='word_1_212' title='bbox 1205 4812 1359 4880; x_wconf 84' lang='lat' dir='ltr'><strong>Quod</strong></span> <span class='ocrx_word' id='word_1_213' title='bbox 1395 4829 1505 4870; x_wconf 89' lang='lat' dir='ltr'><strong>non</strong></span> <span class='ocrx_word' id='word_1_214' title='bbox 1535 4823 1787 4886; x_wconf 88' lang='lat' dir='ltr'><strong>oporteat</strong></span> <span class='ocrx_word' id='word_1_215' title='bbox 1812 4815 1879 4871; x_wconf 89' lang='lat' dir='ltr'><strong>ad</strong></span> <span class='ocrx_word' id='word_1_216' title='bbox 1915 4816 2025 4873; x_wconf 90' lang='lat' dir='ltr'><strong>cir-</strong></span> 
     </span>
    </p>
   </div>
   <div class='ocr_carea' id='block_1_34' title="bbox 509 4899 2022 4971">
    <p class='ocr_par' dir='ltr' id='par_1_34' title="bbox 509 4899 2022 4971">
     <span class='ocr_line' id='line_1_34' title="bbox 509 4899 2022 4971; baseline 0.011 -27"><span class='ocrx_word' id='word_1_217' title='bbox 509 4905 633 4947; x_wconf 90' lang='lat' dir='ltr'><strong>cum</strong></span> <span class='ocrx_word' id='word_1_218' title='bbox 661 4903 714 4951; x_wconf 87' lang='lat' dir='ltr'><strong>et</strong></span> <span class='ocrx_word' id='word_1_219' title='bbox 757 4899 966 4955; x_wconf 86' lang='lat' dir='ltr'><strong>theatra</strong></span> <span class='ocrx_word' id='word_1_220' title='bbox 993 4903 1311 4970; x_wconf 87' lang='lat' dir='ltr'><strong>ascendere,</strong></span> <span class='ocrx_word' id='word_1_221' title='bbox 1335 4911 1389 4960; x_wconf 89' lang='lat' dir='ltr'><strong>et</strong></span> <span class='ocrx_word' id='word_1_222' title='bbox 1425 4905 1481 4959; x_wconf 91' lang='lat' dir='ltr'><strong>in</strong></span> <span class='ocrx_word' id='word_1_223' title='bbox 1511 4905 1665 4971; x_wconf 88' lang='lat' dir='ltr'><strong>illud,</strong></span> <span class='ocrx_word' id='word_1_224' title='bbox 1685 4905 1850 4960; x_wconf 77' lang='lat' dir='ltr'><strong>Pater</strong></span> <span class='ocrx_word' id='word_1_225' title='bbox 1878 4922 2022 4961; x_wconf 70' lang='lat' dir='ltr'><strong>meus</strong></span> 
     </span>
    </p>
   </div>
   <div class='ocr_carea' id='block_1_35' title="bbox 509 4989 2018 5067">
    <p class='ocr_par' dir='ltr' id='par_1_35' title="bbox 509 4989 2018 5067">
     <span class='ocr_line' id='line_1_35' title="bbox 509 4989 2018 5067; baseline 0.009 -28"><span class='ocrx_word' id='word_1_226' title='bbox 509 4997 672 5055; x_wconf 69' lang='lat' dir='ltr'><strong>usque</strong></span> <span class='ocrx_word' id='word_1_227' title='bbox 697 4989 848 5048; x_wconf 70' lang='lat' dir='ltr'><strong>modo</strong></span> <span class='ocrx_word' id='word_1_228' title='bbox 880 5004 1150 5064; x_wconf 78' lang='lat' dir='ltr'><strong>operatur,</strong></span> <span class='ocrx_word' id='word_1_229' title='bbox 1180 5004 1228 5050; x_wconf 72' lang='lat' dir='ltr'><strong>et</strong></span> <span class='ocrx_word' id='word_1_230' title='bbox 1259 5013 1382 5067; x_wconf 80' lang='lat' dir='ltr'><strong>ergo</strong></span> <span class='ocrx_word' id='word_1_231' title='bbox 1411 5011 1616 5067; x_wconf 83' lang='lat' dir='ltr'><strong>operor,</strong></span> <span class='ocrx_word' id='word_1_232' title='bbox 1639 5016 1657 5050; x_wconf 75' lang='grc' dir='ltr'><strong>ι</strong></span> <span class='ocrx_word' id='word_1_233' title='bbox 1683 5013 1732 5053; x_wconf 91' lang='lat' dir='ltr'><strong>c.</strong></span> <span class='ocrx_word' id='word_1_234' title='bbox 1753 4995 2018 5054; x_wconf 72' lang='lat'><strong>519-520.</strong></span> 
     </span>
    </p>
   </div>
   <div class='ocr_carea' id='block_1_36' title="bbox 2113 1909 3683 2023">
    <p class='ocr_par' dir='ltr' id='par_1_36' title="bbox 2113 1909 3683 2023">
     <span class='ocr_line' id='line_1_36' title="bbox 2113 1909 3683 2023; baseline 0.004 -20"><span class='ocrx_word' id='word_1_235' title='bbox 2113 1943 2153 2021; x_wconf 62' lang='grc' dir='ltr'><strong>’Ξ-</strong></span> <span class='ocrx_word' id='word_1_236' title='bbox 2178 1951 2263 2006; x_wconf 89' lang='grc'><strong>11.</strong></span> <span class='ocrx_word' id='word_1_237' title='bbox 2290 1945 2524 2006; x_wconf 80' lang='lat' dir='ltr'><strong>Homilia</strong></span> <span class='ocrx_word' id='word_1_238' title='bbox 2541 1909 3000 2015; x_wconf 68' lang='lat' dir='ltr'><strong>decimain’illud,</strong></span> <span class='ocrx_word' id='word_1_239' title='bbox 3035 1917 3226 2006; x_wconf 67' lang='lat' dir='ltr'><strong>Marsis</strong></span> <span class='ocrx_word' id='word_1_240' title='bbox 3251 1952 3461 2022; x_wconf 77' lang='lat' dir='ltr'><strong>quidem</strong></span> <span class='ocrx_word' id='word_1_241' title='bbox 3493 1956 3683 2023; x_wconf 76' lang='lat' dir='ltr'><strong>multa,</strong></span> 
     </span>
    </p>
   </div>
   <div class='ocr_carea' id='block_1_37' title="bbox 2172 2041 3255 2113">
    <p class='ocr_par' dir='ltr' id='par_1_37' title="bbox 2172 2041 3255 2113">
     <span class='ocr_line' id='line_1_37' title="bbox 2172 2041 3255 2113; baseline 0.001 -17"><span class='ocrx_word' id='word_1_242' title='bbox 2172 2045 2400 2113; x_wconf 81' lang='lat' dir='ltr'><strong>operarii</strong></span> <span class='ocrx_word' id='word_1_243' title='bbox 2429 2053 2602 2097; x_wconf 83' lang='lat' dir='ltr'><strong>autem</strong></span> <span class='ocrx_word' id='word_1_244' title='bbox 2630 2043 2812 2111; x_wconf 77' lang='lat' dir='ltr'><strong>pauci,</strong></span> <span class='ocrx_word' id='word_1_245' title='bbox 2844 2041 2954 2097; x_wconf 87' lang='lat' dir='ltr'><strong>col.</strong></span> <span class='ocrx_word' id='word_1_246' title='bbox 2992 2043 3255 2098; x_wconf 72' lang='lat'><strong>523-524.</strong></span> 
     </span>
    </p>
   </div>
   <div class='ocr_carea' id='block_1_38' title="bbox 2113 2155 3679 2232">
    <p class='ocr_par' dir='ltr' id='par_1_38' title="bbox 2113 2155 3679 2232">
     <span class='ocr_line' id='line_1_38' title="bbox 2113 2155 3679 2232; baseline 0.003 -20"><span class='ocrx_word' id='word_1_247' title='bbox 2113 2158 2154 2229; x_wconf 63' lang='lat'>1-</span> <span class='ocrx_word' id='word_1_248' title='bbox 2186 2158 2272 2213; x_wconf 84' lang='lat' dir='ltr'><strong>l2.</strong></span> <span class='ocrx_word' id='word_1_249' title='bbox 2298 2158 2532 2212; x_wconf 82' lang='lat' dir='ltr'><strong>Homilia</strong></span> <span class='ocrx_word' id='word_1_250' title='bbox 2561 2157 2846 2212; x_wconf 88' lang='lat' dir='ltr'><strong>undecima</strong></span> <span class='ocrx_word' id='word_1_251' title='bbox 2876 2156 2945 2211; x_wconf 89' lang='lat' dir='ltr'><strong>de</strong></span> <span class='ocrx_word' id='word_1_252' title='bbox 2983 2155 3243 2212; x_wconf 86' lang='lat' dir='ltr'><strong>Eleazaro</strong></span> <span class='ocrx_word' id='word_1_253' title='bbox 3274 2165 3328 2214; x_wconf 92' lang='lat' dir='ltr'><strong>et</strong></span> <span class='ocrx_word' id='word_1_254' title='bbox 3365 2163 3432 2216; x_wconf 89' lang='lat' dir='ltr'><strong>de</strong></span> <span class='ocrx_word' id='word_1_255' title='bbox 3472 2169 3679 2232; x_wconf 88' lang='lat' dir='ltr'><strong>septem</strong></span> 
     </span>
    </p>
   </div>
   <div class='ocr_carea' id='block_1_39' title="bbox 2181 2249 2807 2321">
    <p class='ocr_par' dir='ltr' id='par_1_39' title="bbox 2181 2249 2807 2321">
     <span class='ocr_line' id='line_1_39' title="bbox 2181 2249 2807 2321; baseline 0.002 -17"><span class='ocrx_word' id='word_1_256' title='bbox 2181 2251 2387 2321; x_wconf 83' lang='lat' dir='ltr'><strong>pueris,</strong></span> <span class='ocrx_word' id='word_1_257' title='bbox 2412 2251 2517 2304; x_wconf 90' lang='lat' dir='ltr'><strong>col.</strong></span> <span class='ocrx_word' id='word_1_258' title='bbox 2548 2249 2807 2306; x_wconf 72' lang='lat'><strong>531-532.</strong></span> 
     </span>
    </p>
   </div>
   <div class='ocr_carea' id='block_1_40' title="bbox 2117 2364 3683 2436">
    <p class='ocr_par' dir='ltr' id='par_1_40' title="bbox 2117 2364 3683 2436">
     <span class='ocr_line' id='line_1_40' title="bbox 2117 2364 3683 2436; baseline 0.001 -15"><span class='ocrx_word' id='word_1_259' title='bbox 2117 2365 2200 2421; x_wconf 82' lang='lat' dir='ltr'><strong>l3.</strong></span> <span class='ocrx_word' id='word_1_260' title='bbox 2244 2364 2525 2422; x_wconf 85' lang='lat' dir='ltr'><strong>Severiani</strong></span> <span class='ocrx_word' id='word_1_261' title='bbox 2552 2365 2618 2420; x_wconf 89' lang='lat' dir='ltr'><strong>de</strong></span> <span class='ocrx_word' id='word_1_262' title='bbox 2674 2366 2884 2436; x_wconf 73' lang='lat' dir='ltr'><strong>Sigillis</strong></span> <span class='ocrx_word' id='word_1_263' title='bbox 2936 2367 3223 2431; x_wconf 85' lang='lat' dir='ltr'><strong>librorum.</strong></span> <span class='ocrx_word' id='word_1_264' title='bbox 3257 2367 3363 2422; x_wconf 89' lang='lat' dir='ltr'><strong>col.</strong></span> <span class='ocrx_word' id='word_1_265' title='bbox 3411 2368 3683 2423; x_wconf 75' lang='lat'><strong>539-540.</strong></span> 
     </span>
    </p>
   </div>
   <div class='ocr_carea' id='block_1_41' title="bbox 2178 2455 3400 2529">
    <p class='ocr_par' dir='ltr' id='par_1_41' title="bbox 2178 2455 3400 2529">
     <span class='ocr_line' id='line_1_41' title="bbox 2178 2455 3400 2529; baseline 0.002 -17"><span class='ocrx_word' id='word_1_266' title='bbox 2178 2457 2348 2514; x_wconf 82' lang='lat' dir='ltr'><strong>Savil.</strong></span> <span class='ocrx_word' id='word_1_267' title='bbox 2376 2455 2440 2513; x_wconf 88' lang='grc' dir='ltr'><strong>Τ.</strong></span> <span class='ocrx_word' id='word_1_268' title='bbox 2477 2458 2528 2512; x_wconf 87' lang='lat'><strong>5.</strong></span> <span class='ocrx_word' id='word_1_269' title='bbox 2559 2473 2612 2528; x_wconf 92' lang='lat' dir='ltr'><strong>p.</strong></span> <span class='ocrx_word' id='word_1_270' title='bbox 2647 2456 2774 2514; x_wconf 89' lang='lat'><strong>689.</strong></span> <span class='ocrx_word' id='word_1_271' title='bbox 2805 2457 2995 2513; x_wconf 83' lang='lat' dir='ltr'><strong>Morel.</strong></span> <span class='ocrx_word' id='word_1_272' title='bbox 3019 2457 3154 2514; x_wconf 87' lang='lat' dir='ltr'><strong>T.6.</strong></span> <span class='ocrx_word' id='word_1_273' title='bbox 3196 2475 3246 2529; x_wconf 92' lang='lat' dir='ltr'><strong>p.</strong></span> <span class='ocrx_word' id='word_1_274' title='bbox 3277 2458 3400 2514; x_wconf 76' lang='grc'><strong>158.</strong></span> 
     </span>
    </p>
   </div>
   <div class='ocr_carea' id='block_1_42' title="bbox 2117 2567 3682 2641">
    <p class='ocr_par' dir='ltr' id='par_1_42' title="bbox 2117 2567 3682 2641">
     <span class='ocr_line' id='line_1_42' title="bbox 2117 2567 3682 2641; baseline 0.002 -19"><span class='ocrx_word' id='word_1_275' title='bbox 2117 2570 2203 2623; x_wconf 67' lang='grc'><strong>14.</strong></span> <span class='ocrx_word' id='word_1_276' title='bbox 2240 2567 2475 2623; x_wconf 80' lang='lat' dir='ltr'><strong>llomilia</strong></span> <span class='ocrx_word' id='word_1_277' title='bbox 2501 2570 2554 2624; x_wconf 90' lang='lat' dir='ltr'><strong>in</strong></span> <span class='ocrx_word' id='word_1_278' title='bbox 2613 2569 2772 2635; x_wconf 83' lang='lat' dir='ltr'><strong>illud,</strong></span> <span class='ocrx_word' id='word_1_279' title='bbox 2808 2568 2874 2624; x_wconf 86' lang='lat' dir='ltr'><strong>In</strong></span> <span class='ocrx_word' id='word_1_280' title='bbox 2931 2571 3191 2641; x_wconf 73' lang='lat' dir='ltr'><strong>principio</strong></span> <span class='ocrx_word' id='word_1_281' title='bbox 3243 2581 3356 2626; x_wconf 80' lang='lat' dir='ltr'><strong>erat</strong></span> <span class='ocrx_word' id='word_1_282' title='bbox 3435 2570 3682 2638; x_wconf 79' lang='lat' dir='ltr'><strong>Verbum,</strong></span> 
     </span>
    </p>
   </div>
   <div class='ocr_carea' id='block_1_43' title="bbox 2180 2659 3688 2734">
    <p class='ocr_par' dir='ltr' id='par_1_43' title="bbox 2180 2659 3688 2734">
     <span class='ocr_line' id='line_1_43' title="bbox 2180 2659 3688 2734; baseline -0.001 -12"><span class='ocrx_word' id='word_1_283' title='bbox 2180 2662 2285 2722; x_wconf 72' lang='lat' dir='ltr'><strong>Col.</strong></span> <span class='ocrx_word' id='word_1_284' title='bbox 2319 2661 2581 2718; x_wconf 76' lang='lat'><strong>551-552.</strong></span> <span class='ocrx_word' id='word_1_285' title='bbox 2631 2659 2804 2720; x_wconf 72' lang='lat' dir='ltr'><strong>Savil.</strong></span> <span class='ocrx_word' id='word_1_286' title='bbox 2837 2660 2903 2718; x_wconf 91' lang='lat' dir='ltr'><strong>T&#39;.</strong></span> <span class='ocrx_word' id='word_1_287' title='bbox 2939 2663 2990 2718; x_wconf 81' lang='lat'><strong>5.</strong></span> <span class='ocrx_word' id='word_1_288' title='bbox 3024 2678 3085 2734; x_wconf 83' lang='lat' dir='ltr'><strong>p.</strong></span> <span class='ocrx_word' id='word_1_289' title='bbox 3127 2663 3254 2719; x_wconf 83' lang='lat'><strong>659.</strong></span> <span class='ocrx_word' id='word_1_290' title='bbox 3304 2663 3495 2719; x_wconf 81' lang='lat' dir='ltr'><strong>Morel.</strong></span> <span class='ocrx_word' id='word_1_291' title='bbox 3533 2665 3597 2720; x_wconf 80' lang='grc' dir='ltr'><strong>Τ.</strong></span> <span class='ocrx_word' id='word_1_292' title='bbox 3635 2669 3688 2721; x_wconf 84' lang='grc'><strong>6.</strong></span> 
     </span>
    </p>
   </div>
   <div class='ocr_carea' id='block_1_44' title="bbox 2139 2749 3085 2828">
    <p class='ocr_par' dir='ltr' id='par_1_44' title="bbox 2139 2749 3085 2828">
     <span class='ocr_line' id='line_1_44' title="bbox 2139 2749 3085 2828; baseline -0.002 -16"><span class='ocrx_word' id='word_1_293' title='bbox 2139 2818 2145 2823; x_wconf 61' lang='grc'>,</span> <span class='ocrx_word' id='word_1_294' title='bbox 2183 2775 2236 2828; x_wconf 89' lang='lat' dir='ltr'><strong>p.</strong></span> <span class='ocrx_word' id='word_1_295' title='bbox 2268 2756 2396 2812; x_wconf 74' lang='lat'><strong>255.</strong></span> <span class='ocrx_word' id='word_1_296' title='bbox 3079 2749 3085 2756; x_wconf 89' lang='grc'><strong>·</strong></span> 
     </span>
    </p>
   </div>
   <div class='ocr_carea' id='block_1_45' title="bbox 2118 2835 3690 2931">
    <p class='ocr_par' dir='ltr' id='par_1_45' title="bbox 2118 2864 3690 2931">
     <span class='ocr_line' id='line_1_45' title="bbox 2118 2864 3690 2931; baseline 0.001 -8"><span class='ocrx_word' id='word_1_297' title='bbox 2118 2869 2204 2924; x_wconf 77' lang='grc'><strong>15.</strong></span> <span class='ocrx_word' id='word_1_298' title='bbox 2249 2869 2440 2924; x_wconf 89' lang='lat' dir='ltr'><strong>Sermo</strong></span> <span class='ocrx_word' id='word_1_299' title='bbox 2467 2868 2534 2924; x_wconf 88' lang='lat' dir='ltr'><strong>de</strong></span> <span class='ocrx_word' id='word_1_300' title='bbox 2579 2864 3018 2931; x_wconf 82' lang='lat' dir='ltr'><strong>Mansuetudine,</strong></span> <span class='ocrx_word' id='word_1_301' title='bbox 3045 2867 3151 2922; x_wconf 87' lang='lat' dir='ltr'><strong>col.</strong></span> <span class='ocrx_word' id='word_1_302' title='bbox 3202 2866 3469 2923; x_wconf 78' lang='lat'><strong>555-558.</strong></span> <span class='ocrx_word' id='word_1_303' title='bbox 3521 2868 3690 2929; x_wconf 75' lang='lat' dir='ltr'><strong>Savil.</strong></span> 
     </span>
    </p>
   </div>
   <div class='ocr_carea' id='block_1_46' title="bbox 2175 2959 3178 3031">
    <p class='ocr_par' dir='ltr' id='par_1_46' title="bbox 2175 2959 3178 3031">
     <span class='ocr_line' id='line_1_46' title="bbox 2175 2959 3178 3031; baseline 0.003 -18"><span class='ocrx_word' id='word_1_304' title='bbox 2175 2959 2308 3014; x_wconf 86' lang='lat' dir='ltr'><strong>T.6.</strong></span> <span class='ocrx_word' id='word_1_305' title='bbox 2341 2975 2397 3029; x_wconf 92' lang='lat' dir='ltr'><strong>p.</strong></span> <span class='ocrx_word' id='word_1_306' title='bbox 2419 2959 2544 3016; x_wconf 87' lang='lat'><strong>750.</strong></span> <span class='ocrx_word' id='word_1_307' title='bbox 2577 2959 2771 3016; x_wconf 84' lang='lat' dir='ltr'><strong>Morel.</strong></span> <span class='ocrx_word' id='word_1_308' title='bbox 2797 2959 2860 3014; x_wconf 91' lang='lat' dir='ltr'><strong>T.</strong></span> <span class='ocrx_word' id='word_1_309' title='bbox 2887 2960 2940 3016; x_wconf 80' lang='grc' dir='ltr'>ὅ.</span> <span class='ocrx_word' id='word_1_310' title='bbox 2971 2976 3023 3031; x_wconf 91' lang='lat' dir='ltr'><strong>p.</strong></span> <span class='ocrx_word' id='word_1_311' title='bbox 3056 2959 3178 3016; x_wconf 87' lang='lat'><strong>538.</strong></span> 
     </span>
    </p>
   </div>
   <div class='ocr_carea' id='block_1_47' title="bbox 2119 3073 3694 3146">
    <p class='ocr_par' dir='ltr' id='par_1_47' title="bbox 2119 3073 3694 3146">
     <span class='ocr_line' id='line_1_47' title="bbox 2119 3073 3694 3146; baseline -0.002 -17"><span class='ocrx_word' id='word_1_312' title='bbox 2119 3075 2205 3129; x_wconf 85' lang='grc'>16.</span> <span class='ocrx_word' id='word_1_313' title='bbox 2231 3075 2442 3146; x_wconf 74' lang='lat' dir='ltr'><strong>Eclogre</strong></span> <span class='ocrx_word' id='word_1_314' title='bbox 2463 3090 2559 3131; x_wconf 87' lang='lat' dir='ltr'><strong>seu</strong></span> <span class='ocrx_word' id='word_1_315' title='bbox 2583 3073 2871 3146; x_wconf 83' lang='lat' dir='ltr'><strong>Florilegia</strong></span> <span class='ocrx_word' id='word_1_316' title='bbox 2891 3091 2957 3132; x_wconf 81' lang='lat' dir='ltr'><strong>ex</strong></span> <span class='ocrx_word' id='word_1_317' title='bbox 2981 3075 3186 3130; x_wconf 86' lang='lat' dir='ltr'><strong>Savilio</strong></span> <span class='ocrx_word' id='word_1_318' title='bbox 3205 3084 3388 3141; x_wconf 84' lang='lat' dir='ltr'><strong>aucta,</strong></span> <span class='ocrx_word' id='word_1_319' title='bbox 3413 3076 3520 3130; x_wconf 86' lang='lat' dir='ltr'><strong>col.</strong></span> <span class='ocrx_word' id='word_1_320' title='bbox 3555 3074 3694 3129; x_wconf 80' lang='lat'><strong>567-</strong></span> 
     </span>
    </p>
   </div>
   <div class='ocr_carea' id='block_1_48' title="bbox 2175 3164 3526 3240">
    <p class='ocr_par' dir='ltr' id='par_1_48' title="bbox 2175 3164 3526 3240">
     <span class='ocr_line' id='line_1_48' title="bbox 2175 3164 3526 3240; baseline -0.001 -15"><span class='ocrx_word' id='word_1_321' title='bbox 2175 3173 2299 3227; x_wconf 88' lang='lat'><strong>568.</strong></span> <span class='ocrx_word' id='word_1_322' title='bbox 2331 3171 2498 3226; x_wconf 82' lang='lat' dir='ltr'><strong>Savil.</strong></span> <span class='ocrx_word' id='word_1_323' title='bbox 2530 3171 2594 3225; x_wconf 91' lang='lat' dir='ltr'><strong>T.</strong></span> <span class='ocrx_word' id='word_1_324' title='bbox 2628 3164 2682 3224; x_wconf 83' lang='lat'><strong>7.</strong></span> <span class='ocrx_word' id='word_1_325' title='bbox 2717 3186 2770 3240; x_wconf 92' lang='lat' dir='ltr'><strong>p.</strong></span> <span class='ocrx_word' id='word_1_326' title='bbox 2797 3167 2924 3224; x_wconf 83' lang='lat'><strong>665.</strong></span> <span class='ocrx_word' id='word_1_327' title='bbox 2950 3169 3135 3225; x_wconf 84' lang='lat' dir='ltr'><strong>Morel.</strong></span> <span class='ocrx_word' id='word_1_328' title='bbox 3169 3168 3233 3222; x_wconf 89' lang='lat' dir='ltr'><strong>T.</strong></span> <span class='ocrx_word' id='word_1_329' title='bbox 3255 3170 3368 3240; x_wconf 88' lang='lat' dir='ltr'><strong>6.p.</strong></span> <span class='ocrx_word' id='word_1_330' title='bbox 3401 3168 3526 3224; x_wconf 83' lang='lat'><strong>666.</strong></span> 
     </span>
    </p>
   </div>
   <div class='ocr_carea' id='block_1_49' title="bbox 2117 3279 3684 3352">
    <p class='ocr_par' dir='ltr' id='par_1_49' title="bbox 2117 3279 3684 3352">
     <span class='ocr_line' id='line_1_49' title="bbox 2117 3279 3684 3352; baseline -0.003 -13"><span class='ocrx_word' id='word_1_331' title='bbox 2117 3283 2203 3339; x_wconf 90' lang='grc'><strong>17.</strong></span> <span class='ocrx_word' id='word_1_332' title='bbox 2239 3283 2483 3352; x_wconf 78' lang='lat' dir='ltr'><strong>Liturgia</strong></span> <span class='ocrx_word' id='word_1_333' title='bbox 2513 3283 2688 3337; x_wconf 88' lang='lat' dir='ltr'><strong>sancti</strong></span> <span class='ocrx_word' id='word_1_334' title='bbox 2710 3280 2940 3336; x_wconf 84' lang='lat' dir='ltr'><strong>Joannis</strong></span> <span class='ocrx_word' id='word_1_335' title='bbox 2985 3279 3388 3352; x_wconf 80' lang='lat' dir='ltr'><strong>Clirysostomi,</strong></span> <span class='ocrx_word' id='word_1_336' title='bbox 3417 3281 3527 3335; x_wconf 89' lang='lat' dir='ltr'><strong>col.</strong></span> <span class='ocrx_word' id='word_1_337' title='bbox 3550 3279 3684 3336; x_wconf 80' lang='lat' dir='ltr'><strong>90l-</strong></span> 
     </span>
    </p>
   </div>
   <div class='ocr_carea' id='block_1_50' title="bbox 2187 3373 2976 3444">
    <p class='ocr_par' dir='ltr' id='par_1_50' title="bbox 2187 3373 2976 3444">
     <span class='ocr_line' id='line_1_50' title="bbox 2187 3373 2976 3444; baseline 0 -14"><span class='ocrx_word' id='word_1_338' title='bbox 2187 3375 2311 3430; x_wconf 74' lang='lat'><strong>902.</strong></span> <span class='ocrx_word' id='word_1_339' title='bbox 2351 3373 2520 3430; x_wconf 86' lang='lat' dir='ltr'><strong>Savil.</strong></span> <span class='ocrx_word' id='word_1_340' title='bbox 2553 3373 2616 3428; x_wconf 78' lang='grc' dir='ltr'>τ.</span> <span class='ocrx_word' id='word_1_341' title='bbox 2643 3374 2694 3430; x_wconf 89' lang='grc'><strong>6.</strong></span> <span class='ocrx_word' id='word_1_342' title='bbox 2729 3391 2782 3444; x_wconf 76' lang='grc' dir='ltr'>μ.</span> <span class='ocrx_word' id='word_1_343' title='bbox 2818 3374 2976 3430; x_wconf 62' lang='lat'><strong>983.‘</strong></span> 
     </span>
    </p>
   </div>
   <div class='ocr_carea' id='block_1_51' title="bbox 2708 3507 2991 3592">
    <p class='ocr_par' dir='ltr' id='par_1_51' title="bbox 2708 3507 2991 3592">
     <span class='ocr_line' id='line_1_51' title="bbox 2708 3507 2991 3592; baseline -0.011 -1"><span class='ocrx_word' id='word_1_344' title='bbox 2708 3507 2991 3592; x_wconf 68' lang='lat' dir='ltr'><strong>SPURIA.</strong></span> 
     </span>
    </p>
   </div>
   <div class='ocr_carea' id='block_1_52' title="bbox 2119 3661 3693 3752">
    <p class='ocr_par' dir='ltr' id='par_1_52' title="bbox 2119 3661 3693 3752">
     <span class='ocr_line' id='line_1_52' title="bbox 2119 3661 3693 3752; baseline -0.003 -28"><span class='ocrx_word' id='word_1_345' title='bbox 2119 3668 2206 3725; x_wconf 89' lang='grc'><strong>18.</strong></span> <span class='ocrx_word' id='word_1_346' title='bbox 2247 3670 2304 3724; x_wconf 87' lang='grc' dir='ltr'><strong>1η</strong></span> <span class='ocrx_word' id='word_1_347' title='bbox 2344 3685 2536 3750; x_wconf 83' lang='lat' dir='ltr'><strong>novam</strong></span> <span class='ocrx_word' id='word_1_348' title='bbox 2579 3668 2918 3748; x_wconf 85' lang='lat' dir='ltr'><strong>Dominicam</strong></span> <span class='ocrx_word' id='word_1_349' title='bbox 2951 3675 3014 3752; x_wconf 29' lang='lat' dir='ltr'><strong>et.</strong></span> <span class='ocrx_word' id='word_1_350' title='bbox 3047 3668 3101 3722; x_wconf 91' lang='lat' dir='ltr'><strong>in</strong></span> <span class='ocrx_word' id='word_1_351' title='bbox 3135 3665 3193 3723; x_wconf 91' lang='lat' dir='ltr'><strong>S.</strong></span> <span class='ocrx_word' id='word_1_352' title='bbox 3248 3666 3533 3731; x_wconf 87' lang='lat' dir='ltr'><strong>Thomam,</strong></span> <span class='ocrx_word' id='word_1_353' title='bbox 3580 3661 3693 3719; x_wconf 75' lang='lat' dir='ltr'><strong>eoi.</strong></span> 
     </span>
    </p>
   </div>
   <div class='ocr_carea' id='block_1_53' title="bbox 2175 3756 3049 3827">
    <p class='ocr_par' dir='ltr' id='par_1_53' title="bbox 2175 3756 3049 3827">
     <span class='ocr_line' id='line_1_53' title="bbox 2175 3756 3049 3827; baseline -0.002 -12"><span class='ocrx_word' id='word_1_354' title='bbox 2175 3756 2436 3815; x_wconf 76' lang='lat'><strong>927-928.</strong></span> <span class='ocrx_word' id='word_1_355' title='bbox 2463 3757 2632 3812; x_wconf 84' lang='lat' dir='ltr'><strong>Savil.</strong></span> <span class='ocrx_word' id='word_1_356' title='bbox 2659 3757 2722 3811; x_wconf 89' lang='lat' dir='ltr'><strong>T.</strong></span> <span class='ocrx_word' id='word_1_357' title='bbox 2751 3759 2804 3812; x_wconf 92' lang='lat'><strong>7.</strong></span> <span class='ocrx_word' id='word_1_358' title='bbox 2842 3775 2893 3827; x_wconf 90' lang='lat' dir='ltr'><strong>p.</strong></span> <span class='ocrx_word' id='word_1_359' title='bbox 2924 3759 3049 3813; x_wconf 74' lang='lat'><strong>573.</strong></span> 
     </span>
    </p>
   </div>
   <div class='ocr_carea' id='block_1_54' title="bbox 2121 3867 3696 3940">
    <p class='ocr_par' dir='ltr' id='par_1_54' title="bbox 2121 3867 3696 3940">
     <span class='ocr_line' id='line_1_54' title="bbox 2121 3867 3696 3940; baseline -0.001 -16"><span class='ocrx_word' id='word_1_360' title='bbox 2121 3873 2207 3927; x_wconf 84' lang='grc'><strong>19.</strong></span> <span class='ocrx_word' id='word_1_361' title='bbox 2245 3873 2302 3926; x_wconf 86' lang='lat' dir='ltr'><strong>In</strong></span> <span class='ocrx_word' id='word_1_362' title='bbox 2359 3875 2416 3927; x_wconf 79' lang='lat' dir='ltr'><strong>S.</strong></span> <span class='ocrx_word' id='word_1_363' title='bbox 2485 3872 2846 3940; x_wconf 85' lang='lat' dir='ltr'><strong>Stephanum,</strong></span> <span class='ocrx_word' id='word_1_364' title='bbox 2875 3869 2982 3923; x_wconf 91' lang='lat' dir='ltr'><strong>col.</strong></span> <span class='ocrx_word' id='word_1_365' title='bbox 3026 3867 3288 3924; x_wconf 86' lang='lat'><strong>929-930.</strong></span> <span class='ocrx_word' id='word_1_366' title='bbox 3350 3867 3516 3924; x_wconf 78' lang='lat' dir='ltr'><strong>Savil.</strong></span> <span class='ocrx_word' id='word_1_367' title='bbox 3553 3867 3617 3923; x_wconf 85' lang='grc' dir='ltr'>Τ.</span> <span class='ocrx_word' id='word_1_368' title='bbox 3643 3869 3696 3922; x_wconf 88' lang='grc'><strong>7.</strong></span> 
     </span>
    </p>
   </div>
   <div class='ocr_carea' id='block_1_55' title="bbox 2187 3964 2402 4033">
    <p class='ocr_par' dir='ltr' id='par_1_55' title="bbox 2187 3964 2402 4033">
     <span class='ocr_line' id='line_1_55' title="bbox 2187 3964 2402 4033; baseline -0.005 -16"><span class='ocrx_word' id='word_1_369' title='bbox 2187 3980 2238 4033; x_wconf 92' lang='lat' dir='ltr'><strong>p.</strong></span> <span class='ocrx_word' id='word_1_370' title='bbox 2272 3964 2402 4019; x_wconf 85' lang='lat'><strong>578.</strong></span> 
     </span>
    </p>
   </div>
   <div class='ocr_carea' id='block_1_56' title="bbox 2119 4066 3695 4146">
    <p class='ocr_par' dir='ltr' id='par_1_56' title="bbox 2119 4066 3695 4146">
     <span class='ocr_line' id='line_1_56' title="bbox 2119 4066 3695 4146; baseline -0.004 -14"><span class='ocrx_word' id='word_1_371' title='bbox 2119 4079 2209 4132; x_wconf 87' lang='lat'><strong>20.</strong></span> <span class='ocrx_word' id='word_1_372' title='bbox 2245 4078 2300 4131; x_wconf 87' lang='lat' dir='ltr'><strong>ln</strong></span> <span class='ocrx_word' id='word_1_373' title='bbox 2359 4075 2416 4130; x_wconf 90' lang='lat' dir='ltr'><strong>S.</strong></span> <span class='ocrx_word' id='word_1_374' title='bbox 2456 4074 2814 4146; x_wconf 82' lang='lat' dir='ltr'><strong>Stephanum,</strong></span> <span class='ocrx_word' id='word_1_375' title='bbox 2870 4075 2976 4130; x_wconf 89' lang='lat' dir='ltr'><strong>col.</strong></span> <span class='ocrx_word' id='word_1_376' title='bbox 3014 4068 3275 4131; x_wconf 62' lang='lat' dir='ltr'><strong>{BI-932.</strong></span> <span class='ocrx_word' id='word_1_377' title='bbox 3331 4073 3500 4130; x_wconf 80' lang='lat' dir='ltr'><strong>Savil.</strong></span> <span class='ocrx_word' id='word_1_378' title='bbox 3539 4066 3600 4128; x_wconf 89' lang='lat' dir='ltr'><strong>T.</strong></span> <span class='ocrx_word' id='word_1_379' title='bbox 3645 4066 3695 4126; x_wconf 84' lang='lat'><strong>7.</strong></span> 
     </span>
    </p>
   </div>
   <div class='ocr_carea' id='block_1_57' title="bbox 2184 4167 2398 4239">
    <p class='ocr_par' dir='ltr' id='par_1_57' title="bbox 2184 4167 2398 4239">
     <span class='ocr_line' id='line_1_57' title="bbox 2184 4167 2398 4239; baseline -0.005 -17"><span class='ocrx_word' id='word_1_380' title='bbox 2184 4185 2236 4239; x_wconf 94' lang='lat' dir='ltr'><strong>p.</strong></span> <span class='ocrx_word' id='word_1_381' title='bbox 2273 4167 2398 4221; x_wconf 77' lang='lat' dir='ltr'><strong>58L</strong></span> 
     </span>
    </p>
   </div>
   <div class='ocr_carea' id='block_1_58' title="bbox 2121 4277 3696 4353">
    <p class='ocr_par' dir='ltr' id='par_1_58' title="bbox 2121 4277 3696 4353">
     <span class='ocr_line' id='line_1_58' title="bbox 2121 4277 3696 4353; baseline -0.001 -17"><span class='ocrx_word' id='word_1_382' title='bbox 2121 4279 2209 4337; x_wconf 75' lang='lat' dir='ltr'><strong>2i.</strong></span> <span class='ocrx_word' id='word_1_383' title='bbox 2243 4279 2300 4336; x_wconf 84' lang='lat' dir='ltr'><strong>In</strong></span> <span class='ocrx_word' id='word_1_384' title='bbox 2335 4281 2391 4335; x_wconf 91' lang='lat' dir='ltr'><strong>S.</strong></span> <span class='ocrx_word' id='word_1_385' title='bbox 2451 4279 2811 4353; x_wconf 87' lang='lat' dir='ltr'><strong>Stephanum.</strong></span> <span class='ocrx_word' id='word_1_386' title='bbox 2845 4281 2956 4340; x_wconf 90' lang='lat' dir='ltr'><strong>col.</strong></span> <span class='ocrx_word' id='word_1_387' title='bbox 3006 4282 3264 4338; x_wconf 82' lang='lat'><strong>935-934.</strong></span> <span class='ocrx_word' id='word_1_388' title='bbox 3307 4280 3477 4336; x_wconf 83' lang='lat' dir='ltr'><strong>Savil.</strong></span> <span class='ocrx_word' id='word_1_389' title='bbox 3542 4278 3605 4334; x_wconf 88' lang='lat' dir='ltr'><strong>T.</strong></span> <span class='ocrx_word' id='word_1_390' title='bbox 3640 4277 3696 4334; x_wconf 87' lang='lat'><strong>7.</strong></span> 
     </span>
    </p>
   </div>
   <div class='ocr_carea' id='block_1_59' title="bbox 2189 4376 2400 4447">
    <p class='ocr_par' dir='ltr' id='par_1_59' title="bbox 2189 4376 2400 4447">
     <span class='ocr_line' id='line_1_59' title="bbox 2189 4376 2400 4447; baseline 0 -17"><span class='ocrx_word' id='word_1_391' title='bbox 2189 4391 2243 4447; x_wconf 92' lang='lat' dir='ltr'><strong>p.</strong></span> <span class='ocrx_word' id='word_1_392' title='bbox 2278 4376 2400 4430; x_wconf 86' lang='grc'><strong>781.</strong></span> 
     </span>
    </p>
   </div>
   <div class='ocr_carea' id='block_1_60' title="bbox 2125 4475 3698 4555">
    <p class='ocr_par' dir='ltr' id='par_1_60' title="bbox 2125 4475 3698 4555">
     <span class='ocr_line' id='line_1_60' title="bbox 2125 4475 3698 4555; baseline -0.004 -11"><span class='ocrx_word' id='word_1_393' title='bbox 2125 4489 2214 4544; x_wconf 87' lang='lat'><strong>22.</strong></span> <span class='ocrx_word' id='word_1_394' title='bbox 2249 4491 2308 4544; x_wconf 90' lang='lat' dir='ltr'><strong>In</strong></span> <span class='ocrx_word' id='word_1_395' title='bbox 2343 4488 2400 4543; x_wconf 85' lang='lat' dir='ltr'><strong>S.</strong></span> <span class='ocrx_word' id='word_1_396' title='bbox 2437 4488 2815 4555; x_wconf 86' lang='lat' dir='ltr'><strong>Pentecosten,</strong></span> <span class='ocrx_word' id='word_1_397' title='bbox 2841 4487 2946 4542; x_wconf 92' lang='lat' dir='ltr'><strong>col.</strong></span> <span class='ocrx_word' id='word_1_398' title='bbox 2983 4480 3244 4541; x_wconf 71' lang='lat' dir='ltr'><strong>93i-938.</strong></span> <span class='ocrx_word' id='word_1_399' title='bbox 3302 4484 3468 4539; x_wconf 88' lang='lat' dir='ltr'><strong>Savil.</strong></span> <span class='ocrx_word' id='word_1_400' title='bbox 3532 4475 3594 4535; x_wconf 84' lang='grc' dir='ltr'>Τ.</span> <span class='ocrx_word' id='word_1_401' title='bbox 3638 4482 3698 4538; x_wconf 85' lang='lat'><strong>7.</strong></span> 
     </span>
    </p>
   </div>
   <div class='ocr_carea' id='block_1_61' title="bbox 2183 4579 3112 4652">
    <p class='ocr_par' dir='ltr' id='par_1_61' title="bbox 2183 4579 3112 4652">
     <span class='ocr_line' id='line_1_61' title="bbox 2183 4579 3112 4652; baseline 0 -16"><span class='ocrx_word' id='word_1_402' title='bbox 2183 4597 2238 4652; x_wconf 93' lang='lat' dir='ltr'><strong>p.</strong></span> <span class='ocrx_word' id='word_1_403' title='bbox 2263 4580 2386 4637; x_wconf 87' lang='lat'><strong>782.</strong></span> <span class='ocrx_word' id='word_1_404' title='bbox 2569 4591 2576 4594; x_wconf 85' lang='lat'>&#39;</span> <span class='ocrx_word' id='word_1_405' title='bbox 2733 4584 2740 4589; x_wconf 79' lang='grc'><strong>’</strong></span> <span class='ocrx_word' id='word_1_406' title='bbox 2887 4581 2926 4632; x_wconf 88' lang='grc'>.’</span> <span class='ocrx_word' id='word_1_407' title='bbox 3105 4579 3112 4584; x_wconf 84' lang='grc'><em>’</em></span> 
     </span>
    </p>
   </div>
   <div class='ocr_carea' id='block_1_62' title="bbox 2125 4689 3702 4766">
    <p class='ocr_par' dir='ltr' id='par_1_62' title="bbox 2125 4689 3702 4766">
     <span class='ocr_line' id='line_1_62' title="bbox 2125 4689 3702 4766; baseline -0.005 -14"><span class='ocrx_word' id='word_1_408' title='bbox 2125 4696 2214 4752; x_wconf 87' lang='lat'><strong>23.</strong></span> <span class='ocrx_word' id='word_1_409' title='bbox 2254 4695 2326 4750; x_wconf 87' lang='lat' dir='ltr'><strong>De</strong></span> <span class='ocrx_word' id='word_1_410' title='bbox 2361 4693 2638 4766; x_wconf 89' lang='lat' dir='ltr'><strong>patientia,</strong></span> <span class='ocrx_word' id='word_1_411' title='bbox 2670 4699 2723 4747; x_wconf 92' lang='lat' dir='ltr'><strong>et</strong></span> <span class='ocrx_word' id='word_1_412' title='bbox 2749 4691 2817 4747; x_wconf 88' lang='lat' dir='ltr'><strong>de</strong></span> <span class='ocrx_word' id='word_1_413' title='bbox 2865 4691 3350 4749; x_wconf 87' lang='lat' dir='ltr'><strong>Consummatione</strong></span> <span class='ocrx_word' id='word_1_414' title='bbox 3400 4689 3566 4756; x_wconf 87' lang='lat' dir='ltr'><strong>hujus</strong></span> <span class='ocrx_word' id='word_1_415' title='bbox 3602 4703 3702 4744; x_wconf 64' lang='lat' dir='ltr'><strong>sa:-</strong></span> 
     </span>
    </p>
   </div>
   <div class='ocr_carea' id='block_1_63' title="bbox 2198 4781 3544 4856">
    <p class='ocr_par' dir='ltr' id='par_1_63' title="bbox 2198 4781 3544 4856">
     <span class='ocr_line' id='line_1_63' title="bbox 2198 4781 3544 4856; baseline -0.009 -11"><span class='ocrx_word' id='word_1_416' title='bbox 2198 4789 2328 4856; x_wconf 90' lang='lat' dir='ltr'><strong>culi,</strong></span> <span class='ocrx_word' id='word_1_417' title='bbox 2361 4797 2492 4856; x_wconf 91' lang='lat' dir='ltr'><strong>etc.,</strong></span> <span class='ocrx_word' id='word_1_418' title='bbox 2521 4787 2626 4843; x_wconf 89' lang='lat' dir='ltr'><strong>col.</strong></span> <span class='ocrx_word' id='word_1_419' title='bbox 2650 4784 2912 4842; x_wconf 85' lang='lat'><strong>937-938.</strong></span> <span class='ocrx_word' id='word_1_420' title='bbox 2957 4786 3127 4840; x_wconf 83' lang='lat' dir='ltr'><strong>Savil.</strong></span> <span class='ocrx_word' id='word_1_421' title='bbox 3153 4782 3217 4838; x_wconf 90' lang='lat' dir='ltr'><strong>T.</strong></span> <span class='ocrx_word' id='word_1_422' title='bbox 3243 4785 3297 4839; x_wconf 91' lang='lat'><strong>7.</strong></span> <span class='ocrx_word' id='word_1_423' title='bbox 3333 4798 3386 4853; x_wconf 93' lang='lat' dir='ltr'><strong>p.</strong></span> <span class='ocrx_word' id='word_1_424' title='bbox 3419 4781 3544 4836; x_wconf 75' lang='lat'><strong>435.</strong></span> 
     </span>
    </p>
   </div>
   <div class='ocr_carea' id='block_1_64' title="bbox 2129 4892 3705 4972">
    <p class='ocr_par' dir='ltr' id='par_1_64' title="bbox 2129 4892 3705 4972">
     <span class='ocr_line' id='line_1_64' title="bbox 2129 4892 3705 4972; baseline -0.008 -9"><span class='ocrx_word' id='word_1_425' title='bbox 2129 4907 2218 4963; x_wconf 86' lang='lat'><strong>24.</strong></span> <span class='ocrx_word' id='word_1_426' title='bbox 2276 4905 2596 4961; x_wconf 85' lang='lat' dir='ltr'><strong>Encomium</strong></span> <span class='ocrx_word' id='word_1_427' title='bbox 2625 4903 2799 4959; x_wconf 82' lang='lat' dir='ltr'><strong>sancti</strong></span> <span class='ocrx_word' id='word_1_428' title='bbox 2847 4902 3095 4972; x_wconf 79' lang='lat' dir='ltr'><strong>Gregorii</strong></span> <span class='ocrx_word' id='word_1_429' title='bbox 3150 4897 3542 4956; x_wconf 84' lang='lat' dir='ltr'><strong>llluminatoris</strong></span> <span class='ocrx_word' id='word_1_430' title='bbox 3575 4909 3601 4949; x_wconf 89' lang='lat' dir='ltr'><strong>a</strong></span> <span class='ocrx_word' id='word_1_431' title='bbox 3640 4892 3705 4950; x_wconf 88' lang='lat' dir='ltr'><strong>D.</strong></span> 
     </span>
    </p>
   </div>
   <div class='ocr_carea' id='block_1_65' title="bbox 2201 4991 3704 5066">
    <p class='ocr_par' dir='ltr' id='par_1_65' title="bbox 2201 4991 3704 5066">
     <span class='ocr_line' id='line_1_65' title="bbox 2201 4991 3704 5066; baseline -0.009 -12"><span class='ocrx_word' id='word_1_432' title='bbox 2201 4998 2394 5056; x_wconf 84' lang='lat' dir='ltr'><strong>abbate</strong></span> <span class='ocrx_word' id='word_1_433' title='bbox 2412 4998 2480 5054; x_wconf 85' lang='lat' dir='ltr'><strong>de</strong></span> <span class='ocrx_word' id='word_1_434' title='bbox 2499 4994 2762 5066; x_wconf 82' lang='lat' dir='ltr'><strong>Villefroy</strong></span> <span class='ocrx_word' id='word_1_435' title='bbox 2793 5009 2856 5050; x_wconf 80' lang='lat' dir='ltr'><strong>ex</strong></span> <span class='ocrx_word' id='word_1_436' title='bbox 2885 4993 3209 5050; x_wconf 81' lang='lat' dir='ltr'><strong>Armeniaco</strong></span> <span class='ocrx_word' id='word_1_437' title='bbox 3237 4991 3429 5047; x_wconf 82' lang='lat' dir='ltr'><strong>Latine</strong></span> <span class='ocrx_word' id='word_1_438' title='bbox 3464 4999 3704 5043; x_wconf 82' lang='lat' dir='ltr'><strong>versum.</strong></span> 
     </span>
    </p>
   </div>
  </div>
