4088 6212
3499 160 3531 181 ε·-

321 233 381 287 tl
996 219 1054 276 s.
1091 215 1371 276 JOANNIS
1396 210 1871 272 CllRYSOSTOMl
1908 205 2223 263 ARCtllE-P.
2262 205 2792 266 consumma.
2994 188 3003 193 ’
3516 213 3605 268 γε

321 347 681 409 adversarios,
709 356 806 397 cur
842 334 1046 394 nonad
1083 333 1300 391 Judmos
1336 347 1366 385 a
1403 330 1515 386 Deo
1558 330 1755 383 missus
1798 321 1906 380 sit?
1962 392 1965 397 _

326 442 450 513 quia
513 453 583 494 eo
638 432 857 490 nomine
913 430 1187 501 praacipue
1243 424 1344 494 ipsi
1415 421 1642 477 fuissent
1691 416 1906 472 infensi.

311 510 463 588 'Cum
509 528 611 584 hoc
660 524 821 596 igitur
859 520 1138 592 praesciret
1181 515 1340 579 Deus,
1388 523 1440 568 et
1476 510 1616 581 quod
1647 525 1768 565 eum
1804 521 1909 559 non

330 632 508 681 essent
533 614 854 680 admissuri;
884 611 1220 680 Proﬁciscere
1252 606 1322 659 ad
1346 613 1537 676 gentes,
1571 599 1763 671 inquit,
1791 597 1911 667 quia

326 716 406 773 illi
439 730 539 767 non
580 709 826 779 accipient
852 701 1196 759 testinwnium
1227 710 1367 752 tuum
1407 695 1471 748 de
1510 710 1589 747 me
1636 691 1775 763 (Act.
1817 687 1911 743 22.

330 804 603 880 {8).Tum
631 802 758 856 ille:
795 793 1248 861 Etiam,Domine,
1289 789 1387 856 ipsi
1430 785 1593 840 sciunt
1642 782 1780 854 quod
1821 794 1913 848 ego

329 874 628 962 vinciebant,
672 903 719 947 et
768 886 1089 945 verberabam
1118 899 1215 955 per-
1234 895 1521 953 synagogas
1566 876 1822 930 credentes
1860 874 1914 928 in

329 1006 398 1063 te,
430 1001 475 1047 et
504 1006 619 1045 cum
642 984 984 1059 effunderetur
1023 976 1230 1048 sanguis
1261 971 1511 1043 Stephani
1539 969 1675 1023 testis
1702 967 1795 1031 tui,
1823 981 1914 1034 ego

330 1057 528 1158 quoque
583 1057 792 1135 aderant
843 1071 1135 1145 approbans
1183 1082 1295 1120 eam
1347 1062 1570 1126 aedem,
1630 1057 1916 1112 custodiens

330 1150 486 1233 tua.
522 1167 918 1230 interimentium
964 1161 1111 1217 illum
1156 1155 1317 1230 (Ibid.
1355 1169 1403 1207 υ.
1443 1152 1530 1208 19.
1572 1150 1690 1219 ac).
1740 1151 1917 1218 Atque

330 1271 436 1327 hoc
462 1268 509 1323 ei
536 1266 745 1334 signum
786 1272 907 1314 csse
950 1251 1187 1310 ostendit
1230 1257 1285 1305 et
1330 1254 1725 1316 argumentum,
1774 1240 1917 1311 quod

331 1378 446 1421 non
489 1354 749 1418 credituri
790 1352 898 1411 sint
942 1348 1065 1410 sibi.
1120 1344 1211 1400 Sic
1262 1341 1405 1399 enim
1457 1353 1517 1394 se
1566 1351 1655 1392 res
1707 1336 1915 1391 habet:

332 1451 547 1527 quando
569 1449 689 1520 quis
714 1462 743 1499 a
770 1451 930 1517 gente
960 1438 1209 1511 quapiam
1237 1430 1517 1498 defecerit,
1548 1429 1595 1527 si
1624 1428 1697 1483 sit
1731 1443 1798 1485 ex
1840 1427 1921 1527 in:

334 1517 481 1603 (imis
519 1517 599 1599 et-
628 1537 825 1601 nullius
883 1525 1319 1591 existimationis,
1369 1538 1477 1577 non
1526 1519 1813 1575 admodum
1865 1517 1920 1574 id

334 1639 624 1697 molestum
654 1641 738 1688 est
775 1630 840 1685 iis
866 1640 1001 1699 quos
1028 1620 1268 1678 deseruit
1296 1636 1310 1673 :
1339 1615 1483 1688 quod
1509 1614 1552 1670 si
1592 1613 1733 1669 idem
1762 1611 1922 1667 faciat

335 1731 570 1789 eximius
590 1724 785 1794 aliquis
814 1730 866 1776 et
887 1719 1003 1774 zelo
1033 1714 1229 1771 ardens
1259 1719 1314 1767 et
1347 1709 1436 1780 qui
1465 1706 1674 1779 pridem
1702 1704 1919 1760 illorum

336 1821 617 1878 sententiae
659 1814 850 1876 fuerat,
893 1809 945 1864 id
984 1819 1117 1862 vero
1144 1805 1262 1858 illos
1289 1801 1427 1855 male
1456 1798 1640 1865 habet,
1672 1804 1728 1852 et
1756 1807 1919 1864 supra

335 1911 555 1967 inodum
606 1917 839 1962 marmore
883 1897 1121 1961 coniicit,
1152 1904 1212 1959 ut
1240 1891 1383 1963 quod
1429 1888 1663 1944 maxime
1706 1886 1922 1947 illorum

334 2006 531 2075 dogma
561 1996 848 2059 convellat,
883 1987 1174 2050 resiliendo
1201 1984 1269 2039 ad
1298 1983 1455 2037 alios.
1497 1981 1636 2050 Quin
1676 1987 1730 2034 et
1776 1976 1921 2032 aliud

336 2071 535 2160 iuerat,
588 2089 730 2162 quod
786 2082 1093 2141 incredulos
1146 2078 1415 2135 redderet.
1471 2073 1735 2144 Quidnam
1781 2071 1923 2126 hoc?

337 2186 491 2260 Quod
518 2185 708 2239 Petrus
742 2190 796 2234 et
822 2174 1015 2247 reliqui
1046 2187 1169 2228 eum
1196 2169 1413 2226 Christo
1454 2166 1829 2231 convixerant,
1869 2173 1924 2220 et

336 2256 575 2353 prodigia
610 2276 728 2346 ejus
758 2289 817 2326 ac
848 2268 1107 2325 miracula
1135 2263 1376 2319 viderant
1405 2278 1417 2315 :
1453 2260 1540 2314 hic
1569 2268 1749 2313 autem
1783 2256 1921 2315 nihil

338 2376 553 2436 horum,
580 2368 674 2424 sed
692 2381 812 2420 cum
831 2363 1044 2419 essetin
1074 2357 1317 2428 partibus
1340 2353 1675 2418 Judmorum,
1704 2358 1926 2419 repente

340 2465 625 2535 transfugit
672 2460 737 2515 ad
785 2467 1046 2512 nostros:
1097 2451 1151 2506 id
1189 2447 1331 2521 quod
1382 2445 1535 2500 valde
1576 2459 1665 2500 res
1715 2453 1927 2497 nostras

339 2533 695 2613 confirmavit.
741 2548 819 2604 illi
864 2546 1007 2602 enim
1052 2542 1136 2597 vel
1175 2540 1242 2595 ad
1284 2538 1509 2610 gratiam
1563 2533 1925 2590 testimonium

344 2655 485 2708 ferre
520 2647 689 2702 videri
730 2648 1001 2715 poterant,
1032 2636 1185 2709 quasi
1226 2633 1296 2687 ob
1324 2630 1560 2701 Magistri
1597 2626 1928 2682 desiderium

342 2747 724 2803 attestarentur
767 2735 889 2789 talia
926 2749 939 2784 :
972 2739 1026 2785 at
1069 2729 1157 2784 hic
1190 2723 1605 2782 resurrectionis
1649 2720 1823 2785 testis,
1882 2718 1928 2772 is

343 2841 464 2908 ipse
492 2849 679 2889 vocem
722 2830 893 2885 solam
935 2826 1052 2895 ejus
1091 2822 1386 2876 audiverat.
1419 2817 1756 2888 Quapropter
1781 2813 1932 2868 vides

343 2907 439 2986 eos
488 2929 611 2982 huic
654 2940 717 2979 ex
762 2921 941 2975 animo
986 2915 1236 2981 infestos,
1263 2911 1556 2966 Seditiones
1578 2907 1929 2972 concitantes,

345 3035 400 3079 et
438 3021 567 3076 nihil
601 3016 786 3072 nonin
820 3010 1112 3083 perniciem
1153 3009 1271 3077 ejus
1313 3004 1622 3059 molientes.
1666 3000 1931 3056 Caeterum

345 3111 654 3171 incredulos
695 3105 916 3163 Judteos
964 3101 1078 3156 h:rc
1128 3113 1290 3153 causa
1342 3096 1761 3159 abalienaverat,
1811 3106 1933 3147 cre-

348 3209 539 3263 dentes
564 3217 691 3256 vero
721 3193 1009 3269 qumnam?
1038 3190 1175 3261 Quia
1224 3203 1446 3247 necesse
1493 3185 1719 3240 habebat
1762 3183 1937 3254 genti-

348 3304 451 3358 bus
492 3311 629 3368 pure
674 3291 971 3365 prtedicare
1010 3284 1369 3341 Christianam
1415 3279 1752 3349 religionem,
1798 3287 1853 3331 et
1890 3272 1938 3331 si

349 3392 570 3462 quando
608 3388 660 3441 in
707 3382 1015 3439 Judaorum
1057 3376 1280 3446 regione
1331 3381 1659 3434 versaretur,
1701 3370 1833 3423 nihil
1885 3368 1939 3426 id

349 3483 592 3542 curabat.
636 3479 826 3535 Petrus
874 3473 1019 3529 enim
1066 3481 1121 3525 et
1157 3468 1311 3533 socii,
1356 3475 1417 3520 ut
1459 3464 1550 3536 qui
1588 3463 1941 3535 Jerosoiymis

351 3573 733 3649 praedicabant.
767 3569 853 3624 ubi
882 3567 1016 3637 legis
1044 3563 1258 3618 fervens
1278 3559 1520 3617 studium
1547 3567 1686 3626 erat,
1720 3573 1942 3614 necesse

353 3669 625 3726 habebant
660 3680 779 3720 eam
819 3662 1010 3734 jubere
1059 3656 1262 3713 servari
1293 3672 1308 3708 :
1351 3662 1408 3713 at
1448 3654 1535 3710 hic
1566 3664 1750 3710 noster
1778 3652 1944 3709 multa

354 3764 605 3820 libertate
649 3755 913 3811 utebatur.
957 3750 1147 3806 Plures
1180 3747 1345 3805 etiam
1382 3755 1538 3803 erant
1577 3763 1608 3803 e
1656 3747 1946 3819 gentilibus

356 3869 516 3926 quam
556 3848 746 3912 Judaei,
797 3853 980 3915 utpote
1019 3841 1112 3913 qui
1161 3839 1371 3895 externi
1419 3847 1634 3903 essent,
1664 3853 1770 3893 non
1804 3848 1948 3893 tanta

357 3945 497 4015 legis
542 3940 799 4010 religione
847 3934 1196 3998 tenebantur,
1228 3945 1402 4002 eoque
1430 3929 1639 3986 facilius
1663 3945 1723 3986 se
1750 3930 1820 3987 ab
1859 3931 1948 3986 illa

363 4032 746 4094 absolvebant,
778 4027 942 4082 Paulo
970 4024 1148 4079 omnia
1180 4038 1312 4094 pure
1340 4023 1682 4093 prmdicante.
1715 4023 1785 4078 Et
1828 4041 1953 4082 vere

365 4142 428 4183 ea
447 4124 515 4181 de
539 4134 698 4177 causa
720 4119 866 4172 illum
896 4114 1149 4169 inducere
1179 4113 1448 4180 videntur,
1476 4124 1532 4168 ut
1556 4115 1954 4179 multitudinem

368 4219 712 4271 revereantur
741 4223 755 4259 :
800 4204 969 4271 Vides,
994 4204 1259 4272 inquiunt,
1289 4207 1467 4273 frater,
1506 4212 1625 4274 quot
1668 4204 1830 4258 millia
1854 4208 1955 4261 sint

363 4308 667 4361 Judteorum
709 4296 1060 4354 credentium?
1101 4296 1188 4367 qui
1234 4293 1294 4348 ob
1340 4294 1436 4349 hoc
1471 4304 1519 4350 te
1556 4294 1792 4367 oderunt,
1820 4300 1955 4371 quod

367 4400 619 4455 audierint
646 4407 691 4450 te
715 4392 1044 4465 defectionem
1071 4406 1102 4441 a
1123 4389 1231 4461 lege
1260 4387 1456 4442 docere.

437 4492 541 4547 Cur
582 4488 776 4541 Paulus
820 4480 1105 4551 Epistolam
1147 4481 1215 4533 ad
1246 4477 1487 4537 Hebraeos
1532 4480 1814 4552 scripserit,
1858 4501 1959 4555 quo

369 4599 615 4657 tempore,
654 4595 755 4648 qua
788 4575 1072 4632 occasione.
1093 4602 1165 4613 -—
1188 4570 1296 4626 Cur
1318 4571 1478 4643 igitur
1512 4572 1711 4630 Judmis
1751 4578 1958 4646 scribit,

367 4696 493 4737 cum
525 4693 628 4732 non
656 4674 725 4729 sit
762 4684 947 4727 eorum
992 4664 1226 4722 doctor?
1251 4673 1344 4719 aut
1369 4679 1600 4735 quonam
1629 4666 1696 4722 ad
1724 4682 1818 4722 eos
1847 4669 1962 4739 epi-

368 4775 564 4829 stolam
594 4768 794 4825 mittit?
834 4762 948 4818 Mea
977 4758 1232 4830 opinione
1259 4756 1655 4828 Jerosolymam
1698 4769 1752 4814 et
1779 4760 1834 4815 in
1864 4759 1962 4815 Pa-

370 4866 658 4922 laestinam.
692 4858 797 4915 Sed
827 4854 1099 4929 quomodo
1146 4850 1374 4909 scribit?
1400 4850 1863 4918 Quemadmodum
1911 4864 1965 4909 et

371 4955 702 5029 baptizabat,
750 4966 857 5005 non
884 4949 1068 5018 juSsus
1115 4943 1426 5013 baptizare;
1460 4943 1533 4996 ait
1575 4943 1719 4999 enim
1767 4959 1825 5000 se
1857 4961 1964 5001 non

373 5052 601 5107 missmn
629 5039 695 5101 ad
726 5039 1102 5114 baptizandum
1136 5038 1215 5108 (1.
1248 5033 1368 5091 Cor.
1403 5036 1453 5090 1.
1485 5037 1576 5106 17)
1608 5058 1621 5092 :
1656 5053 1756 5093 nec
1790 5047 1967 5095 tamen

373 5143 577 5200 vetitus
604 5145 744 5202 erat,
777 5133 873 5190 scd
904 5147 1083 5202 opera:
1119 5129 1414 5185 auctarium
1442 5127 1547 5184 hoc
1577 5127 1723 5184 fecit.
1766 5130 1837 5185 Et
1874 5148 1971 5187 cur

362 5236 463 5290 his
493 5247 598 5287 non
629 5226 912 5291 scriberet,
945 5238 1041 5294 pro
1068 5222 1260 5291 quibus
1285 5220 1571 5275 anathema
1611 5235 1733 5277 esse
1760 5224 1972 5280 valebat

378 5328 559 5398 (Rom.
588 5321 645 5378 9.
667 5321 764 5393 3)?
788 5319 1127 5388 Quapropter
1154 5314 1289 5371 dixit
1314 5332 1328 5369 :
1358 5312 1537 5369 Nostis
1565 5316 1775 5386 fratrem
1803 5316 1973 5373 Timo-

364 5418 555 5471 theum
578 5413 822 5474 solutum,
843 5423 1095 5479 cumquo,
1114 5406 1159 5460 si
1184 5406 1436 5460 maturius
1465 5407 1676 5471 venerit,
1709 5410 1866 5461 uisam
1887 5426 1974 5466 vos

384 5508 570 5585 (Hebr.
606 5507 693 5563 15.
727 5504 845 5575 25).
880 5502 1123 5558 Nondum
1175 5500 1316 5553 enim
1357 5498 1787 5568 comprehensus
1833 5510 1971 5557 erat.

384 5603 521 5659 Cum
563 5600 724 5672 igitur
761 5597 1042 5654 biennium
1087 5593 1272 5648 Romae
1323 5591 1592 5659 exegisset
1626 5591 1680 5645 in
1724 5591 1971 5658 vineuiis,

392 5696 610 5756 tandem
638 5693 889 5751 dimissus
920 5700 1033 5756 est;
1062 5687 1254 5743 deinde
1285 5687 1339 5741 in
1364 5685 1644 5756 Hispanias
1669 5690 1973 5755 protectus;

2019 330 2204 391 postea
2233 320 2285 376 in
2309 320 2548 377 Judaeum
2581 323 2745 384 venit,
2796 330 2850 377 et
2884 320 3101 377 Judaaos
3147 320 3362 390 invisit;
3405 338 3467 380 ac
3495 336 3602 379 tum

2017 428 2202 468 rursus
2244 413 2470 469 Romam
2507 429 2756 469 reversus
2786 424 2889 477 est,
2922 414 3140 486 quando
3182 424 3253 487 et
3280 416 3603 487 supplicium

2011 505 2164 575 jussu
2215 505 2445 560 Neronis
2476 506 2713 575 pertulit.
2747 506 2983 561 Proinde
3028 506 3255 576 epistola
3302 510 3367 562 ad
3421 508 3605 563 Titno-

2019 599 2200 654 theum
2243 598 2517 667 antiquior
2547 598 2647 653 hac
2690 608 2807 665 est;
2840 599 2949 654 illic
2975 599 3119 655 enim
3148 600 3300 665 dicit,
3334 601 3443 673 Ego
3473 603 3604 656 enim

2007 692 2121 762 jam
2161 692 2433 756 immolor;
2478 700 2533 747 et
2575 706 2815 757 rursum,
2861 689 2929 745 In
2969 693 3133 762 prima
3176 709 3290 747 mea
3318 693 3603 763 defensione

2018 801 2162 839 nemo
2204 785 2327 838 mihi
2354 784 2520 855 adfuit
2554 782 2628 855 (9..
2673 782 2805 837 Tim.
2837 783 2891 839 ι.
2933 784 2985 840 6.
3030 794 3076 838 et
3108 783 3218 858 16).
3251 784 3409 855 Sche
3448 802 3598 841 nam-

2019 891 2121 947 que
2155 876 2405 942 certavit,
2443 874 2996 945 qnemadmodum-et
3032 875 3607 932 Thessalmticensihus

2020 969 2205 1025 scribit
2258 987 2272 1023 :
2321 968 2616 1023 Imitatores
2663 969 2787 1039 facti
2816 968 2977 1023 estis.
3010 968 3363 1025 Ecclesiarum
3410 970 3610 1025 Juda'a:

2024 1063 2099 1132 (1.
2132 1060 2309 1115 Thess.
2339 1061 2392 1114 2.
2419 1062 2532 1131 14).
2560 1060 2699 1128 Quin
2723 1070 2776 1115 et
2804 1061 2932 1131 ipsis
2956 1062 3217 1128 scribens,
3242 1061 3370 1117 Cum
3397 1063 3604 1134 gaudio,

2020 1152 2214 1223 inquit,
2267 1152 2604 1221 direptionem
2653 1153 2960 1224 facultatum
3012 1163 3293 1208 vestrarum
3346 1155 3609 1225 accepistis

2023 1246 2208 1321 (Hebr.
2262 1246 2348 1302 10.
2396 1247 2508 1319 54).
2547 1247 2708 1302 Vides
2752 1263 2939 1303 eorum
2982 1249 3314 1303 certamina?
3365 1246 3517 1315 Quod
3562 1248 3606 1301 si

2021 1340 2295 1412 apostolos
2338 1340 2411 1395 ita
2442 1339 2768 1406 tractalxtut,
2821 1356 2927 1395 non
2973 1340 3028 1395 in
3059 1340 3242 1395 indura
3291 1339 3472 1403 modo,
3515 1339 3607 1392 sed

2000 1433 2348 1503 .ubicumque
2390 1431 2532 1487 inter
2581 1432 2810 1501 gentiles
2854 1431 3122 1502 degebant
3160 1430 3327 1502 :quid
3373 1446 3479 1487 non
3532 1429 3608 1484 fa-

2023 1526 2158 1582 eturi
2188 1532 2344 1581 erant
2370 1523 2584 1579 caeteris
2612 1522 2899 1577 ﬁdelibus?
2927 1523 3053 1578 Ideo
3085 1522 3235 1578 vides
3260 1538 3381 1578 eum
3416 1523 3609 1577 horum

2023 1632 2209 1675 curam
2242 1630 2432 1687 gerere
2473 1616 2818 1686 praecipuam.
2849 1614 2982 1669 Cum
3027 1615 3170 1669 enim
3200 1614 3349 1679 dicit,
3388 1613 3610 1682 Proﬁci-

2023 1727 2137 1765 scor
2163 1709 2544 1763 ministraturus
2569 1707 2759 1761 sanctis
2778 1704 3116 1776 lerasolynta:
3141 1705 3319 1774 (Rom.
3358 1705 3445 1761 15.
3477 1706 3569 1774 25)
3594 1723 3608 1768 ;

2026 1812 2082 1857 et
2106 1814 2317 1856 rursum
2345 1814 2466 1854 cum
2508 1796 2826 1853 adhortatur
2860 1796 3168 1853 Corinthios
3212 1796 3278 1851 ad
3308 1796 3613 1850 benefit-en—

2025 1894 2193 1961 tiam,
2226 1893 2469 1949 scribens
2516 1891 2833 1947 Macedonas
2877 1891 2988 1961 jam
3032 1890 3372 1944 collationem
3422 1889 3616 1944 fecisse

2026 1987 2104 2061 (2.
2132 1986 2250 2043 Cor.
2269 1987 2323 2043 8.
2353 1986 2428 2058 1),
2458 1985 2661 2040 addens
2690 1999 2747 2039 se
2772 1998 2982 2054 quoque
3007 1983 3053 2038 si
3084 1997 3217 2053 opus
3248 1983 3320 2037 sit
3353 1982 3618 2050 profectu-
3694 1992 3702 1999 ·

2025 2096 2165 2135 rum.
2193 2080 2257 2135 Et
2285 2093 2405 2134 cum
2449 2077 2595 2142 dicit,
2624 2075 2845 2131 Tantum
2881 2088 2934 2129 ut
2961 2092 3241 2145 pauperum
3270 2092 3512 2129 memores
3540 2094 3618 2129 ese

2025 2187 2213 2237 scmus,
2252 2170 2307 2224 id
2352 2169 2488 2239 quod
2534 2168 2801 2237 diligenter
2849 2168 3024 2221 curavi
3053 2166 3192 2239 (Gal.
3224 2166 3277 2221 Ξ.
3315 2167 3426 2237 10),
3478 2168 3616 2221 idem

2026 2264 2176 2320 dicit.
2228 2262 2459 2321 Rursum
2516 2260 2702 2317 dicens
2733 2300 2747 2322 ,
2804 2257 3023 2313 Dextras
3073 2258 3315 2312 dederunt
3365 2259 3619 2312 societatis

2027 2359 2155 2413 mihi
2180 2366 2231 2411 et
2248 2354 2519 2419 Barnabw,
2549 2363 2602 2406 ut
2633 2369 2723 2406 nos
2761 2352 2960 2420 quidem
2999 2350 3065 2405 ad
3092 2360 3280 2421 gentes,
3310 2351 3408 2419 ipsi
3453 2362 3619 2403 autem

2029 2450 2097 2505 ad
2141 2448 2461 2504 circumcisos
2503 2443 2667 2512 (Ibid.
2699 2460 2744 2497 υ.
2777 2443 2859 2514 9),
2891 2442 3029 2497 idem
3077 2441 3224 2496 dicit.
3283 2444 3352 2496 At
3397 2457 3500 2495 non
3544 2443 3623 2495 sic

2031 2544 2098 2598 de
2124 2540 2447 2613 pauperibus
2478 2538 2586 2591 illic
2607 2535 2913 2606 agentibus,
2947 2536 3039 2588 sed
3067 2534 3179 2587 vult
3205 2549 3302 2588 nos
3331 2535 3619 2602 participes

2032 2648 2154 2689 esse
2207 2646 2332 2701 erga
2385 2630 2504 2685 illos
2551 2626 2937 2683 beneficentiae.
2990 2624 3107 2679 Non
3150 2628 3295 2680 enim
3340 2635 3395 2678 ut
3429 2625 3623 2693 pra-di-

2037 2704 2192 2779 candi
2218 2762 2231 2783 .
2259 2722 2336 2776 sic
2361 2734 2653 2789 pauperum
2685 2732 2868 2773 curam
2916 2717 2987 2775 ita
3033 2717 3139 2771 illis
3167 2718 3529 2771 commisimus
3571 2726 3626 2771 ut

2036 2817 2091 2872 hi
2141 2814 2436 2872 Gentibus.
2466 2814 2536 2866 illi
2581 2812 2780 2868 «Ιυάίῐξὶδ
2810 2812 3194 2881 prospicerent.
3233 2812 3389 2865 Vides
3431 2812 3626 2882 ubique

2035 2926 2193 2981 quam
2227 2909 2296 2963 sit
2317 2906 2580 2962 sollicitus
2612 2924 2624 2960 :
2654 2915 2705 2959 et
2740 2905 2949 2958 merito.
2982 2904 3137 2957 Aliud
3169 2904 3310 2956 enim
3345 2914 3460 2957 erat
3488 2905 3624 2973 apud

2038 3010 2263 3057 caeteras
2311 3006 2514 3066 gentes,
2551 2996 2637 3048 ubi
2693 2995 2861 3050 Judtei
2913 3010 3034 3049 cmn
3076 2993 3276 3050 Cra-cis
3328 2996 3628 3066 promiscue

2038 3093 2434 3151 versabantur:
2468 3090 2519 3144 in
2572 3087 2757 3144 Judtea
2809 3102 2938 3142 vero
2992 3088 3241 3156 quoniam
3296 3088 3459 3142 etiam
3516 3099 3627 3149 tum

2039 3185 2279 3259 quaedam
2326 3182 2593 3239 libertatis
2623 3181 2833 3251 species
2884 3180 3154 3243 manebat,
3189 3195 3288 3235 nec
3313 3182 3630 3240 vetehantur

2044 3280 2156 3334 suis
2202 3277 2406 3349 legibus
2462 3277 2643 3330 vivere
2698 3273 2932 3328 nondum
2985 3272 3241 3335 Romanis
3293 3274 3357 3327 ad
3417 3274 3627 3343 plenum

2042 3371 2267 3436 subditi,
2298 3385 2406 3425 non
2457 3368 2651 3424 mirum
2683 3368 2726 3422 si
2750 3366 3151 3441 ,tnagnatn‘sibl
3183 3366 3517 3430 vindicabant
3546 3378 3629 3437 ty-

2045 3464 2351 3527 rannidem,
2379 3452 2604 3519 Si'enim
2637 3470 2692 3516 et
2724 3461 2778 3515 in
2809 3460 2997 3514 alienis
3019 3440 3255 3522 urbibus,
3285 3458 3420 3513 sicut
3443 3459 3632 3511 Coriu-

2048 3558 2146 3625 thi,
2179 3556 2460 3626 pulsabant
2512 3553 2991 3626 archisynagogtnn
3020 3561 3144 3603 ante
3184 3550 3354 3619 ipsum
3399 3550 3629 3603 tribunal

2048 3648 2405 3720 proconsulis,
2452 3646 2694 3702 Gallione
2743 3660 2854 3699 rem
2907 3641 3040 3696 nihil
3089 3648 3311 3697 curante
3354 3640 3507 3713 (Act.
3543 3644 3629 3701 18.

2051 3744 2176 3815 17);
2209 3757 2385 3796 annon
2411 3741 2581 3811 magis
2605 3740 2656 3794 in
2688 3737 2912 3797 luda'a?

2122 3836 2178 3888 2.
2220 3833 2384 3889 Vides
2409 3832 2572 3902 igitur
2595 3830 2867 3901 quomodo
2891 3829 2943 3882 in
2976 3828 3081 3885 illis
3111 3826 3333 3882 urbibus
3365 3827 3638 3896 apo~tolos

2053 3926 2120 3982 ad
2161 3926 2506 3996 magistratus
2545 3922 2837 3985 adducunt,
2885 3930 2941 3976 et
2968 3921 3205 3991 gentium
3252 3935 3410 3989 opem
3453 3929 3637 3979 contra

2055 4036 2151 4077 eos
2181 4018 2450 4090 postulant
2482 4033 2494 4071 :
2527 4015 2673 4071 domi
2718 4030 2847 4069 vero
2896 4012 3028 4069 nihil
3071 4013 3175 4067 tale
3213 4010 3501 4074 faciebant.
3548 4012 3641 4066 sed

2059 4114 2180 4184 ipsi,
2210 4118 2507 4171 convocato
2533 4107 2784 4172 concilio,
2809 4106 2863 4159 in
2889 4118 3256 4175 quoscumque
3287 4103 3503 4158 libuerit
3531 4104 3647 4159 ani-

2058 4203 2419 4259 madvertunt.
2453 4200 2543 4257 Sic
2580 4198 2909 4268 Stephanum
2955 4196 3363 4262 interfecerunt,
3395 4196 3475 4251 sic
3504 4211 3633 4267 apo-

2061 4298 2228 4351 stolos
2254 4295 2434 4366 flagris
2476 4293 2875 4362 castigavcrunt
2920 4289 3238 4344 inconsultis
3284 4287 3644 4359 praesidibus:

2063 4391 2139 4445 sic
2185 4398 2239 4443 ct
2280 4386 2502 4441 Paulum
2545 4383 2773 4449 occisuri
2819 4390 2994 4447 erant,
3045 4382 3145 4436 nisi
3178 4382 3423 4443 tribunus
3465 4379 3545 4434 eis
3591 4393 3650 4432 se

2064 4481 2369 4550 objeeisset.
2400 4476 2527 4533 Hmc
2555 4476 2698 4531 enim
2729 4474 2930 4530 fiebant
2968 4482 3226 4528 manente
3263 4473 3439 4528 adhuc
3467 4479 3652 4524 aucto-

2066 4573 2224 4628 ritate
2250 4569 2586 4642 pontificum,
2618 4567 2874 4623 incolumi
2904 4566 3106 4635 templo
3145 4581 3267 4619 etnn
3293 4579 3390 4619 suo
3421 4563 3569 4617 cultu
3595 4572 3649 4615 et

2069 4662 2365 4718 sacrificiis.
2411 4661 2606 4731 Aspice
2638 4661 2810 4728 ipsum
2857 4659 3079 4714 Paulum
3107 4657 3314 4727 judicio
3359 4655 3655 4708 sacerdotis

2070 4756 2281 4826 subjici,
2310 4755 2600 4816 dicentem,
2632 4752 2933 4808 Nesciebam
2954 4767 3061 4806 esse
3082 4750 3371 4821 pontiﬁcem
3403 4746 3538 4817 (Act.
3561 4746 3653 4800 '23.

2072 4852 2126 4922 5)
2154 4870 2167 4918 ;
2202 4850 2361 4921 idque
2408 4864 2588 4911 coram
2621 4848 2864 4903 Romano
2892 4846 3142 4917 prteside.
3191 4842 3359 4900 Tanta
3410 4839 3517 4892 illis
3546 4849 3656 4893 tum

2074 4955 2191 5001 erat
2215 4946 2450 4999 licentia.
2482 4941 2669 5013 Cogita
2716 4942 2876 5014 igitur
2918 4955 3081 5011 quam
3116 4937 3313 4991 misera
3347 4944 3473 4988 tunc
3502 4931 3661 4991 luerit

2078 5038 2311 5094 lidclittm
2348 5036 2684 5107 Jerusolytna
2727 5044 3087 5102 emteramquc
3129 5029 3370 5089 Iudaeam
3419 5027 3664 5082 habitan-

2081 5133 2215 5188 tium
2253 5129 2512 5187 conditio.
2545 5131 2722 5198 Quare
2758 5127 2888 5198 quid
2920 5128 3110 5181 mirum
3152 5124 3219 5189 si,
3259 5124 3349 5192 qui
3380 5122 3667 5181 anathema

2080 5245 2201 5283 esse
2230 5244 2325 5299 pro
2347 5226 2634 5283 incredulis
2662 5223 2927 5294 cupiebat,
2952 5219 3091 5280 etde
3120 5218 3396 5274 conversis
3421 5216 3485 5270 ad
3510 5215 3666 5269 fidem

2084 5332 2192 5376 tum
2237 5327 2356 5375 erat
2398 5318 2683 5383 sollicitus,
2714 5325 2770 5371 ut
2797 5316 2840 5369 si
2870 5328 2960 5368 res
2991 5319 3258 5382 posceret,
3288 5307 3670 5378 profectionem

2082 5430 2184 5468 non
2218 5414 2561 5476 detrectaret,
2588 5408 2654 5463 ad
2688 5402 3104 5460 ministrandum
3141 5416 3327 5456 eorum
3376 5399 3671 5453 necessita-

2084 5503 2225 5558 tibus
2268 5504 2515 5573 dignatur
2557 5516 2652 5554 eos
2680 5496 3052 5554 couSolatione
3097 5508 3196 5565 per
3235 5492 3465 5555 litteras,
3513 5499 3566 5541 et
3594 5489 3671 5543 la«

2085 5593 2270 5648 battles
2327 5594 2476 5649 fulcit
2522 5592 2633 5646 suis
2675 5584 3157 5642 adhortationibus.
3189 5582 3246 5637 in
3282 5591 3489 5636 tantum
3531 5592 3672 5631 eunn

2086 5690 2547 5757 opprimebantur,
2577 5694 2632 5739 ut
2684 5698 2823 5757 pene
2872 5680 3166 5739 deflectunt
3195 5696 3209 5732 :
3241 5675 3293 5731 id
3349 5671 3490 5745 quod
3532 5670 3672 5724 circa
