4088 6212
426 250 498 349 ις
1157 283 1214 340 s.
1253 282 1530 341 maneas
1567 282 2037 341 cunvsosrosn
2077 283 2394 338 AntliliEP.
2427 284 2961 346 consumerer.
3628 298 3697 358 is

430 395 699 451 conservi.
730 393 959 450 Pulchre
982 401 1161 450 autem
1191 393 1324 451 dicit
1350 413 1366 450 :
1397 395 1465 451 In
1491 399 1774 457 novissimis
1795 404 1970 458 diebus
1995 423 2016 461 :

429 502 554 541 nam
598 485 702 541 hoc
746 499 962 556 quoque
1008 484 1157 556 ipsos
1185 487 1417 554 excitat,
1466 497 1522 544 et
1570 493 1882 549 consolatur
1905 496 2016 566 jam

416 580 693 635 defessos.
726 575 878 635 Sicut
897 578 1040 634 enim
1068 577 1201 634 dicit
1225 578 1387 636 alibi:
1410 578 1666 639 Dominus
1709 602 1869 658 prope
1903 598 1976 642 est
1998 631 2015 650 ,

428 672 559 727 nihil
591 671 799 727 solliciti
836 672 946 726 sitis
991 669 1256 743 (Philipp.
1301 673 1356 729 4.
1388 673 1483 741 6);
1515 683 1570 730 et
1596 691 1821 743 rursus,
1863 677 2016 735 Nune

419 767 559 820 enim
597 764 809 836 propior
837 773 910 819 est
939 773 1116 819 nostra
1158 766 1300 822 salus
1318 805 1336 835 ,
1383 783 1538 838 quam
1568 785 1683 824 cum
1709 771 2017 826 credidimus

427 857 608 926 (Rom.
655 857 740 912 13.
780 857 870 926 ll)
893 874 906 911 :
933 856 1006 912 ita
1035 856 1124 912 hic
1153 872 1386 929 quoque.
1420 858 1558 927 Quid
1595 869 1678 917 est
1707 877 1835 932 ergo
1873 864 2016 934 quod

427 946 600 1002 dicit?
621 946 772 1016 Quod
798 948 891 1018 qui
922 950 976 1004 in
1015 949 1310 1006 certamine
1334 958 1418 1008 est
1443 963 1797 1024 consumptus
1841 967 1897 1011 et
1921 972 2016 1012 ex~

429 1038 672 1106 haustus,
691 1051 970 1112 postquam
1005 1041 1232 1098 audierit
1270 1043 1431 1100 ﬁnem
1457 1047 1786 1116 certaminis,
1826 1049 2016 1118 paulu-

423 1131 539 1186 lum
558 1131 808 1201 respirat,
834 1141 889 1187 nt
915 1135 1002 1204 qui
1025 1133 1160 1189 sciat
1177 1135 1319 1190 illius
1335 1136 1549 1208 quidem
1567 1153 1685 1194 esse
1708 1141 1890 1207 ﬁnem,
1917 1142 2022 1198 iui-

431 1223 562 1276 tium
593 1233 772 1278 autem
797 1223 1010 1294 quietis.
1055 1224 1122 1280 In
1163 1227 1446 1283 novissimis
1482 1229 1657 1285 diebus
1681 1231 1917 1300 loquutus
1947 1244 2018 1289 est

426 1313 571 1369 nobis
590 1315 644 1370 in
672 1315 832 1371 Filio.
866 1317 1005 1373 Ecce
1034 1333 1252 1386 rursus,
1283 1318 1350 1374 In
1377 1319 1538 1375 Filio.
1567 1322 1672 1378 Per
1696 1322 1913 1392 Filium,
1939 1325 2020 1381 in-

421 1408 576 1475 quit,
621 1409 878 1465 adversus
907 1425 1002 1466 eos
1031 1412 1121 1482 qui
1163 1411 1348 1468 dicunt
1375 1413 1427 1469 id
1454 1417 1746 1473 convenire
1772 1417 2018 1488 Spiritui.

429 1497 592 1556 Vides
616 1500 757 1570 quod
787 1501 928 1558 istud
958 1502 1027 1558 In
1053 1513 1135 1559 est
1164 1505 1284 1560 Per.
1317 1506 1385 1562 Et
1410 1507 1564 1573 illud,
1591 1509 1749 1578 Olim,
1779 1519 1835 1566 et
1861 1511 2014 1582 illud,

429 1589 498 1645 In
523 1593 806 1649 novissimis
830 1594 1041 1663 diebus,
1073 1596 1272 1670 aliquid
1303 1598 1447 1654 aliud
1478 1600 1668 1657 innuit.
1699 1601 2018 1670 Quodnam?

425 1683 632 1756 Nempe
657 1701 780 1742 cum
811 1687 1038 1742 multum
1076 1690 1332 1760 temporis
1358 1689 1776 1764 intercessisset,
1813 1712 1883 1752 ex
1911 1713 2017 1768 quo

428 1792 643 1834 eramus
667 1779 987 1851 castigandi,
1018 1796 1084 1836 ex
1110 1797 1218 1852 quo
1245 1782 1555 1839 defecerant
1579 1785 1924 1856 charismata,
1951 1806 2014 1846 ex

427 1885 535 1938 quo
561 1885 665 1926 non
689 1880 805 1928 erat
832 1887 955 1942 spes
978 1873 1184 1939 salutis,
1216 1890 1283 1930 ex
1307 1891 1414 1946 quo
1440 1879 1884 1947 exspectabamus
1904 1881 2017 1938 fore

427 1968 488 2013 ut
511 1959 838 2016 detrimento
868 1961 1103 2033 undique
1123 1962 1481 2029 afﬁceremur,
1504 1973 1633 2022 tunc
1662 1968 1835 2037 majus
1864 1971 2016 2026 nobis

427 2049 620 2122 obtigit
658 2052 1108 2108 emolumentum.
1156 2053 1290 2110 Vide
1317 2065 1496 2112 autem
1527 2073 1688 2128 quam
1721 2059 2018 2129 prudenter

427 2142 532 2200 hoc
557 2143 777 2200 dixerit.
802 2145 918 2200 Non
949 2147 1093 2202 enim
1134 2147 1300 2214 dixit,
1339 2147 1590 2206 Christus
1619 2151 1870 2222 loquutus
1897 2163 1978 2209 est
1997 2197 2012 2220 ,

426 2253 747 2310 quamquam
778 2239 892 2310 ipse
931 2249 1046 2294 erat
1077 2238 1362 2310 loquutus;
1404 2241 1500 2296 sed
1537 2245 1791 2312 quoniam
1850 2245 2017 2300 imbe-

425 2333 534 2389 cilli
560 2348 746 2388 eorum
774 2332 977 2400 animi,
1005 2347 1105 2388 nec
1129 2349 1249 2403 qua:
1273 2333 1342 2389 de
1370 2333 1589 2389 Christo
1619 2335 1840 2390 dicenda
1865 2347 2016 2392 erant

425 2425 602 2480 adhuc
641 2423 826 2478 audire
864 2432 1128 2492 poterant,
1175 2424 1348 2480 dicit:
1393 2423 1458 2478 In
1487 2423 1626 2479 Filio
1663 2427 1900 2495 loquutus
1943 2438 2015 2482 est

427 2514 589 2571 nobis.
608 2515 744 2584 Quid
761 2514 916 2578 dicis,
943 2516 1080 2570 Deus
1095 2530 1186 2585 per
1208 2515 1403 2570 Filium
1425 2517 1673 2587 loquutus
1694 2520 1814 2573 est?
1833 2521 2011 2576 Certe.

430 2607 530 2664 Ubi
557 2623 686 2678 ergo
711 2607 1071 2663 excellentia?
1102 2608 1191 2663 hic
1217 2609 1362 2664 enim
1400 2609 1681 2666 ostendisti
1715 2621 1768 2666 et
1807 2611 2014 2667 Novum

427 2711 484 2757 et
509 2700 675 2758 Vetus
702 2715 826 2757 esse
856 2701 1016 2756 unius
1051 2709 1106 2756 et
1135 2700 1380 2771 ejusdem
1401 2742 1418 2766 ,
1460 2702 1604 2773 quod
1634 2703 1850 2774 quidem
1904 2721 2016 2760 ma-

426 2809 546 2866 gna:
575 2809 682 2848 non
705 2801 788 2848 est
809 2791 1164 2848 excellentiae.
1198 2791 1486 2863 Propterea
1513 2791 1617 2848 hoc
1645 2795 1866 2850 verbum
1893 2811 2017 2867 per-

427 2885 670 2956 sequitur
717 2892 774 2940 et
811 2885 1066 2954 exponit,
1095 2884 1281 2940 dicens
1320 2883 1624 2954 :Loquutus
1665 2897 1738 2942 est
1777 2887 1920 2942 nobis
1963 2887 2016 2942 in

429 2977 590 3033 Filio.
626 2976 756 3032 Vide
779 2976 1050 3047 quomodo
1070 2975 1120 3030 id
1146 2991 1430 3032 commune
1454 2976 1642 3044 faciat,
1681 2986 1736 3034 et
1766 2978 2008 3050 discipu-

428 3073 510 3128 los
540 3070 642 3127 sibi
670 3077 920 3141 exaequat
949 3069 1149 3125 Paulus
1172 3068 1360 3126 dicens
1398 3088 1410 3123 :
1440 3068 1709 3142 Loquutus
1735 3081 1808 3129 est
1848 3073 2013 3129 nobis.

430 3170 589 3240 Atqui
623 3183 730 3223 non
756 3177 838 3221 est
867 3172 914 3221 et
947 3172 1195 3236 loquutus
1215 3206 1231 3231 ,
1263 3164 1358 3220 sed
1399 3162 1691 3234 apostolis,
1723 3171 1780 3216 et
1806 3176 1901 3232 per
1925 3161 2004 3230 ip-

428 3273 519 3317 sos
557 3257 758 3312 multis.
796 3256 900 3312 Sed
934 3258 1076 3326 ipsos
1118 3256 1358 3322 extollit,
1407 3264 1461 3309 et
1490 3252 1721 3308 ostendit
1754 3251 1897 3323 quod
1927 3251 2007 3305 eis

428 3363 640 3419 quoque
691 3349 763 3402 sit
815 3348 1094 3418 loquutus;
1141 3347 1208 3401 Et
1261 3345 1419 3400 simul
1474 3343 1690 3400 Judzeos
1745 3341 2010 3413 perstrin-

427 3443 503 3507 git
547 3454 716 3493 :nam
767 3453 955 3494 omnes
1016 3439 1155 3505 fere,
1209 3438 1401 3509 quibus
1460 3436 1665 3507 loquuti
1704 3445 1831 3492 sunt
1884 3449 2008 3504 pro-

427 3532 624 3604 pheta,
668 3532 913 3586 scelerati
964 3539 1119 3588 erant
1168 3540 1223 3585 et
1265 3529 1597 3586 exsecrandi.
1652 3529 1716 3583 Et
1765 3527 2003 3583 nondum

425 3624 494 3679 de
535 3625 616 3680 bis
653 3624 814 3680 verba
851 3624 1021 3690 ﬁunt;
1049 3623 1261 3679 interim
1307 3632 1484 3678 autem
1535 3623 1765 3692 loquitur
1792 3621 1860 3678 de
1905 3621 2004 3675 do-

427 3718 511 3773 nis
529 3733 647 3787 qua:
667 3732 697 3771 a
724 3717 834 3772 Deo
860 3725 985 3772 sunt
1010 3715 1236 3779 collata;
1261 3714 1486 3786 ideoque
1512 3713 1818 3784 snhjnngit:
1845 3712 2006 3779 Quem

424 3810 676 3864 constituit
702 3810 933 3864 heredem
955 3809 1320 3864 universorum.
1351 3808 1449 3864 llic
1475 3807 1602 3863 dicit
1628 3823 1844 3863 carnem
1867 3806 2004 3884 :Isic-

426 3911 482 3955 ut
509 3912 562 3954 et
603 3900 766 3954 David
795 3900 931 3954 dixit
961 3900 1013 3954 in
1065 3899 1302 3955 secundo
1331 3899 1566 3969 psalmo,
1599 3896 1812 3953 Postulo
1842 3914 1874 3951 a
1904 3914 2002 3962 me,

424 4002 472 4050 et
498 3991 628 4045 dabo
654 3991 743 4045 tibi
767 3999 937 4061 gentes
977 3990 1306 4045 hereditatem
1338 3999 1477 4043 tuam
1497 3990 1667 4061 (Psal.
1696 3988 1743 4044 2.
1782 3989 1861 4058 8).
1891 3987 2006 4042 Non

425 4092 508 4138 est
528 4083 670 4138 enim
699 4082 928 4151 amplius
955 4097 1078 4152 pars
1097 4082 1312 4136 Domini
1336 4080 1520 4147 Jacoh,
1552 4098 1726 4152 neque
1753 4097 1868 4136 sors
1890 4083 2006 4152 ejus

425 4184 509 4229 est
554 4172 743 4240 lsrael,
776 4173 871 4228 sed
913 4187 1121 4228 omnes.
1166 4173 1303 4240 Quid
1345 4174 1445 4228 sibi
1489 4175 1600 4229 vult
1631 4174 1798 4241 illud,
1847 4175 2006 4241 Quem

424 4267 685 4324 constituit
709 4266 940 4320 heredem
962 4266 986 4320 ?
1005 4265 1116 4321 Hoc
1143 4274 1246 4333 est,
1279 4264 1406 4320 fecit
1433 4281 1554 4321 eum
1583 4265 1864 4321 Dominum
1890 4281 2008 4320 om.-

425 4359 595 4416 nium.
625 4356 774 4425 Quod
805 4357 966 4411 etiam
1010 4357 1202 4413 Petrus
1241 4357 1375 4412 dixit
1421 4358 1472 4412 in
1519 4358 1694 4424 Actis,
1729 4357 1795 4410 Et
1821 4357 2004 4412 Domi-

426 4468 548 4505 num
579 4460 626 4507 et
653 4449 910 4506 Christum
937 4466 1053 4504 eum
1080 4451 1196 4522 fecit
1224 4448 1362 4504 Deus
1395 4449 1530 4523 (Aet.
1553 4451 1608 4505 2.
1638 4451 1751 4521 56).
1783 4451 2007 4506 lleredis

425 4554 602 4602 autem
633 4543 851 4598 nomine
877 4558 1005 4597 usus
1026 4551 1137 4605 est,
1160 4542 1268 4598 duo
1295 4542 1624 4613 signiﬁcans,
1652 4559 1843 4614 nempe
1864 4543 2006 4614 quod

427 4636 673 4707 proprius
711 4645 767 4690 et
809 4649 1102 4705 germanus
1148 4643 1291 4688 esset
1336 4633 1531 4703 Filius,
1578 4635 1800 4706 etquod
1847 4636 1915 4692 ab
1941 4651 2006 4693 eo

425 4724 582 4780 avelli
624 4740 729 4780 non
762 4735 943 4796 posset
975 4725 1292 4780 dominium.
1323 4723 1578 4779 Heredem
1617 4727 1962 4781 universorum
1989 4770 2004 4797 ,

427 4815 529 4876 hoc
559 4824 673 4882 est,
708 4816 872 4871 totius
903 4815 1107 4870 mundi.
1141 4814 1373 4871 Rursum
1406 4815 1472 4870 ad
1505 4816 1555 4871 id
1580 4819 1723 4888 quod
1750 4827 1833 4874 est
1860 4819 2007 4890 prius

426 4910 594 4967 refert
620 4911 922 4967 orationem
954 4928 968 4966 :
1002 4909 1107 4965 Per
1129 4927 1274 4981 quem
1304 4910 1422 4980 fecit
1449 4918 1496 4964 et
1519 4912 1724 4966 saecula.

497 5002 550 5057 2.
592 5001 780 5058 Contra
830 5002 1270 5058 Ariauos.—Ubi
1300 5013 1422 5058 sunt
1474 5004 1563 5073 qui
1618 5005 1824 5075 dicunt,
1887 5007 2011 5064 Erat

426 5093 642 5165 quando
685 5109 792 5148 non
824 5095 977 5149 erat?
1007 5095 1212 5151 Deinde
1259 5105 1416 5150 utens
1457 5095 1745 5166 gradibus,
1773 5097 1909 5155 dixit
1954 5099 2009 5156 id

425 5186 569 5260 quod
591 5193 674 5241 est
702 5185 859 5256 longe
882 5186 1074 5256 majus.
1102 5187 1154 5243 5.
1183 5186 1285 5254 Qui
1313 5205 1425 5242 cum
1447 5188 1511 5242 sit
1537 5189 1777 5258 splendor
1807 5191 2006 5262 glow-ite,

424 5296 471 5339 et
513 5281 682 5353 ﬁgura
709 5281 1002 5335 substantia:
1026 5282 1157 5351 ejus,
1191 5292 1501 5352 portansque
1525 5283 1698 5337 omnia
1725 5285 1873 5339 verba
1902 5287 2007 5339 vir-

423 5375 544 5429 tutis
589 5389 716 5440 suat,
760 5375 1111 5443 purgationem
1152 5385 1470 5446 peccatorum
1513 5377 1724 5447 faciens,
1765 5377 1902 5432 sedet
1941 5381 2011 5434 ad

423 5466 681 5521 dexteram
711 5467 994 5536 majestatis
1019 5466 1071 5520 in
1103 5466 1312 5522 excelsis
1341 5483 1360 5521 :
1385 5467 1438 5522 ι.
1471 5477 1610 5522 tanta
1651 5469 1829 5524 melior
1853 5486 2009 5541 ange-

425 5558 489 5614 lis
531 5556 757 5624 e/fectus,
788 5568 978 5629 quanto
1007 5557 1324 5625 di/ferentius
1354 5574 1462 5629 pra:
1502 5559 1604 5614 illis
1648 5578 1828 5615 nomen
1867 5563 2010 5616 here-

424 5649 616 5702 dituuit.
651 5648 824 5718 Papre,
872 5659 1066 5720 quanta
1106 5659 1188 5704 est
1229 5649 1521 5720 apostolica
1566 5651 1864 5721 sapientia!
1901 5653 2009 5708 imo

427 5755 554 5798 vero
588 5757 693 5798 non
726 5741 894 5806 Pauli,
920 5742 1011 5798 sed
1049 5742 1278 5813 Spiritus
1316 5750 1396 5797 est
1430 5740 1514 5799 hic
1544 5742 1853 5802 admiranda
1881 5761 2005 5818 gra-

2109 397 2198 450 tia.
2227 393 2342 448 Non
2381 392 2523 448 enim
2565 407 2630 447 ex
2667 407 2768 448 suo
2805 405 2965 447 sensu
3013 388 3127 446 hinc
3167 400 3245 446 est
3289 390 3557 460 loquutus.
3591 413 3688 452 nec
3750 437 3753 440 .

2111 493 2309 536 tantam
2357 497 2423 536 ex
2469 497 2526 538 se
2570 482 2776 538 invenit
2822 482 3139 553 sapientiam
3172 500 3184 536 :
3219 481 3360 538 unde
3397 484 3585 539 enim!
3621 503 3689 543 ex

2109 575 2282 630 cultro
2308 584 2360 629 et
2386 575 2636 646 pellibus,
2668 584 2760 630 aut
2781 591 2846 632 ex
2873 575 3084 630 officina
3104 577 3127 631 τ
3151 576 3246 632 sed
3275 577 3470 633 divina:
3496 578 3545 635 id
3573 593 3690 637 erat

2109 667 2458 736 operationis.
2506 667 2623 724 Non
2665 669 2810 723 enim
2858 668 2974 724 ιιωο
3011 669 3242 741 cogitata
3286 672 3529 741 pariebat
3567 676 3688 744 ejus

2111 757 2481 828 intelligentia,
2530 774 2650 829 qua:
2697 769 2822 814 tunc
2860 759 3075 831 quidem
3122 771 3239 816 erat
3291 762 3427 818 adeo
3471 764 3590 819 vilis
3635 774 3688 821 et

2109 849 2337 919 abjecta,
2369 857 2427 904 ut
2467 849 2599 904 nihil
2646 849 2868 905 haberet
2907 851 3138 921 amplius
3177 868 3334 923 quam
3377 855 3567 924 plebeii
3599 856 3686 926 qui

2109 939 2162 994 in
2192 939 2308 995 foro
2335 950 2616 996 versantur
2643 958 2658 995 :
2685 941 2954 1011 quomodo
2984 943 3125 997 enim
3157 943 3275 1013 plus
3301 943 3542 1012 haberet,
3571 963 3690 1018 quae

2111 1029 2165 1085 in
2193 1031 2578 1095 contractibus,
2612 1040 2668 1086 et
2695 1031 2922 1100 pellibus
2949 1042 3204 1103 perpetuo
3238 1045 3445 1090 versata
3477 1046 3527 1091 et
3557 1052 3690 1092 con-

2109 1136 2318 1194 sumpta
2340 1125 2539 1179 fuerat?
2562 1123 2656 1180 sed
2678 1125 2906 1194 Spiritus
2934 1127 3099 1196 gratia
3123 1144 3217 1197 per
3241 1144 3377 1200 quos
3406 1131 3515 1185 vult
3539 1146 3689 1186 suam

2109 1215 2216 1268 vim
2248 1215 2504 1271 ostendit.
2543 1216 2692 1272 Sicut
2726 1217 2870 1272 enim
2909 1218 2954 1272 si
2983 1219 3103 1288 quis
3131 1235 3348 1289 parvum
3378 1237 3598 1292 puerum
3637 1225 3688 1278 in

2111 1305 2278 1360 altum
2326 1308 2612 1377 quemdam
2655 1309 2854 1374 locum,
2881 1320 2936 1364 et
2964 1313 3054 1382 qui
3087 1311 3156 1367 ad
3207 1313 3379 1382 ipsum
3429 1315 3693 1387 pertingat

2111 1399 2226 1454 οωιί
2267 1401 2543 1469 verticem,
2597 1401 2725 1457 velit
2765 1402 3054 1470 adducere,
3094 1405 3294 1459 sensim
3334 1415 3388 1462 et
3438 1396 3692 1478 paulatim

2113 1490 2214 1548 hoc
2235 1491 2382 1558 facit,
2414 1509 2510 1564 per
2531 1493 2726 1565 gradus
2749 1495 2837 1564 qui
2859 1504 2984 1550 sunt
3011 1495 3219 1552 inferne
3241 1512 3364 1552 eum
3397 1498 3688 1564 adducens;

2110 1583 2306 1639 deinde
2342 1593 2624 1654 postquam
2660 1600 2782 1640 eum
2809 1601 2968 1655 supra
2998 1588 3260 1652 statuerit,
3294 1598 3348 1641 et
3368 1588 3589 1656 jusserit
3619 1591 3686 1643 ad

2113 1673 2364 1730 inferiora
2399 1676 2634 1728 animum
2676 1676 2990 1741 advertere,
3020 1675 3314 1747 videritquc
3342 1677 3654 1748 caligantem
3675 1722 3689 1746 ,

2113 1766 2490 1821 conturbatum
2537 1773 2593 1820 et
2640 1765 3023 1820 circumfusum
3079 1767 3334 1834 tenebris,
3377 1763 3498 1824 enni
3549 1770 3690 1824 acci-

2114 1857 2266 1928 piens
2296 1858 2442 1912 ducit
2483 1857 2729 1924 inferius,
2766 1857 3064 1913 concedens
3107 1868 3163 1913 ut
3202 1861 3468 1929 reSpirct;
3500 1859 3694 1917 deinde

2114 1955 2394 2019 postquam
2423 1948 2596 2016 ipsum
2622 1947 2901 2012 recrearit,
2931 1962 3115 2002 rursus
3141 1949 3393 2015 sustollit,
3423 1958 3479 2006 et
3507 1967 3692 2008 rursus

2112 2039 2367 2096 deorsum
2406 2039 2550 2094 ducit
2581 2058 2593 2093 :
2625 2039 2695 2094 ita
2725 2040 2883 2094 etiam
2915 2039 3039 2094 fecit
3077 2041 3264 2097 beatus
3303 2042 3518 2102 Paulus.
3547 2055 3600 2100 et
3641 2048 3691 2100 in

2115 2130 2353 2186 llebrazis
2378 2139 2432 2186 et
2469 2130 2683 2200 ubique,
2717 2139 2775 2184 ut
2817 2130 2908 2201 qui
2953 2131 3053 2185 hoc
3079 2147 3109 2185 a
3149 2131 3396 2202 Magistro
3427 2133 3690 2189 didicerit.

2115 2219 2328 2276 Etenim
2360 2219 2476 2290 ipse
2505 2235 2716 2290 quoque
2757 2221 2836 2276 sic
2882 2221 3006 2275 fecit
3034 2239 3048 2276 :
3080 2222 3370 2292 aliquando
3394 2225 3607 2294 quidem
3642 2227 3692 2282 in

2113 2313 2280 2367 altum
2319 2313 2553 2378 snsmlit,
2589 2312 2876 2383 aliquando
2904 2324 3080 2368 autem
3141 2314 3275 2370 infra
3305 2314 3522 2373 demisit
3546 2320 3696 2373 audi-

2118 2413 2280 2468 tores,
2320 2419 2425 2458 non
2453 2405 2635 2459 sinens
2675 2414 2731 2458 ut
2770 2404 2858 2458 diu
2890 2406 3076 2458 eodem
3107 2406 3159 2460 in
3186 2417 3329 2461 statu
3359 2421 3697 2465 morarentur

2120 2493 2216 2564 (a).
2253 2493 2382 2548 Vide
2425 2509 2553 2562 ergo
2591 2494 2676 2548 hic
2705 2509 2935 2564 qucque,
2970 2505 3248 2564 postquam
3281 2498 3424 2568 ipsos
3455 2500 3504 2552 in
3533 2502 3694 2556 altum

2115 2585 2389 2639 eduxisset
2418 2584 2693 2654 gradibus,
2722 2595 2776 2640 et
2801 2587 3077 2640 statuisset
3115 2586 3167 2640 in
3199 2588 3313 2656 ipso
3353 2591 3551 2644 vertice
3580 2590 3694 2658 pie-

2116 2677 2280 2740 tatis,
2309 2675 2615 2746 priusquam
2663 2675 2954 2746 caligarent
3003 2687 3056 2732 et
3099 2678 3347 2748 gravibus
3391 2681 3693 2736 circumfusi

2115 2775 2299 2822 essent
2336 2767 2590 2833 tenebris,
2623 2769 2892 2838 quomodo
2935 2784 3029 2824 eos
3075 2785 3260 2825 rursus
3301 2771 3515 2826 deducit
3559 2773 3695 2828 infe-

2116 2859 2248 2924 rins,
2279 2867 2336 2913 et
2359 2859 2662 2914 COIN.‘Cdt)ﬂS
2692 2868 2749 2914 nt
2776 2861 3122 2930 reSpirarent,
3155 2863 3306 2928 dicit,
3342 2862 3601 2935 Loqttutus
3627 2878 3696 2920 est

2117 2950 2258 3003 nobis
2299 2950 2352 3004 in
2399 2949 2536 3004 Filio
2561 2967 2578 3014 ,'
2607 2959 2662 3006 et
2707 2968 2912 3018 rursus,
2951 2953 3109 3020 Quem
3156 2956 3413 3010 constituit
3457 2958 3685 3011 heredem

2117 3042 2483 3094 universorum.
2532 3041 2736 3096 Nomen
2789 3043 2934 3097 enim
2986 3042 3106 3098 Filii
3163 3044 3377 3099 interim
3423 3058 3505 3101 est
3545 3063 3692 3102 com-

2124 3153 2306 3194 mune.
2337 3137 2441 3194 Ubi
2483 3138 2625 3192 enim
2675 3137 2977 3190 intellectus
3023 3134 3180 3190 fuerit
3223 3134 3472 3205 proprius
3500 3144 3553 3190 et
3579 3149 3700 3204 ger-

2127 3245 2337 3293 manus,
2369 3237 2453 3285 est
2478 3229 2725 3299 superior
2752 3229 3020 3284 universis
3049 3246 3063 3282 :
3092 3229 3303 3282 interim
3331 3238 3532 3295 autem,
3564 3242 3699 3298 quo-

2120 3321 2512 3391 modocumque
2538 3321 2627 3386 sit,
2657 3321 2883 3374 adstruit
2909 3320 3050 3390 quod
3071 3321 3192 3374 site
3220 3321 3450 3389 superis.

2195 3410 2394 3465 Paulus
2421 3411 2676 3482 gradatim
2699 3411 2761 3465 de
2787 3411 2988 3465 Christo
3017 3411 3258 3478 loquitur.
3277 3440 3346 3448 —
3362 3408 3493 3462 Vide
3519 3416 3697 3462 autem

2122 3511 2179 3556 ut
2204 3503 2254 3555 in
2284 3501 2571 3558 humiliore
2595 3503 2760 3572 gradu
2785 3503 2954 3572 primo
2981 3510 3196 3566 statuat,
3223 3501 3383 3565 Quem
3410 3502 3691 3564 constituit,

2117 3593 2320 3659 dicens,
2342 3593 2572 3648 heredem
2593 3594 2969 3658 uniuersorum;
2993 3591 3120 3646 illud
3138 3592 3300 3654 enim,
3318 3591 3585 3645 Constituit
3607 3591 3695 3644 he-

2117 3687 2308 3750 redem,
2348 3695 2433 3740 est
2462 3685 2662 3740 humile
2689 3695 2743 3740 et
2772 3685 3087 3752 subjectum.
3123 3682 3322 3738 Deinde
3349 3683 3399 3735 in
3429 3682 3692 3750 superiori

2115 3778 2281 3848 gradu
2305 3794 2426 3833 eum
2453 3778 2750 3842 constituit,
2796 3775 3124 3847 snhjungens
3149 3792 3164 3829 :
3200 3773 3298 3827 Per
3330 3790 3476 3842 quem
3502 3774 3618 3844 fecit
3648 3782 3696 3826 et

2114 3873 2301 3926 sarcula
2321 3887 2340 3926 :
2367 3872 2560 3926 deinde
2595 3873 2646 3924 in
2665 3869 2862 3930 altiori.
2881 3879 2936 3925 et
2957 3879 3076 3939 post
3095 3884 3254 3939 quem
3271 3883 3374 3921 non
3399 3876 3482 3921 est
3509 3868 3648 3920 alius
3677 3883 3691 3919 :

2121 3961 2221 4028 Qui
2245 3980 2360 4016 cum
2387 3963 2451 4017 sit
2476 3962 2718 4034 splendor
2747 3963 2924 4032 gloria:
2971 3971 3017 4016 et
3046 3962 3216 4031 ﬁgura
3243 3960 3535 4014 substantia!
3563 3960 3690 4029 ejus.

2116 4055 2320 4110 Revera
2343 4055 2492 4109 duxit
2507 4055 2572 4107 ad
2593 4055 2762 4108 lucem
2785 4053 3224 4115 inacccssiliilem,
3243 4053 3309 4104 ad
3330 4053 3498 4121 ipsum
3520 4049 3694 4119 splen-

2115 4145 2319 4200 dorem.
2363 4146 2430 4198 Et
2461 4146 2768 4214 priusquam
2821 4143 3053 4197 tonebrm
3091 4142 3368 4207 accedant,
3415 4141 3534 4195 vide
3561 4157 3686 4209 quo-

2114 4236 2274 4290 modo
2294 4250 2475 4290 rursus
2497 4251 2616 4290 eum
2639 4233 2837 4290 sensim
2860 4233 3108 4296 demittit,
3131 4232 3312 4287 dicens
3335 4249 3351 4286 :
3379 4231 3686 4298 Parthosque

2113 4328 2283 4381 omnia
2325 4328 2472 4382 verba
2522 4327 2719 4380 virtutis
2764 4340 2889 4386 suae.
2933 4341 3046 4377 cum
3091 4340 3183 4392 per
3231 4324 3450 4392 seipsum
3493 4323 3685 4390 fecisset

2109 4420 2461 4489 purgationem
2495 4428 2809 4487 peccatorum
2843 4425 3150 4477 nostrorum,
3181 4414 3308 4468 sedit
3337 4413 3404 4466 ad
3429 4412 3685 4464 dexteram

2110 4510 2408 4579 majestatis.
2436 4508 2550 4564 Non
2579 4508 2711 4562 dixit
2740 4507 3000 4569 absolute,
3031 4505 3200 4568 Sedit,
3229 4504 3324 4559 sed
3351 4503 3475 4557 Post
3498 4516 3686 4570 purga-

2109 4604 2308 4657 tionem
2353 4602 2510 4657 sedit.
2545 4599 2909 4671 Apprehendit
2947 4598 3090 4653 enim
3140 4597 3556 4651 incarnationem
3589 4611 3603 4647 :
3633 4600 3686 4646 et

2105 4709 2290 4748 rursus
2318 4694 2551 4764 loquitur
2575 4691 2817 4747 humilia.
2851 4689 3052 4745 Deinde
3081 4705 3264 4744 rursus
3287 4703 3406 4742 cum
3434 4700 3680 4754 magnum

2106 4787 2230 4854 quid
2267 4794 2412 4839 esset
2439 4785 2708 4855 loquutus,
2741 4783 2820 4836 Ad
2849 4783 3107 4836 dexteram
3152 4781 3315 4844 enim,
3346 4779 3535 4847 inquit,
3569 4793 3679 4830 ma-

2101 4879 2299 4947 icslnlis
2323 4879 2375 4932 in
2403 4877 2633 4939 excelsis,
2665 4876 2950 4930 revertitur
2978 4874 3043 4928 ad
3077 4875 3125 4927 id
3152 4872 3292 4944 quod
3318 4879 3402 4925 est
3431 4870 3631 4923 humile
3665 4889 3677 4924 :

2103 4970 2268 5024 Tanto
2316 4973 2495 5024 melior
2533 4971 2727 5040 angelis
2771 4974 2961 5039 factus,
2991 4976 3178 5036 quanto
3223 4961 3539 5029 diﬁ'erentius
3578 4976 3682 5030 pra:

2105 5061 2208 5114 illis
2235 5077 2416 5113 nomen
2463 5060 2776 5113 hereditarit.
2823 5058 2916 5111 llic
2958 5056 3213 5124 deinceps
3249 5053 3480 5122 loquitur
3518 5051 3586 5105 de
3615 5065 3681 5104 eo

2104 5149 2246 5220 quod
2275 5151 2506 5216 pertinet
2532 5151 2596 5203 ad
2629 5163 2868 5202 carnem.
2902 5145 3034 5200 Illud
3062 5144 3227 5207 enim,
3260 5141 3452 5196 Factus
3480 5142 3677 5205 melior,

2105 5248 2379 5308 paternam
2430 5255 2535 5293 non
2585 5237 2848 5309 signiﬁcat
2890 5235 3213 5297 essentiam;
3265 5234 3351 5287 illa
3399 5233 3541 5288 enim
3574 5247 3678 5283 non

2103 5335 2259 5397 facta,
2299 5332 2391 5386 sed
2423 5332 2598 5403 genita
2629 5341 2709 5386 est
2740 5346 2755 5387 :
2787 5329 2880 5384 sed
2908 5327 3179 5383 carnalem
3211 5327 3532 5388 essentiam;
3563 5323 3675 5393 ipsa

2107 5422 2248 5475 enim
2275 5431 2354 5476 est
2384 5421 2540 5474 facta.
2566 5420 2668 5475 Sed
2696 5435 2801 5473 non
2827 5433 2969 5471 tuine
2996 5418 3169 5485 agitur
3197 5416 3264 5470 de
3293 5427 3520 5471 essentia
3545 5431 3558 5479 ;
3589 5413 3682 5468 sed

2108 5512 2248 5566 sicut
2273 5511 2509 5567 Joannes
2536 5509 2752 5574 dicens,
2779 5509 2880 5576 Qui
2905 5518 3017 5578 post
3056 5525 3135 5562 me
3160 5509 3294 5562 venit
3313 5551 3327 5571 ,
3359 5516 3477 5560 ante
3500 5523 3579 5559 me
3604 5507 3684 5575 fn-

2112 5613 2221 5656 ctus
2251 5604 2495 5672 estrquia
2519 5611 2590 5656 est
2629 5602 2770 5669 prior
2799 5599 2978 5669 (Joan.
3007 5599 3192 5667 i.15),
3215 5599 3264 5653 id
3297 5598 3513 5662 indicat,
3540 5594 3681 5666 (μιοά

2184 5737 2256 5800 (u)
2280 5735 2385 5788 llue
2408 5735 2586 5787 desinit
2613 5728 2979 5793 homilia‘prima
3003 5727 3049 5778 in
3085 5723 3260 5774 Codice
3285 5721 3579 5774 Colhvrtlno.
