4036 6206
450 283 519 351 17
610 230 615 233 μ
1231 270 1289 327 S.
1328 265 1617 325 JOANNIS
1654 262 2044 322 CIIBYSOS'H

2146 282 2159 294 ο
2183 261 2503 320 ARCIIIEP.
2545 248 3099 319 CONSTANTINOP.
3662 249 3729 307 18

446 400 640 469 Λόγος,
671 394 760 450 ἀεὶ
812 388 981 463 εἶχεν,
1012 390 1112 460 οὐχ
1143 388 1372 460 ὕστερον
1403 386 1866 457 ἐκληρονόμησεν,
1909 382 2031 437 οὐδὲ

442 495 566 549 τότε
621 469 731 544 :61;
783 486 1031 556 ἀγγέλων
1098 481 1366 555 κρείττων
1418 482 1655 550 ἐγένετο,
1702 480 1792 534 ὅτε
1851 479 2028 533 καθα-

446 582 651 658 ρισμὸν
682 580 793 636 τῶν
846 575 1133 650 ἁμαρτιῶν
1191 575 1350 646 ἡμῶν
1407 574 1722 644 ἐποιήσατο,
1783 572 1901 626 ἀλλ’
1944 571 2034 625 ἀεὶ

442 675 714 748 κρείττων
741 666 835 743 ἦν,
860 669 956 724 1:01
988 667 1254 740 κρείττων
1278 664 1652 735 άσυγκρίτως.
1689 663 1827 734 Περὶ
1855 662 1913 716 δέ
1938 660 2034 716 τοῦ

441 767 590 823 κατὰ
617 765 796 837 σάρκα
822 761 981 817 τοῦτο
1008 761 1243 832 εἴρηται.
1275 756 1432 814 Οὐτω
1454 757 1589 827 γοῦν
1626 756 1725 810 1:01
1754 756 1887 828 ἡμῖν
1916 753 2038 819 ἔθος

443 877 512 913 πε
524 859 577 931 91
598 854 891 928 ἀνθρώπου
913 850 1345 924 διαλεγομένοις,
1368 849 1463 902 1:01
1482 846 1664 919 ὑψηλά
1688 845 1784 900 1:01
1803 842 2039 900 ταπεινά

446 946 807 1022 φθέγγεσθαι.
825 946 997 1000 Ὅταν
1034 943 1135 1016 μὲν
1164 942 1275 1015 709
1303 941 1578 1011 λέγωμεν,
1607 937 1775 993 Οὐδὲν
1821 935 2037 1008 ἀνθρω-

447 1061 573 1109 πος,
606 1043 681 1114 γῆ
718 1039 1028 1112 ἄνθρωπος,
1067 1036 1262 1100 σποδὸς
1304 1033 1614 1105 ἄνθρωπος,
1649 1030 1760 1085 01:6
1790 1028 1886 1085 τοῦ
1925 1029 2041 1100 χεί-

451 1153 606 1208 ρονος
642 1134 704 1189 :6
725 1135 835 1188 πᾶν
857 1128 1134 1201 καλοῦμεν
1154 1146 1168 1162 ⁸
1192 1128 1320 1183 ὅταν
1350 1126 1408 1181 δέ
1441 1125 1715 1196 λέγωμεν,
1744 1123 2040 1178 ’Δθάνατον

448 1226 589 1290 ζῶον
627 1226 656 1279 6
681 1224 992 1296 ἄνθρωπος,
1040 1221 1136 1274 1:01
1181 1218 1399 1289 λογικὸς
1427 1218 1454 1271 6
1494 1216 1801 1287 ἅνθρωπος,
1834 1216 1927 1269 1:01
1958 1215 2040 1269 ὅτι

446 1316 558 1373 τῶν
577 1316 691 1372 ἀνω
726 1313 1020 1382 συγγενὴς,
1051 1310 1161 1364 ἀπὸ
1184 1309 1279 1363 τοῦ
1309 1307 1622 1380 κρείττονος
1649 1307 1710 1360 :6
1739 1308 1847 1360 πᾶν
1880 1306 2041 1362 πάλιν

448 1406 746 1479 καλοῦμεν.
790 1403 949 1460 Οὐτω
990 1403 1087 1456 1:01
1135 1404 1267 1472 περί⁸
1314 1399 1411 1453 τοῦ
1448 1398 1709 1471 Χριστοῦ,
1763 1397 1897 1451 ποτέ
1943 1398 2042 1467 μὲν

449 1499 561 1553 01:6
589 1497 686 1553 τοῦ
721 1496 1028 1560 ἐλάττονος,
1065 1492 1197 1547 ποτέ
1225 1490 1282 1544 δὲ
1312 1488 1421 1544 ἀπὸ
1452 1490 1546 1543 τοῦ
1586 1490 1895 1560 κρείττονος
1928 1487 2042 1542 δια-

448 1588 670 1660 λέγεται
694 1588 725 1642 6
756 1585 992 1649 Παῦλος,
1040 1584 1136 1637 1:01
1164 1581 1261 1653 τὴν
1287 1581 1602 1652 οἰκονομίαν
1625 1580 1891 1651 συστῆσαι
1921 1580 2045 1652 βου.

448 1680 700 1754 λόμενος,
736 1679 834 1734 1:01
863 1677 994 1749 περὶ
1026 1676 1123 1749 τῆς
1152 1674 1434 1745 ἀκηράτου
1456 1672 1665 1740 διδάξαι
1695 1671 1935 1742 φύσεως.

520 1855 592 1925 γ’.
637 1855 795 1909 Ἐπεὶ
844 1849 940 1910 οῦν
985 1854 1329 1927 καθαρισμόν
1366 1854 1590 1925 ἐποίησε
1629 1853 1737 1907 τῶν
1757 1850 2045 1924 ἁμαρτιῶν

451 1949 633 2019 ἡμῶν,
676 1948 931 2020 μένωμεν
979 1947 1237 2019 καθαροὶ,
1285 1946 1379 2001 1:01
1436 1946 1712 2018 μηδεμίαν
1760 1943 2045 2015 δεξώμεθα

453 2040 671 2112 κηλῖδα,
689 2039 825 2094 ἀλλά
846 2039 907 2094 :6
923 2039 1142 2106 κάλλος,
1161 2039 1300 2110 ὅπερ
1313 2040 1445 2111 ἡμῖν
1468 2039 1715 2111 ἐνέθηκε,
1742 2038 1834 2092 1:01
1846 2037 1944 2107 τὴν
1955 2035 2047 2089 εὐ-

454 2130 727 2204 πρέπειαν
746 2129 1133 2203 διαφυλάττειν
1155 2130 1298 2186 οὕτω
1327 2130 1722 2202 σπουδάζωμεν
1747 2128 2047 2201 ἀμόλυντον

452 2223 552 2280 καὶ
572 2222 998 2297 καθαράν,ῶστε
1028 2222 1235 2297 μηδένα
1266 2222 1455 2277 σπῖλον
1485 2220 1633 2294 ἔχειν
1659 2219 1693 2291 ἢ
1714 2220 1925 2291 ῥυτίδα,
1944 2219 1978 2287 ἡ
1995 2234 2045 2271 τι

451 2315 566 2372 τῶν
585 2314 866 2371 τοιούτων.
903 2314 1103 2378 Σπῖλος
1139 2313 1251 2385 γάρ
1275 2314 1392 2367 ἐστι
1419 2306 1515 2368 1:01
1545 2312 1700 2384 ῥυτὶς
1736 2311 1831 2365 1:01
1862 2310 1930 2364 :0
1955 2326 2047 2379 μι-

453 2406 569 2480 κρά
593 2405 705 2461 τῶν
724 2406 945 2478 ἀμάρτη
956 2406 1160 2476 μάτων·
1183 2400 1295 2460 οἷόν
1316 2423 1368 2458 τι
1389 2405 1554 2474 λέγω,
1578 2402 1835 2473 λοιδορία,
1867 2399 2047 2472 ὐϐρις,

451 2497 672 2569 ψεῦδοςο
703 2496 907 2568 μᾶλλον
937 2496 994 2549 δὲ
1018 2496 1142 2550 οὐδὲ
1163 2494 1337 2549 ταῦτα
1374 2484 1574 2567 μικρά,
1618 2492 1755 2547 ἀλλὰ
1786 2490 1880 2545 καὶ
1912 2489 2048 2560 σφό-

451 2587 556 2661 δρα
579 2588 814 2661 μεγάλα,
846 2587 940 2643 1:01
967 2586 1114 2641 οὕτω
1145 2586 1380 2658 μεγάλα,
1410 2585 1485 2649 ώς
1508 2584 1605 2638 καὶ
1636 2584 1736 2655 τῆς
1767 2579 2045 2653 βασιλείας

452 2683 780 2756 ἀποστερεῖν
806 2681 917 2737 τῶν
964 2681 1232 2755 οὐρανῶν.
1270 2681 1397 2746 ῐιῶς
1430 2682 1525 2734 1:01
1544 2679 1650 2734 τίνι
1699 2679 1925 2749 τρόπῳ;
1986 2676 2047 2729 '0

453 2773 639 2830 καλῶν
665 2774 755 2831 :61
806 2773 1041 2845 ἀδελφὸν
1068 2772 1236 2829 αὐτοῦ
1271 2772 1476 2845 μωρὸν,
1528 2771 1714 2843 ἔνοχός
1764 2772 1904 2835 ἐστιν
1944 2786 2048 2841 φη·

458 2868 565 2930 011,
595 2868 676 2932 είς
704 2867 804 2939 τὴν
842 2866 1072 2936 γέενναν
1107 2868 1203 2920 τοῦ
1239 2867 1431 2939 πυρός.
1474 2864 1537 2918 Εἰ
1567 2864 1623 2918 δέ
1657 2867 1685 2919 6
1726 2863 1910 2936 μωρόν
1943 2878 2046 2915 καο

453 2958 588 3024 λῶν,
618 2959 648 3014 6
685 2960 835 3014 δοκεῖ
868 2960 1091 3014 πάντων
1124 2957 1266 3014 εἶναι
1315 2944 1666 3031 κουφότερον,
1701 2958 1798 3012 1:01
1837 2956 2046 3011 παίδων

453 3049 663 3119 ὁμιλίαο
693 3052 723 3105 6
757 3049 1008 3122 κακοήθη
1036 3049 1224 3105 καλῶν
1248 3049 1345 3104 1:01
1372 3049 1685 3119 κακοῦργον
1709 3046 1805 3102 1:01
1835 3046 2046 3118 βάσκα-

454 3162 570 3212 νον,
601 3144 698 3201 καὶ
731 3143 948 3217 μυρίοις
986 3144 1201 3217 ἑτέροις
1242 3143 1455 3215 βάλλων
1485 3143 1750 3208 ὀνείδεσι,
1779 3140 1906 3196 τίνα
1945 3140 2045 3212 οὐχ

456 3235 827 3307 ὐποστήσεται
864 3235 1143 3300 κολάσεως
1169 3235 1358 3306 δίκην;
1384 3235 1435 3289 τί
1461 3232 1900 3305 φρικωδέστερον
1921 3232 2047 3287 τού-

454 3343 588 3395 τους
621 3327 760 3383 Ἀλλ’
784 3329 1108 3401 ἀνάσχεσθε,
1144 3326 1473 3402 παρακαλῶ,
1502 3325 1597 3382 τοῦ
1628 3325 1808 3395 λόγου.
1847 3324 1910 3379 Εί
1937 3323 2046 3396 709

353 3478 356 3481 Α
454 3419 489 3475 6
534 3420 705 3477 ποιῶν
738 3420 823 3475 611
856 3420 968 3475 τῶν
996 3419 1321 3492 ἐλαχίστων,
1356 3418 1508 3489 αὐτῷ
1544 3419 1723 3486 ποιεῖ,
1758 3417 1855 3473 1:01
1900 3419 1929 3472 6
1970 3418 2047 3489 μὴ

457 3512 633 3567 ποιῶν
657 3513 740 3567 ἐνὶ
772 3510 892 3586 [10]
921 3511 1029 3567 τῶν
1057 3512 1380 3584 ἐλαχίστων,
1421 3509 1570 3582 αὐτῷ
1603 3511 1664 3565 οὐ
1699 3511 1880 3564 ποιεῖ·
1922 3509 2045 3574 πῶς

455 3605 580 3677 οὐχὶ
609 3605 709 3660 1:01
736 3605 829 3659 ἐπὶ
857 3604 957 3677 τῆς
986 3604 1288 3676 εὐφημίας,
1324 3604 1418 3658 1:01
1448 3605 1543 3659 ἐπὶ
1571 3605 1673 3676 τῆς
1707 3602 2047 3675 κατηγορίας

457 3695 653 3752 ταύτόν
683 3697 872 3763 ἐστιν;
930 3695 991 3750 ὐ
1027 3694 1270 3769 ὑϐρίζων
1299 3695 1409 3767 709
1442 3696 1537 3750 :61
1573 3694 1806 3765 ἀδελφὸν
1833 3692 2001 3747 αὐτοῦ
2027 3733 2042 3757 ,

394 3857 397 3860 γ
455 3786 551 3843 :61
577 3787 712 3843 Θεὸν
744 3785 939 3861 ὕϐρισε
964 3804 982 3820 ο
1030 3788 1129 3843 1:01
1168 3788 1197 3843 6
1248 3787 1426 3858 τιμῶν
1462 3786 1554 3842 :61
1590 3785 1817 3855 ἀδελφὸν
1845 3783 2044 3850 αὐτοῦ,

456 3880 553 3937 :61
575 3878 710 3937 Θεὸν
734 3882 891 3953 τιμᾷ.

527 4032 593 4086 δ’.
635 4032 994 4103 Παιδεύωμεν
1021 4028 1114 4088 οῦν
1158 4032 1260 4105 τὴν
1309 4034 1559 4103 γλῶτταν
1604 4032 1852 4105 εὐφημον
1881 4030 2043 4089 εἶναι·

459 4119 715 4175 Πηῦσον
744 4119 876 4191 709,
912 4120 1069 4191 φησὶ,
1086 4120 1202 4188 τὴν
1224 4119 1514 4191 γλῶσσάν
1538 4136 1656 4176 σου
1683 4122 1803 4178 ἀπὸ
1830 4123 2044 4177 κακοῦ.

460 4214 537 4269 Οὐ
553 4212 663 4285 709
688 4212 778 4266 6:0
804 4211 967 4266 τοῦτο
999 4212 1170 4283 αὐτὴν
1189 4210 1391 4265 ἔδωκεν
1405 4212 1434 4266 6
1448 4212 1600 4276 Θεὸς,
1620 4212 1710 4266 ἴνα
1726 4214 2050 4286 κατηγορῶ-

463 4321 587 4375 μεν,
619 4304 708 4361 ῖνα
733 4303 1072 4377 ὑϐρίζωμεν,
1100 4303 1190 4359 ῖνα
1212 4303 1474 4376 ἀλλήλους
1504 4304 1904 4378 διαϐάλλωμενο
1930 4306 2046 4363 ἀλλ’

461 4393 553 4449 ῖνα
583 4393 674 4449 :61
697 4393 831 4450 θεὸν
861 4393 1142 4465 ὑμνῶμεν,
1176 4395 1266 4449 ἵνα
1293 4393 1470 4450 ταῦτα
1520 4394 1770 4469 λαλῶμεν
1796 4399 1834 4454 0
1864 4399 2049 4455 δίδωσι

463 4490 628 4564 χάριν
664 4492 778 4557 τοῖς
807 4489 1104 4557 ἀκούουσι,
1153 4490 1221 4545 :0
1257 4489 1396 4563 1:96;
1436 4489 1754 4562 οίκοδομὴν,
1793 4491 1863 4546 :0
1911 4491 2050 4563 1:96;

462 4581 755 4650 ὠφέλειαν.
785 4575 957 4646 Εἷπες
992 4579 1084 4635 τὸν
1110 4579 1261 4634 δεῖνα
1293 4581 1517 4647 κακῶς;
1548 4581 1926 4652 τίίκερδαίνεις
1955 4582 2049 4635 1:01

464 4670 667 4728 σαυτὸν
700 4673 818 4745 μετ’
863 4671 1074 4726 ἐκείνου
1115 4671 1291 4746 βλάϐῃ
1327 4672 1703 4745 περιϐάλλωνς
1737 4672 1897 4739 δόξαν
1938 4672 2049 4744 709

463 4762 656 4830 ἔλαϐες
706 4764 1046 4838 κακηγόρου.
1078 4765 1152 4818 Οὐ
1190 4763 1301 4836 γάρ
1331 4763 1502 4831 ἐστιν,
1552 4765 1653 4820 οὐκ
1696 4765 1847 4822 ἐστιν
1892 4766 2048 4821 οὐδὲν

462 4852 655 4919 1:01:61,
689 4853 719 4909 6
748 4855 912 4929 μέχρι
940 4854 1034 4909 τοῦ
1065 4854 1367 4926 πάσχοντος
1398 4854 1639 4919 ἵσταται,
1667 4855 1804 4910 ἀλλά
1833 4858 1928 4909 καὶ
1956 4855 2048 4910 τὸν

463 4945 726 5005 ποιοῦντα
758 4946 1180 5020 περιλαμϐάνει·
1214 4941 1348 5014 οἷον,
1381 4948 1410 5002 6
1448 4948 1719 5020 βάσκανος
1749 4947 1899 5002 δοκεῖ
1947 4946 2048 5020 μέν

464 5036 838 5099 ἐπιϐουλεύειν
860 5041 1054 5113 ἑτέρῳ,
1085 5039 1351 5114 πρότερος
1374 5039 1618 5104 δὲαύτὸς
1647 5041 1914 5097 ἀπολαύει
1946 5042 2049 5113 τῆς

462 5133 717 5201 ἀδικίας,
772 5132 1073 5203 τηκόμενος
1133 5134 1229 5192 καὶ
1299 5133 1697 5206 φθειρόμενος,
1752 5135 1848 5189 1:01
1893 5134 2050 5204 παρά

462 5224 682 5282 πάντων
720 5221 1073 5294 μισούμενος.
1126 5225 1184 5278 '0
1212 5222 1542 5295 πλεονέκτης
1578 5224 1881 5297 ἀποστερεῖ
1913 5227 2050 5296 χρή-

465 5333 612 5388 ματα
639 5315 848 5388 ἕτερον,
872 5314 1009 5369 ἀλλά
1050 5315 1147 5370 1:01
1178 5316 1241 5371 :6
1289 5316 1563 5387 φιλεῖσθαι
1589 5316 1804 5372 ἐαυτόνο
1849 5318 2050 5389 μᾶλλον

462 5408 521 5464 δὲ
566 5408 720 5481 1:090
776 5407 1001 5463 πάντων
1046 5410 1192 5462 ποιεῖ
1246 5410 1698 5482 κακηγορεῖσθαι.
1750 5410 1940 5483 Πολλῷ
1988 5412 2047 5466 δὲ

464 5500 730 5572 κρείττων
770 5500 950 5573 ἀγαθὴ
996 5499 1126 5568 δόξα
1171 5500 1504 5572 χρημάτων·
1549 5498 1650 5573 τὴν
1691 5501 1790 5573 μὲν
1816 5502 1925 5574 709
1983 5504 2046 5556 οὐ

465 5591 647 5664 ῥᾴδιον
689 5591 1097 5663 ἀπονίψασθαι,
1147 5592 1216 5644 τά
1268 5590 1326 5643 δὲ
1362 5592 1543 5663 ῥᾴδιον
1593 5594 2044 5666 ἀποκτήσασθαιο

465 5682 667 5754 μᾶλλον
709 5684 803 5747 δὲ,
854 5684 925 5738 :0
983 5683 1083 5756 μέν
1148 5686 1210 5738 οὐ
1269 5681 1511 5750 παρόντα
1562 5685 1715 5740 οὐδὲν
1790 5685 1880 5739 τὸν
1945 5686 2044 5739 οὐκ

460 5776 648 5849 ἔχοντα
711 5774 1046 5851 ἔϐλαψειή
1107 5775 1159 5831 6';
1223 5777 1296 5855 μη
1373 5775 1616 5849 ταροῦσα
1684 5777 2041 5833 ἐπονείδιστον

2141 384 2285 436 ποιεῖ
2321 383 2416 436 1:01
2457 381 2889 451 καταγέλαστον,
2923 373 3022 429 1:01
3058 369 3227 425 πᾶσιν
3258 364 3452 437 ἐχθρὸν
3503 363 3602 419 1:01
3630 380 3732 420 1:0-

2133 474 2345 544 λέμιον.
2394 474 2454 527 '0
2489 473 2707 545 ὀργίλος
2740 469 2906 525 πάλιν
2947 464 3215 536 πρότερον
3234 456 3441 513 -έαυτδν
3468 457 3733 527 τιμωρεῖ-

2132 581 2225 619 ται
2250 564 2598 637 απαράττων,
2624 563 2722 618 1:01
2744 562 2868 616 τότε
2901 559 3115 613 ἐκεῖνον
3140 548 3185 623 ᾧ
3207 549 3514 624 ὀργίζεται.
3543 548 3735 612 Οὕτως

2134 660 2163 712 6
2202 659 2525 730 κακήγορος
2551 655 2819 730 πρότερον
2854 647 3049 705 ἐαυτὸν
3074 644 3342 716 αἰσχύνει,
3374 642 3470 695 1:01
3489 639 3613 694 τότε
3640 639 3738 693 :61

2137 843 2382 916 ἀπῆλθεν
2423 836 2580 906 οὗτος
2626 839 2727 912 μὲν
2767 834 2966 908 μιαροῦ
3014 847 3162 895 τινος
3210 829 3305 883 1:01
3349 824 3733 882 καταπτύστου

2137 937 2295 1004 δόξαν
2314 932 2519 999 λαϐὼν,
2541 934 2749 989 ἐκεῖνον
2773 929 2832 984 δέ
2858 925 3060 1001 μᾶλλον
3085 920 3363 995 φιλεῖσθαι
3384 916 3737 991 παρασκευά-

2137 1028 2267 1094 ζων.
2299 1028 2468 1082 Ὅταν
2486 1024 2598 1096 709
2619 1022 2836 1078 ἀκούων
2866 1016 3076 1081 κακῶς,
3108 1013 3186 1087 μὴ
3216 1014 3329 1077 τοῖς
3360 1011 3546 1074 αὐτοῖς
3568 1009 3734 1065 αὐτὸν

2139 1120 2435 1192 ἀμύνηται,
2471 1116 2589 1172 ἀλλ’
2635 1116 2836 1185 ἐπαινῇ
2894 1113 2988 1166 1:01
3032 1104 3292 1179 θαυμάζῃ
3317 1121 3333 1138 ο
3369 1104 3472 1159 οὐκ
3525 1104 3734 1158 ἐκεῖνον

2140 1212 2484 1268 ἐπαινέσεται
2506 1249 2522 1275 ,
2561 1209 2678 1265 ἀλλ’
2717 1205 2936 1261 ἐαυτόν.
2972 1204 3186 1274 Ὥσπερ
3215 1200 3326 1272 709
3351 1241 3367 1266 ,
3397 1200 3537 1268 ὅπερ
3563 1195 3737 1266 έφθην

2140 1307 2332 1372 εἰπὼν,
2366 1309 2420 1362 αί
2457 1305 2603 1361 κατά
2637 1303 2749 1359 τῶν
2779 1301 3012 1373 πλησίον
3064 1294 3410 1368 κακηγορίαι
3457 1291 3570 1346 τῶν
3617 1291 3740 1343 ἐπι-

2140 1398 2510 1455 ϐουλευόντων
2543 1397 2808 1451 ἅπτονται
2836 1391 3073 1465 πρῶτον
3104 1387 3249 1443 οὐτω
3278 1386 3374 1439 1:01
3401 1382 3469 1438 :0
3499 1383 3579 1446 είς
3607 1383 3738 1444 τούς

2140 1491 2372 1564 πλησίον
2395 1489 2580 1559 ἀγαθά
2594 1488 2722 1551 τούς
2746 1482 3160 1558 ἐργαζομένους
3184 1476 3469 1550 εὐφραίνει
3493 1474 3734 1548 πρῶτον.

2151 1584 2211 1638 '0
2244 1583 2354 1655 709
2382 1582 2584 1637 τίκτων
2621 1580 2716 1634 1:01
2750 1578 2812 1632 :6
2841 1575 3007 1632 καλὸν
3037 1573 3135 1628 καὶ
3181 1570 3244 1625 :6
3278 1568 3470 1632 1:01:61,
3511 1566 3740 1630 εἰκότως

2141 1672 2361 1744 πρῶτος
2392 1669 2558 1734 αὐτὸς
2595 1665 2883 1725 ἀπολαύειν
2915 1666 3012 1719 1:01
3041 1662 3294 1732 καθάπερ
3320 1660 3466 1731 ὓδωρ
3498 1659 3736 1727 πηγαῖον

2137 1763 2199 1819 τό
2219 1780 2277 1816 τε
2304 1759 2572 1833 ἀλμυρδν,
2596 1758 2659 1812 τό
2690 1756 2807 1831 [H]
2833 1774 2893 1810 τε
2928 1756 3179 1826 πότιμον,
3206 1752 3304 1806 1:01
3329 1752 3397 1805 :0
3428 1749 3536 1805 τῶν
3565 1763 3738 1821 1:900-

2142 1855 2386 1924 αγόντων
2444 1853 2645 1921 ἀγγεῖα
2671 1849 2891 1922 πληροῖ,
2924 1847 3021 1901 1:01
3041 1846 3141 1918 τὴν
3173 1843 3360 1916 πηγὴν
3385 1842 3486 1897 οὐκ
3518 1840 3736 1895 ἐλαττοῖ

2092 1940 2098 1945 ’
2141 1946 2241 2020 τὴν
2280 1945 2654 2018 ἐκφέρουσανο
2680 1940 2824 1997 οὕτω
2848 1940 2912 2010 δὴ
2943 1940 3040 1994 1:01
3067 1937 3242 1992 κακία
3272 1936 3367 1990 1:01
3398 1933 3593 2007 ἁρετὴ,
3614 1931 3739 1989 ὅθεν

2144 2040 2212 2096 01
2249 2040 2368 2112 ἐξίῃ
2394 2081 2410 2104 ,
2460 2039 2669 2093 ἐκεῖνον
2708 2035 2806 2090 1:01
2835 2032 3123 2106 εὐφραίνει
3157 2032 3253 2086 1:01
3287 2028 3579 2085 ἀπόλλυσι.
3626 2024 3743 2082 K01

2143 2133 2319 2190 ταῦτα
2365 2132 2466 2204 μέν
2491 2129 2751 2186 ἐνταῦθα.

2214 2281 2296 2335 Τά
2323 2279 2380 2335 δὲ
2409 2279 2527 2333 ἐκεῖ
2549 2277 2631 2342 τίς
2653 2275 2976 2349 διηγήσεται
3001 2271 3183 2342 λόγος,
3215 2270 3250 2342 ἢ
3279 2267 3349 2324 :0
3373 2267 3577 2338 ἀγαθά,
3606 2266 3642 2338 ἢ
3670 2265 3744 2323 :0

2144 2373 2329 2439 κακὰς
2373 2371 2491 2426 Οὐκ
2532 2369 2680 2424 εστιν
2721 2365 2919 2432 οὐδείς.
2966 2364 3049 2420 Τά
3091 2362 3306 2436 χρηστά
3354 2361 3455 2433 μὲν
3485 2360 3593 2429 γὰρ
3642 2359 3744 2415 1:01

2144 2465 2325 2520 πάντα
2351 2461 2478 2518 νοῦν
2514 2460 2857 2534 ὑπερϐαίνει,
2888 2459 3009 2531 οὐχὶ
3046 2458 3206 2528 λόγον
3250 2456 3411 2528 μόνον
3434 2469 3448 2485 ·
3480 2452 3550 2506 :0
3579 2452 3741 2506 ἐνανο

2143 2557 2237 2614 τία
2255 2558 2312 2613 δέ
2334 2558 2551 2629 εῖρηται
2584 2554 2684 2626 μὲν
2707 2555 2820 2617 τοῖς
2852 2552 3080 2623 ὀνόμασι
3105 2552 3219 2613 τοῖς
3235 2546 3562 2619 συντρόφοις
3580 2545 3737 2616 ἡμῖν’

2145 2650 2259 2724 πῦρ
2297 2649 2428 2721 709,
2465 2647 2661 2720 φησὶν,
2708 2645 2856 2700 ἐστὶν
2889 2644 3008 2698 ἐκεῖ
3054 2642 3152 2697 1:01
3201 2639 3396 2704 σκότος
3439 2638 3535 2692 1:01
3561 2635 3739 2707 δεσμά

2143 2743 2240 2800 1:01
2279 2742 2497 2813 σκώληξ
2540 2737 2898 2812 ἀτελεύτητος
2921 2753 2937 2769 ·
2968 2736 3030 2792 οὐ
3071 2733 3248 2790 ταῦτα
3289 2733 3346 2788 δέ
3394 2732 3554 2803 μόνον
3594 2746 3739 2801 παρ-

2146 2834 2377 2907 ίστησιν,
2411 2835 2558 2905 άπερ
2605 2832 2851 2905 εἴρηται,
2879 2830 2995 2885 ἀλλ’
3021 2828 3187 2903 ἕτερα
3211 2825 3593 2901 χαλεπώτερα.
3626 2821 3743 2878 K01

2142 2928 2231 2984 ἵνα
2275 2928 2492 3001 μάθῃς,
2538 2925 2744 2989 εὐθέως
2783 2921 2947 2978 τοῦτο
2987 2921 3266 2994 σκόπησον
3314 2918 3552 2992 πρῶτον.
3601 2914 3739 2971 Εἰπὲ

2140 3022 2273 3090 γάρ,
2301 3020 2351 3072 εί
2380 3015 2493 3090 πῦρ
2518 3017 2639 3071 ἐστι
2661 3055 2677 3083 ,
2708 3014 2828 3080 πῶς
2860 3013 2958 3069 1:01
3003 3012 3196 3078 σκότος
3228 3010 3376 3066 ἐστίν
3402 3026 3419 3075 ς
3458 3008 3626 3080 Ὁρᾷς
3652 3007 3738 3062 ὅτι

2141 3108 2520 3183 χαλεπώτερον
2544 3107 2739 3164 τούτου
2768 3106 2831 3163 :6
2852 3104 2965 3179 πῦρ
2998 3107 3177 3160 ἐκεῖνο
3200 3122 3216 3172 ;
3238 3103 3301 3159 06
3323 3102 3435 3174 709
3460 3101 3575 3174 ἔχει
3595 3099 3738 3169 φῶς.

2141 3203 2206 3256 Et
2234 3202 2344 3275 πῦρ
2382 3204 2520 3265 ἐστι,
2556 3200 2676 3266 πῶς
2715 3200 2804 3257 ἀεὶ
2851 3198 3151 3258 κατακαίει
3183 3215 3198 3265 ;
3241 3197 3407 3269 Ὁρᾷς
3448 3196 3531 3251 ὅτι
3578 3193 3741 3266 χαλε-

2142 3293 2390 3366 πώτερον
2427 3292 2622 3348 τούτου
2665 3292 2968 3363 τυγχάνεις
3013 3289 3076 3346 οὐ
3117 3290 3228 3362 709
3272 3289 3561 3344 σϐέννυται
3599 3304 3614 3319 ·
3649 3286 3741 3340 6:0

2140 3386 2252 3457 709
2271 3385 2428 3440 τοῦτο
2447 3382 2707 3440 ἄσϐεστον
2726 3383 2967 3454 λέγεται.
2999 3383 3380 3454 Ἐννοήσωμεν
3406 3378 3591 3435 τοίνυν
3612 3378 3748 3434 ὅσον

2142 3476 2260 3533 ἐστὶ
2285 3476 2454 3531 κακὸν
2477 3475 2880 3532 κατακαίεσθαι
2909 3475 3226 3539 διαπαντὸς,
3261 3474 3357 3529 1:01
3382 3474 3440 3528 ἐν
3466 3473 3643 3543 σκότῳ
3661 3466 3748 3525 εῖ-

2142 3585 2232 3625 ναι
2258 3608 2274 3634 ,
2305 3568 2401 3622 καὶ
2429 3567 2600 3638 μυρία
2627 3566 2910 3638 οἰμώζειν,
2941 3567 3038 3622 1:01
3080 3565 3306 3639 βρύχειν
3341 3566 3467 3626 τούς
3496 3564 3739 3631 ὀδόντας,

2144 3660 2240 3715 1:01
2273 3659 2407 3730 μηδέ
2435 3658 2752 3714 ἀκούεσθαι.
2784 3661 2848 3714 Εί
2876 3659 2987 3731 709
3011 3660 3093 3723 είς
3121 3658 3496 3731 δεσμωτήριόν
3517 3673 3600 3719 τις
3633 3656 3739 3726 ἐμ-

2144 3750 2364 3823 ϐληθεὶς
2393 3749 2627 3805 ἐνταῦθα
2640 3751 2749 3805 τῶν
2777 3751 3012 3820 εὐγενῶς
3026 3750 3447 3824 τεθραμμένων,
3475 3750 3575 3823 τὴν
3606 3749 3738 3804 δυσ-

2143 3844 2306 3899 ωδίαν
2344 3845 2525 3916 μόνον,
2558 3844 2653 3898 1:01
2691 3844 2754 3898 :6
2810 3846 2868 3897 ἐν
2900 3845 3079 3917 σκότῳ
3107 3845 3343 3913 κεῖσθαι,
3373 3844 3469 3899 1:01
3500 3843 3561 3897 :6
3598 3841 3743 3910 μετά

2144 3935 2485 4007 ἀνδροφόνων
2525 3934 2773 3991 δεδέσθαι
2797 3976 2814 3999 ,
2848 3934 3052 3997 παντὸς
3089 3934 3322 3989 θανάτου
3356 3931 3742 4004 χαλεπώτερον

2144 4023 2286 4083 εἷναί
2314 4044 2481 4098 φησιν
2510 4049 2526 4065 ο
2568 4027 2822 4095 ἐννόησον
2862 4026 2917 4078 τί
2945 4027 3117 4086 ἐστιν,
3157 4027 3288 4079 ὅταν
3322 4025 3462 4095 μετά
3501 4026 3612 4078 τῶν
3639 4024 3743 4093 τῆς

2144 4115 2471 4187 οἰκουμένης
2492 4115 2839 4185 ἀνδροφόνων
2862 4112 3315 4184 κατακαιώμεθα,
3340 4114 3480 4183 μήτε
3498 4113 3741 4184 ὁρῶντες

2149 4209 2287 4279 μήτε
2333 4203 2599 4276 ὁρώμενοι
2624 4241 2639 4265 ,
2675 4202 2791 4256 ἀλλ’
2817 4203 2875 4255 ἐν
2921 4200 3119 4273 πλήθει
3149 4203 3391 4272 τοσούτῳ
3421 4200 3737 4270 νομίζοντες

2144 4296 2286 4354 εἶναι
2338 4296 2513 4369 μόνοι.
2559 4294 2635 4349 T6
2679 4293 2791 4366 709
2835 4292 3029 4357 σκότος
3076 4293 3172 4346 1:01
3218 4293 3280 4346 :6
3332 4290 3586 4362 ἀλαμπὲς
3635 4291 3738 4344 οὐκ

2144 4389 2370 4460 ἀφίησιν
2396 4386 2516 4442 οὐδέ
2554 4384 2682 4448 τοὺς
2722 4384 2953 4456 πλησίον
2982 4384 3131 4456 ἡμᾶς
3167 4380 3550 4452 διαγινώσκειν
3575 4395 3591 4411 ·
3619 4380 3739 4435 ἀλλ’

2146 4480 2223 4545 ὡς
2255 4479 2414 4550 μόνος
2445 4477 2604 4532 τοῦτο
2627 4476 2856 4548 πάσχων
2886 4476 3121 4539 ἐκαστος
3146 4515 3161 4539 ,
3191 4473 3337 4528 οὑτω
3377 4473 3737 4530 διακείσεται.

2146 4573 2212 4627 Εί
2240 4572 2296 4626 δὲ
2333 4571 2523 4635 σκότος
2568 4568 2742 4623 θλίϐει
2771 4567 2896 4624 καθ’
2919 4567 3082 4623 ἐαυτό
3112 4567 3214 4633 :0;
3254 4566 3531 4641 ἡμετέρας
3558 4566 3741 4640 ψυχὰς

2149 4666 2243 4722 1:01
2269 4665 2530 4737 θορυϐεῖ·
2564 4663 2618 4718 τί
2655 4663 2809 4718 ἔσται
2855 4664 2988 4736 090,
3024 4664 3154 4717 ὅταν
3205 4662 3344 4734 μετά
3382 4661 3479 4716 τοῦ
3514 4666 3742 4727 σκότους

2150 4760 2246 4814 1:01
2272 4757 2459 4813 ὀδύναι
2482 4756 2742 4811 τοσαῦται
2778 4749 2884 4810 ὦσι
2910 4756 3007 4810 1:01
3037 4754 3358 4828 ἐμπρησμοί
3383 4773 3398 4823 ;
3427 4755 3518 4809 Διδ
3550 4755 3740 4826 δέομαι

2148 4852 2322 4908 ταῦτα
2348 4852 2642 4917 διαπαντὸς
2674 4851 2930 4923 στρέφειν
2960 4851 3091 4925 παρ’
3113 4852 3348 4917 ἑαυτοῖς,
3382 4850 3601 4920 καὶτῆς
3630 4850 3741 4905 01:6

2147 4949 2256 5005 τῶν
2288 4948 2551 5022 ῥημάτων
2579 4946 2757 5018 λύπης
2794 4948 3086 5018 ἀνέχεσθαι
3110 4987 3124 5008 .
3159 4947 3246 5001 ῖνα
3280 4948 3355 5018 μὴ
3391 4946 3490 5019 τὴν
3513 4948 3603 5001 6:0
3628 4946 3743 5000 τῶν

2150 5041 2493 5114 πραγμάτων
2510 5041 2898 5112 ὑπομείνωμεν
2921 5058 2974 5094 τι
2982 5039 3212 5111 μωρίαν.
3238 5041 3465 5105 Πάντως
3484 5039 3592 5113 709
3614 5038 3745 5093 ταῦ-

2146 5150 2218 5189 τα
2252 5132 2430 5188 πάντα
2457 5131 2635 5197 ἔσται,
2672 5134 2767 5186 1:01
2804 5133 2932 5196 :06;
2961 5132 3087 5198 άξια
3124 5131 3439 5203 πράξαντας
3483 5132 3594 5184 τῶν
3624 5132 3740 5186 ἐκεῖ

2149 5222 2528 5297 κολαστηρίων
2555 5223 2730 5287 οὐδεὶς
2768 5221 3137 5294 ἐξαιρήσεται,
3180 5222 3242 5275 οὐ
3289 5221 3492 5293 πατὴρ,
3520 5224 3582 5276 οὐ
3632 5222 3740 5291 μή-

2146 5334 2276 5390 τηρ,
2304 5317 2404 5371 οὐκ
2436 5315 2670 5384 ἀδελφὸς
2692 5354 2708 5379 ,
2738 5315 2843 5369 κᾶν
2884 5314 3090 5385 πολλὴν
3117 5315 3432 5387 παρρησίαν
3460 5315 3559 5386 ἐχῃ
3583 5356 3596 5379 ,
3634 5315 3738 5368 κᾶν

2151 5409 2364 5482 μεγάλα
2410 5407 2569 5480 ίτχύῃ
2619 5407 2758 5479 πρὸς
2808 5406 2901 5460 :61
2945 5406 3099 5461 Θεόν.
3145 5406 3436 5477 ’.ἁδελφὸς
3500 5410 3610 5478 709
3663 5407 3735 5459 οὐ

2147 5501 2501 5570 λυτροῦτηι,
2551 5499 2685 5571 φησί
2709 5516 2724 5532 ·
2768 5498 3134 5568 ,ιυτρώσεται
3172 5499 3526 5569 ἅνθρωπος-ς
3568 5496 3738 5560 Αὐτὸς

2150 5591 2405 5665 [12]709
2447 5593 2599 5645 ἐστιν
2647 5592 2675 5643 ὀ
2720 5590 3003 5652 ἀποδιδοὺς
3032 5591 3265 5665 ,ἑκάστῳ
3293 5593 3435 5646 κατά
3485 5589 3554 5644 :0
3598 5589 3737 5661 ἔργα

2147 5682 2313 5736 αὐτοῦ
2342 5724 2355 5746 ,
2389 5683 2481 5736 καὶ
2523 5679 2631 5738 01:6
2671 5679 2876 5736 τούτων
2922 5658 3294 5752 καὶὶσωθῆναι
3329 5680 3406 5735 ἔνι
3452 5679 3546 5739 1:01
3576 5677 3741 5738 κολαη
3774 5683 3785 5691 ’

2154 5777 2368 5847 σθῆναι,
