4088 6212
294 332 374 391 17
1088 336 1093 339 ‘
1166 318 1232 376 IN
1270 316 1486 376 ειηετ.
1536 317 1628 373 ΑΙ)
1667 313 1884 371 Ill-33M

1989 312 2029 371 5.
2070 313 2222 371 CAP.
2267 313 2309 370 Ι.
2353 310 2582 371 ιιοιιιι.
2624 306 2666 368 Ι.
3504 310 3570 371 l8

302 425 377 478 sit
408 417 725 476 honoratior
762 429 816 475 et
854 418 1187 491 splendidior
1216 435 1233 475 :
1265 422 1337 476 ita
1383 421 1470 477 hic
1506 437 1719 492 quoque
1748 421 1886 476 Pan.

304 515 413 580 lus,
442 530 565 569 cum
587 513 737 578 dicit,
770 511 930 568 Tanto
955 514 1136 569 melior
1159 516 1354 585 angelis
1375 515 1558 584 factus,
1590 515 1691 571 hoc
1720 516 1889 586 signi-

300 608 451 672 ﬁcat,
480 605 624 677 quod
650 605 872 676 probior
894 613 950 660 et
976 606 1303 676 praeclarior,
1332 617 1525 677 quanto
1564 607 1889 663 excellentius

301 715 413 769 pra:
450 698 558 752 illis
582 712 766 751 nomen
793 696 1111 751 hereditaeit.
1143 694 1306 751 Vides
1342 695 1485 767 quod
1524 697 1699 766 agitur
1726 696 1794 750 de
1820 710 1887 751 eo

300 787 448 860 quod
491 789 725 859 pertinet
765 786 832 841 ad
873 786 1128 842 carnem?
1171 786 1274 842 h-n:
1310 787 1455 841 enim
1501 801 1717 853 nomen,
1751 787 1889 841 Deus

300 879 567 946 Verbum,
598 893 815 949 semper
840 877 1047 945 habuit,
1078 892 1184 934 non
1223 888 1406 949 postea
1442 878 1888 950 accepit_heredi-

303 972 523 1035 larium;
548 985 723 1040 neque
745 979 873 1024 tunc
898 968 1088 1023 melior
1118 970 1322 1039 angelis
1346 968 1518 1025 factus
1539 978 1644 1036 est,
1675 968 1889 1038 quando

304 1061 432 1118 fecit
474 1059 846 1130 purgationem
891 1065 1202 1113 nostrorum
1246 1066 1614 1129 peccatorum,
1653 1058 1749 1114 sed
1793 1057 1888 1113 fuit

301 1167 519 1223 semper
547 1151 759 1213 melior,
790 1159 845 1204 et
870 1149 1060 1205 melior
1096 1148 1609 1219 incomparabiliter.
1646 1148 1749 1205 Sed
1787 1147 1888 1203 hoc

300 1244 506 1299 dictum
550 1252 636 1297 est
677 1249 936 1311 quantum
983 1239 1050 1294 ad
1096 1253 1314 1294 carnem
1347 1238 1561 1296 attinet.
1602 1239 1691 1295 Sic
1731 1241 1886 1294 nobis

299 1347 518 1404 quoque
544 1346 664 1386 mos
683 1339 788 1394 est,
811 1344 933 1384 cum
964 1330 1233 1400 loquimur
1256 1329 1324 1386 de
1349 1328 1674 1397 hominibus,
1701 1337 1756 1385 et
1778 1329 1885 1384 alta

299 1437 360 1482 et
402 1425 625 1481 humilia
661 1423 856 1478 dicere.
889 1421 1021 1477 Nam
1051 1420 1268 1492 quando
1299 1420 1548 1487 dicimus,
1588 1420 1761 1476 llomo
1801 1420 1885 1473 ni-

303 1519 430 1583 hili,
455 1518 616 1571 homo
641 1524 795 1579 terra,
824 1512 988 1566 homo
1014 1512 1172 1577 cinis,
1199 1512 1267 1566 ab
1287 1526 1353 1567 eo
1372 1511 1514 1583 quod
1536 1520 1620 1567 est
1648 1510 1887 1567 deterius

302 1618 480 1664 totum
515 1619 799 1669 vocamus;
842 1602 1059 1675 quando
1088 1612 1267 1659 autem
1297 1602 1543 1667 dicimus,
1576 1602 1885 1657 ltnmortale

300 1699 503 1757 animal
547 1697 730 1764 homo,
762 1696 1093 1751 rationabilis
1131 1704 1187 1751 et
1214 1705 1473 1766 cognatus
1497 1709 1879 1766 supernorum,

302 1797 374 1850 ab
422 1809 490 1849 eo
542 1790 686 1863 quod
754 1799 842 1846 est
904 1790 1098 1844 melius
1150 1804 1336 1844 rursus
1381 1798 1548 1843 totum
1604 1803 1880 1843 vocamus.

308 1887 383 1941 Ita
424 1887 580 1940 etiam
632 1885 703 1939 de
756 1881 1006 1946 Christo,
1060 1880 1346 1951 aliquando
1419 1879 1636 1950 quidem
1693 1895 1761 1935 ex
1816 1894 1883 1935 eo

307 1976 446 2048 quod
479 1985 561 2031 est
601 1976 816 2042 minus,
892 1971 1181 2042 aliquando
1249 1979 1429 2026 autem
1485 1986 1553 2025 ex
1614 1986 1680 2026 eo
1738 1970 1882 2040 quod

305 2079 381 2124 est
446 2068 637 2125 melius
720 2064 955 2136 loquitur
1024 2063 1251 2129 Paulos,
1310 2071 1367 2117 et
1425 2061 1879 2132 dispensationem

300 2160 484 2214 Valens
507 2157 860 2224 constituere,
890 2163 944 2211 et
974 2154 1166 2211 docere
1194 2155 1261 2210 de
1289 2163 1474 2209 natura
1507 2153 1561 2209 iu
1588 2169 1746 2225 quam
1775 2169 1880 2209 non

293 2250 440 2307 cadit
468 2250 739 2306 interitus.

364 2342 420 2397 '5.
448 2338 756 2395 Exhortatio
778 2339 846 2393 ad
881 2338 1217 2393 innocentiam
1240 2336 1561 2392 servandam.
1603 2334 1880 2391 Maledicta

288 2430 348 2485 in
376 2426 675 2492 prasinum
702 2437 902 2495 quantm
927 2443 1085 2497 pernae
1105 2430 1341 2483 obnoxia.
1368 2455 1440 2468 -—-
1459 2428 1721 2497 Quoniam
1749 2442 1879 2498 ergo

289 2525 657 2585 peccatorum
680 2526 974 2572 nostron
998 2518 1123 2575 fecit
1153 2519 1541 2590 purgationem,
1565 2534 1879 2575 maneamus

294 2606 427 2677 puri
468 2616 524 2661 et
572 2607 786 2673 mundi,
816 2609 1005 2664 nullam
1051 2612 1407 2681 suscipiamus
1452 2612 1745 2677 maculam;
1784 2613 1878 2667 sed

292 2714 465 2771 quam
495 2700 655 2756 nobis
677 2700 867 2756 indidit
906 2702 1354 2772 pulchritudinem
1386 2711 1441 2759 et
1464 2704 1715 2760 decorem
1746 2719 1882 2758 con-

290 2803 577 2846 servemus
619 2790 955 2863 impollutam
997 2804 1051 2849 et
1101 2796 1356 2850 mundum
1383 2836 1398 2860 ,
1431 2796 1637 2850 nullam
1665 2797 1880 2852 sordem

292 2879 590 2937 habentem
614 2922 631 2949 ,
660 2893 753 2938 aut
777 2899 990 2955 rugam,
1017 2894 1109 2940 aut
1136 2882 1335 2956 aliquid
1366 2886 1653 2956 ejusmodi.
1680 2887 1880 2943 Sordes

290 2971 443 3025 enim
462 2983 590 3027 sunt
602 2981 656 3028 et
672 2989 796 3045 ruga
812 2976 972 3030 etiam
994 2991 1151 3046 parva
1171 2985 1409 3046 peccata,
1432 2986 1487 3031 ιιι
1514 2977 1879 3043 maledictum,

292 3062 628 3118 contumelia
658 3105 672 3130 ,
704 3065 1041 3120 mendacium
1089 3083 1102 3120 :
1148 3067 1256 3121 imo
1302 3081 1431 3120 vero
1464 3083 1529 3120 ne
1556 3083 1617 3120 ea
1666 3067 1876 3137 quidem

290 3161 421 3206 sunt
450 3168 618 3222 parva
645 3194 661 3221 ,
691 3154 786 3211 sed
814 3166 872 3211 et
897 3155 1052 3211 valde
1078 3172 1266 3227 magna
1291 3197 1306 3223 ,
1333 3156 1469 3212 adeo
1498 3173 1555 3211 ιιι
1583 3157 1743 3211 etiam
1772 3158 1881 3228 prio

292 3254 421 3299 vent
448 3260 623 3316 regno
657 3247 936 3303 caelorum.
988 3248 1304 3316 Quomodo?
1327 3248 1427 3317 Qui
1460 3248 1676 3304 fratrem
1722 3265 1875 3304 suum

294 3346 453 3391 vocat
487 3335 692 3391 fatuum
718 3378 734 3403 ,
766 3347 849 3394 est
875 3338 1140 3395 obnoxius
1164 3381 1179 3405 ,
1207 3340 1413 3410 inquit,
1454 3338 1716 3409 gehenua:
1745 3339 1882 3409 ignis

306 3429 324 3495 (
354 3427 536 3483 Matth.
571 3430 627 3486 5.
656 3428 731 3484 22
757 3429 798 3501 ).
829 3431 883 3484 Si
913 3439 1092 3486 autem
1141 3432 1231 3503 qui
1263 3441 1416 3487 vocat
1466 3432 1663 3486 fatuum
1690 3470 1709 3500 ,
1739 3431 1880 3502 quod

303 3518 511 3574 videtur
534 3525 775 3575 omnium
820 3537 941 3577 esse
972 3522 1302 3578 levissimum
1330 3529 1385 3578 et
1432 3523 1580 3577 lusus
1609 3523 1830 3592 puerilis
1861 3537 1876 3586 ;

297 3612 386 3679 qui
411 3620 569 3666 vocat
617 3612 910 3681 malignum
949 3618 1023 3667 et'
1053 3612 1352 3668 maleﬁcum
1384 3623 1437 3667 et
1463 3612 1696 3667 invidum
1724 3621 1775 3665 et
1803 3611 1882 3665 in-

301 3703 723 3759 numerabilibus
752 3704 872 3759 aliis
917 3704 1130 3775 probris
1178 3704 1413 3774 appetit,
1447 3717 1583 3772 quas
1615 3717 1721 3758 non
1773 3702 1882 3757 luet

299 3809 494 3864 pmnas
538 3796 948 3867 castigationis?
978 3796 1105 3867 quid
1151 3805 1234 3851 est
1277 3796 1376 3850 hoc
1406 3793 1751 3850 horribilius?
1776 3794 1881 3852 Sed

296 3886 568 3940 sustinete
614 3901 792 3956 quavso
819 3887 961 3955 quod
988 3888 1124 3941 dico.
1156 3887 1212 3941 Si
1242 3886 1383 3942 enim
1427 3885 1516 3956 qui
1544 3884 1669 3939 facit
1697 3885 1786 3940 uni
1816 3901 1881 3940 ex

297 3977 542 4032 minimis
562 4020 578 4044 ,
604 3979 701 4048 ipsi
730 3978 877 4042 facit,
908 3987 963 4034 ct
995 3979 1083 4049 qui
1112 3993 1217 4032 non
1252 3976 1380 4031 facit
1407 3976 1496 4030 uni
1528 3991 1593 4031 ex
1621 3976 1880 4043 minimis,

297 4072 399 4141 ipsi
425 4086 532 4125 non
562 4070 684 4126 facit
707 4071 923 4141 (Matth.
942 4071 1035 4126 25.
1059 4068 1277 4137 40.45);
1307 4067 1576 4139 quomodo
1604 4084 1710 4123 non
1742 4067 1881 4122 idem

298 4163 458 4217 estin
486 4163 651 4217 laude
667 4172 721 4217 et
741 4161 1168 4232 vituperatione?
1188 4161 1286 4229 Qui
1313 4162 1455 4216 enim
1488 4161 1704 4216 fratrem
1727 4176 1880 4216 suum

299 4254 631 4309 contumelia
678 4256 885 4319 afﬁcit,
920 4255 1086 4309 Deum
1121 4254 1285 4308 aflicit
1314 4252 1666 4317 contumelia;
1697 4263 1749 4307 et
1793 4251 1883 4322 qui

298 4346 524 4403 fratrem
552 4363 711 4403 suum
753 4346 1016 4409 honorat,
1046 4346 1274 4401 honorat
1304 4346 1490 4400 neum.

370 4462 430 4515 ι.
478 4462 801 4516 Ετιιᾶῐιιιιιιιε
828 4477 957 4532 ergo
984 4460 1242 4531 linguam,
1274 4467 1331 4513 ιιι
1359 4458 1639 4511 benedieat
1665 4466 1715 4511 et
1746 4456 1882 4512 bona

298 4554 470 4608 verba
501 4552 691 4609 eﬂ'crat
716 4572 730 4608 :
758 4550 1030 4623 Corupesce
1052 4553 1196 4608 enim
1215 4594 1229 4619 ,
1266 4550 1463 4621 inquit,
1494 4549 1717 4618 linguam
1744 4558 1883 4604 tuam

296 4644 335 4695 η’
354 4646 497 4698 malo
524 4644 695 4715 (Psal.
716 4646 807 4700 '53.
834 4645 945 4716 14).
963 4643 1078 4699 Non
1098 4642 1238 4697 enim
1268 4639 1389 4695 ideo
1410 4655 1527 4695 eam
1554 4638 1700 4694 dedit
1723 4638 1883 4708 Deus,

299 4744 360 4787 ιιι
384 4734 690 4790 maledictis
716 4746 771 4791 et
797 4737 1137 4792 contumeliis
1165 4747 1504 4807 appetamus,
1536 4747 1593 4791 ιιι
1618 4752 1720 4793 nos
1744 4738 1882 4792 invi-

296 4842 423 4881 cem
474 4827 892 4896 calumniemur;
940 4830 1034 4886 sed
1072 4840 1129 4885 ut
1174 4831 1342 4885 Deum
1387 4831 1707 4897 laudemus,
1741 4838 1886 4885 utea

294 4920 593 4991 loquamur
628 4936 747 4991 quae
775 4921 901 4978 dant
929 4928 1153 4994 gratiam
1196 4923 1560 4989 audientibus,
1614 4939 1734 4994 quae
1764 4932 1889 4979 sunt

292 5011 373 5091 ad
391 5008 809 5067 aediﬁcationem
835 5054 848 5078 ,
874 5029 995 5083 qua:
1023 5023 1148 5068 sunt
1189 5012 1254 5068 ad
1287 5015 1585 5068 utilitatem.
1608 5014 1891 5069 Maledicto

293 5103 613 5179 quempiam
640 5118 699 5159 es
725 5104 1054 5161 insectatus?
1079 5106 1201 5175 quid
1234 5106 1458 5162 lucraris
1481 5146 1496 5169 .
1524 5107 1612 5176 qui
1658 5106 1889 5175 teipsum

293 5209 520 5263 quoque
548 5208 668 5249 ειιιιι
696 5195 787 5249 illo
806 5195 1003 5252 damno
1030 5196 1306 5266 implicas?
1333 5212 1394 5252 ea
1416 5213 1483 5252 eo
1503 5199 1643 5253 enim
1674 5213 1734 5253 es
1759 5212 1891 5252 con—

293 5293 569 5353 sequutus
596 5293 654 5339 ut
679 5286 944 5355 reputeris
977 5287 1288 5343 maledicus.
1317 5286 1529 5342 Nullum
1561 5287 1702 5343 enim
1723 5326 1738 5351 ,
1773 5288 1894 5342 nul-

292 5375 412 5428 lum
445 5383 531 5430 est
556 5376 755 5431 malum
782 5376 920 5447 quod
947 5391 1006 5432 se
1033 5378 1186 5432 sistat
1210 5378 1274 5433 ad
1306 5378 1452 5432 illum
1476 5392 1643 5446 usque
1675 5377 1762 5447 qui
1794 5393 1890 5446 pa-

292 5463 457 5529 titur,
491 5463 583 5518 sed
613 5480 735 5529 eum
755 5481 965 5535 quoque
998 5466 1086 5536 qui
1125 5464 1250 5521 facit
1273 5465 1718 5537 comprehendit:
1742 5466 1890 5522 verbi

292 5570 490 5619 causa,
511 5557 719 5613 invidus
743 5559 951 5616 videtur
970 5559 1181 5629 quidem
1204 5559 1353 5615 alteri
1384 5559 1643 5624 insidiari,
1665 5559 1775 5628 ipse
1795 5574 1893 5613 au-

297 5657 411 5702 tem
442 5648 595 5716 prior
622 5648 852 5707 fructum
878 5650 1072 5719 accipit
1102 5649 1334 5720 peccati,
1363 5658 1419 5704 ut
1443 5651 1530 5719 qui
1560 5649 1796 5703 tabescat
1839 5656 1893 5703 et

294 5751 681 5810 corrumpitur
702 5782 716 5809 ,
760 5752 817 5798 et
844 5742 913 5797 ab
940 5742 1188 5798 omnibus
1214 5738 1336 5795 odio
1367 5728 1640 5795 habeatur.
1687 5740 1891 5795 Avarus

1976 420 2136 472 alium
2162 419 2330 487 privat
2354 417 2621 487 pecuniis,
2655 414 2749 471 sed
2778 413 2880 470 sibi
2908 429 3120 486 quoque
3139 414 3309 471 aufert
3327 413 3555 473 aliorum

1977 523 2247 574 amorem;
2282 508 2392 564 imo
2417 508 2583 564 efﬁcit
2608 518 2665 563 ut
2707 522 2896 563 omnes
2921 523 3042 563 eum
3087 508 3387 565 maledictis
3412 509 3559 565 inse-

1977 609 2208 656 ctentur.
2234 599 2332 656 Est
2356 609 2538 656 autem
2567 601 2706 656 bona
2732 600 2868 654 fama
2895 599 3051 669 longe
3072 599 3264 655 melior
3286 601 3554 670 pecuniis:

1980 704 2103 746 nam
2135 691 2281 747 illam
2309 692 2522 763 quidem
2555 707 2660 747 non
2685 701 2766 748 est
2793 692 2946 747 facile
2971 692 3303 763 abstergere,
3332 691 3430 747 has
3455 707 3556 748 ann
3623 684 3631 692 ’

1982 794 2084 839 tem
2113 784 2269 840 facile
2294 794 2377 861 est
2419 785 2665 840 amittere
2706 802 2720 839 :
2767 792 2927 854 atque
2953 784 3087 838 adeo
3110 825 3127 852 ,
3156 783 3297 854 quod
3324 792 3408 839 est
3435 799 3554 839 ant-

1981 876 2157 944 ptius,
2200 874 2306 929 illa:
2332 874 2547 944 quidem
2578 875 2622 929 si
2672 889 2779 930 non
2808 874 3019 940 adsint,
3048 875 3182 929 nihil
3210 876 3409 931 lmdunt
3433 891 3555 931 eum

1980 965 2069 1035 qui
2098 980 2203 1020 non
2230 965 2419 1031 habet;
2451 968 2567 1020 haec
2594 973 2770 1019 autem
2799 965 2845 1019 si
2876 980 2982 1019 non
3010 965 3189 1030 adsit,
3214 965 3383 1021 efﬁcit
3404 974 3463 1020 ut
3489 967 3563 1022 sit

1981 1057 2274 1127 probrosus
2297 1067 2352 1112 et
2379 1056 2634 1112 ridiculus
2653 1094 2671 1122 ,
2699 1056 3054 1129 omnibusque
3098 1056 3269 1112 hostis
3296 1067 3351 1114 et
3378 1057 3560 1114 inimi-

1982 1163 2097 1203 cus.
2128 1148 2417 1203 Iracundus
2441 1162 2626 1203 rursus
2655 1148 2803 1219 prius
2844 1149 3083 1219 seipsnm
3122 1149 3324 1205 cruciat
3349 1186 3369 1215 ,
3392 1164 3451 1205 se
3478 1148 3561 1204 hi-

1984 1240 2138 1294 nians
2167 1254 2229 1294 ac
2257 1237 2569 1309 discerpeus
2592 1278 2608 1307 ,
2653 1248 2709 1295 et
2737 1245 2866 1294 tunc
2893 1240 3040 1295 illum
3067 1241 3150 1295 cui
3174 1239 3451 1296 irascitur.
3483 1240 3559 1295 lta

1984 1329 2279 1385 maledicus
2304 1345 2364 1384 se
2390 1330 2621 1400 priorem
2662 1330 2860 1400 probro
2884 1338 2939 1386 et
2977 1330 3244 1386 dedecore
3268 1329 3436 1390 afﬁcit
3460 1370 3476 1396 ,
3507 1340 3563 1386 et

1990 1428 2114 1476 tunc
2141 1435 2261 1476 eum
2289 1434 2448 1491 quem
2477 1419 2762 1475 maledicto
2790 1421 3028 1490 appetit:
3060 1430 3152 1475 aut
3196 1437 3264 1476 ne
3304 1420 3406 1475 hoc
3428 1421 3555 1491 quia

1986 1512 2107 1568 dem
2134 1511 2269 1568 forte
2296 1519 2471 1583 potest
2496 1531 2509 1566 :
2541 1510 2636 1567 sed
2665 1509 2776 1566 abit
2803 1512 2918 1583 ipse
2946 1513 3160 1582 quidem
3189 1553 3204 1578 ,
3233 1521 3420 1567 nactus
3449 1513 3563 1566 exi-

1994 1611 2355 1666 stimationem
2376 1608 2622 1665 scelerati
2644 1617 2698 1665 et
2721 1608 3033 1679 exsecrandi
3064 1607 3315 1674 hominis,
3340 1607 3428 1663 ille
3449 1620 3582 1662 vero

1991 1712 2048 1757 ut
2068 1704 2243 1774 magis
2263 1712 2473 1758 ametur
2489 1701 2987 1771 efﬁciens.Quando
3007 1702 3150 1758 enim
3172 1703 3311 1757 male
3330 1701 3576 1768 audiens,

1988 1811 2093 1847 non
2123 1810 2217 1863 par
2241 1795 2357 1866 pari
2386 1793 2583 1859 refert,
2615 1794 2706 1849 sed
2740 1795 2925 1851 laudat
2954 1804 3008 1850 et
3031 1795 3349 1860 admiratur,
3380 1810 3486 1850 non
3510 1794 3579 1850 il-

1987 1885 2096 1940 lum
2127 1884 2341 1951 laudat,
2374 1885 2469 1940 sed
2496 1885 2753 1954 seipsnm.
2799 1884 2931 1940 Nam
2958 1885 3098 1940 sicut
3122 1927 3137 1951 ,
3167 1895 3226 1941 ut
3256 1886 3402 1956 prius
3428 1885 3576 1952 dixi,

1987 1992 2110 2048 quae
2148 1976 2200 2032 in
2230 1977 2501 2047 proximos
2532 1985 2850 2046 torquentur
2877 1976 3162 2031 maledicta
3185 2017 3199 2038 ,
3229 1991 3292 2031 ea
3323 1977 3469 2045 prius
3494 1984 3579 2030 at-

1991 2065 2204 2139 tingunt
2248 2084 2343 2125 eos
2386 2069 2475 2139 qui
2521 2069 2846 2125 insidiantur
2870 2070 2989 2125 :.ita
3019 2070 3181 2125 etiam
3212 2086 3332 2141 qua:
3359 2067 3412 2126 in
3443 2084 3577 2141 pro.

1991 2159 2219 2229 pinquos
2253 2161 2604 2216 conferuntur
2630 2160 2771 2217 bona
2797 2202 2813 2228 ,
2846 2177 2942 2218 eos
2972 2161 3065 2232 qui
3107 2171 3402 2233 operantur
3430 2162 3578 2232 prius

1990 2249 2264 2306 delectant
2312 2261 2365 2307 et
2406 2252 2603 2323 gaudio
2640 2252 2900 2309 afﬁciunt.
2933 2252 3066 2308 Nam
3097 2253 3185 2321 qui
3215 2253 3411 2308 bonum
3439 2252 3579 2322 parit

1992 2352 2041 2396 et
2074 2343 2307 2407 mahnu,
2340 2359 2406 2398 eo
2453 2344 2646 2399 merito
2702 2344 2852 2415 prior
2894 2344 3009 2413 ipse
3045 2342 3240 2399 fruitur
3285 2360 3299 2397 :

1990 2447 2127 2502 aqua
2156 2444 2210 2489 et
2252 2435 2392 2490 salsa
2419 2444 2472 2491 et
2502 2435 2754 2506 potabilis
2785 2450 2913 2491 vasa
2944 2436 3132 2508 implet
3162 2450 3348 2491 eorum
3381 2434 3469 2505 qui
3500 2433 3579 2487 af-

1989 2522 2171 2580 ferunt
2194 2567 2209 2593 ,
2243 2541 2306 2581 ac
2348 2525 2550 2582 fontem
2590 2543 2695 2583 non
2729 2528 2917 2583 minuit
2943 2542 3009 2584 ex
3039 2542 3149 2598 quo
3192 2535 3406 2582 emanat
3443 2543 3457 2581 :
3506 2526 3578 2581 ita

1990 2617 2153 2671 etiam
2181 2627 2235 2672 et
2260 2618 2449 2673 vitium
2477 2629 2532 2674 et
2563 2620 2731 2674 virtus
2758 2619 2908 2675 illum
2937 2619 3080 2675 unde
3106 2618 3217 2674 exit
3244 2629 3299 2675 et
3325 2618 3575 2684 delectat,

1990 2718 2047 2781 et
2068 2709 2268 2782 perdit.
2301 2709 2371 2764 Et
2396 2709 2512 2766 haec
2540 2711 2758 2782 quidem
2784 2712 2870 2767 hic
2896 2713 2968 2767 ita
2998 2710 3220 2768 habent.

2063 2798 2357 2870 Inferorum
2385 2816 2559 2872 parate.
2589 2832 2657 2842 _
2678 2800 2810 2870 Qua:
2826 2811 3004 2857 autem
3032 2802 3140 2859 illic
3159 2810 3304 2868 sunt,
3332 2817 3577 2874 qutenam

1990 2892 2275 2961 explicabit
2299 2892 2511 2948 dicendi
2534 2893 2776 2959 facultas,
2804 2894 2890 2949 vel
2915 2893 3053 2949 bona
3078 2895 3163 2951 vel
3190 2895 3374 2949 mala?
3402 2894 3579 2949 Nulla.

1998 2982 2129 3037 Nam
2162 2982 2296 3037 bona
2332 2985 2544 3055 quidem
2574 2986 2654 3040 vel
2681 3001 2895 3040 onmem
2929 2995 3255 3057 exsuperant
3285 2986 3578 3056 intelligen-

1994 3074 2161 3142 tiam,
2204 3072 2405 3132 uedum
2442 3076 2777 3141 orationem;
2825 3077 2964 3131 mala
3024 3085 3205 3132 autem
3258 3075 3401 3132 dicta
3454 3077 3575 3145 qni-

1992 3165 2117 3220 dctn
2160 3175 2285 3221 sunt
2323 3167 2630 3223 muniuibus
2656 3169 2849 3239 quibus
2873 3169 3244 3225 assumimus:
3274 3184 3396 3223 nam
3428 3169 3534 3224 illic
3558 3205 3583 3234 σ

1997 3258 2165 3330 inquit
2192 3300 2211 3326 ,
2238 3270 2317 3316 est
2349 3261 2485 3331 ignis
2509 3270 2564 3317 et
2596 3261 2830 3317 tenebras
2856 3271 2908 3316 et
2934 3261 3146 3318 vincula
3178 3272 3232 3317 et
3264 3261 3463 3316 vermis
3487 3261 3581 3331 qui

1993 3366 2099 3406 non
2122 3350 2319 3407 desiuit
2344 3368 2359 3418 ;
2394 3368 2571 3423 neque
2600 3353 2712 3407 haec
2758 3352 2929 3408 solum
2976 3351 3267 3408 ostendunt
3292 3367 3411 3423 qua:
3435 3351 3583 3407 dicta

1997 3452 2141 3509 sunt,
2167 3443 2262 3499 sed
2291 3444 2392 3500 alia
2424 3445 2688 3515 graviora.
2721 3444 2791 3500 Et
2809 3455 2867 3500 ut
2895 3444 3180 3515 intelligas,
3208 3444 3313 3499 hoc
3341 3444 3573 3515 primum

1994 3535 2174 3589 statim
2196 3535 2501 3591 considera.
2534 3536 2667 3591 Nam
2693 3536 2738 3591 si
2764 3544 2847 3592 est
2872 3536 3030 3607 ignis,
3055 3535 3324 3607 quomodo
3355 3544 3480 3590 sunt
3505 3544 3584 3589 te-

1998 3624 2222 3680 nebrze?
2261 3625 2422 3682 Vides
2462 3626 2603 3698 quod
2652 3627 2742 3683 ille
2772 3626 2909 3697 ignis
2950 3626 3021 3682 sit
3062 3627 3163 3682 hoc
3189 3625 3445 3698 gravior?
3472 3641 3582 3680 non

1997 3714 2160 3770 habet
2179 3717 2319 3771 enim
2344 3717 2539 3773 lucem.
2565 3717 2620 3772 Si
2642 3728 2723 3772 est
2747 3717 2904 3788 ignis,
2925 3716 3195 3786 quomodo
3220 3731 3434 3784 semper
3450 3715 3585 3769 urit?

1999 3807 2158 3865 Vides
2190 3808 2333 3880 quod
2360 3808 2463 3866 hoc
2503 3810 2626 3878 igne
2671 3809 2743 3867 sit
2770 3807 3019 3879 gravior?
3064 3822 3171 3862 non
3203 3808 3344 3862 enim
3372 3808 3582 3862 exstin-

1991 3903 2173 3971 guitur
2202 3919 2216 3954 :
2248 3918 2370 3956 nant
2417 3911 2704 3972 propterea
2736 3901 2934 3955 dicitur
2963 3899 3447 3969 iuexstinguibilis.
3474 3902 3581 3957 Co-

1993 3996 2226 4067 gitemus
2265 4009 2395 4065 ergo
2437 4002 2698 4066 quantum
2725 3994 2796 4049 sit
2821 3992 3023 4048 malum
3071 3993 3150 4049 uri
3197 4002 3500 4064 perpetuo,
3528 4000 3587 4050 et
3672 4050 3681 4061 ί

1995 4102 2116 4143 esse
2143 4088 2195 4142 in
2225 4086 2484 4152 tenebris,
2516 4093 2571 4142 et
2596 4085 3017 4142 innumerabiles
3040 4087 3288 4143 emittere
3316 4084 3548 4156 ejulatus
3567 4123 3591 4152 ,.

1996 4188 2052 4234 et
2089 4178 2317 4234 stridere
2343 4177 2594 4233 dentibus
2616 4220 2630 4243 ,
2655 4187 2711 4234 et
2736 4194 2806 4234 ne
2829 4177 3001 4234 audiri
3033 4178 3271 4249 quidem.
3304 4179 3358 4234 Si
3404 4180 3545 4234 enim
3566 4220 3584 4246 ,

1993 4283 2115 4321 cum
2144 4270 2263 4338 quis
2289 4283 2351 4324 ex
2387 4262 2451 4323 iis
2482 4270 2572 4340 qui
2616 4268 2910 4324 liberaliter
2949 4280 3075 4323 sunt
3114 4268 3363 4336 educati,
3395 4267 3483 4323 hic
3513 4267 3566 4323 in

1989 4374 2261 4414 carcerem
2282 4359 2534 4427 injectus,
2568 4358 2815 4417 fit-torem
2839 4358 3036 4422 solum,
3061 4368 3111 4412 et
3137 4358 3318 4428 jacere
3348 4359 3400 4413 in
3431 4366 3575 4413 tene-

1989 4447 2101 4503 bris
2122 4460 2175 4504 et
2200 4451 2252 4504 in
2279 4451 2506 4507 vincul's
2536 4466 2655 4507 esse
2687 4466 2811 4505 cum
2837 4450 3123 4504 homicidis
3142 4489 3156 4513 ,
3185 4449 3371 4519 quavis
3399 4458 3575 4503 morte

1987 4538 2113 4594 dicit
2143 4556 2263 4595 esse
2307 4541 2519 4611 gravius
2560 4541 2780 4610 :cogita
2824 4540 2951 4611 quid
2998 4541 3067 4595 sit
3112 4539 3327 4610 quando
3365 4539 3575 4594 urimur

1987 4646 2108 4686 cum
2149 4633 2306 4703 hujus
2337 4635 2483 4689 orbis
2514 4643 2671 4690 terrae
2698 4633 2981 4690 homicidis
3000 4676 3014 4697 ,
3045 4645 3099 4688 et
3126 4649 3301 4705 neque
3326 4634 3581 4690 videmus

1988 4739 2088 4779 nec
2136 4725 2422 4790 videmur,
2452 4725 2546 4781 sed
2596 4725 2646 4779 in
2700 4733 2844 4780 tanta
2891 4724 3232 4780 tnultitudine
3276 4725 3426 4782 solos
3450 4739 3575 4782 esse

1989 4816 2377 4871 existimamus.
2402 4817 2532 4872 Nam
2556 4817 2795 4872 tanebrze
2822 4828 2874 4871 et
2903 4818 3035 4872 lucis
3051 4817 3297 4873 defectus
3319 4833 3433 4873 non
3455 4834 3576 4889 pcr-

1990 4908 2150 4963 mittit
2179 4917 2233 4963 ut
2261 4911 2345 4966 vel
2372 4925 2467 4966 eos
2503 4911 2592 4981 qui
2624 4926 2792 4982 prope
2832 4918 2958 4965 sunt
3010 4910 3422 4977 discernamus;
3473 4912 3581 4968 sed

1991 5004 2355 5074 transquisque
2379 5005 2446 5058 ita
2471 5005 2577 5060 erit
2606 5004 2848 5069 affectus,
2882 5013 3150 5074 tanquam
3176 5004 3326 5059 solus
3348 5004 3451 5062 hoc
3479 5020 3575 5076 pa-

1993 5098 2156 5153 tiens.
2185 5098 2241 5153 Si
2292 5108 2470 5153 autem
2512 5109 2729 5154 nOSerS
2773 5097 2985 5152 animos
3011 5113 3105 5167 per
3133 5113 3193 5153 se
3240 5106 3487 5169 premunt
3522 5107 3582 5154 et

1991 5189 2315 5245 conturbant
2338 5189 2573 5245 tenebrae
2599 5207 2615 5245 :
2641 5187 2769 5259 quid
2797 5187 2921 5252 erit,
2953 5187 3167 5257 quando
3195 5205 3316 5244 cum
3340 5189 3578 5245 tenebris

1992 5289 2100 5335 tam
2130 5281 2284 5336 multi
2310 5281 2509 5338 fuerint
2541 5280 2758 5337 dolores
2785 5290 2842 5337 et
2864 5277 3348 5352 conﬂagrationes?
3372 5280 3575 5349 Quam-

1992 5374 2177 5430 obrem
2205 5391 2337 5445 rogo
2363 5383 2420 5429 ut
2443 5374 2561 5429 lucc
2583 5373 2725 5445 apud
2766 5388 2865 5428 nos
2894 5383 3155 5445 perpetuo
3179 5386 3457 5428 versemus
3476 5412 3494 5441 ,
3522 5381 3581 5428 et

1994 5482 2112 5535 quae
2141 5483 2170 5521 a
2194 5468 2372 5523 verbis
2414 5466 2636 5523 affertur
2679 5466 2979 5523 molestiam
3024 5466 3317 5522 toleremus
3340 5507 3356 5531 ,
3386 5480 3456 5521 ne
3485 5467 3578 5537 qui
3650 5482 3653 5485 ·

1994 5572 2092 5627 per
2122 5573 2208 5614 res
2231 5558 2374 5627 ipsas
2405 5558 2695 5629 suscipitur
2723 5559 3022 5617 cruciatum
3046 5558 3326 5627 patiamur.
3345 5555 3587 5613 Omnino

1994 5651 2135 5706 cnim
2164 5661 2323 5706 erunt
2344 5651 2458 5705 lucc
2484 5651 2685 5717 omnia,
2707 5660 2759 5705 et
2776 5666 2870 5706 eos
2890 5650 2981 5722 qui
3009 5650 3202 5720 injusta
3225 5649 3578 5715 admiserunt,

1997 5744 2172 5800 nullus
2204 5744 2350 5799 illinc
2375 5745 2597 5813 eximet,
2630 5759 2734 5801 non
2763 5754 2943 5817 pater,
2969 5759 3073 5799 non
3112 5752 3313 5813 mater,
3338 5758 3443 5801 non
3471 5741 3583 5800 fra-

3346 2352 3399 2399 ct
3441 2343 3579 2398 sicut
3644 2364 3649 2370 ·
