4088 6212
476 306 540 358 i9

471 431 586 479 ter;
615 409 823 468 etiamsi
858 396 1078 462 multam
1108 401 1358 458 fiduciam
1385 399 1580 453 habeat
1599 440 1614 462 ,
1638 404 1692 451 et
1713 407 1902 464 magna
1933 404 2054 459 pos-

472 509 542 561 sit
589 504 727 574 apud
762 504 928 556 Deum
974 515 988 552 :
1035 496 1221 551 Frater
1246 494 1389 549 enim
1419 507 1519 544 non
1563 488 1766 546 redimit
1800 527 1815 551 ,
1846 485 2058 539 redimet

475 603 624 654 Ιιοιιιο
655 595 831 667 (Psal.
867 592 954 648 48.
987 589 1086 660 8)?
1119 589 1236 657 Ipse
1266 586 1409 640 cnim
1433 593 1516 638 est
1541 581 1631 651 qui
1657 578 1835 634 reddit
1857 576 2062 632 unicui-

476 708 578 760 que.
605 686 898 742 secundum
921 697 1086 754 opera
1113 694 1210 733 sua
1231 717 1248 744 ,
1279 685 1334 732 et
1359 691 1426 731 ex
1455 673 1523 729 iis
1544 673 1670 728 licet
1697 680 1749 727 et
1776 667 1978 726 servari
2007 675 2065 722 et

479 780 679 852 puniri.

555 871 893 938 Elecmosyna
938 860 1340 918 commendatur.
1376 887 1448 898 —
1478 855 1654 910 Facite
1698 853 1834 908 vobis
1879 850 2068 904 amicos

484 983 546 1021 ea:
593 977 828 1017 mainona
870 955 1150 1026 iniquitatis
1201 951 1379 1024 (Luc.
1423 950 1510 1004 16.
1558 947 1660 1017 9).
1699 945 2070 1013 Obsequamar

487 1071 651 1125 ergo;
686 1048 1019 1106 Dominicum
1051 1045 1196 1101 enim
1240 1050 1324 1097 est
1367 1038 1678 1096 mandatum
1719 1053 1732 1089 :
1776 1031 2074 1103 superfluas

489 1147 746 1219 pecunias
784 1143 834 1196 in
867 1151 1068 1209 egenos
1097 1144 1448 1204 spargamas:
1483 1128 1738 1184 faciamus
1766 1125 2074 1219 eleemosy-

495 1215 614 1293 nam
641 1279 653 1298 ,
680 1237 851 1289 donec
879 1243 1199 1301 possumus;
1233 1225 1335 1279 hoc
1381 1232 1463 1278 est
1501 1220 1644 1277 enim
1674 1218 1875 1272 amicos
1901 1215 2076 1269 facere

494 1347 556 1386 ex
604 1343 847 1383 manuma
889 1321 1216 1392 iniquitatis:
1247 1315 1497 1387 pecunias
1524 1314 1574 1367 in
1599 1324 1796 1382 egenos
1833 1303 2078 1362 etl'unda-

497 1430 641 1481 mus,
753 1427 806 1470 ut
837 1416 985 1469 illmn
1019 1414 1195 1480 ignem
1242 1407 1649 1466 exinaniamus,
1682 1402 1953 1482 ut_ipsum
1976 1411 2083 1482 ex-

499 1472 867 1571 stinguamus,
899 1506 958 1550 ut
984 1472 1094 1549 illic
1118 1492 1410 1545 habeamus
1434 1483 1707 1539 fiduciam.
1733 1476 1946 1533 Etenim
1976 1472 2087 1527 illic

503 1611 608 1648 non
641 1600 765 1646 sunt
791 1589 876 1642 isti
907 1586 995 1657 qui
1027 1601 1125 1640 nos
1160 1581 1463 1649 suscipiunt
1489 1617 1503 1641 ,
1532 1573 1625 1628 sed
1658 1579 1899 1626 nostrum
1930 1580 2084 1657 opus.

503 1683 656 1752 Quod
699 1682 840 1738 enim
871 1654 974 1734 non
1017 1675 1260 1731 absolute
1307 1670 1446 1741 quod
1490 1667 1644 1722 nobis
1674 1664 1782 1718 sint
1809 1654 2088 1752 aniici,_id

505 1746 604 1832 tios
629 1775 797 1846 possit
821 1783 1036 1826 servare
1056 1809 1070 1832 ,
1097 1767 1242 1820 disce
1269 1779 1332 1818 ex
1365 1760 1754 1815 additamento.
1794 1751 1913 1806 Cur.
1945 1746 2088 1846 enim

510 1837 816 1929 non-dixit,
865 1861 1048 1918 Facite
1077 1857 1226 1910 vobis
1253 1856 1453 1908 amicos
1497 1858 1558 1904 ut
1604 1863 1700 1900 vos
1742 1841 2008 1911 excipiant
2038 1837 2089 1929 in

507 1957 726 2014 aeternis
753 1927 864 2008 suis
898 1948 1276 2011 tabernaculis,
1304 1943 1397 1998 scd
1429 1940 1645 1995 modum
1666 1937 1825 1992 etiam
1857 1927 2090 2000 adjecit?

509 2068 631 2108 cum
661 2049 806 2105 enim
834 2046 1094 2109 dixisset,
1127 2040 1211 2107 Ex
1256 2051 1492 2090 mamona
1541 2029 1823 2099 iniquitatis
1843 2068 1857 2092 ,
1906 2012 2109 2079 esten:

510 2145 587 2200 dit
617 2140 759 2212 quod
807 2155 872 2193 ex
919 2134 1162 2207 pecuniis
1187 2128 1440 2185 convenit
1485 2140 1580 2180 eos
1629 2123 1806 2176 facere
1853 2116 2093 2212 amicos,

512 2203 820 2306 significans
847 2203 987 2300 quod
1021 2225 1133 2281 sola
1161 2237 1260 2278 nos
1295 2235 1403 2276 non
1429 2214 1681 2273 defendet
1709 2209 1964 2272 amicitia,
1995 2203 2098 2262 nisi

2125 159 2162 186 ο

1175 297 1228 351 5.
1263 292 1540 351 JOANNIS
1576 283 2049 346 CllRYSOSTOMI
2090 285 2407 343 ARCHIEP.
2447 286 2980 347 CONSTANTIXOP.

3673 293 3746 351 2ft

2178 388 2470 443 habeamus
2499 391 2636 446 bona
2666 406 2827 462 opera
2856 435 2869 458 ,
2906 394 3005 448 nisi
3035 394 3232 464 injuste
3259 393 3520 450 collectas
3549 395 3766 450 divitias

2169 481 2314 550 juste
2343 482 2702 538 effundamus.
2753 486 2863 541 lloc
2908 498 3086 542 autem
3131 491 3272 559 quod
3306 489 3372 543 de
3419 490 3765 560 cleemosyua

2173 573 2401 630 dicimus
2421 615 2436 641 ,
2489 591 2594 630 non
2636 578 2809 632 solum
2840 581 3125 635 conveniet
3163 581 3414 635 divitibus
3435 622 3449 645 ,
3479 581 3572 635 scd
3603 583 3763 636 etiam

2177 667 2520 734 pauperibus.
2554 668 2618 722 Et
2642 670 2686 723 si
2718 672 2836 739 quis
2864 671 2934 724 sit
2959 671 3051 741 qui
3075 673 3428 726 mendicando
3458 673 3631 727 alatur
3653 714 3666 736 ,
3695 673 3763 728 ad

2172 774 2296 813 eum
2348 774 2561 830 quoque
2610 761 2726 816 hace
2775 761 3023 832 dirigitur
3053 764 3263 818 oratio:
3299 780 3456 819 nemo
3497 774 3580 819 est
3621 765 3762 819 enim

2170 850 2307 905 adeo
2339 865 2574 922 pauper,
2615 854 2716 907 etsi
2745 853 2815 907 sit
2842 854 2994 909 valde
3032 870 3236 926 pauper
3261 899 3275 922 ,
3299 857 3387 927 qui
3432 873 3535 910 non
3568 857 3762 912 habeat

2185 942 2292 994 duo
2323 942 2547 995 minuta.
2588 939 2736 994 Licet
2765 954 2894 1008 ergo
2946 939 3024 992 vel
3055 954 3119 993 ex
3168 944 3348 1007 paucis
3389 957 3554 1011 pauca
3581 943 3730 999 danti
3756 987 3774 1016 ,

2185 1047 2442 1101 superare
2517 1046 2611 1086 eos
2660 1031 2747 1101 qui
2802 1031 2950 1100 plura
3009 1030 3348 1100 possidentes
3408 1034 3554 1102 plura
3609 1034 3776 1103 dant,

2185 1127 2325 1179 sicut
2377 1125 2467 1179 illa
2515 1124 2695 1179 vidua.
2739 1123 2852 1178 Non
2883 1123 3028 1178 enim
3073 1138 3141 1178 ex
3171 1138 3358 1178 eorum
3408 1140 3525 1196 qua:
3577 1126 3774 1182 dantur

2185 1231 2435 1272 mensura
2461 1258 2474 1282 ,
2506 1215 2600 1271 sed
2633 1230 2698 1269 ex
2726 1215 2776 1269 vi
2819 1223 2876 1271 et
2914 1223 3178 1283 potestate
3221 1225 3274 1271 et
3317 1230 3502 1272 eorum
3529 1219 3616 1287 qui
3649 1218 3778 1274 dant

2185 1309 2432 1363 instituto
2461 1316 2516 1362 et
2557 1315 2803 1377 prompta
2845 1305 3122 1360 voluntate
3159 1305 3430 1376 judicatui'
3468 1309 3778 1378 magnitudo

2185 1401 2569 1472 eleemosynze.
2606 1399 2789 1466 Itaque
2831 1398 3028 1466 ubique
3057 1399 3302 1453 instituto
3332 1413 3468 1469 opus
3494 1409 3577 1455 est
3606 1410 3661 1455 et
3708 1401 3778 1456 li.-

2188 1491 2310 1546 bera
2345 1501 2698 1561 promptaque
2719 1489 3020 1554 voluntate;
3045 1489 3242 1560 ubique
3267 1491 3316 1543 in
3339 1491 3502 1545 Deum
3530 1492 3775 1548 caritate.

2183 1583 2238 1637 Si
2272 1597 2396 1637 cum
2427 1597 2488 1637 ea
2535 1581 2714 1635 omnia
2746 1595 2967 1650 agamus
2993 1623 3007 1646 ,
3042 1582 3250 1636 etiamsi
3300 1598 3467 1652 pauca
3516 1583 3778 1640 habentes

2187 1689 2355 1742 pauca
2385 1672 2699 1727 dederimus
2727 1714 2741 1735 ,
2777 1672 2966 1726 faciem
3012 1687 3165 1725 suam
3199 1672 3342 1726 Deus
3387 1688 3494 1728 non
3527 1683 3730 1730 avertet
3758 1716 3775 1739 ,

2187 1763 2280 1818 sed
2314 1765 2540 1833 accipiet
2571 1775 2839 1832 tamquam
2870 1778 3060 1832 magna
3087 1774 3139 1817 et
3170 1763 3504 1818 admiranda.
3535 1766 3778 1822 Attendit

2186 1859 2334 1912 enim
2366 1857 2588 1911 liberam
2621 1867 2674 1911 et
2721 1865 3022 1926 promptam
3056 1856 3220 1910 animi
3269 1857 3597 1913 voluntatem
3624 1899 3638 1923 ,
3669 1875 3775 1914 non

2188 1966 2249 2006 ea
2284 1966 2402 2020 quze
2430 1949 2662 2004 dantur:
2691 1957 2745 2002 et
2771 1947 2816 2001 si
2848 1949 2990 2002 illam
3021 1947 3213 2002 viderit
3252 1963 3372 2003 esse
3409 1965 3654 2020 magnam
3680 1994 3694 2017 ,
3726 1951 3778 2008 cl

2189 2055 2344 2096 suum
2379 2039 2477 2095 fert
2505 2039 2811 2109 sulfragium
2849 2047 2903 2093 et
2924 2037 3182 2107 judicium
3203 2080 3218 2105 ,
3249 2048 3302 2093 ct
3327 2049 3654 2096 mternorum
3683 2043 3780 2096 bo-

2192 2149 2382 2188 norum
2436 2131 2564 2186 facit
2609 2131 3082 2201 participes:qua:
3131 2130 3290 2185 detur
3329 2133 3578 2189 omnibus
3623 2135 3776 2190 nobis

2191 2223 2401 2294 assequi
2425 2265 2438 2290 ,
2477 2223 2644 2294 gratia
2673 2231 2727 2277 et
2756 2220 3102 2290 benignitate.

1911 2564 2298 2640 ,HOMILIA
2341 2563 2420 2622 ιι.

499 2717 626 2773 Cap.
676 2718 724 2772 Ι.
770 2732 823 2770 v.
869 2717 923 2769 3.
973 2713 1074 2782 Qui
1106 2729 1220 2769 cum
1245 2722 1310 2766 sit
1337 2711 1580 2782 splendor
1610 2712 1806 2784 gloriw,
1847 2721 1893 2766 et
1919 2711 2088 2782 ﬁgura

508 2823 517 2832 '
569 2811 865 2866 substantia:
885 2812 1016 2882 ejus,
1037 2819 1356 2880 portamque
1373 2809 1544 2862 omnia
1563 2808 1710 2862 verba
1737 2806 1936 2862 virtutis
1955 2821 2082 2872 sum,

509 2937 517 2945 r
575 2921 664 2974 per
693 2904 1015 2975 semetipsum
1041 2903 1393 2973 purgationem
1432 2910 1757 2972 peccatorum
1798 2910 2086 2954 nostrorum

570 2998 784 3069 faciens.
1393 3058 1402 3066 ο

514 3111 519 3116 ’
571 3092 623 3146 1.
669 3089 745 3142 De
782 3085 890 3142 Deo
929 3104 1082 3157 quam
1111 3097 1391 3141 reverenter
1431 3086 1534 3140 sive
1575 3085 1714 3155 loqui
1757 3086 1860 3140 sive
1906 3081 2088 3138 audire

499 3182 790 3236 debeamus.
819 3210 890 3222 —
922 3180 1127 3249 Ubique
1157 3178 1374 3249 quidem
1410 3179 1490 3247 pia
1530 3189 1582 3232 et
1621 3177 1872 3247 religiosa
1906 3185 2085 3231 mente

499 3285 580 3331 est
606 3289 757 3346 opus,
789 3274 1028 3327 maxime
1057 3280 1234 3326 autem
1263 3270 1477 3341 quando
1499 3270 1565 3324 de
1597 3270 1706 3324 Deo
1727 3267 1922 3339 aliquid
1952 3267 2086 3322 dici-

500 3376 620 3421 mus
646 3375 700 3420 et
725 3365 970 3419 audimus
1003 3381 1016 3416 :
1050 3379 1169 3417 nam
1201 3377 1373 3432 neque
1399 3362 1577 3432 lingua
1601 3361 1766 3430 loqui,
1795 3375 1969 3431 neque
1990 3375 2086 3415 au-

499 3459 572 3511 ris
610 3456 806 3526 aliquid
857 3455 1044 3509 audire
1090 3454 1157 3508 de
1205 3455 1314 3508 Deo
1356 3463 1529 3522 potest
1572 3468 1668 3522 pro
1698 3452 1996 3522 dignitate:
2030 3459 2086 3507 et

497 3551 620 3620 quid
649 3551 768 3605 dico
809 3549 1041 3618 linguam
1069 3558 1124 3604 et
1151 3549 1377 3603 aurem?
1406 3564 1577 3618 neque
1608 3549 1749 3603 enim
1783 3563 1932 3603 mens
1963 3563 2084 3617 qua:

497 3644 612 3697 haec
639 3643 795 3712 longe
816 3651 1056 3712 supcrat,
1093 3654 1268 3711 potest
1296 3641 1493 3711 aliquid
1521 3651 1707 3696 exacte
1729 3639 2083 3710 comprehen-

496 3734 648 3798 dere,
680 3736 893 3804 quando
924 3735 990 3789 de
1017 3735 1129 3788 Deo
1160 3735 1408 3788 volumus
1429 3733 1629 3804 aliquid
1656 3733 1853 3804 eloqui.
1883 3732 2015 3786 Nam
2036 3731 2079 3787 si

495 3840 596 3894 pax
631 3826 720 3879 Dei
749 3835 1038 3893 exsuperat
1069 3813 1284 3878 munem
1318 3833 1572 3890 mentem,
1603 3833 1656 3877 et
1685 3837 1806 3892 qua:
1837 3831 1960 3876 sunt
1991 3837 2082 3888 pa-

496 3926 608 3971 rata
640 3915 704 3970 iis
731 3917 822 3985 qui
852 3915 1023 3982 ipsum
1044 3912 1290 3982 diligunt,
1317 3910 1368 3964 in
1392 3925 1484 3966 cor
1502 3909 1732 3964 hominis
1756 3924 1860 3963 non
1886 3924 2077 3964 ascen-

494 4010 725 4062 derunt:
759 4007 926 4060 multo
958 4006 1126 4073 magis
1158 4007 1272 4073 ipse
1309 4003 1451 4058 Dens
1495 4002 1674 4072 pacis,
1704 4001 2076 4056 universorum

495 4101 680 4169 Opifex
705 4141 720 4165 ,
752 4110 988 4153 nostram
1021 4107 1310 4166 exsuperat
1353 4098 1634 4152 rationem.
1682 4096 1909 4166 Oportet
1956 4112 2084 4167 ergo

496 4195 674 4249 omnia
706 4193 982 4258 suscipere
1013 4206 1134 4245 cum
1165 4189 1266 4244 fide
1303 4198 1355 4244 et
1384 4190 1580 4257 pietate
1606 4205 1620 4253 ;
1653 4197 1705 4257 et
1732 4187 1944 4258 quando
1981 4189 2083 4242 im-

497 4285 690 4340 becilla
720 4283 878 4337 fuerit
904 4283 1064 4347 ratio,
1099 4291 1157 4334 ut
1186 4296 1294 4334 non
1327 4280 1495 4349 possit
1525 4287 1714 4334 exacte
1742 4288 1795 4334 et
1836 4291 2086 4336 accurate

496 4377 773 4446 explicare
821 4382 876 4428 et
928 4372 1216 4428 ostendere
1257 4387 1377 4440 qua:
1427 4369 1695 4437 dicuntur,
1747 4381 1873 4428 tunc
1917 4372 2086 4443 magis

499 4472 666 4524 Deum
696 4467 998 4537 glorificare
1018 4507 1033 4531 ,
1063 4463 1206 4534 quod
1237 4463 1396 4516 talem
1439 4462 1730 4517 habeamus
1759 4462 1928 4518 Deum
1950 4504 1965 4529 ,
1995 4463 2085 4532 qui

498 4567 736 4618 mentem
781 4565 1018 4611 nostram
1059 4560 1279 4624 superat
1321 4562 1376 4607 et
1424 4552 1863 4623 intelligentiam.
1889 4559 2074 4616 Multa‘

497 4652 641 4706 eiiim
669 4665 736 4705 ex
767 4649 853 4714 iis,
885 4663 1005 4718 qua:
1031 4646 1098 4701 de
1127 4646 1235 4701 Deo
1263 4635 1442 4699 mente
1474 4658 1769 4710 versamus,
1801 4657 1868 4698 ne
1897 4657 2087 4714 possu-

499 4757 620 4799 mus
660 4739 878 4811 quidem
901 4739 1079 4808 eloqui
1111 4755 1124 4791 :
1154 4746 1246 4792 aut
1271 4736 1438 4792 multa
1469 4735 1789 4806 eloquimur,
1831 4748 1936 4789 non
1965 4748 2089 4803 pos-

506 4845 696 4884 sumus
731 4838 909 4883 autem
958 4827 1256 4896 intelligere
1290 4823 1479 4880 :verbi
1511 4825 1680 4892 gratia
1702 4863 1716 4886 ,
1761 4819 1902 4892 quod
1946 4819 2085 4874 Deus

508 4923 705 4991 ubique
739 4924 810 4976 sit
833 4920 1071 4984 scimus;
1100 4915 1369 4987 quomodo
1399 4925 1578 4969 autem
1601 4955 1614 4978 ,
1647 4929 1750 4968 non
1783 4913 1966 4982 utique
2005 4911 2087 4965 in-

515 5014 804 5082 telligimus
837 5030 850 5066 :
883 5012 1025 5082 quod
1072 5013 1141 5067 sit
1177 5011 1260 5066 vis
1301 5008 1543 5079 quaidam
1587 5008 1896 5076 incorporea
1919 5045 1935 5072 ,
1978 5019 2094 5059 om-

511 5103 656 5156 nium
698 5101 958 5156 bonorum
1001 5117 1181 5168 causa,
1229 5101 1460 5166 scimus;
1499 5097 1768 5169 quomodo
1795 5105 1974 5152 autem
2001 5095 2090 5160 sit,

511 5202 599 5247 aut
637 5203 884 5262 quaenam
915 5192 983 5246 sit
1012 5193 1300 5247 nescimus.
1337 5190 1475 5245 Ecce
1501 5190 1726 5244 dicimus
1746 5230 1761 5254 ,
1798 5196 1852 5241 et
1881 5202 1986 5240 non
2016 5185 2095 5238 in-

509 5283 822 5352 teiligiinus.
855 5281 968 5336 Dixi
1009 5295 1129 5338 esse
1159 5282 1353 5353 ubique
1374 5323 1388 5346 ,
1421 5281 1513 5336 sed
1544 5295 1647 5335 non
1687 5279 1956 5350 intelligo;
1985 5277 2092 5332 dixi

510 5383 635 5429 esse
663 5373 780 5429 sine
811 5373 1072 5444 principio
1095 5415 1110 5440 ,
1156 5382 1210 5429 et
1249 5388 1354 5429 non
1388 5371 1652 5441 intelligo;
1695 5369 1802 5424 dixi
1843 5369 2096 5440 genuisse

521 5481 576 5520 εκ
603 5466 801 5536 seipse,
832 5475 886 5522 et
912 5467 1090 5521 nescio
1112 5463 1378 5536 quomodo
1403 5477 1586 5518 rursus
1609 5460 1921 5531 intelligam.
1958 5459 2095 5514 Sunt

518 5573 642 5629 ergo
694 5559 938 5630 quaedam
989 5573 1108 5631 qua:
1157 5573 1258 5614 nec
1306 5557 1411 5612 dici
1455 5563 1682 5626 possunt
1715 5573 1728 5610 :
1761 5563 1820 5609 ut
1865 5553 2094 5620 exempli

570 5719 590 5752 ‘
616 5715 673 5769 In
693 5713 974 5770 Colbertino
997 5718 1106 5777 post
1127 5711 1325 5777 allatum
1349 5711 1619 5777 Scriptura:
1641 5723 1792 5777 sacra:
1815 5708 1976 5759 locum
2013 5707 2100 5776 ho-

509 5780 640 5831 milia
675 5779 885 5828 secunda
923 5773 1011 5825 hic'
1042 5775 1234 5836 incipit,
1269 5773 1591 5824 omissisialiis
1624 5775 1864 5830 omnibus,
1905 5783 2012 5831 quae
2054 5773 2098 5815 in

513 5842 657 5892 lidito
682 5841 1052 5902 pramdttuutur.
1113 5892 1117 5900 Δ

2203 2729 2376 2777 ta-isa,
2413 2719 2659 2791 intelligit
2699 2725 2984 2792 cngitatio,
3027 2725 3121 2781 sed
3149 2743 3252 2781 non
3285 2737 3456 2796 potest
3480 2729 3676 2787 dicere.
3709 2727 3778 2788 Et

2197 2814 2252 2857 ut
2284 2808 2423 2861 scias
2455 2809 2673 2864 ['aMum
2703 2827 2914 2881 quoque
2952 2830 3072 2870 esse
3117 2817 3462 2886 imbecillmn,
3494 2828 3549 2874 et
3590 2835 3777 2877 exem-

2199 2895 2282 2964 pla
2319 2915 2422 2954 non
2454 2913 2640 2956 exacte
2674 2903 2878 2969 dicere,
2916 2914 2972 2960 et
2994 2909 3400 2974 contremiseas,
3436 2924 3607 2980 neque
3638 2911 3777 2966 ulte-

2196 2988 2306 3042 rius
2338 2991 2536 3062 aliquid
2569 3009 2801 3064 quau-as,
2830 2997 2953 3050 audi
2984 3016 2997 3050 :
3029 3015 3147 3053 nam
3171 3016 3290 3054 cum
3316 3000 3536 3058 dixisset
3559 3004 3772 3068 Filium,

2194 3082 2547 3154 Opificetnqnc
2573 3088 2861 3154 posuisset,
2892 3089 3015 3156 quid
3048 3090 3217 3145 dicit?
3247 3092 3343 3158 Qui
3378 3110 3492 3147 cum
3515 3095 3578 3148 sit
3606 3097 3776 3163 splen-

2192 3173 2288 3227 dor
2313 3175 2512 3246 gloriw,
2543 3189 2587 3231 et
2615 3180 2778 3248 ﬁgura
2801 3180 3096 3236 substantia:
3123 3187 3251 3253 ejus.
3285 3185 3399 3242 Hoc
3431 3189 3516 3256 pic
3535 3198 3615 3243 est
3636 3190 3776 3242 acci-

2195 3266 2447 3334 piendum
2471 3310 2484 3331 ,
2515 3279 2570 3323 et
2597 3271 2957 3327 abscindenda
2989 3291 3106 3344 quze
3138 3287 3262 3332 sunt
3299 3280 3552 3336 absurda.
3582 3281 3775 3352 Splen-

2191 3359 2286 3411 dor
2311 3359 2507 3429 gloriae,
2539 3360 2732 3431 inquit.
2768 3364 2874 3420 Sed
2908 3365 3028 3421 vide
3054 3367 3120 3420 ad
3146 3368 3272 3436 quid
3307 3369 3408 3424 hoc
3436 3371 3684 3440 accipiat,
3715 3383 3772 3427 et

2191 3449 2261 3502 ita
2289 3451 2468 3520 accipe
2495 3469 2506 3504 :
2535 3453 2676 3522 quod
2705 3469 2770 3508 ex
2793 3455 2927 3521 ipso,
2952 3455 3092 3525 quod
3122 3457 3504 3525 impatibiliter,
3535 3461 3676 3529 quod
3705 3475 3774 3515 co

2191 3556 2294 3595 non
2321 3541 2583 3598 diminuto
2616 3561 2713 3600 nec
2744 3546 2936 3602 effecto
2969 3548 3158 3601 minori
3185 3565 3199 3601 :
3226 3551 3478 3616 quoniam
3507 3559 3630 3604 sunt
3659 3551 3773 3620 qui-

2189 3633 2312 3687 dam
2359 3635 2450 3704 qui
2505 3636 2746 3706 quaedam
2803 3637 3028 3692 absurda
3073 3638 3140 3692 ab
3192 3639 3439 3708 exemplo
3479 3639 3770 3710 accipiunt.

2191 3724 2455 3794 Splendor
2483 3729 2623 3780 enim
2647 3770 2661 3795 ,
2695 3729 2934 3799 inquiunt
2960 3770 2971 3790 ,
3015 3745 3119 3783 non
3159 3739 3242 3784 est
3268 3731 3319 3784 in
3347 3746 3406 3785 se
3433 3732 3732 3786 consistens
3755 3773 3770 3796 ,

2191 3816 2284 3870 sed
2316 3817 2454 3886 quod
2487 3817 2554 3871 sit
2584 3818 2743 3873 habet
2771 3820 2819 3871 in
2852 3819 2976 3874 alio.

2263 3908 2495 3962 Marcelli
2549 3919 2597 3962 et
2652 3908 2866 3964 Pltotini
2896 3912 3119 3967 ltwresis.
3163 3911 3354 3966 Contra
3402 3913 3685 3969 Sabellium
3724 3925 3772 3969 et

2189 3999 2387 4054 Arimn.
2419 4030 2487 4039 —
2515 4000 2593 4054 Ne
2630 4000 2729 4054 hoc
2759 4016 2886 4071 ergo
2912 4003 3163 4071 accipias,
3206 4018 3241 4057 ο
3281 4004 3462 4067 homo,
3493 4019 3666 4075 neque
3691 4006 3771 4059 la~

2188 4089 2346 4144 bores
2375 4093 2563 4146 morbo
2589 4092 2821 4146 Marcelli
2862 4104 2916 4146 et
2956 4094 3188 4150 Pbotini.
3223 4096 3263 4150 Ε
3306 4096 3606 4168 prapinquo
3628 4099 3768 4154 enim

2189 4183 2279 4235 tibi
2315 4182 2582 4248 medetur,
2634 4199 2699 4237 ne
2747 4183 2799 4236 in
2851 4184 3001 4238 illum
3047 4187 3336 4255 cogitatum
3386 4189 3627 4255 incidas;
3673 4204 3771 4244 nec

2190 4273 2449 4342 permittit
2495 4284 2553 4327 ut
2599 4273 2900 4329 deturberis
2947 4277 3000 4332 in
3031 4279 3390 4348 perniciosum
3436 4282 3586 4337 illum
3625 4297 3770 4336 mor-

2188 4365 2334 4416 bum.
2379 4363 2516 4430 Quid
2561 4376 2738 4420 autem
2770 4366 2937 4420 dicit?
2967 4365 3036 4421 Et
3079 4369 3245 4441 ﬁgura
3285 4371 3580 4427 substantia:
3625 4374 3770 4443 ejus;

2185 4455 2462 4510 declarans
2517 4456 2678 4525 quod,
2733 4458 2872 4513 sicut
2925 4460 3038 4528 ipse
3085 4462 3154 4515 sit
3204 4463 3256 4516 in
3307 4461 3582 4535 bypostasi
3636 4479 3765 4530 sua,

2190 4547 2384 4601 nullius
2428 4547 2670 4619 indigens
2703 4565 2716 4602 :
2749 4551 2817 4604 ita
2848 4550 3007 4605 etiam
3041 4551 3225 4609 Filius.
3256 4553 3352 4610 llic
3382 4556 3525 4610 enim
3559 4555 3661 4610 boc
3689 4555 3770 4610 di-

2185 4637 2276 4698 cit,
2301 4638 2590 4693 ostendens
2619 4655 2723 4694 non
2753 4655 2874 4696 esse
2903 4641 3265 4698 diversitatem
3296 4661 3393 4700 nec
3415 4645 3581 4700 ullam
3607 4645 3769 4700 dissi-

2191 4722 2564 4791 militudincm,
2612 4734 2668 4778 et
2705 4725 2971 4794 propriam
3003 4739 3122 4781 esse
3158 4724 3379 4796 figuram
3408 4736 3463 4782 et
3485 4727 3766 4782 characte-

2190 4827 2302 4867 rcm
2330 4814 2597 4884 prototypi
2628 4829 2721 4869 seu
2752 4815 3089 4885 exemplaris,
3123 4825 3177 4870 et
3208 4817 3348 4887 quod
3377 4831 3473 4887 per
3497 4832 3555 4874 se
3586 4817 3767 4872 consi-

2190 4912 2313 4958 stat.
2356 4904 2488 4960 Nam
2524 4906 2614 4976 qui
2644 4906 2780 4961 dixit
2808 4908 3055 4978 superius
3077 4949 3092 4974 ,
3135 4909 3276 4978 quod
3309 4924 3400 4978 per
3425 4909 3598 4980 ipsum
3631 4911 3768 4965 Deus

2191 4994 2316 5049 fecit
2342 4997 2544 5059 omnia,
2570 4997 2656 5051 hic
2687 4997 2777 5051 dat
2803 4998 2851 5052 ei
2881 4999 3273 5052 auctoritatem.
3304 4998 3442 5067 Quid
3469 5001 3612 5056 enim
3642 5001 3770 5056 sub-

2186 5087 2396 5156 jungit?
2424 5087 2743 5160 Portansgue
2769 5091 2940 5143 omnia
2968 5091 3114 5144 verba
3139 5090 3337 5146 virtutis
3360 5108 3496 5160 suae;
3524 5103 3582 5148 ut
3607 5108 3672 5148 ex
3703 5104 3770 5148 eo

2190 5177 2511 5246 accipiamus
2534 5193 2640 5232 non
2667 5179 2839 5234 solum
2875 5179 3095 5250 figuram
3127 5179 3461 5248 substantias,
3493 5182 3585 5238 sed
3607 5181 3768 5238 etiam

2189 5266 2330 5336 quod
2380 5269 2555 5322 omnia
2598 5269 2864 5339 gubernet
2905 5285 3026 5325 cum
3077 5271 3416 5330 auctoritate.
3464 5272 3598 5330 Vide
3641 5289 3771 5346 ergo

2190 5358 2456 5427 quomodo
2477 5359 2618 5430 quod
2645 5369 2727 5415 est
2754 5361 3028 5431 proprium
3052 5360 3244 5426 Patris,
3277 5361 3378 5418 hoc
3405 5363 3588 5419 tribuit
3612 5361 3771 5420 Filio.

2191 5448 2320 5503 Nam
2351 5460 2627 5519 propterea
2653 5466 2758 5506 non
2785 5451 2921 5506 dixit
2944 5451 3208 5516 absolute,
3240 5451 3560 5524 Portansque
3579 5456 3770 5522 omnia,

2192 5555 2364 5609 neque
2383 5541 2536 5604 dixit,
2566 5541 2772 5598 Virtute
2797 5557 2914 5607 sua,
2942 5541 3058 5610 sed,
3101 5541 3258 5597 Verbo
3286 5544 3479 5601 virtutis
3504 5561 3630 5600 sure.
3652 5545 3772 5600 Sic-

2192 5638 2248 5682 ut
2274 5631 2414 5688 euim
2447 5631 2600 5687 nobis
2628 5647 2798 5703 nuper
2841 5634 3092 5704 paulatim
3130 5635 3771 5692 ascendebatetdescen-

2189 5721 2354 5776 debat
2386 5743 2399 5777 :
2430 5725 2497 5778 ita
2545 5739 2684 5779 nunc
2712 5740 2925 5797 quoque
2955 5735 3222 5796 tamquam
3254 5727 3506 5796 gradibus
3533 5727 3775 5782 ascendit

2193 5815 2246 5866 in
2288 5817 2488 5886 altum,
2521 5817 2713 5873 deinde
2745 5833 2932 5875 rursus
2959 5818 3210 5876 deorsum
3236 5818 3412 5888 ducit,
3443 5829 3498 5876 et
3523 5820 3633 5890 ait,
3671 5819 3775 5875 Per
