4088 6212
333 380 396 434 ei
1175 379 1283 433 .lN
1325 375 1538 433 erm.
1580 375 1670 429 AD
1710 369 2068 427 nummos.
2109 372 2259 426 esp.
2305 374 2342 427 ι.
2385 372 2611 428 noun"
2652 371 2715 425 ιι.
3514 374 3583 429 29.
3628 424 3633 437 .

321 491 473 543 quem
502 479 621 539 [erit
652 480 698 526 et
727 474 932 526 sarcula.
970 471 1101 527 Vide
1128 478 1395 543 quomodo
1429 478 1513 530 hic
1543 491 1756 547 quoque
1782 479 1917 534 duas

317 566 561 637 capessit
590 565 724 619 vias.
758 563 955 619 Volens
992 564 1133 619 enim
1176 581 1276 619 nos
1317 567 1584 623 abducere
1629 586 1659 624 a
1700 570 1914 627 Sabellii

317 666 382 710 et
426 656 539 710 Arii
583 654 1064 720 innovationibus;
1108 670 1334 725 quorum
1380 658 1515 714 alter
1555 661 1607 714 in
1647 662 1916 732 hypostasi

318 748 600 818 superﬂua
645 747 819 812 tollit,
862 747 999 802 alter
1040 762 1167 803 vero
1214 766 1373 804 unam
1408 763 1651 807 naturam
1694 769 1790 822 per
1833 755 1917 808 in-

318 842 693 911 aequalitatem
723 839 943 905 dividit;
976 855 1044 895 ex
1074 840 1363 895 abundanti
1389 842 1478 897 ille
1508 852 1791 914 utrumque
1819 844 1917 899 de-

320 932 464 1000 jicit.
513 930 802 999 Quomodo
845 930 1006 999 igitur
1055 930 1155 985 hoc
1200 931 1367 985 facit?
1419 932 1684 1002 Perpetuo
1732 935 1917 989 eadem

325 1030 512 1076 versat
539 1030 597 1076 et
622 1020 860 1089 loquitur
878 1061 894 1085 ,
920 1028 979 1073 ut
1003 1034 1069 1073 ne
1100 1028 1313 1088 putetur
1342 1035 1462 1075 esse
1494 1022 1608 1076 sine
1635 1023 1918 1092 principio,

328 1115 416 1168 vel
441 1129 470 1166 a
503 1115 616 1167 Deo
644 1112 874 1165 alienus.
904 1111 973 1165 Et
998 1126 1064 1165 ne
1093 1119 1310 1181 stupeas
1339 1112 1420 1167 bis
1445 1112 1659 1181 auditis,
1688 1114 1879 1170 dilecte
1906 1136 1918 1171 :

332 1222 455 1260 nam
480 1207 525 1259 si
552 1206 714 1259 etiam
743 1212 865 1274 post
888 1212 996 1257 tam
1023 1204 1189 1257 multa
1220 1204 1539 1260 documenta
1564 1216 1686 1261 sunt
1705 1209 1919 1277 quidam

332 1298 422 1365 qui
451 1296 705 1349 dixerunt
732 1310 853 1348 eum
881 1308 1001 1349 esse
1028 1294 1283 1360 alienum,
1322 1304 1375 1349 et
1412 1297 1639 1351 alterum
1679 1300 1726 1353 ei
1756 1299 1923 1355 dede-

339 1396 467 1442 runt
490 1397 690 1457 patrem
715 1427 731 1452 ,
765 1386 939 1455 ipsum
972 1400 1186 1455 quoque
1212 1386 1451 1442 dicentes
1475 1403 1595 1442 cum
1628 1405 1694 1444 eo
1725 1391 1922 1446 bellum

343 1495 533 1550 gerere
555 1498 570 1532 :
592 1479 634 1533 si
651 1494 752 1533 non
776 1479 892 1532 haec
923 1477 1169 1545 dixisset,
1196 1479 1319 1548 quid
1342 1495 1448 1534 non
1474 1490 1658 1536 essent
1680 1483 1925 1552 loquuti?

348 1572 571 1639 Quando
596 1572 755 1641 igitur
781 1585 1004 1625 necesse
1047 1570 1208 1624 habet
1242 1570 1325 1624 his
1361 1572 1586 1639 mederi,
1612 1584 1740 1628 tunc
1763 1574 1925 1628 etiam

342 1680 563 1721 necesse
591 1663 748 1718 habet
774 1663 919 1733 loqui
952 1662 1209 1727 humilia;
1234 1671 1291 1716 ut
1313 1663 1463 1730 illud,
1492 1666 1782 1720 Constituit
1803 1682 1923 1721 eum

341 1754 596 1810 heredem
623 1754 999 1808 universorum
1025 1794 1039 1817 ,
1072 1760 1159 1817 et,
1188 1752 1291 1807 Per
1317 1752 1492 1822 ipsum
1534 1756 1660 1809 fecit
1709 1756 1923 1810 sarcula.

341 1848 540 1903 Deinde
565 1862 635 1900 ne
676 1854 858 1901 autem
886 1846 1045 1899 aliam
1082 1853 1283 1915 partem
1314 1844 1471 1899 laedat
1493 1886 1508 1911 ,
1544 1861 1610 1901 ex
1643 1847 1928 1903 humilibus

339 1938 493 1994 dictis
532 1952 657 1993 eum
688 1950 877 1991 rursus
900 1936 1079 1991 evehit
1104 1934 1170 1989 ad
1200 1935 1613 2002 auctoritatem;
1653 1946 1708 1991 et
1742 1948 1928 1993 oSIen-

338 2030 414 2085 dit
439 2044 565 2084 eum
593 2042 717 2083 esse
743 2027 798 2082 in
828 2026 1019 2081 eodem
1052 2026 1256 2081 honore
1280 2041 1387 2096 quo
1414 2026 1573 2081 Pater
1598 2069 1611 2094 ,
1641 2036 1697 2081 et
1720 2027 1855 2083 adeo
1877 2029 1930 2082 in

340 2130 528 2185 eodem
559 2128 806 2191 honore,
854 2134 913 2179 ut
959 2124 1113 2178 multi
1160 2124 1465 2179 existiment
1510 2124 1758 2178 eumdem
1806 2138 1927 2177 esse

342 2221 581 2276 Patrem.
612 2218 748 2273 Vide
776 2226 955 2271 autem
982 2231 1230 2287 magnam
1257 2217 1370 2283 ejus
1396 2216 1730 2285 prudentiam
1756 2233 1770 2270 :
1796 2214 1926 2269 illud

339 2314 490 2381 prius
534 2311 709 2379 ponit,
750 2317 1044 2377 exacteque
1073 2316 1127 2363 et
1164 2317 1415 2363 accurate
1443 2306 1495 2361 id
1523 2308 1842 2373 confirmat;
1874 2314 1929 2361 et

338 2417 463 2456 cum
495 2400 603 2454 hoc
634 2398 732 2453 fuit
754 2409 1049 2463 ostensum,
1080 2398 1223 2468 quod
1250 2398 1321 2453 sit
1350 2398 1442 2453 Dei
1470 2397 1637 2453 Filius
1658 2439 1673 2463 ,
1704 2407 1759 2452 et
1783 2397 1926 2467 quod

342 2493 415 2546 ab
443 2492 570 2561 ipso
599 2506 707 2544 non
748 2490 818 2543 sit
856 2489 1090 2554 alienus,
1128 2497 1245 2543 tuto
1288 2488 1540 2557 deinceps
1578 2503 1927 2558 quacumque

346 2580 471 2634 vult
508 2579 615 2634 alta
644 2579 886 2648 loquitur.
913 2577 1042 2632 Nam
1075 2579 1327 2648 quoniam
1367 2578 1507 2648 quod
1550 2593 1801 2648 magnum
1827 2578 1928 2632 ali-

346 2670 479 2742 quid
510 2670 578 2723 de
616 2684 683 2724 eo
707 2669 917 2733 dixerit,
957 2670 1157 2724 multos
1181 2668 1248 2723 ad
1291 2668 1429 2723 hanc
1457 2668 1677 2724 deduxit
1706 2677 1925 2723 senten-

341 2763 492 2824 tiam,
518 2759 585 2815 de
608 2759 897 2814 humilibus
918 2760 1064 2829 prius
1085 2760 1355 2830 loquutus,
1385 2768 1511 2815 tunc
1528 2768 1641 2814 tuto
1666 2769 1924 2831 quantum

337 2850 455 2905 vult
484 2851 540 2904 in
576 2850 741 2905 altum
773 2850 1017 2920 procedit
1043 2868 1056 2904 :
1082 2859 1136 2905 et
1169 2866 1292 2905 cum
1323 2850 1565 2918 dixisset,
1608 2850 1768 2918 Quem
1796 2868 1922 2905 con-

339 2944 509 2999 stituit
551 2943 778 2997 heredem
816 2943 1187 3007 universarum,
1222 2950 1277 2998 et
1302 2942 1443 3012 quod
1474 2958 1570 3012 per
1597 2944 1771 3013 ipsum
1803 2944 1926 3000 fecit

344 3034 565 3095 saecula,
605 3043 727 3089 tunc
756 3035 1062 3104 subjungit:
1098 3028 1419 3105 Portansque
1444 3036 1616 3090 omnia
1644 3036 1791 3090 verbo
1817 3038 1922 3091 vir-

346 3125 467 3179 tutis
490 3141 610 3179 sane.
643 3125 775 3179 Nam
807 3125 898 3195 qui
930 3124 1097 3179 verbo
1125 3124 1243 3179 solo
1272 3124 1536 3193 gubernat
1561 3126 1739 3179 omnia
1766 3167 1780 3191 ,
1814 3142 1923 3181 non

343 3231 473 3285 opus
503 3216 747 3271 habuerit
776 3217 957 3285 aliquo
986 3215 1053 3269 ad
1082 3215 1261 3270 omnia
1292 3214 1657 3285 producenda.

408 3305 467 3361 2.
503 3306 657 3373 Quod
702 3306 804 3359 hoc
838 3316 1015 3360 autem
1046 3306 1115 3360 ita
1157 3306 1261 3371 sit,
1289 3306 1410 3361 vide
1440 3307 1709 3375 quomodo
1740 3323 1923 3364 rursus

344 3399 639 3467 procedens
659 3399 753 3453 dat
774 3400 821 3454 ei
845 3400 1235 3465 auctoritatem,
1266 3399 1424 3454 etiam
1454 3398 1604 3464 illud,
1632 3398 1735 3453 Per
1753 3417 1920 3470 quem,

346 3494 602 3547 eximens.
634 3491 771 3547 Nam
801 3493 1049 3562 quoniam
1095 3506 1193 3560 per
1232 3492 1405 3560 ipsum
1448 3490 1591 3560 quod
1631 3492 1803 3547 voluit
1840 3502 1923 3548 est

343 3593 618 3652 operatus,
665 3584 733 3637 ab
777 3598 843 3637 eo
889 3583 955 3638 de
996 3592 1193 3637 caetero
1236 3581 1541 3649 discedens,
1587 3584 1711 3653 quid
1750 3584 1923 3639 dicit?

344 3673 499 3729 Initio
532 3686 587 3729 tu
609 3717 625 3741 ,
662 3674 898 3741 Domine,
931 3685 1116 3731 terram
1145 3676 1391 3747 fundasti,
1422 3684 1470 3729 et
1496 3692 1649 3745 Opera
1680 3694 1923 3732 manuum

347 3777 544 3817 tuarum
568 3774 684 3818 sunt
713 3766 825 3818 creti
848 3765 1047 3837 ζωρὸν.
1087 3766 1139 3819 1.
1174 3764 1288 3834 10).
1317 3763 1588 3834 Nusquam
1622 3766 1771 3833 illud,
1820 3767 1925 3822 Per

346 3872 491 3923 quem
517 3896 531 3917 ,
575 3872 749 3926 neque
792 3857 935 3927 quod
975 3872 1070 3927 per
1118 3857 1294 3928 ipsum
1342 3856 1469 3912 fecit
1515 3859 1731 3913 saecula.
1779 3860 1921 3926 Quid

342 3961 472 4000 vero
494 3947 517 3998 ?
541 3961 717 4001 annon
748 3948 817 4002 ab
842 3948 958 4018 ipso
987 3949 1121 4003 facta
1152 3949 1316 4003 sunt?
1361 3948 1623 4014 Maxime;
1667 3949 1763 4004 sed
1813 3965 1920 4005 non

335 4037 479 4091 sicut
520 4046 579 4090 tu
603 4038 767 4103 dicis,
801 4054 973 4108 neque
1004 4048 1060 4093 ut
1102 4048 1155 4093 tu
1188 4039 1501 4110 suspicaris,
1532 4040 1682 4110 quasi
1708 4056 1807 4111 per
1834 4041 1919 4096 in-

333 4138 699 4185 strumentum
724 4172 739 4196 ,
784 4145 955 4199 neque
996 4139 1263 4200 tamquam
1305 4146 1410 4185 non
1449 4130 1633 4185 fuisset
1663 4131 1916 4200 facturus,

337 4223 440 4277 nisi
472 4236 693 4276 manum
720 4221 821 4291 ipsi
851 4220 1168 4291 praebuisset
1193 4222 1370 4277 Pater.
1398 4221 1547 4277 Sicut
1570 4220 1715 4276 enim
1742 4223 1918 4277 nemi-

337 4329 455 4368 nem
479 4314 711 4382 judicat,
735 4320 790 4367 et
815 4312 1011 4367 dicitur
1031 4311 1278 4381 judicare
1302 4326 1399 4381 per
1429 4309 1617 4376 ﬁlium,
1651 4320 1918 4380 quatenus

334 4403 568 4469 iudicem
620 4402 768 4456 illum
819 4402 1059 4472 genuit:
1099 4402 1169 4456 ita
1218 4402 1377 4457 etiam
1426 4400 1625 4456 dicitur
1672 4403 1917 4470 operari,

339 4505 601 4563 quatenus
632 4494 819 4563 genuit
863 4493 1125 4563 opificem.
1175 4493 1230 4548 Si
1279 4494 1421 4548 enim
1469 4493 1629 4548 Pater
1674 4494 1792 4562 ejus
1835 4505 1918 4549 est

338 4602 495 4641 causa
520 4596 575 4641 et
616 4596 825 4651 auctor,
858 4586 1026 4641 multo
1056 4586 1223 4656 magis
1251 4602 1435 4640 eorum
1468 4602 1587 4655 qua:
1620 4601 1714 4654 per
1744 4587 1915 4653 ipsum

344 4677 475 4730 facta
505 4688 648 4732 sunt.

415 4767 562 4825 Pauli
589 4774 915 4833 Samosateni
938 4782 1160 4837 htcresis.
1188 4784 1358 4852 Arius,
1388 4787 1662 4859 Sabellius,
1694 4792 1918 4851 Marcel-

332 4858 419 4913 lus
444 4901 460 4925 ,
505 4862 756 4921 Photinus
801 4880 849 4924 et
901 4872 1132 4928 Marcion
1176 4877 1524 4946 confutantur.
1572 4912 1643 4923 —-
1684 4885 1910 4952 Quando

330 4964 469 5019 ergo
496 4956 602 5008 vult
628 4960 937 5026 ostendere,
975 4964 1114 5032 quod
1145 4980 1209 5019 ex
1240 4967 1373 5035 ipso,
1408 4974 1712 5028 necessario
1733 4974 1910 5048 loqui-

329 5052 421 5096 tur
451 5044 666 5102 humilia
700 5068 713 5103 :
743 5053 959 5119 quando
999 5066 1178 5109 autem
1220 5058 1333 5111 vult
1371 5060 1476 5115 alta
1510 5062 1689 5133 loqui,
1721 5044 1906 5122 ansam

326 5137 518 5204 arripit
554 5138 835 5195 Marcellus
872 5154 925 5198 et
964 5144 1246 5202 Sabellius.
1277 5150 1380 5205 Sed
1410 5154 1689 5211 amborum
1715 5173 1901 5218 exces.

326 5241 447 5326 sum
480 5230 691 5301 fugiens
713 5235 983 5326 Ecclesia,
1012 5240 1096 5294 via
1125 5243 1297 5297 media
1328 5254 1409 5300 est
1430 5247 1692 5319 ingressa.
1722 5252 1905 5326 Neque

326 5318 468 5411 enim
502 5332 686 5377 manet
710 5325 761 5378 in
791 5326 1112 5397 humilitate,
1148 5347 1215 5387 ne
1242 5333 1418 5390 locum
1452 5318 1680 5411 occupet
1708 5318 1909 5402 Paulus

326 5408 713 5469 Samosatenus
751 5419 867 5487 (u);
900 5437 1075 5492 neque
1115 5439 1329 5495 semper
1366 5408 1605 5487 remanet
1637 5434 1691 5489 in
1734 5436 1856 5494 altis
1887 5454 1901 5491 :

324 5550 1229 5660 ιιὲὲίξ⁸τ⁶ἑὲ¹ἒιῖεξ2ἳιξ¹ἑςη¹ἓξηξῆξιέο
1599 5572 1906 5660 mare

434 5613 808 5694 Ἧάὲίὲέιὶιὲ
824 5616 911 5694 ¹³ἰοΔ
925 5621 1214 5694 insessum:
1247 5613 1585 5694 δυειῖιίῐέὲῖἷη
1601 5613 1905 5694 Ἐπιξίὶιῦἕὲ

820 5660 1591 5753 Τῷἕῦἒῖᾒᾝῖρῖιῑῖἑῖιῗῖοέιιῗὲ
1609 5660 1906 5753 ἕέιῗ

1180 5702 1907 5817 ὲὲαῗέῗ.⁴ἓ¹π⁰ὥῖῗη⁰ἓ¹ἔ¹ι¹ιξ¹οξ2ἱέῖ

325 5806 441 5843 num
463 5796 853 5849 Samothracam
877 5811 1017 5853 vocat
1040 5796 1299 5857 Morianos.

655 5892 929 5954 ΡΑτιιοι..
978 5892 1096 5953 Gn.
1145 5894 1362 5961 LM".

2022 487 2079 533 et
2104 493 2290 532 rursus
2315 476 2548 530 ostendit
2577 488 2819 543 magnam
2850 472 2966 539 ejus
2998 472 3445 541 propinquitatem
3469 515 3484 535 ,
3528 492 3596 530 ne

2020 586 2207 626 rursus
2231 570 2427 625 insiliat
2452 568 2738 624 Sabellius.
2764 566 2907 620 Dixit
2927 564 3142 631 Filium,
3165 576 3219 622 et
3238 568 3414 622 statim
3443 583 3599 639 urget

2023 663 2217 717 Paulus
2243 662 2642 724 Samosatenus,
2675 658 2855 713 dicens
2884 658 3055 727 ipsum
3086 672 3208 713 esse
3236 659 3431 714 Filium
3459 661 3601 715 sicut

2021 757 2237 810 multos.
2264 753 2368 810 Sed
2396 752 2554 808 letale
2584 754 2631 807 ei
2664 753 2857 805 vulnus
2880 750 3086 815 inﬂixit,
3108 750 3292 805 dicens
3318 751 3599 809 heredem.

2021 847 2127 903 Sed
2154 846 2327 901 adhuc
2354 844 2688 915 impudenter
2714 858 2773 897 se
2792 842 2929 911 gerit
2959 857 3079 895 cum
3108 844 3236 896 Ario
3262 862 3275 897 :
3302 859 3423 897 nam
3447 845 3597 907 illud,

2022 936 2293 992 Constituit
2320 936 2486 1003 ipsum
2522 931 2786 997 heredem,
2818 932 2977 985 ambo
3004 939 3185 985 tenent
3216 950 3228 986 :
3262 933 3350 986 ille
3379 934 3595 1003 quidem

2022 1028 2205 1082 dicens
2231 1042 2350 1081 esse
2390 1024 2810 1086 imbecillitatis;
2855 1022 2941 1076 hic
2984 1032 3163 1077 autem
3205 1039 3406 1079 conans
3436 1040 3605 1094 Oppii-

2026 1134 2193 1189 gnare
2238 1119 2396 1171 etiam
2450 1115 2590 1181 quod
2629 1114 2882 1181 deincel‘s
2914 1115 3171 1183 sequitur.
3206 1114 3335 1168 Nam
3372 1130 3490 1168 cum
3520 1118 3602 1168 di-

2023 1213 2189 1266 xisset
2204 1208 2525 1275 Paulus,I’er
2544 1224 2687 1278 quem
2699 1206 2812 1276 fecit
2834 1215 2881 1259 et
2903 1206 3108 1267 sarcula,
3128 1207 3371 1275 supinum
3391 1208 3604 1275 quidem

2026 1302 2308 1373 prostravit
2337 1299 2700 1368 impudentem
2748 1298 3153 1352 Samosatenum
3180 1314 3193 1361 ;
3237 1297 3394 1352 Arios
3424 1307 3603 1352 autem

2025 1393 2201 1447 adhuc
2232 1391 2439 1444 videtur
2466 1404 2587 1444 esse
2619 1389 2788 1442 fortis.
2831 1387 2933 1441 Sed
2979 1388 3100 1440 vide
3144 1389 3415 1458 quomodo
3465 1390 3606 1444 hunc

2025 1499 2235 1555 quoque
2281 1482 2647 1552 prostraverit,
2694 1480 2915 1542 dicens,
2966 1480 3069 1546 Qui
3101 1496 3213 1533 cum
3256 1480 3320 1534 sit
3362 1483 3606 1551 splendor

2026 1580 2201 1649 gloriae
2222 1578 2349 1648 ejus.
2378 1575 2480 1631 Sed
2513 1589 2640 1630 ecce
2668 1588 2851 1628 rursus
2882 1573 3123 1627 insiliunt
3153 1573 3438 1640 Sabellius,
3470 1575 3606 1629 Mar-

2026 1670 2193 1724 cellus
2224 1678 2278 1722 et
2317 1668 2594 1721 Photinus.
2638 1664 2741 1719 Sed
2791 1665 2893 1718 illis
2932 1678 3145 1734 quoque
3173 1666 3423 1721 omnibus
3448 1682 3605 1722 unam

2028 1763 2219 1833 inﬂigit
2248 1763 2475 1831 plagam,
2503 1760 2689 1815 dicens
2723 1776 2735 1811 :
2770 1756 2836 1810 Et
2862 1758 3126 1811 character
3153 1757 3447 1812 substantia:
3472 1761 3605 1829 ejus,

2029 1864 2333 1925 portamque
2363 1853 2533 1906 omnia
2560 1851 2706 1904 verbo
2734 1850 2931 1903 uirtutis
2957 1864 3081 1903 sua.
3114 1849 3212 1903 Hic
3243 1865 3430 1905 rursus
3467 1850 3607 1905 Maro

2026 1947 2237 2000 cionem
2268 1960 2482 2014 quoque
2512 1943 2656 2006 ferit,
2689 1956 2794 1994 non
2824 1940 3111 1992 adtnodun:
3138 1937 3352 2007 quidem
3380 1938 3611 2000 fortiter,

2028 2038 2150 2092 ferit
2172 2046 2346 2090 tamen
2371 2053 2383 2089 :
2402 2049 2523 2088 nam
2542 2049 2637 2102 per
2658 2040 2825 2085 totam
2845 2030 3124 2100 epistolam
3147 2043 3267 2081 cum
3292 2028 3370 2081 eis
3392 2036 3612 2096 pugnat.

2023 2128 2155 2193 Sed,
2182 2128 2318 2182 sicut
2343 2126 2488 2190 dixi,
2518 2122 2857 2193 splendorem
2897 2120 3084 2190 gloriae
3125 2117 3321 2171 Filium
3348 2116 3483 2171 dixit
3512 2131 3526 2168 :
3559 2122 3617 2169 et

2025 2219 2168 2290 quod
2218 2218 2319 2271 hoc
2347 2226 2491 2271 recte
2532 2215 2603 2268 sit
2642 2212 2866 2278 dictum,
2893 2210 3014 2264 audi
3040 2208 3312 2265 Christum
3344 2208 3411 2261 de
3445 2222 3506 2261 se
3530 2206 3615 2260 lo-

2026 2318 2302 2380 quentem,
2321 2305 2433 2377 Ego
2457 2321 2568 2359 sum
2591 2305 2680 2357 lux
2704 2302 2881 2355 mundi
2899 2300 3080 2370 (Joan.
3112 2300 3162 2355 8.
3190 2298 3305 2369 12).
3326 2298 3614 2366 Propterea

2024 2413 2203 2458 autem
2226 2399 2355 2455 dicit
2384 2395 2749 2467 splendorem,
2769 2408 2961 2463 nempe
2980 2395 3299 2459 ἀπαύγασμα,
3322 2389 3613 2445 ostendens

2024 2492 2169 2566 quod
2200 2492 2309 2545 illic
2330 2503 2542 2560 quoque
2570 2488 2641 2541 ita
2667 2486 2842 2540 dictus
2864 2485 2953 2550 sit,
2975 2492 3243 2553 tamquam
3266 2481 3444 2536 lumen
3467 2494 3497 2533 a
3524 2480 3611 2534 luo

2027 2582 2313 2639 mine.Non
2338 2581 2439 2634 hoc
2454 2587 2631 2633 autem
2650 2576 2821 2631 solum
2839 2573 3162 2640 ostenditur,
3180 2571 3275 2628 sed
3295 2573 3455 2628 etiam
3468 2569 3611 2641 quod

2024 2683 2236 2731 nostras
2258 2670 2579 2726 illuminavit
2605 2668 2832 2722 animas.
2859 2666 2960 2720 Per
2986 2662 3328 2734 Splendorem
3373 2676 3505 2717 vero
3524 2675 3613 2716 es-

2024 2766 2213 2822 sentia:
2248 2760 2605 2832 aequalitatem
2634 2756 2889 2821 ostendit,
2918 2764 2972 2811 et
3001 2755 3116 2825 ejus
3142 2768 3264 2809 cum
3294 2753 3455 2808 Patre
3482 2767 3609 2821 pro-

2023 2856 2395 2929 pinquitatem.
2436 2850 2621 2921 Cogita
2677 2847 3028 2903 subtilitatem
3073 2860 3261 2901 eorum
3302 2859 3421 2913 qua:
3466 2841 3609 2897 dicta

2022 2957 2174 3005 sunt:
2190 2961 2349 3002 unam
2373 2942 2580 3013 accepit
2602 2940 2914 3004 essentiam,
2934 2947 2988 2993 et
3016 2934 3449 3009 liypostasim,ad
3474 2934 3607 2988 duas

2021 3037 2379 3095 ostendendas
2408 3036 2755 3105 hypostases:
2786 3030 2925 3101 quod
2954 3029 3115 3085 etiam
3146 3027 3273 3083 facit
3301 3028 3352 3081 in
3385 3027 3608 3082 scientia

2022 3131 2272 3202 Spiritus.
2303 3127 2369 3184 Ut
2394 3126 2534 3183 enim
2564 3123 2692 3177 dicit
2717 3136 2875 3176 unam
2908 3135 3028 3175 esse
3055 3118 3335 3174 scientiam
3358 3118 3532 3173 Patris
3554 3125 3609 3172 et

2024 3222 2277 3291 Spiritus,
2308 3228 2367 3273 ut
2405 3231 2526 3287 qua:
2554 3230 2615 3270 re
2643 3228 2767 3269 vera
2820 3212 2889 3266 sit
2917 3226 3051 3281 una,
3071 3219 3126 3265 et
3150 3223 3180 3264 a
3211 3224 3270 3264 se
3295 3209 3428 3263 nihil
3456 3208 3609 3264 diﬂ‘e-

2023 3324 2106 3369 rat
2135 3333 2150 3370 :
2180 3314 2253 3368 ita
2286 3312 2373 3367 hic
2401 3311 2561 3365 etiam
2592 3321 2754 3363 unum
2788 3303 3057 3375 quidpiam
3086 3302 3440 3372 apprehendit
3480 3317 3605 3356 ver-

2021 3407 2146 3461 bum
2164 3404 2229 3461 ad
2257 3403 2482 3459 duorum
2502 3401 2839 3473 hypostases.
2858 3395 3057 3451 Deinde
3075 3394 3368 3465 subjunxit,
3392 3393 3455 3447 Et
3486 3394 3608 3447 clm-

2018 3507 2182 3553 racter
2207 3513 2295 3551 seu
2322 3498 2511 3567 ﬁgura.
2543 3494 2735 3564 Figura
2761 3492 2902 3545 enim
2934 3505 3029 3545 seu
3058 3488 3336 3543 character
3362 3497 3446 3543 est
3470 3488 3607 3542 alius

2018 3591 2086 3646 ab
2117 3588 2409 3658 exemplari
2443 3594 2756 3657 protOtypo;
2801 3583 2939 3638 alius
2967 3591 3145 3637 autem
3192 3595 3299 3636 non
3344 3581 3564 3635 omnino
3587 3622 3603 3646 ,

2020 3680 2115 3736 sed
2140 3680 2192 3734 in
2221 3693 2287 3735 eo
2307 3678 2448 3749 quod
2476 3676 2664 3731 attinet
2679 3674 2745 3728 ad
2772 3674 3099 3744 bypostasin.
3130 3670 3260 3725 Nam
3282 3670 3369 3725 hic
3394 3686 3606 3740 quoque

2017 3774 2297 3828 character
2340 3769 2573 3826 ostendit
2634 3767 2836 3822 nullam
2882 3780 3003 3821 esse
3049 3764 3419 3820 diversitatem
3445 3805 3458 3828 ,
3508 3764 3605 3818 sed

2020 3865 2176 3933 plane
2202 3863 2254 3917 in
2285 3861 2536 3916 omnibus
2566 3858 2857 3928 perfectam
2886 3855 3296 3911 similitudinem
3322 3856 3437 3924 ejus
3456 3895 3473 3920 ,
3505 3869 3603 3908 cu-

2012 3954 2101 4022 jus
2140 3961 2221 4006 est
2256 3952 2535 4006 character
2564 3960 2617 4004 et
2644 3948 2833 4019 ﬁgura.
2879 3948 3015 4001 Cum
3057 3961 3189 4017 ergo
3233 3947 3405 4017 ipsum
3451 3957 3606 4002 vocet

2018 4046 2242 4100 formam
2269 4053 2323 4097 et
2347 4044 2713 4097 characterem
2734 4082 2747 4103 ,
2783 4040 2911 4110 quid
2953 4039 3168 4095 dicent?
3194 4043 3265 4093 At
3295 4040 3488 4105 homo,
3519 4041 3572 4094 in

2018 4140 2153 4210 quit,
2181 4138 2355 4192 dictus
2381 4142 2463 4191 est
2488 4136 2653 4190 etiam
2690 4132 2867 4202 imago
2896 4130 3047 4203 (Gen.
3080 4133 3131 4187 1.
3161 4130 3259 4202 26)
3328 4130 3599 4203 imaginis.

2019 4232 2153 4300 Quid
2184 4234 2351 4288 vero?
2379 4249 2503 4287 num
2533 4236 2604 4288 ita
2637 4245 2692 4290 ut
2721 4235 2932 4291 Filius?
2958 4231 3095 4303 Non,
3120 4235 3317 4306 inquit,
3336 4233 3430 4291 sed
3450 4237 3602 4308 quod

2019 4324 2194 4395 imago
2230 4341 2337 4380 non
2378 4326 2629 4381 ostendat
2657 4326 3087 4381 similitudinem.
3135 4328 3295 4396 Atqui
3341 4336 3602 4397 quatenus

2018 4416 2180 4473 homo
2209 4418 2383 4474 dictus
2410 4428 2493 4474 est
2519 4420 2693 4489 imago
2712 4461 2725 4484 ,
2756 4418 2993 4474 ostendit
3020 4418 3428 4473 similitudinem
3460 4430 3519 4474 ut
3544 4420 3599 4473 in

2016 4505 2253 4563 homine.
2287 4508 2417 4563 Nam
2440 4510 2582 4579 quod
2609 4510 2748 4564 Deus
2770 4519 2851 4565 est
2876 4510 2927 4563 in
2953 4508 3105 4575 caelo,
3136 4508 3238 4563 hoc
3261 4519 3344 4564 est
3364 4509 3527 4565 homo
3546 4512 3598 4563 in

2018 4607 2181 4663 terra,
2207 4599 2371 4669 quod,
2400 4601 2639 4670 inquam,
2668 4601 2860 4657 attinet
2880 4600 2945 4656 ad
2968 4601 3323 4671 principatum
3352 4618 3364 4653 :
3390 4610 3441 4655 et
3462 4601 3602 4655 sicut

2015 4688 2176 4743 homo
2219 4689 2550 4745 dominatum
2595 4691 2803 4747 obtinet
2841 4692 2893 4747 in
2925 4691 3173 4746 omnibus
3220 4706 3339 4762 qua:
3381 4700 3506 4746 sunt
3548 4692 3601 4746 in

2016 4789 2179 4847 terra,
2213 4781 2282 4834 ita
2327 4782 2470 4836 Deus
2508 4782 2841 4837 dominatum
2887 4783 3092 4837 obtinet
3127 4785 3178 4835 in
3206 4781 3455 4836 omnibus
3481 4797 3601 4851 qua:

2012 4871 2218 4925 suntin
2260 4872 2392 4927 caelo
2431 4879 2485 4927 et
2515 4873 2568 4926 in
2603 4881 2765 4929 terra.
2792 4873 3061 4928 Cancrum
3088 4871 3251 4927 homo
3278 4885 3385 4927 non
3426 4872 3603 4929 dictus

2015 4963 2113 5018 fuit
2137 4965 2416 5020 character
2439 5006 2454 5031 ,
2500 4980 2605 5020 non
2635 4965 2813 5021 dictus
2850 4964 2949 5018 fuit
2977 4964 3253 5034 splendor,
3290 4980 3397 5021 non
3426 4966 3602 5022 dictus

2013 5055 2112 5112 fuit
2137 5056 2306 5113 forma
2341 5077 2356 5114 :
2387 5058 2529 5128 quod
2556 5058 2772 5129 quidem
2802 5057 3003 5112 indicat
3030 5058 3321 5117 essentiam
3342 5099 3359 5127 ,
3406 5069 3497 5114 aut
3524 5061 3601 5115 si-

2013 5150 2371 5206 militudinem
2399 5166 2517 5219 qua:
2558 5160 2641 5205 est
2681 5152 2733 5204 in
2776 5149 3031 5205 essentia.
3079 5150 3229 5206 Sicut
3256 5166 3386 5224 ergo
3428 5152 3598 5207 forma

2012 5242 2151 5297 servi
2184 5243 2316 5297 nihil
2360 5243 2505 5298 aliud
2549 5243 2821 5312 exprimit,
2863 5257 3021 5313 quam
3068 5242 3339 5300 hominem
3368 5246 3420 5300 in
3451 5246 3600 5300 nullo

2009 5335 2345 5392 diﬂ'erentem
2380 5355 2392 5391 :
2423 5338 2495 5391 ita
2526 5338 2685 5391 etiam
2719 5336 2888 5391 forma
2922 5338 3017 5393 Dei
3061 5339 3192 5395 nihil
3232 5339 3377 5394 aliud
3417 5340 3602 5409 expri-

2011 5430 2109 5484 mit
2137 5445 2297 5499 quam
2333 5429 2522 5485 Deum.
2567 5430 2666 5497 Qui
2692 5448 2807 5485 cum
2838 5433 2924 5497 sit,
2960 5433 3154 5505 inquit,
3197 5434 3440 5505 splendor
3481 5436 3598 5506 glo-

2008 5521 2119 5575 riaz.
2148 5520 2282 5576 Vide
2309 5522 2434 5592 quid
2467 5521 2626 5579 faciat
2654 5524 2868 5579 Paulus.
2896 5522 3029 5579 Cum
3056 5526 3311 5605 dixisset,
3357 5525 3459 5594 Qui
3482 5538 3607 5581 cum;

2008 5615 2072 5669 sit
2100 5615 2341 5683 splendor
2364 5615 2570 5686 gloriae,
2600 5617 2875 5688 subjonxit
2898 5635 3083 5677 rursus
3112 5638 3125 5673 :
3155 5618 3313 5675 Sedet
3338 5621 3405 5674 ad
3427 5619 3597 5677 dexte-

2009 5721 2118 5759 ram
2150 5707 2429 5778 maiestatis
2460 5723 2480 5762 :
2510 5707 2563 5764 in
2594 5710 2790 5780 quibus
2820 5724 2947 5768 usus
2973 5719 3056 5767 est
3091 5711 3400 5768 nominibus
3420 5752 3436 5780 ,
3470 5726 3596 5768 nus-

2010 5812 2167 5868 quam
2209 5798 2425 5855 invento
2468 5800 2685 5877 nomine
2711 5802 2980 5860 essentia.
3014 5803 3197 5876 Neque
3238 5806 3381 5859 enim
3429 5804 3592 5873 maje-

3254 5904 3294 5960 ‘2
