4088 6212
432 347 502 400 9,3
1169 343 1226 400 S.
1255 343 1529 400 JOANNIS
1566 341 2035 399 CllllYSOSTOMI
2075 341 2385 397 ARCHIEP.
2428 345 2951 422 (ZONSTANTINOP.
3628 353 3695 408 2i

420 456 552 506 stas,
581 453 753 508 neque
779 450 998 494 ocxtera
1022 437 1257 494 ostendit
1282 457 1476 496 nomen
1504 441 1643 511 quod
1669 442 1778 496 vult
1804 442 2004 509 dicere,

421 530 514 585 sed
544 544 737 584 nomen
767 544 872 583 non
903 539 1080 599 potest
1123 531 1384 586 invenire.
1431 531 1542 586 lloc
1577 542 1658 586 est
1695 531 1836 586 enim
1866 534 2006 602 quod

420 621 663 676 dicebam
695 621 761 674 ab
789 621 965 687 initio,
1001 621 1190 691 Aliqua
1224 636 1369 690 szepe
1403 623 1700 692 cogitamus
1727 631 1781 677 et
1810 623 2005 677 intelli-

421 717 618 785 gimus,
669 724 724 770 et
769 730 874 769 non
915 730 1203 785 possumus
1249 716 1450 785 eloqui.
1483 715 1615 770 Nam
1662 731 1834 785 neque
1869 716 2007 770 Deus

420 824 614 863 nomen
663 816 745 861 est
791 807 1064 870 essenlite,
1117 823 1289 877 neque
1336 807 1482 862 illius
1530 807 1778 861 essentia:
1832 817 2001 875 potest

421 914 614 954 nomen
660 899 879 953 omnino
912 898 1161 952 inveniri.
1193 899 1258 952 Et
1286 897 1410 968 quid
1443 898 1637 951 mirum
1679 898 1722 949 si
1767 900 1817 950 in
1853 897 1960 951 Deo
1991 941 2004 962 ,

420 1006 540 1045 cum
572 1003 672 1044 nec
702 989 754 1043 in
783 988 976 1060 angelo
1008 989 1276 1044 inveneris
1313 1005 1506 1044 nomen
1533 1032 1547 1055 ,
1579 989 1718 1059 quod
1749 989 2006 1058 Signilit'el

423 1087 756 1144 essentiam?
793 1089 1020 1142 fortasse
1061 1095 1237 1142 autem
1266 1102 1364 1142 nec
1395 1087 1446 1140 in
1479 1088 1654 1141 anima
1687 1107 1698 1140 :
1729 1103 1831 1142 non
1865 1091 2006 1143 enim

425 1182 554 1236 mihi
585 1181 796 1236 videtur
849 1181 948 1234 hoc
987 1194 1186 1234 nomen
1210 1179 1336 1248 .ejus
1377 1177 1663 1234 ostendere
1694 1181 2006 1248 essentiam,

425 1273 517 1327 sed
543 1273 649 1326 vim
681 1270 939 1343 spirandi.
969 1269 1228 1326 Eamdem
1254 1271 1396 1325 enim
1423 1279 1477 1324 et
1503 1269 1764 1336 animam,
1794 1280 1847 1326 ct
1871 1286 1964 1326 cor
1987 1311 2003 1337 ,

421 1372 477 1417 et
502 1372 736 1419 mentem
764 1361 940 1416 vocari
971 1360 1169 1416 videris
1199 1378 1213 1414 :
1247 1361 1344 1415 Cor
1370 1360 1512 1415 enim
1542 1360 1731 1430 inquit,
1759 1362 2006 1416 mundum

422 1470 538 1508 erea
567 1454 617 1508 in
648 1470 725 1508 me
757 1452 891 1506 Deus
921 1451 1092 1524 (Psal.
1125 1451 1214 1507 50.
1248 1451 1362 1522 12).
1386 1450 1500 1505 Non
1527 1451 1697 1506 solum
1730 1468 1855 1508 vero
1880 1453 2000 1520 ista,

420 1547 514 1602 sed
541 1557 596 1602 et
621 1547 866 1616 spiritum
899 1546 1078 1600 multis
1107 1545 1160 1598 in
1185 1545 1318 1598 locis
1347 1543 1542 1599 videris
1570 1559 1688 1599 eam
1714 1545 1997 1614 appellari.

424 1638 740 1707 Portansque
767 1637 935 1692 omnia
957 1636 1104 1690 verbo
1127 1636 1326 1691 virtutis
1351 1651 1476 1691 aute.
1500 1635 1659 1692 Vides
1675 1637 1800 1707 quid
1832 1635 2001 1692 dicit?

490 1732 543 1786 5.
589 1730 763 1784 Minus
787 1739 858 1784 est
884 1728 1126 1782 mundum
1151 1744 1346 1794 creare,
1375 1744 1528 1797 quant
1550 1728 1718 1795 ipsum
1749 1730 2004 1782 continere

416 1835 462 1877 et
487 1840 704 1878 seruare.
725 1851 798 1864 —
815 1819 1094 1888 Quomodo
1120 1834 1268 1890 ergo,
1301 1834 1484 1888 quteso
1515 1827 1566 1872 te
1589 1860 1604 1885 ,
1634 1819 1935 1882 contendis,
1968 1833 2002 1873 o

415 1916 688 1981 hmretice,
713 1929 833 1968 cum
862 1912 1119 1982 scriptum
1149 1912 1220 1966 sit
1248 1929 1261 1962 :
1295 1909 1459 1973 Dixit,
1493 1909 1683 1978 inquit,
1708 1909 1859 1975 Deut,
1885 1908 2002 1964 Fiat

415 2007 508 2060 lux
535 2004 688 2074 (Gen.
723 2005 774 2058 1.
802 2004 879 2072 5),
911 2002 1124 2057 Patrem
1160 2000 1407 2071 jussisse,
1439 1998 1632 2062 Filium
1659 2010 1840 2055 autem
1871 2001 2004 2058 obe-

413 2097 618 2152 diisse?
651 2095 760 2151 Sed
802 2109 927 2150 ecce
957 2093 1045 2149 hic
1071 2107 1283 2164 quoque
1312 2093 1426 2162 ipse
1449 2091 1616 2146 verbo
1651 2091 1773 2146 facit
1805 2111 1819 2148 :
1847 2111 1996 2163 nam,

413 2187 752 2253 Portansque,
796 2186 986 2256 inquit,
1019 2185 1230 2249 omnia;
1267 2183 1371 2238 hoc
1399 2193 1502 2249 est,
1530 2182 1851 2252 gubernans,
1882 2201 1999 2255 quae

411 2283 610 2339 cadunt
653 2280 920 2336 continet.
960 2277 1078 2333 Non
1123 2285 1204 2332 est
1257 2276 1401 2331 enim
1453 2277 1628 2331 minus
1679 2277 1995 2346 continere,

412 2390 571 2442 quam
599 2362 1118 2432 mundum-Iecisse;
1148 2367 1242 2424 sed
1273 2367 1316 2422 si
1349 2368 1594 2422 mirabile
1615 2368 1815 2438 aliquid
1840 2384 1998 2439 opor-

412 2473 488 2521 tet
505 2465 716 2528 dicere,
743 2469 827 2518 est
850 2463 1012 2515 etiam
1041 2459 1232 2527 majus.
1263 2458 1395 2512 Nam
1427 2458 1558 2512 illud
1580 2459 1794 2528 quidem
1821 2468 1903 2514 est
1929 2476 1993 2516 ex

411 2555 580 2610 nihilo
618 2552 816 2624 aliquid
875 2549 1217 2620 producere:
1253 2564 1374 2619 quae
1425 2550 1563 2604 laeta
1615 2557 1740 2603 sunt
1781 2561 1990 2618 autem,

408 2647 686 2717 relapsora
716 2643 784 2699 ad
816 2642 1041 2698 nihilum
1069 2641 1350 2698 continere
1379 2649 1433 2697 et
1474 2642 1611 2697 inter
1640 2657 1699 2697 se
1727 2643 1993 2700 dissiden-

411 2740 479 2793 tia
510 2736 860 2807 conjungere,
902 2734 1007 2791 hoc
1031 2741 1128 2790 est
1172 2749 1420 2804 magnum
1467 2742 1523 2789 et
1569 2733 1903 2802 admirabile,
1941 2748 1993 2792 et

406 2830 658 2886 indicittm
696 2843 905 2899 magna:
924 2827 1166 2883 virtutis.
1211 2825 1414 2880 Deinde
1445 2826 1739 2882 ostendens
1765 2825 1993 2883 facilita-

406 2932 536 2988 tem,
569 2921 721 2987 dixit,
747 2919 968 2974 Portans
996 2933 1089 2975 seu
1119 2917 1318 2974 ferens.
1337 2916 1452 2972 Non
1471 2916 1622 2982 dixit,
1648 2917 1987 2986 Gubernans,

405 3030 434 3069 a
476 3013 787 3083 metaphora
832 3026 1018 3067 eorum
1060 3011 1150 3081 qui
1193 3009 1359 3080 digito
1407 3009 1745 3064 solummodo
1790 3011 1986 3081 aliquid

403 3114 639 3173 movent,
671 3113 726 3161 et
749 3101 993 3159 efﬁciunt
1023 3113 1081 3158 ut
1110 3102 1519 3158 circumferetur
1545 3102 1643 3172 (a).
1680 3103 1775 3158 llic
1809 3114 1989 3159 osten-

401 3201 478 3255 dit
521 3214 764 3271 magnam
810 3198 971 3254 etiam
1016 3196 1209 3252 molem
1257 3211 1380 3251 esse
1416 3203 1698 3261 creaturaa,
1747 3195 1798 3250 id
1843 3197 1985 3267 quod

400 3306 649 3362 magnum
689 3299 776 3345 est
823 3289 874 3344 ei
923 3288 1054 3344 nihil
1094 3301 1235 3343 esse.
1282 3284 1484 3341 Deinde
1532 3301 1716 3341 rursus
1754 3287 1988 3342 ostendit

397 3382 542 3453 quod
570 3382 621 3436 id
652 3382 812 3438 faciat
849 3381 985 3436 citra
1028 3378 1290 3444 laborem,
1339 3377 1545 3441 dicens,
1598 3375 1758 3430 Verbo
1786 3377 1984 3432 virtutis

398 3488 522 3527 sum.
551 3472 715 3527 Recte
745 3472 900 3538 dixit,
941 3470 1100 3524 Verbo
1131 3485 1149 3524 :
1175 3484 1294 3524 nam
1326 3467 1577 3538 quoniam
1605 3469 1822 3523 verbum
1845 3469 1984 3539 apud

397 3579 497 3620 nos
523 3565 733 3620 videtur
760 3578 880 3620 esse
907 3563 1045 3618 exile
1072 3570 1124 3616 ct
1150 3571 1328 3624 tenue,
1373 3560 1607 3615 ostendit
1642 3560 1692 3614 id
1725 3576 1830 3614 non
1863 3575 1985 3616 esse

401 3659 540 3711 exile
567 3667 622 3712 et
653 3667 813 3712 tenue
851 3662 904 3710 in
943 3657 1072 3710 Deo.
1104 3655 1208 3710 Sed
1248 3654 1390 3726 quod
1417 3653 1629 3724 quidem
1663 3652 1824 3710 verbo
1851 3666 1975 3722 por-

399 3757 494 3810 tet,
526 3747 694 3811 dixit;
721 3745 994 3819 quomodo
1017 3754 1195 3802 autem
1223 3743 1386 3801 verbo
1410 3753 1607 3815 portet,
1637 3756 1973 3813 nequaquam

399 3836 592 3908 adjecit
623 3854 639 3893 :
670 3853 844 3906 neque
885 3838 1030 3892 enim
1071 3836 1198 3892 sciri
1227 3843 1428 3905 potest.
1471 3834 1673 3891 Deinde
1706 3832 1981 3904 subjuuxit

397 3932 466 3984 de
508 3930 624 4000 ejus
668 3929 968 4001 majestate.
1011 3928 1102 3984 Sic
1143 3927 1290 3983 enim
1329 3927 1458 3984 fecit
1498 3927 1658 3983 etiam
1699 3924 1978 3981 Joannes:

399 4038 523 4078 nam
553 4037 675 4078 cum
695 4023 920 4079 dixisset
947 4022 1088 4092 quod
1117 4023 1186 4075 sit
1218 4021 1380 4086 Deus,
1413 4020 1687 4089 subiunxit
1709 4018 1978 4088 opiﬁcium

399 4122 683 4168 creatum.
717 4111 868 4178 Quod
913 4109 1056 4164 enim
1100 4109 1190 4164 ille
1227 4111 1384 4164 tacite
1423 4111 1614 4174 innuit,
1666 4108 1872 4170 dicens,
1910 4104 1984 4160 -Ιιι

400 4202 652 4273 principio
699 4210 806 4254 erat
856 4199 1088 4263 Verbum,
1143 4208 1218 4263 el,
1271 4198 1455 4252 Omnia
1505 4215 1592 4267 per
1635 4199 1802 4268 ipsum
1849 4200 1984 4268 facta

402 4304 518 4349 sunt
547 4294 727 4364 (Joan.
761 4295 812 4348 1.
846 4294 868 4348 l
894 4303 940 4346 et
957 4293 1036 4362 5),
1063 4292 1165 4347 hoc
1187 4291 1382 4345 Paulus
1411 4306 1622 4360 quoque
1644 4306 1737 4359 per
1761 4289 1981 4346 verbum

403 4387 638 4443 ostendit
666 4395 730 4442 et
757 4385 1006 4451 dicendo,
1055 4383 1155 4437 Per
1195 4399 1338 4453 quem
1371 4381 1486 4451 fecit
1527 4392 1573 4436 et
1608 4381 1796 4436 stecula
1823 4398 1842 4436 :
1872 4391 1985 4447 ete-

403 4479 514 4532 nim
554 4493 675 4532 eum
722 4475 957 4532 ostendit
995 4484 1048 4529 et
1079 4472 1326 4544 opiﬁcem
1366 4481 1421 4528 et
1467 4487 1586 4528 esse
1632 4481 1758 4527 aute
1805 4474 1983 4528 omnia

404 4569 618 4624 saecula.
645 4567 783 4634 Quid
814 4581 963 4630 vero,
1005 4579 1126 4620 cum
1165 4563 1233 4619 de
1263 4563 1420 4619 Patre
1443 4562 1660 4634 quidem
1687 4564 1828 4619 dicat
1857 4578 1984 4633 pro-

405 4661 589 4730 pheta,
631 4661 674 4713 A
703 4661 888 4715 seculo
915 4667 961 4713 et
987 4673 1145 4727 usque
1174 4658 1226 4710 in
1257 4656 1502 4710 steculum
1525 4665 1584 4709 .tu
1613 4672 1664 4710 es
1690 4655 1861 4729 (Psal.
1894 4657 1985 4712 89.

404 4752 482 4819 2)
517 4769 530 4805 :
563 4753 630 4807 de
671 4751 807 4807 Filio
838 4760 1038 4814 autem,
1079 4747 1221 4819 quod
1265 4749 1334 4801 sit
1379 4756 1501 4801 ante
1550 4748 1728 4803 omnia
1771 4749 1985 4816 saecula,

407 4853 463 4899 et
487 4846 724 4900 omnium
751 4844 949 4914 opifex,
980 4840 1108 4910 quid
1149 4839 1424 4894 dixerint?
1455 4839 1563 4894 imo
1590 4854 1719 4894 vero
1753 4838 1987 4908 quando,

409 4937 551 5006 quod
579 4937 647 4991 de
685 4936 842 4990 Patre
876 4933 1179 4999 dicebatur,
1209 4931 1309 4998 Qui
1337 4939 1420 4985 est
1465 4939 1591 4986 ante
1630 4929 1846 4996 saecula,
1892 4929 1993 4984 hoc

410 5028 609 5084 videris
637 5027 796 5081 etiam
827 5026 1028 5082 dictum
1056 5025 1124 5080 de
1156 5023 1331 5078 Filio?
1372 5022 1441 5076 Et
1487 5022 1627 5077 sicut
1666 5021 1798 5076 dicit
1823 5020 1990 5078 Joan~

411 5136 529 5186 nes,
572 5117 688 5172 Vita
716 5125 844 5180 erat,
873 5118 1180 5186 signiﬁcans
1230 5116 1336 5169 vim
1362 5129 1426 5169 ac
1469 5121 1785 5183 potestatem
1817 5114 1993 5168 conti-

412 5214 575 5271 nendi
607 5220 931 5273 creaturam,
977 5211 1228 5279 quoniam
1278 5208 1391 5279 ipse
1434 5216 1517 5262 est
1558 5207 1666 5260 vita
1705 5205 1942 5260 omnium
1978 5223 1992 5260 :

413 5310 484 5362 ita
516 5305 713 5364 Paulus
756 5315 988 5371 quoque,
1041 5299 1360 5369 Portansque
1394 5298 1566 5352 omnia
1606 5297 1752 5365 verba
1798 5296 1996 5350 virtutis

414 5415 521 5454 sua:
548 5414 568 5452 :
599 5411 702 5452 non
728 5393 867 5448 sicut
892 5390 1088 5456 Grazci,
1121 5398 1175 5444 et
1204 5390 1314 5459 ipsa
1342 5388 1614 5444 creatione
1635 5397 1688 5442 et
1710 5385 1997 5456 providen-

415 5494 509 5556 tia,
533 5499 788 5559 quantum
809 5485 874 5539 ad
901 5483 1050 5554 ipsos
1077 5480 1284 5546 attinet,
1309 5482 1478 5550 ipsum
1506 5479 1795 5550 privantes,
1827 5476 1892 5531 ad
1916 5477 1998 5532 lu-

419 5599 540 5638 nam
560 5596 725 5650 usque
739 5578 854 5648 ejus
871 5573 1250 5633 concludentes
1269 5572 1579 5641 potentiam.
1597 5569 1699 5624 Per
1709 5587 1780 5633 se,
1803 5568 1996 5638 inquit,

483 5706 557 5814 (ai)
569 5704 686 5813 Illic
708 5699 892 5811 deqinit
909 5694 1119 5749 Homilia
1139 5693 1184 5744 ll
1211 5693 1258 5743 in
1284 5690 1581 5752 Oolbertino,
1607 5691 1688 5740 ubi
1709 5695 1888 5740 cetera
1911 5698 2008 5736 om-

483 5785 498 5814 ι
522 5789 530 5812 ὁ
556 5782 635 5814 «loli
662 5779 776 5811 orau
800 5776 876 5810 ω’.

421 5773 498 5818 nia
522 5769 876 5817 desiderantur.

2107 485 2110 488 .
2123 440 2260 508 facta
2283 439 2578 507 purgatione
2609 449 2923 507 peccatorum
2966 451 3268 501 nostrorum.
3314 446 3445 505 Cum
3484 451 3707 513 dixisset

2122 528 2190 584 de
2214 525 2318 583 illis
2348 529 2676 583 admirandis
2701 540 2758 585 et
2788 532 2992 602 magnis
3037 550 3156 604 qure
3182 549 3309 593 sunt
3335 555 3606 612 suprema,
3637 550 3705 604 de

2120 635 2315 678 caetero
2333 623 2458 677 dicit
2476 622 2634 676 etiam
2661 622 2727 678 de
2753 638 2880 677 cura
2900 625 3015 694 ejus
3037 627 3088 680 in
3108 628 3372 687 homines.
3390 635 3456 690 Et
3472 639 3703 697 maxime

2118 714 2332 785 quidem
2361 724 2480 769 erat
2518 715 2646 769 illud
2671 717 2917 784 generale
2947 727 3004 772 et
3042 719 3286 776 universa
3313 729 3694 798 complectens,

2117 804 2440 875 Portausque
2463 805 2669 870 omnia;
2693 821 2874 860 verum
2904 806 3005 861 hoc
3043 818 3126 863 est
3153 812 3320 867 multo
3342 818 3534 885 majus.
3565 820 3697 877 Nam

2115 898 2274 952 etiam
2293 906 2374 950 est
2389 897 2640 966 generale
2657 909 2705 952 et
2724 897 2973 953 universa
2989 900 3376 969 complectens:
3397 917 3540 976 nam,
3556 915 3697 982 quod

2115 992 2286 1060 ipsum
2324 999 2553 1060 spectat,
2585 1005 2775 1045 omnes
2815 992 2992 1044 salvos
3037 989 3180 1046 fecit.
3205 994 3434 1052 Etenim
3463 1000 3697 1060 Joannes

2111 1097 2321 1152 quoque
2348 1096 2467 1134 cum
2495 1082 2745 1136 dixisset:
2783 1076 2895 1130 Vita
2925 1090 3053 1147 erat,
3083 1091 3137 1135 et
3163 1086 3549 1151 providentiam
3576 1094 3694 1162 ejus

2126 1185 2496 1255 signiﬁcasset,
2526 1201 2710 1240 rursus
2746 1186 2894 1255 dicit,
2923 1185 2990 1240 Et
3019 1187 3109 1240 lua:
3132 1197 3259 1255 erat,
3304 1189 3354 1242 id
3399 1191 3570 1258 ipsum
3601 1190 3701 1246 de-

2126 1277 2357 1334 clarans.
2405 1276 2508 1332 Per
2545 1294 2616 1342 se,
2651 1277 2841 1346 inquit,
2888 1281 3024 1349 facta
3055 1281 3354 1350 purgatione
3384 1293 3704 1351 peccatorum

2127 1378 2451 1430 nostrorum;
2492 1369 2628 1422 sedet
2668 1369 2736 1420 ad
2774 1368 3034 1422 dexteram
3070 1372 3347 1440 majestatis
3391 1373 3442 1425 in
3471 1373 3700 1428 excelsis.

2129 1457 2240 1509 Duo
2269 1456 2352 1510 hic
2389 1458 2538 1526 ponit
2577 1459 2804 1511 maxima
2833 1459 2949 1527 ejus
2979 1475 3123 1514 curte
3152 1461 3343 1516 indicia
3373 1480 3388 1516 :
3419 1472 3474 1516 et
3500 1463 3642 1531 quod
3670 1478 3701 1516 a

2125 1547 2355 1615 peccatis
2382 1561 2479 1602 nos
2517 1549 2842 1617 purgaverit,
2875 1560 2929 1604 et
2973 1550 3114 1619 quod
3162 1567 3260 1621 per
3297 1567 3355 1606 se
3398 1551 3450 1606 id
3489 1552 3700 1608 fecerit.

2124 1640 2188 1692 lit
2214 1640 2392 1694 multis
2421 1641 2472 1694 in
2498 1641 2632 1695 locis
2658 1640 2807 1696 vides
2836 1657 2956 1696 eum
2984 1642 3051 1700 de
3086 1642 3187 1698 hoc
3208 1643 3448 1714 gloriari,
3474 1661 3576 1700 non
3605 1661 3699 1700 so-

2121 1741 2228 1784 lum
2264 1729 2332 1784 de
2359 1731 2796 1786 reconciliatione
2829 1747 2958 1802 erga
2989 1735 3171 1799 Deum,
3213 1734 3307 1788 sed
3351 1736 3510 1790 etiam
3556 1737 3698 1807 quod

2121 1821 2220 1876 hoc
2251 1821 2444 1876 factum
2476 1822 2542 1875 sit
2589 1838 2680 1892 per
2708 1823 2902 1878 Filium
2933 1841 2946 1878 :
2977 1827 3175 1881 etenim
3219 1841 3404 1882 revera
3448 1843 3695 1896 maguum

2117 1911 2316 1966 donum
2347 1918 2507 1970 etiam
2531 1917 2700 1986 majus
2729 1916 2922 1972 factum
2959 1929 3061 1985 εει,
3090 1934 3155 1973 eo
3179 1919 3322 1988 quod
3351 1935 3447 1988 per
3477 1920 3693 1974 Filium.

2117 2002 2248 2057 Nam
2285 2019 2410 2058 cum
2459 2005 2702 2071 dixisset,
2747 2007 2902 2062 Sedet
2940 2009 3008 2060 ad
3053 2009 3332 2072 dexteram,
3379 2019 3453 2074 et,
3503 2009 3608 2064 Per
3642 2028 3698 2065 se

2117 2095 2414 2164 purgatione
2440 2100 2578 2167 facta
2608 2107 2930 2166 peccatorum
2957 2108 3261 2163 nostrorum,
3290 2107 3344 2153 et
3373 2113 3588 2154 crucem
3618 2115 3698 2156 re.

2115 2194 2361 2240 vocasset
2392 2188 2442 2240 in
2482 2188 2822 2253 memoriam,
2856 2187 2963 2242 cito
2993 2188 3266 2256 subjunxit
3292 2203 3597 2243 sermonem
3627 2189 3696 2245 de

2115 2277 2508 2332 resurrectione
2535 2289 2586 2333 ot
2615 2279 2950 2334 ascensione.
2990 2277 3121 2333 \‘ide
3147 2288 3324 2333 autem
3356 2279 3692 2349 prudentiam

2111 2365 2227 2434 ejus
2266 2366 2586 2422 ineffabilem
2615 2386 2628 2421 :
2654 2385 2759 2424 non
2805 2369 2960 2434 dixit,
2991 2367 3182 2424 .lussus
3210 2377 3294 2424 est
3321 2368 3534 2436 sedere,
3575 2368 3690 2434 sed,

2114 2455 2285 2511 Sedet.
2317 2457 2517 2512 Deinde
2546 2473 2754 2525 rursus,
2798 2475 2865 2514 ne
2894 2460 3176 2514 existimes
3204 2475 3327 2514 eum
3363 2470 3529 2525 stare,
3559 2460 3689 2515 sub-

2104 2545 2320 2615 jungit:
2353 2547 2435 2601 Ad
2479 2565 2624 2618 quem
2671 2559 2837 2603 autem
2877 2551 3171 2620 angelorum
3218 2550 3348 2605 dixit
3394 2551 3689 2620 aliquando,

2111 2636 2246 2690 Sede
2272 2653 2304 2690 a
2332 2636 2522 2691 dextris
2548 2639 2711 2692 meis?
2738 2639 2899 2694 Sedet
2925 2654 3076 2708 ergo,
3103 2639 3293 2709 inquit,
3322 2638 3386 2692 ad
3415 2639 3687 2692 dexteram

2111 2729 2402 2798 majestatis
2429 2731 2480 2784 in
2505 2732 2753 2787 excelsis.
2785 2732 2921 2800 Quid
2948 2742 3050 2798 est,
3077 2731 3140 2786 In
3169 2733 3419 2787 excelsis?
3449 2733 3687 2786 Deumne

2108 2819 2227 2875 loco
2253 2821 2566 2876 concludit?
2614 2822 2769 2878 Absit
2801 2839 2816 2877 :
2847 2838 2951 2876 non
2998 2833 3056 2877 ut
3101 2823 3151 2878 id
3199 2823 3554 2894 suSpicemur,
3603 2821 3688 2875 sic

2109 2909 2356 2981 loquutus
2385 2923 2487 2976 est,
2510 2913 2603 2967 sed
2625 2914 2759 2968 sicut
2789 2914 2992 2978 dicens,
3024 2914 3105 2968 Ad
3126 2917 3399 2981 dexteram,
3433 2929 3538 2968 non
3561 2929 3683 2967 cum

2104 3017 2368 3086 ﬁguravit,
2414 3014 2507 3069 sed
2554 3013 2788 3069 ostendit
2816 3029 2935 3067 eum
2981 3014 3032 3066 in
3075 3013 3265 3069 eodem
3314 3028 3434 3070 esse
3477 3013 3690 3074 honore

2102 3124 2210 3179 quo
2237 3109 2394 3163 Pater
2423 3124 2436 3159 :
2470 3108 2542 3160 ita
2571 3121 2692 3160 eum
2719 3105 2924 3170 dicens,
2950 3103 3016 3158 In
3039 3105 3272 3171 excelsis,
3304 3120 3409 3160 non
3432 3121 3552 3162 cum
3575 3106 3681 3161 illic

2102 3200 2338 3264 inclusit,
2395 3196 2490 3252 sed
2542 3195 2776 3252 ostendit
2828 3212 2948 3250 eum
3006 3211 3126 3251 esse
3188 3196 3424 3251 omnium
3480 3196 3680 3254 altissi-

2101 3307 2269 3358 mum,
2299 3301 2353 3345 et
2405 3292 2579 3344 omnia
2613 3289 3008 3355 transcendere,
3055 3289 3157 3343 hoc
3206 3298 3306 3353 est,
3338 3292 3579 3359 pervenit
3614 3291 3678 3344 ad

2102 3384 2273 3454 ipsum
2315 3384 2562 3438 thronum
2610 3391 2906 3451 paternum.
2951 3381 3098 3435 Sicut
3126 3396 3256 3450 ergo
3304 3383 3461 3435 Pater
3497 3392 3579 3438 est
3628 3384 3680 3436 in

2102 3476 2349 3541 excelsis,
2380 3475 2450 3528 ita
2486 3475 2650 3530 etiam
2677 3474 2792 3544 ipse
2824 3491 2838 3527 :
2867 3487 3150 3526 consessus
3180 3473 3322 3526 enim
3363 3473 3495 3526 nihil
3535 3473 3679 3528 aliud

2104 3569 2301 3624 indicat
2331 3583 2487 3638 quam
2517 3567 2568 3622 in
2595 3566 2784 3622 eodem
2818 3579 2938 3620 esse
2969 3563 3192 3618 honore.
3221 3563 3276 3618 Si
3301 3572 3478 3619 autem
3500 3565 3679 3620 dicant

2104 3673 2225 3714 eum
2267 3657 2490 3721 dixisse,
2540 3655 2694 3721 Sede,
2729 3669 2824 3710 eos
2863 3654 3256 3722 interrogemus
3287 3669 3300 3706 :
3331 3652 3468 3718 Quid
3510 3656 3679 3708 vero?

2104 3749 2307 3805 dixitne
2333 3749 2537 3804 stanti?
2563 3749 2632 3803 At
2656 3747 2706 3802 id
2729 3746 3012 3802 ostendere
3031 3761 3136 3801 non
3165 3747 3389 3816 possint.
3412 3746 3526 3801 Non
3548 3747 3683 3802 dixit

2105 3850 2251 3896 certe
2275 3841 2415 3911 quod
2442 3840 2663 3910 jusserit
2690 3847 2782 3893 aut
2811 3837 3126 3908 imperarit;
3168 3837 3286 3903 sed,
3327 3837 3492 3906 Dixit,
3528 3839 3681 3906 Sede,

2106 3949 2211 3988 non
2234 3941 2452 4003 propter
2466 3931 2607 3986 aliud
2630 3945 2788 4000 quam
2812 3945 2880 3985 ne
2899 3929 3178 3984 existimes
3199 3944 3321 3983 eum
3343 3943 3465 3986 esse
3483 3931 3685 4001 absque

2105 4024 2366 4094 principio
2395 4032 2450 4078 et
2476 4023 2593 4078 sine
2614 4037 2806 4077 causa.
2833 4021 2965 4076 Nam
2995 4021 3134 4091 quod
3167 4031 3445 4090 propterea
3486 4023 3563 4077 sic
3601 4023 3682 4078 di-

2105 4115 2263 4176 xerit,
2293 4123 2375 4167 est
2403 4111 2743 4181 perspicuum
2775 4125 2839 4164 ex
2871 4110 2991 4162 loco
3020 4109 3276 4163 sessionis
3303 4126 3318 4164 :
3346 4111 3389 4166 si
3417 4111 3559 4166 enim
3588 4127 3683 4166 vo-

2095 4205 2290 4260 luisset
2341 4200 2639 4271 signiﬁcare
2688 4198 3093 4254 diminutionem
3123 4241 3138 4264 ,
3195 4215 3302 4254 non
3351 4199 3589 4268 dixisset,
3638 4201 3680 4254 Α

2106 4295 2315 4357 dextris,
2344 4292 2461 4358 sed,
2491 4292 2535 4346 A
2562 4289 2814 4345 sinistris.

2177 4387 2344 4441 Filius
2396 4383 2488 4438 Dei
2531 4381 2695 4435 Filius
2751 4390 2822 4434 est
2871 4389 3074 4448 natura,
3122 4397 3219 4435 non
3255 4382 3420 4452 gratia
3467 4390 3678 4435 tantum.

2107 4471 2859 4544 ——4.Tanto,inquit,melior
2875 4473 3068 4541 angelis
3107 4471 3333 4538 effectus,
3367 4483 3552 4543 quanto
3577 4472 3683 4542 dif-

2110 4573 2346 4649 ferentius
2378 4583 2483 4639 prw
2522 4565 2625 4619 illis
2672 4579 2850 4616 nomen
2892 4563 3206 4644 ltereditavit.
3253 4563 3407 4628 Illud,
3438 4561 3684 4628 Effectus,

2111 4668 2196 4722 hic
2216 4674 2300 4720 est
2318 4677 2414 4733 pro
2434 4658 2736 4714 declaratus
2758 4653 2839 4706 vel
2864 4652 3282 4716 demonstratus,
3310 4661 3369 4706 ut
3393 4653 3464 4706 ita
3486 4652 3684 4706 dicam.

2111 4756 2316 4819 Deinde
2361 4751 2411 4806 id
2451 4747 2751 4803 conﬁrmat.
2786 4742 3112 4810 Quomodo?
3144 4742 3220 4796 Ex
3252 4741 3487 4797 nomine.
3529 4742 3688 4796 Vides

2115 4842 2254 4913 quod
2283 4857 2477 4898 nomen
2513 4843 2698 4907 Filius,
2745 4842 2882 4896 solet
2911 4843 3210 4913 signiﬁcare
3238 4839 3652 4910 germanitatem
3676 4841 3696 4889 ἲ

2119 4935 2182 4990 Et
2207 4943 2374 4998 certe,
2421 4935 2466 4989 si
2495 4950 2602 4989 non
2635 4942 2777 4989 esset
2816 4949 3105 5005 germanus
3135 4934 3320 4997 Filius,
3351 4947 3457 4987 non
3496 4932 3570 4986 ita
3616 4932 3695 4984 lo.

2114 5033 2307 5094 quotus
2334 5034 2496 5079 esset.
2543 5023 2763 5093 Quare?
2805 5024 2939 5090 Quia
2978 5039 3264 5095 germanus
3293 5025 3362 5078 ob
3392 5023 3523 5078 nihil
3550 5020 3693 5077 aliud

2113 5126 2195 5170 est
2222 5131 2382 5185 quam
2411 5124 2676 5186 quatenus
2715 5126 2797 5170 est
2825 5132 2888 5170 ex
2931 5114 3049 5185 ipso
3077 5135 3091 5170 :
3123 5117 3282 5186 igitur
3311 5132 3377 5171 ex
3406 5132 3470 5170 eo
3494 5114 3694 5169 conﬁr-

2115 5215 2242 5260 mat.
2277 5205 2409 5260 Nam
2455 5206 2498 5260 si
2529 5215 2611 5261 est
2641 5207 2808 5276 gratia
2852 5205 3043 5270 Filius,
3093 5221 3197 5259 nun
3247 5206 3418 5260 solum
3444 5220 3570 5258 non
3615 5211 3697 5257 est

2113 5296 2318 5366 angelis
2359 5296 2717 5365 praestantior,
2774 5295 2868 5349 sed
2919 5295 3078 5348 etiam
3129 5296 3325 5348 minor.
3373 5292 3697 5360 Quomodo?

2111 5389 2374 5454 Quoniam
2408 5388 2650 5443 homines
2690 5402 2901 5457 quoque
2937 5386 3066 5455 justi
3099 5386 3270 5440 vocati
3311 5393 3436 5440 sunt
3482 5383 3614 5448 ﬁlii;
3643 5392 3700 5437 et

2113 5468 2308 5533 nomen
2338 5477 2450 5543 lilii,
2482 5479 2580 5531 nisi
2610 5479 2678 5531 sit
2710 5477 2854 5531 ﬁlius
2886 5476 3132 5545 proprius
3166 5485 3220 5530 et
3245 5489 3549 5546 germanus,
3589 5489 3695 5527 non

2115 5581 2288 5642 potest
2321 5571 2614 5627 ostendere
2641 5568 3036 5625 excellentiam.
3070 5568 3138 5622 Et
3167 5579 3223 5622 ut
3253 5567 3516 5640 signiﬁcet
3551 5565 3693 5635 quod

2113 5653 2182 5721 Sit
2209 5664 2451 5733 quaedam
2482 5661 2784 5716 differentia
2813 5668 3182 5716 creaturarum
3218 5668 3269 5712 et
3313 5658 3542 5728 opiﬁcis,
3575 5655 3698 5709 vide

2115 5754 2240 5824 quid
2268 5756 2409 5810 dicat
2439 5772 2452 5808 :
2480 5755 2534 5810 5.
2583 5751 2678 5808 Cui
2717 5752 2850 5807 enim
2896 5751 3024 5806 dixit
3053 5749 3329 5822 aliquando
3371 5747 3691 5819 angelorum,
