4036 6206
315 347 388 401 25
1035 352 1118 405 ‘S.
1145 348 1434 408 ’JOANNIS
1467 349 1957 408 CIIRYSOSTOMI
1997 354 2316 413 ARCHIEP.
2358 357 2904 417 CONSTANTINOP.
3482 356 3552 411 26

311 481 411 533 μοι
433 464 520 530 είς
550 461 708 528 Υίὸσν,
747 463 845 533 τῆς
883 464 1347 537 ἐνανθρωπήσεώς
1384 468 1500 520 ἐστι
1557 484 1894 539 παραστατι-

315 546 443 600 κὸνο
473 545 534 598 τὸ
565 544 646 608 δὲ,
690 547 824 611 Υἱός
847 562 967 616 μου
1005 544 1061 601 εἷ
1083 551 1188 617 σὺ,
1242 549 1394 603 οὐδὲν
1439 550 1625 621 ἕτερον
1658 549 1829 622 δηλοῖ,
1855 551 1890 620 ἢ

315 632 395 683 ὅτι
433 630 491 695 ἐξ
529 628 691 682 αὑτοῦ
733 630 900 684 ἐστιν.
950 630 1162 703 Ὠσπερ
1223 632 1278 686 δὲ
1315 630 1390 685 ὣν
1406 631 1628 702 λέγεται
1662 632 1896 694 ἀπὸτοῦ

315 713 608 776 ἐνεστῶτος
648 713 901 784 καιροῦ·
963 707 1120 778 οὗτος
1179 715 1289 785 γάρ
1357 715 1597 786 μάλιστα
1665 717 1897 788 ἁρμόζει

315 797 464 868 αὑτῷ
485 815 498 828 ·
527 796 668 850 οὕτω
701 796 797 850 καὶ
826 797 905 861 τὸ,
940 797 1231 866 Σήμερον,
1265 798 1499 854 ἐνταῦθά
1527 817 1618 870 μοι
1646 799 1793 853 δοκεῖ
1819 802 1899 864 εἰς

313 882 411 950 τὴν
447 879 626 950 σάρκα
660 879 937 951 εἰρῆσθαι.
971 880 1138 934 Ὅταν
1156 883 1264 951 γὰρ
1304 882 1476 952 αὑτῆς
1518 882 1849 954 ἐπιλάϐηται
1878 924 1894 950 ,

315 965 493 1016 πάντα
544 963 730 1016 λοιπὸν
787 964 959 1028 ἀδεῶς
1009 965 1328 1034 φθέγγεται.
1384 966 1494 1019 Καὶ
1537 967 1646 1038 γάρ
1694 968 1728 1038 ἡ
1762 967 1897 1039 σὰρξ

315 1049 565 1102 κοινωνεῖ
590 1047 698 1100 τῶν
724 1046 968 1117 ὑῂλῶν,
1016 1047 1303 1120 ὠσπεροῦν
1355 1049 1450 1102 καὶ
1491 1049 1742 1120 ήθεότης
1788 1048 1897 1103 τῶν

313 1132 609 1188 ταπεινῶν.
657 1132 714 1184 Ὀ
741 1132 874 1196 Θεὸς
898 1133 1006 1203 γάρ
1035 1131 1324 1203 ἄνθρωπος
1355 1130 1608 1200 γενέσθαι
1654 1133 1730 1203 μὴ
1784 1134 1895 1187 άπ-

315 1215 570 1282 αξιώσας,
601 1213 697 1268 καὶ
724 1214 784 1266 τὸ
813 1216 1046 1284 πρᾶγμα
1077 1215 1152 1286 μὴ
1177 1217 1676 1288 παραιτησάμενος,
1693 1215 1808 1281 πῶς
1830 1217 1895 1272 ἂν

313 1299 381 1350 τά
414 1298 636 1368 ῥήματα
669 1299 1063 1371 παρῃτήσατο;
1614 1339 1618 1343 .

382 1381 443 1434 δ’.
484 1379 651 1434 Ταῦτ’
691 1377 786 1434 οὖν
846 1381 1066 1448 εἰδότες,
1107 1382 1274 1454 μηδὲν
1316 1380 1794 1454 ἐπαισχυνώμεθαν

317 1464 461 1533 μέγα
493 1463 799 1535 φρονῶμεν.
817 1464 891 1518 τΕί
920 1465 1028 1536 γάρ
1054 1467 1220 1531 αὐτὸς
1243 1465 1374 1530 Θεὸς
1401 1463 1476 1520 ῶν
1505 1467 1596 1520 καὶ
1619 1465 1897 1535 Δεσπότης

315 1548 411 1600 καὶ
433 1546 569 1600 Θεοῦ
589 1548 736 1613 Υίὸς,
751 1548 812 1600 οὑ
835 1549 1210 1622 παρῃτήσατο
1219 1548 1433 1621 μορφὴν
1459 1549 1646 1602 δούλου
1669 1547 1894 1602 λαϐεῖν’

313 1630 494 1700 πολλῷ
529 1631 730 1700 μᾶλλον
760 1632 908 1702 ἡμᾶς
937 1633 1155 1688 ἅπαντα
1183 1631 1267 1686 δεῖ
1298 1635 1492 1699 ποιεῖν,
1527 1632 1632 1686 κᾶν
1661 1632 1898 1688 ταπεινὰ,

313 1709 369 1784 ᾖ.
411 1713 584 1766 Πόθεν
613 1715 744 1784 γάρ,
797 1714 918 1766 εἰπέ
971 1731 1083 1785 μοι,
1133 1713 1408 1786 ἄνθρωπε,
1465 1715 1610 1786 μέγα
1645 1718 1892 1786 φρονεῖς;

313 1797 421 1849 ἀπὸ
441 1797 550 1850 τῶν
579 1797 876 1867 βιωτικῶν;
906 1797 1040 1852 ἀλλὰ
1063 1797 1238 1852 ταῦτα
1256 1801 1386 1869 πρὶν
1409 1799 1442 1872 ἦ
1462 1800 1698 1870 φανῆναι
1715 1817 1894 1871 παραυ

316 1881 524 1951 τρέχει.
564 1881 707 1935 Ἀλλ’
735 1881 844 1936 ἀπὸ
881 1880 993 1935 τῶν
1034 1883 1454 1952 πνευματικῶν;
1513 1881 1630 1935 ἀλλ’
1686 1882 1744 1934 ἒν
1795 1885 1892 1938 καὶ

311 1963 470 2017 τοῦτό
497 1965 614 2017 ἐστι
641 1963 974 2033 κατόρθωμα
989 1964 1382 2034 πνευματικὸν,
1400 1964 1461 2016 τὸ
1487 1963 1561 2035 μὴ
1599 1964 1743 2034 μέγα
1761 1982 1893 2036 φροο

311 2050 446 2104 νεῖν.
478 2048 578 2102 Διὰ
600 2048 653 2101 τί
697 2049 877 2101 τοίνυν
929 2049 1073 2118 μέγα
1135 2049 1392 2117 φρονεῖς;
1442 2047 1526 2100 ὅτι
1570 2047 1887 2118 κατορθοῖςε

316 2133 584 2184 Ἄκουσον
609 2129 704 2182 τοῦ
733 2130 973 2202 Χριστοῦ
1028 2130 1302 2199 λέγοντος·
1360 2130 1549 2184 Ὅταν
1595 2130 1891 2199 ποιήσητε

305 2213 528 2278 πάντα,
558 2213 769 2283 λέγετε
797 2213 887 2267 ὅτι
932 2213 1175 2282 Ἀχρεῖοι
1205 2213 1418 2268 δοῦλοί
1445 2215 1665 2281 ἐσμενη
1699 2213 1738 2267 d
1779 2214 1891 2284 γὰρ

299 2296 648 2366 ὠφείλομεν
674 2295 946 2364 ποιῆσαι,
967 2296 1402 2366 πεποιήκαμεν.
1461 2296 1627 2351 Ἀλλὰ
1670 2296 1759 2350 διὰ
1797 2297 1890 2350 τὸν

311 2380 542 2434 πλοῦτον
567 2380 712 2451 μέγα
738 2381 984 2450 φρονεῖς;
1011 2379 1103 2434 διὰ
1121 2380 1194 2445 τί,
1223 2381 1345 2433 εἰπέ
1373 2396 1498 2451 μοι;
1524 2380 1625 2433 οὑκ
1648 2381 1890 2451 ήκουσας

306 2465 390 2516 ὅτι
404 2464 603 2534 γυμνοὶ
614 2463 939 2532 εἰσήλθομεν
954 2464 1034 2526 είς
1053 2461 1170 2534 [2!]
1187 2463 1277 2515 τὸν
1291 2462 1425 2532 βίον,
1441 2462 1641 2532 γυμνοὶ
1652 2461 1888 2516 καὶάπε-

312 2546 620 2618 λευσόμεθα
640 2565 655 2614 ;
676 2547 875 2617 μᾶλλον
900 2546 976 2612 δὲ,
990 2547 1088 2618 οὑχ
1104 2547 1236 2619 ὀρᾷς
1252 2547 1378 2611 τοὺς
1400 2546 1507 2618 πρὸ
1528 2544 1624 2600 σοῦ
1643 2547 1888 2620 ἐρήμους

312 2632 664 2702 καὶγυμνοὺς
680 2631 1012 2696 ἀπελθόντας
1035 2649 1050 2696 ;
1077 2632 1170 2696 Τίς
1190 2633 1258 2687 τά
1280 2631 1540 2703 ἀλλότρια
1562 2632 1702 2704 ἔχων
1742 2634 1889 2704 μέγα

312 2717 502 2786 φρονεῖ
521 2731 536 2781 ;
559 2716 624 2768 Ol
641 2714 751 2784 γὰρ
777 2713 1094 2785 βουλόμενοι
1116 2715 1298 2779 αὐτοῖς
1317 2715 1556 2786 χρῆσθαι
1574 2719 1655 2781 είς
1676 2718 1888 2771 οἰκείαν

301 2799 482 2867 Δμόνην
512 2796 840 2862 ἀπόλαυσιν,
859 2797 1224 2869 ἀφαιροῦνται
1246 2799 1387 2852 αὑτά
1405 2800 1500 2852 καὶ
1522 2798 1769 2865 ἄκοντες,
1793 2801 1888 2853 καὶ

314 2880 419 2952 πρὸ
447 2880 546 2951 μὲν
566 2881 666 2952 τῆς
678 2879 936 2953 τελευτῆς
953 2881 1237 2946 πολλάκις,
1257 2883 1316 2936 ἐν
1346 2883 1404 2938 δὲ
1421 2885 1488 2955 τῇ
1507 2883 1732 2955 τελευτῇ
1759 2885 1888 2938 πάν-

309 2982 436 3029 τως.
463 2964 602 3018 Ἀλλ’
617 2967 780 3036 ἡμεῖς
797 2965 1002 3030 ζῶντες
1024 2967 1226 3030 αὑτοῖς,
1249 2969 1438 3038 φησὶν,
1456 2969 1533 3032 ὼς
1555 2967 1884 3038 βουλόμεθα,

310 3046 593 3118 χρώμεθα.
621 3047 873 3102 Μάλιστα
906 3049 1004 3117 μὲν
1057 3049 1246 3103 οὐδένα
1277 3050 1344 3104 ἄν
1395 3068 1480 3114 τις
1514 3052 1611 3105 ίδοι
1645 3051 1882 3123 ταχέως,

309 3130 385 3194 ὡς
417 3129 687 3200 βούλεται,
717 3133 828 3194 τοῖς
853 3128 1279 3203 οὖσιχρώμενον
1308 3150 1322 3165 ο
1353 3133 1401 3186 εἰ
1422 3134 1479 3186 δέ
1507 3150 1592 3197 τις
1612 3135 1708 3190 καὶ
1744 3134 1887 3206 χρῷ-

309 3229 370 3266 το
397 3213 474 3276 ὼς
495 3213 764 3284 βούλεται,
793 3214 915 3268 οὑδέ
945 3216 1102 3269 τοῦτο
1135 3217 1282 3286 μέγα
1305 3230 1318 3244 ·
1340 3215 1710 3288 βραχὺςγάρό
1739 3234 1884 3288 παρ-

308 3298 382 3348 ὼν
440 3299 628 3366 καιρδς
677 3297 812 3368 πρὸς
857 3297 986 3362 τοὺς
1043 3297 1251 3362 αἰῶνας
1311 3300 1438 3363 τοὺς
1470 3299 1883 3370 ὰτελευτήτους.

312 3381 470 3448 Μέγα
503 3382 744 3450 φρονεῖς,
766 3379 1043 3453 ἄνθρωπε,
1074 3382 1157 3434 ὅτι
1187 3381 1473 3446 πλουτεῖς;
1501 3381 1644 3446 τίνος
1673 3382 1882 3448 ένεκενς

307 3461 468 3516 τοῦτο
495 3464 603 3534 γὰρ
621 3465 717 3517 καὶ
734 3464 1346 3537 λῃσταῖςπιραγίνεται
1375 3466 1470 3518 καί
1494 3466 1758 3529 κλέπταις
1789 3466 1884 3520 καὶ

307 3546 658 3616 ἀνδροφόνοις
686 3549 780 3602 καὶ
816 3548 1086 3618 μαλακοῖς
1103 3548 1196 3602 καὶ
1222 3550 1444 3618 πόρνοις
1481 3549 1575 3602 καὶ
1599 3549 1734 3602 πᾶσι
1769 3551 1882 3612 τοῖς

307 3634 589 3703 πονηροῖς.
617 3632 718 3686 Διὰ
744 3633 796 3686 τί
836 3628 932 3687 οὖν
968 3633 1112 3703 μέγα
1133 3634 1394 3702 φρονεῖς;
1428 3633 1490 3684 Εἰ
1532 3632 1631 3702 μὲν
1659 3631 1769 3704 γὰρ
1805 3633 1885 3695 είς

305 3713 426 3769 δέον
451 3714 602 3786 αὑτῷ
626 3715 917 3787 κέχρησαι,
943 3717 1045 3769 οὐκ
1073 3715 1311 3785 ὀφείλεις
1343 3713 1486 3784 μέγα
1531 3717 1771 3784 φρονεῖν,
1796 3715 1886 3769 ἵνα

309 3798 386 3868 μὴ
409 3798 629 3870 λυμήνῃ
658 3801 758 3869 τὴν
780 3798 1002 3869 ἐντολήν
1025 3815 1038 3829 °
1070 3799 1119 3852 εἰ
1160 3796 1219 3851 δέ
1257 3799 1358 3850 οὐκ
1407 3799 1486 3860 είς
1529 3797 1668 3864 δέον,
1708 3796 1884 3870 ταύτῃ

310 3881 548 3952 μάλιστα
579 3881 966 3936 συστέλλεσθαι
1013 3881 1113 3950 δεῖ,
1162 3883 1243 3936 ὅτι
1290 3881 1476 3945 δοῦλος
1514 3880 1747 3949 γέγονας
1773 3881 1884 3935 τῶν

305 3967 603 4037 χρημάτων
656 3967 752 4020 καὶ
800 3966 1096 4036 κτημάτων
1160 3967 1254 4018 καὶ
1310 3967 1488 4036 κρατῇ
1543 3965 1635 4017 ὑπ’
1679 3964 1880 4020 αὐτῶν,

309 4049 445 4102 Εἰπὲ
477 4050 585 4119 γάρ
627 4066 740 4118 μοι,
769 4051 820 4101 εἴ
854 4065 940 4110 τις
982 4048 1269 4118 πυρέττων
1322 4048 1471 4118 ὕδωρ
1509 4046 1691 4100 ἐκπίοι
1723 4047 1880 4111 πολὺ,

304 4132 366 4185 τὸ
395 4131 530 4202 πρὸς
564 4131 735 4202 βραχὺ
768 4131 864 4199 μὲν
909 4131 1162 4184 σ6εννύον
1184 4130 1281 4200 τὴν
1311 4130 1492 4199 δίψαν,
1543 4129 1772 4200 ὕστερον
1825 4130 1883 4184 δὲ

305 4213 544 4267 ἀνάπτον
573 4214 672 4286 τὴν
705 4214 900 4283 φλόγα,
957 4213 1103 4283 μέγα
1153 4213 1358 4281 ὀφείλει
1412 4213 1630 4283 φρονεῖν
1658 4231 1673 4278 ;
1703 4212 1769 4266 Τί
1801 4213 1879 4278 δὲ,

305 4297 361 4351 εῐ
386 4315 471 4361 τις
505 4297 724 4352 πλείονα
754 4298 1029 4369 φροντίζει
1046 4298 1192 4368 εἰκῆ,
1214 4297 1301 4350 διὰ
1327 4297 1488 4350 τοῦτο
1515 4295 1720 4364 ὀφείλει
1741 4296 1883 4368 μέγα

307 4386 560 4456 φρονεῖν;
587 4382 687 4436 Διὰ
715 4383 788 4450 τί,
817 4381 940 4437 εἰπέ
963 4400 1090 4454 μοι;
1124 4381 1311 4453 ἐπειδὴ
1339 4379 1570 4443 πολλοὺς
1610 4378 1754 4450 ἐχεις
1796 4379 1883 4433 δε-

311 4468 514 4532 σπότας
532 4484 547 4532 ;
567 4467 757 4538 ἐπειδὴ
775 4467 978 4538 μυρίας
996 4465 1266 4538 μερίμνας
1283 4483 1297 4532 ;
1317 4462 1506 4535 ἐπειδὴ
1523 4461 1880 4517 κολακεύουσί

309 4569 369 4606 σε
396 4553 614 4618 πολλοί;
663 4551 828 4604 Ἀλλὰ.
853 4550 1013 4604 τοῦτο
1041 4549 1316 4604 δουλεύειν
1345 4548 1480 4602 ἐστί.
1519 4548 1627 4602 Καὶ
1656 4548 1746 4601 ἵνα
1773 4548 1880 4619 μά-

307 4635 445 4707 θῃς*
473 4637 554 4690 ὅτι
575 4634 850 4700 δουλεύεις
871 4634 1074 4696 αὐτοῖς,
1091 4632 1254 4687 ἄκουε
1280 4631 1464 4702 σαφῶς
1482 4648 1495 4662 ·
1521 4630 1589 4684 τὰ
1615 4630 1750 4685 ἄλλα
1770 4631 1880 4684 τῶν

307 4720 498 4774 παθῶν
525 4721 634 4774 τῶν
659 4721 718 4774 ἐν
747 4720 878 4790 ἡμῖν
907 4717 1056 4770 ἐστιν
1077 4717 1210 4770 ὅπου
1240 4716 1490 4787 χρήσιμά
1515 4717 1685 4780 ἐστιν,
1709 4712 1821 4768 οἷον
1847 4715 1882 4785 ἡ

307 4803 449 4874 ὀργὴ
481 4803 754 4874 πολλαχοῦ
787 4801 1056 4875 χρησίμηο
1090 4799 1285 4868 Θυμός
1304 4799 1432 4867 γὰρ,
1459 4799 1644 4868 φησὶν,
1673 4797 1883 4865 ἄδικος

306 4891 417 4941 οὐκ
433 4888 872 4956 ἀθωωθήσεται·
889 4887 1029 4940 ῶστε
1042 4885 1158 4938 ἔστι
1176 4885 1272 4937 καὶ
1288 4883 1514 4943 δικαίως
1530 4883 1592 4936 θυ
1603 4881 1875 4953 μωθῆναι.

303 4972 416 5024 Καὶ
448 4969 632 5035 πάλιν,
669 4973 724 5024 Ὁ
750 4970 1121 5042 ὀργιζόμενος
1140 4967 1221 5034 τῷ
1248 4965 1488 5036 ἀδελφῷ
1510 4966 1696 5021 αὑτοῦ
1723 4965 1878 5035 εἰκῆ,

306 5054 524 5123 ἔνοχος
548 5053 721 5107 ἔσται
755 5054 828 5122 τῇ
859 5055 1093 5125 γεέννῃ.
1123 5052 1337 5108 Πάλινό
1358 5050 1518 5121 ζῆλος
1537 5049 1698 5103 καλὸν
1729 5051 1822 5102 καὶ
1847 5050 1881 5120 ή

311 5137 656 5209 ἐπιθυμία,ἡ
685 5138 804 5207 μὲν,
835 5139 963 5192 ὅταν
994 5143 1072 5200 εἰς
1102 5135 1450 5192 παιδοποιίαν
1471 5135 1710 5204 γίνηται,
1742 5136 1771 5187 ὀ
1799 5133 1877 5196 δὲ,

305 5226 438 5276 ὅταν
472 5221 609 5293 πρὸς
643 5221 711 5275 τὰ
755 5220 895 5273 καλᾶ
930 5221 1026 5290 τὴν
1058 5222 1292 5292 μίμησιν
1328 5219 1354 5258 ιι
1383 5218 1505 5289 έχῃ.
1544 5218 1754 5288 ’Ὠσπερ
1785 5215 1882 5270 καὶ

310 5307 523 5372 Παῦλος
539 5305 705 5374 λέγει·
727 5303 930 5358 Καλὸν
946 5302 1014 5356 δὲ
1035 5305 1099 5357 τὸ
1121 5303 1445 5371 ζηλοῦσθαι
1463 5301 1532 5354 ἐν
1547 5299 1712 5365 καλῷ
1731 5298 1882 5353 πάνυ

309 5405 463 5445 τοτεο
501 5389 597 5442 καὶ
629 5387 812 5451 πάλιν,
836 5385 1100 5453 Ζηλοῦτε
1127 5387 1198 5440 τὰ
1223 5387 1564 5456 χαρίσματα
1590 5383 1663 5439 τὰ
1686 5382 1880 5452 κρείτ-

311 5490 481 5528 τονα.
513 5470 679 5525 Ὥστε
713 5469 1001 5542 ἀμφότερα
1026 5468 1290 5539 χρήσιμα.
1333 5470 1398 5522 Ἦ
1442 5468 1628 5540 μέντοι
1657 5466 1882 5520 ἀπόνοια

310 5554 549 5626 οὐδαμοῦ
589 5555 772 5620 καλὸν,
799 5551 936 5606 ἀλλὰ
962 5550 1241 5621 πανταχοῦ
1268 5550 1544 5622 ἄχρηστον
1567 5551 1660 5605 καὶ
1689 5549 1882 5619 βλαϐε-

372 5767 400 5797 ³
423 5768 952 5828 1ὶάοω,εοιιεθηῑὶεηιε
978 5769 1210 5818 Hutiano.
1234 5765 1420 5820 πολλοίς
1443 5767 1626 5828 καὶγὰρ
1650 5765 1882 5822 ὃουλιύεις

310 5831 488 5884 αὐτοῖς.
514 5827 608 5878 καὶ
640 5832 717 5881 ἵνα
753 5832 915 5894 μάθῃς.

373 5894 400 5934 ι’
427 5893 519 5943 Τὸν
542 5897 678 5954 ζῆλον
711 5893 874 5945 ﬁdem.

2005 470 2113 538 ρόν.
2136 470 2254 544 [22]
2281 473 2426 544 Πλὴν
2448 477 2497 528 εἰ
2516 476 2597 529 δεῖ
2623 478 2765 548 μέγα
2782 477 3021 548 φρονεῖν,
3042 474 3135 528 ἐπὶ
3155 474 3338 546 πενίᾳ,
3355 474 3457 530 οὑκ
3479 476 3575 530 ἐπὶ

2006 550 2222 624 πλούτῳ
2247 554 2345 611 δεῖ.
2365 557 2462 611 Διὰ
2483 557 2536 611 τί
2553 576 2568 626 ;
2588 559 2712 612 ’Ότι
2737 562 2766 614 ὀ
2800 562 2857 613 ἐν
2880 558 3082 628 ὀλίγοις
3113 556 3212 628 ζῇν
3255 557 3589 627 δυνάμενοςν·

2000 636 2094 690 τοῦ
2128 639 2202 708 μὴ
2223 640 2522 712 δυναμένου
2557 643 2736 714 πολλῷ
2755 641 2962 712 μείζων
2993 641 3089 696 καὶ
3116 640 3382 712 κρείττων
3399 641 3574 695 ἐστίν.

2062 721 2198 776 Εἰπέ
2241 723 2350 795 γάρ
2403 743 2516 795 μοι.
2537 728 2585 780 εἰ
2607 727 2917 796 κληθέντων
2946 727 3029 786 εἰς
3083 724 3372 796 βασιλικὴν
3419 725 3575 778 πόλιν

1998 803 2182 868 τινῶν,
2208 808 2257 860 οί
2287 808 2386 878 μὲν
2408 808 2590 862 αὐτῶν
2617 811 2754 880 μήτε
2781 806 3095 877 ὑποζυγίων
3152 807 3372 874 δέοιντο,
3433 808 3573 879 μήτε

1999 886 2244 954 οἰκετῶν,
2270 892 2406 961 μήτε
2430 892 2710 957 σκιαδίων,
2735 893 2873 962 μήτε
2890 891 3274 960 καταγωγίων,
3296 891 3434 962 μήτε
3450 891 3578 945 ὑποο

1998 969 2276 1041 δημάτων,
2311 975 2452 1046 μήτε
2502 974 2733 1039 σκευῶν,
2768 974 2884 1028 ἀλλ’
2916 973 3132 1045 ἀπόχρη
3181 974 3366 1038 αὐτοῖς
3411 977 3577 1046 ἄρτον

2003 1052 2164 1122 μόνον
2186 1055 2352 1124 ἔχειν,
2371 1057 2465 1110 καὶ
2485 1056 2632 1128 ὕδωρ
2649 1060 2713 1112 ὲκ
2734 1057 2843 1110 τῶν
2863 1057 3060 1127 ’πηγῶν
3082 1055 3381 1126 λαμϐάνειν
3406 1074 3421 1090 ·
3438 1059 3577 1112 ἐκεῖ·

1999 1136 2157 1190 νοιδὲ
2184 1136 2415 1206 λέγοιεν,
2450 1140 2533 1193 ὅτι
2573 1141 2703 1194 Ἐὰν
2741 1140 2941 1211 μήκαὶ
2984 1139 3240 1210 ὀχήματα
3290 1138 3428 1194 δῶτε
3477 1141 3575 1195 καὶ

2000 1221 2292 1291 στρωμνὴν
2313 1221 2548 1291 ἁπαλὴν,
2581 1223 2642 1276 οὑ
2670 1223 2951 1293 δυνάμεθα
2996 1222 3428 1294 παραγενέσθαι,
3478 1224 3575 1278 ἐὰν

2003 1301 2078 1372 μὴ
2104 1303 2198 1355 καὶ
2228 1303 2456 1368 πολλοὺς
2485 1305 2698 1377 ἔχωμεν
2719 1308 2847 1370 τοὺς
2875 1305 3307 1370 ἀκολουθοῦντας
3328 1346 3344 1374 ,
3372 1306 3469 1361 ἐὰν
3497 1306 3574 1377 μὴ

2001 1385 2238 1455 συνεχῶς
2295 1387 2388 1459 ἐξῇ
2435 1387 2899 1454 διαναπαύεσθαι,
2926 1391 2986 1443 οὑ
3013 1389 3310 1460 δυνάμεθα,
3340 1389 3438 1444 ἐὰν
3495 1390 3574 1462 μὴ

2000 1463 2316 1533 ὑποζυγίοις
2339 1468 2621 1538 χρώμεθα,
2650 1469 2746 1522 καὶ
2777 1469 2974 1539 μικρὸν
3000 1468 3277 1538 ὀδεύωμεν
3305 1467 3408 1538 τῆς
3431 1469 3572 1538 ἡμέν-

2002 1565 2101 1617 ρας
2129 1550 2294 1622 μέρος
2321 1567 2334 1581 ·
2362 1551 2445 1605 δεῖ
2469 1553 2526 1606 δὲ
2557 1555 2688 1624 ἡμῖν
2715 1554 2810 1606 καὶ
2841 1552 3046 1624 ἐτέρων
3089 1552 3355 1606 πλειόνων
3375 1569 3389 1582 ·
3420 1541 3574 1618 τίνας

2000 1630 2066 1684 ἂν
2106 1633 2546 1705 ’θαυμάσαιμενς
2579 1635 2845 1700 ἐκείνους,
2897 1637 2932 1707 ἢ
2982 1635 3243 1704 τούτους;
3275 1637 3444 1708 Δῆλον
3489 1638 3572 1692 ὅτι

1995 1715 2214 1780 τούτους
2234 1719 2360 1782 τοὺς
2380 1720 2594 1782 οὐδενὸς
2610 1719 2921 1789 δεομένους.
2943 1718 3099 1773 Οῦτω
3116 1719 3180 1790 δὴ
3204 1721 3298 1774 καὶ
3313 1719 3569 1786 ἐνταῦθα,

1995 1800 2044 1852 οί
2075 1799 2174 1869 μὲν
2200 1801 2338 1869 πρὸς
2363 1803 2463 1870 τὴν
2491 1803 2610 1856 ὀδὸν
2630 1802 2722 1855 τοῦ
2744 1803 2861 1872 βίου
2881 1803 3072 1856 τούτου
3097 1803 3307 1856 πολλῶν
3335 1803 3568 1871 δέονται,

1994 1883 2042 1934 οἰ
2073 1882 2129 1935 δὲ
2155 1884 2391 1948 οὑδενός.
2427 1885 2590 1938 Ὥστε
2618 1886 2786 1949 τοὺςε
2819 1886 2914 1940 ἐπὶ
2956 1887 3115 1958 πενίᾳ
3144 1886 3350 1956 μᾶλλον
3402 1887 3573 1958 ἐχρῆν

1997 1964 2139 2034 μέγα
2163 1969 2400 2037 φρονεῖν,
2425 1969 2479 2022 εἰ¹
2494 1985 2558 2037 γε
2580 1969 2672 2022 καὶ
2697 1969 2883 2041 ἐχρῆν.
2911 1969 3052 2021 Ἀλλ’
3086 1969 3569 2041 εὐκαταφρόνητός

1993 2048 2143 2100 ἐστιν
2177 2049 2207 2101 ὀ
2233 2049 2422 2120 πένης,
2479 2050 2663 2122 φησίν.
2717 2052 2830 2104 Οὑκ
2873 2052 3105 2115 ἐκεῖνος,
3138 2051 3254 2104 ἀλλ’
3284 2053 3335 2105 οἰ
3377 2051 3574 2106 τούτου

1994 2131 2486 2202 καταφρονοῦντες.
2518 2132 2617 2186 Διὰ
2644 2133 2697 2186 τί
2730 2136 2838 2205 γὰρ
2861 2131 2971 2203 ἐγὼ
3004 2135 3077 2204 μὴ
3106 2134 3437 2206 καταφρονῶ
3462 2134 3575 2188 τῶν

1991 2213 2091 2266 οὑκ
2120 2213 2340 2269 εἰδότων
2373 2215 2674 2287 θαυμάζειν
2705 2216 2740 2270 ἃ
2767 2217 2908 2288 χρή;
2949 2214 3090 2268 Ἀλλ’
3112 2217 3178 2270 ἂν
3213 2211 3314 2286 μὲν
3357 2217 3574 2288 ζωγρά-

1993 2292 2144 2370 φοςῇ
2177 2314 2284 2363 τις,
2316 2297 2537 2361 πάντων
2571 2299 3009 2367 καταγελάσεται
3039 2299 3149 2351 τῶν
3209 2300 3574 2354 σκωπτόντων

1989 2379 2174 2445 αὑτὸν,
2210 2379 2316 2444 ἕως
2337 2381 2402 2434 ἂν
2432 2375 2564 2434 ὦσιν
2596 2380 2851 2452 ἀμαθεῖς,
2883 2382 2977 2434 καὶ
3004 2380 3127 2434 οὔτε
3163 2379 3300 2450 πρὸς
3329 2381 3398 2434 τὰ
3440 2380 3572 2452 παρ’

1991 2462 2214 2516 ἐκείνων
2242 2463 2512 2534 λεγόμενα
2538 2465 2952 2534 ἐπιστρέφεται,
2989 2462 3124 2519 ἀλλὰ
3151 2466 3217 2534 τῇ
3247 2463 3442 2516 ἐαυτοῦ
3470 2464 3571 2534 ἀρ-

1975 2547 2170 2616 ,κεῖται
2229 2547 2715 2619 μαρτυρίᾳ·ήμεῖς
2735 2548 2792 2601 δὲ
2820 2549 2922 2619 τῆς
2977 2548 3086 2602 τῶν
3141 2547 3353 2600 πολλῶν
3413 2546 3571 2618 δόξης

1993 2628 2362 2703 ἐξαρτήσομεν
2419 2630 2680 2696 ἐαυτούς;
2714 2632 2808 2685 καὶ
2860 2629 2965 2685 ποῦ
3013 2629 3190 2685 ταῦτα
3236 2629 3571 2703 συγγνώμης

1991 2715 2115 2780 ἄξια
2141 2731 2156 2780 ;

2055 2795 2153 2850 Διὰ
2205 2795 2362 2850 τοῦτό
2430 2797 2599 2865 ἐσμεν
2660 2795 2801 2861 ἄξιοι
2877 2794 3338 2868 καταφρονεῖσθαι
3369 2836 3385 2860 ,
3441 2795 3569 2850 ὅταν

1988 2881 2096 2935 τῶν
2126 2878 2612 2953 καταφρονούντων
2635 2879 2793 2950 ήμῶν
2827 2879 2917 2934 διὰ
2941 2879 3043 2950 τὴν
3069 2880 3261 2933 πενίαν
3296 2880 3372 2951 μὴ
3403 2896 3570 2934 κατα-

1993 2965 2304 3036 φρονῶμεν,
2343 2965 2479 3036 μηδέ
2511 2963 2893 3035 ταλανίζωμεν
2919 2963 3140 3028 αὑτούς.
3175 2963 3286 3016 Καὶ
3329 2963 3570 3035 παρίημι

1989 3050 2091 3101 ὅσα
2117 3047 2217 3118 μὲν
2247 3048 2621 3119 ἁμαρτήματα
2657 3045 2763 3103 άπό
2791 3045 2888 3104 τοῦ
2922 3045 3154 3104 πλούτου
3176 3045 3441 3115 τίκτεται,
3470 3047 3572 3104 ὅσα

1989 3131 2044 3184 δὲ
2076 3129 2259 3197 ἀγαθὰ
2285 3130 2392 3184 ἀπὸ
2417 3133 2518 3202 τῆς
2569 3133 2763 3197 πενίας
2782 3150 2796 3164 ’
2831 3132 3032 3205 μᾶλλον
3061 3134 3119 3187 δέ
3149 3133 3268 3187 οὑδέ
3317 3133 3567 3198 πλοῦτος,

1987 3213 2108 3266 οὐδὲ
2137 3213 2297 3267 πενία
2317 3213 2440 3267 καθ’
2472 3215 2634 3269 ἐαυτό
2649 3216 2836 3281 καλὸν,
2863 3216 3002 3272 ἀλλὰ
3027 3217 3180 3289 παρὰ
3195 3217 3322 3282 τοὺς
3349 3218 3567 3288 χρωμέ-

1987 3313 2111 3361 νους
2131 3295 2347 3366 τούτῳά
2382 3297 2614 3367 γίνεται.
2648 3298 2706 3351 '0
2735 3300 3062 3369 Χριστιανὸς
3087 3301 3307 3371 δόκιμος
3331 3301 3389 3354 ἐν
3409 3299 3570 3371 πενία

1991 3379 2192 3450 μᾶλλον
2225 3379 2586 3449 διαφαίνεται,
2617 3381 2650 3451 ἢ
2673 3383 2731 3435 ἐν
2753 3383 2832 3453 τῷ
2861 3382 3097 3454 πλούτῳ.
3121 3382 3246 3446 Πῶς
3267 3401 3282 3448 ς
3301 3383 3390 3437 Ἐν
3408 3383 3569 3455 πενίᾳ

1992 3463 2091 3533 μὲν
2123 3461 2234 3533 γὰρ
2260 3462 2339 3516 ’ὢν
2369 3464 2704 3536 ὰτυφότερος
2733 3465 2885 3519 ἔσται
2905 3505 2921 3530 ,
2987 3468 3446 3538 σωφρονέστερος.
3477 3483 3569 3520 σε·

1991 3546 2270 3618 μνότερος,
2291 3548 2720 3619 ἐπιεικέστερος,
2745 3547 3114 3620 συνετώτερος
3139 3565 3150 3578 ·
3171 3551 3228 3603 ἐν
3242 3550 3321 3622 τῷ
3352 3551 3570 3622 πλούτῳ

1985 3630 2043 3683 δὲ
2077 3630 2274 3699 μένων,
2302 3629 2473 3684 πολλὰ
2505 3631 2641 3700 πρὸς
2669 3630 2844 3684 ταῦτα
2866 3631 3059 3702 ἔχειτὰ
3079 3633 3398 3704 κωλύματα.
3421 3635 3572 3688 Ἰδω-

1989 3730 2090 3782 μεν
2113 3710 2207 3766 οῦν
2237 3713 2361 3766 τίνα
2406 3713 2554 3767 ἐστὶν
2575 3713 2611 3768 δ.
2641 3715 2669 3767 ὁ
2698 3715 2954 3780 πλούσιος
3009 3717 3322 3787 ἐργάζεται,
3370 3718 3571 3788 μᾶλλον

1985 3796 2043 3850 δὲ
2069 3799 2097 3850 ὀ
2113 3797 2298 3861 κακῶς
2322 3795 2401 3868 τῷ
2418 3796 2633 3868 πλούτῳ
2652 3799 3014 3869 κεχρημένος.
3033 3801 3277 3864 Ἐκεῖνος
3307 3801 3566 3873 ἁρπάζει,

1987 3880 2320 3946 πλεονεκτεῖ,
2351 3880 2620 3952 βιάζεται.
2659 3879 2774 3953 [εδ]
2809 3881 2875 3935 Τί
2894 3881 3019 3948 δαί;
3051 3885 3179 3946 τοὺς
3207 3883 3420 3955 ἔρωτας
3444 3885 3572 3948 τοὺς

1985 3963 2244 4026 ἀτόπους,
2261 3964 2360 4027 τὰς
2380 3964 2672 4036 ἀθεμίτους
2690 3963 2890 4034 μίξεις,
2908 3964 3007 4028 τὰς
3022 3965 3298 4036 γοητείας,
3312 3967 3412 4030 τὰς
3433 3983 3572 4038 φαρο

1989 4046 2242 4115 μακείας,
2276 4045 2346 4098 τὰ
2377 4046 2512 4099 ἄλλα
2545 4046 2724 4101 πάντα
2755 4046 2904 4099 δεινὰ
2947 4047 3048 4100 οὑκ
3076 4047 3186 4100 ἀπὸ
3212 4047 3306 4100 τοῦ
3335 4049 3569 4103 πλούτου

1986 4129 2238 4201 εὑρήσεις
2264 4129 2776 4199 τικτόμεναςὌρᾷς
2810 4129 2892 4182 ὅτι
2920 4130 2978 4182 ἐν
3003 4129 3162 4200 πενίᾳ
3195 4131 3400 4201 μᾶλλον
3437 4134 3571 4188 ἁκο-

1986 4211 2232 4282 πώτερόν
2255 4211 2425 4276 ἐστιν,
2459 4211 2493 4281 ἢ
2533 4212 2590 4262 ἐν
2618 4210 2838 4281 πλούτῳ
2862 4210 2963 4281 τὴν
3023 4212 3227 4283 ἀρετήν
3283 4215 3564 4283 μετιέναις

1985 4295 2076 4366 Μὴ
2113 4295 2222 4364 γάρ
2272 4309 2381 4363 μοι,
2435 4291 2622 4363 ἐπειδὴ
2682 4293 2839 4363 δίκην
2872 4294 2933 4347 οὑ
2959 4292 3194 4347 διδόασιν
3244 4293 3482 4348 ἐνταῦθα
3513 4297 3565 4350 οί

1986 4377 2251 4440 πλούσιοι,
2273 4375 2506 4448 νομίσῃς
2529 4375 2728 4439 αὑτοὺς
2755 4375 2890 4447 μηδὲ
2913 4377 3252 4448 ἁμαρτάνειν
3279 4393 3294 4409 ο
3323 4378 3399 4442 ὡς
3426 4380 3481 4433 ετ
3499 4395 3564 4448 γε

1985 4457 2052 4532 ἦν
2093 4459 2316 4514 εὔκολον
2362 4458 2621 4513 πλούσιον
2669 4458 2828 4529 δίκην
2883 4459 3107 4522 διδόναι,
3135 4461 3200 4514 ἐκ
3252 4460 3458 4514 τούτων
3499 4462 3567 4516 ἂν

1986 4539 2140 4617 εὗρες
2175 4543 2608 4615 ἐμπεπλησμένα
2635 4544 2704 4598 τὰ
2732 4543 3108 4616 δεσμωτήριαο
3136 4543 3272 4599 ἀλλὰ
3302 4546 3441 4614 μετὰ
3456 4546 3567 4601 τῶν

1985 4629 2159 4685 ἄλλων
2185 4628 2456 4684 καὶτοῦτο
2486 4629 2599 4701 ἔχει
2649 4628 2820 4683 κακδν
2850 4629 2878 4681 ὀ
2902 4629 3159 4695 πλοῦτος,
3191 4631 3277 4683 ὅτι
3307 4631 3366 4683 ἐν
3395 4645 3566 4702 πονη-

1985 4711 2081 4783 ρίᾳ
2144 4712 2456 4784 άτιμωρητὶ
2503 4712 2843 4783 πλημμελῶν
2874 4715 2902 4766 ὀ
2935 4711 3128 4767 τοῦτον
3183 4714 3524 4783 κεκτημένος
3548 4753 3564 4776 ,

1985 4797 2242 4850 οὐδέποτε
2274 4797 2532 4868 στήσεται
2554 4796 2716 4850 τοῦτο
2745 4795 2940 4861 ποιῶν,
2965 4795 3102 4849 ἀλλὰ
3131 4794 3362 4867 λήψεται
3393 4796 3566 4867 τραύ-

1989 4897 2137 4950 ματα
2169 4879 2299 4934 ἄνευ
2331 4879 2669 4951 φαρμάκων,
2692 4882 2790 4933 καὶ
2824 4881 3045 4951 χαλινὸν
3101 4879 3277 4943 οὐδεὶς
3314 4879 3564 4950 ἐπιθήσει

1986 4966 2154 5036 αὑτῷ.
2187 4967 2251 5020 Εἰ
2283 4966 2340 5020 δέ
2367 4966 2607 5036 βούλοιτό
2639 4984 2722 5030 τις
2749 5005 2764 5030 ,
2791 4968 2885 5020 καὶ
2927 4966 3064 5038 πρὸς
3091 4965 3284 5035 ἡδονὴν
3339 4966 3563 5034 εὑρήσει

1985 5053 2085 5122 τὴν
2111 5052 2301 5104 πενίαν
2348 5050 2568 5114 πλείους
2595 5051 2945 5120 παρέχουσαν
2993 5051 3126 5120 ἡμῖν
3162 5049 3261 5112 τὰς
3288 5048 3561 5118 ἀφορμάς.

1987 5135 2149 5200 Πῶς;
2182 5135 2305 5186 Ὅτι
2334 5133 2632 5204 φροντίδων
2668 5133 3038 5204 ἀπήλλακται,
3097 5130 3310 5201 μίσους,
3359 5131 3559 5200 μάχης,

1985 5217 2341 5287 φιλονεικίας,
2369 5215 2566 5287 ἔριδος,
2612 5217 2823 5287 μυρίων
2851 5216 3062 5270 δεινῶν.
3105 5215 3198 5285 Μὴ
3255 5215 3437 5268 τοίνυν
3475 5214 3554 5266 δι-

1983 5301 2112 5355 ώκω
2119 5318 2216 5371 μεν
2235 5300 2296 5353 τὸ
2307 5300 2578 5368 πλουτεῖν,
2589 5300 2722 5371 μηδέ
2737 5301 2962 5363 τούτους
2978 5298 3313 5370 ζηλώσωμεν
3328 5299 3415 5352 ἀεὶ
3430 5299 3557 5361 τοὺς

1985 5385 2156 5439 πολλὰ
2183 5383 2558 5455 κεκτημένους
2583 5400 2596 5414 ·
2624 5382 2740 5437 ἀλλ’
2765 5383 2816 5436 οἰ
2834 5383 2932 5454 μὲν
2947 5382 3182 5454 ἔχοντες,
3217 5384 3297 5446 εἰς
3323 5382 3443 5436 δέον
3471 5380 3555 5452 τῷ

1983 5467 2200 5542 πλούτῳ
2227 5466 2489 5539 χρώμεθα
2508 5482 2524 5498 ’
2551 5467 2603 5519 οί
2631 5465 2688 5519 δὲ
2727 5465 2803 5537 μὴ
2836 5465 3074 5536 ἔχοντες,
3099 5464 3172 5537 μὴ
3194 5465 3452 5535 ἀλγῶμεν
3472 5463 3562 5517 διὰ

1983 5553 2160 5616 τοῦτο,
2206 5551 2322 5606 ἀλλ’
2372 5549 2789 5622 εὑχαριστῶμεν
2839 5549 2978 5620 ὑπὲρ
3035 5546 3394 5619 ἁπάντωντῷ
3418 5545 3560 5616 Θεῷ,

1986 5637 2069 5690 ὅτι
2094 5637 2238 5709 ἡμᾶς
2269 5637 2326 5688 ἐν
2355 5633 2526 5703 ὀλίγῳ
2551 5633 2699 5704 πόνῳ
2728 5631 2820 5686 τὸν
2841 5632 3008 5686 αὐτὸν
3035 5632 3147 5695 τοῖς
3191 5627 3490 5696 πλουσίοις,
3523 5627 3560 5700 ἢ

2047 5832 2071 5859 ο
2102 5825 2376 5876 Amiculum
2401 5826 2574 5872 delere
2595 5824 2739 5885 jubet
2767 5826 3010 5875 Dunams.

2042 5893 2069 5931 ιι
2091 5889 2273 5937 Forsan
2295 5886 2557 5951 legendum
2580 5884 2722 5936 τοῦτο
