4088 6212
413 376 489 430 25
1280 373 1346 430 ΙΝ
1384 371 1602 431 EPIST.
1631 373 1735 428 ΑΙ)
1777 368 2016 426 ιιεωυε

2131 404 2139 424 .
2179 370 2330 424 CAP.
2375 367 2418 423 Ι.
2460 365 2689 422 IIOMIL.
2733 364 2799 420 ll.
3636 365 3709 420 εδ

423 488 595 543 Filius
620 500 760 540 meus
785 499 839 538 es
883 490 957 549 tu,
987 495 1080 550 ego
1118 478 1269 534 hodie
1295 479 1446 548 genui
1470 487 1517 532 te
1537 479 1562 534 ?
1584 488 1640 534 et
1670 491 1875 542 rursus.
1899 476 2010 545 Ego

417 597 507 636 ero
531 579 608 634 illi
634 579 689 634 in
721 575 949 644 Patrem,
975 585 1021 629 et
1046 573 1155 644 ipse
1178 573 1272 628 erit
1301 571 1428 628 mihi
1457 572 1513 630 in
1541 569 1758 626 Filium.
1789 569 1914 624 Hac
1943 569 2010 624 de

419 688 583 730 carne
610 671 753 726 dicta
779 677 906 724 sunt
939 685 953 722 :
985 665 1116 724 illud
1145 667 1311 732 enim,
1341 664 1455 737 Ego
1482 679 1567 720 ero
1592 664 1669 719 illi
1694 665 1748 718 in
1775 662 2007 728 Patrem,

418 775 468 820 et
493 765 602 834 ipse
627 763 720 817 erit
745 761 872 815 mihi
913 760 970 814 in
1011 756 1224 824 Filium,
1259 755 1684 812 incarnationem
1725 752 1960 808 declarat
1993 768 2006 804 :

421 858 524 913 hoc
549 865 753 923 autem,
799 851 972 908 Filius
1020 866 1161 905 meus
1200 865 1252 905 es
1279 856 1351 915 tu,
1401 846 1533 902 nihil
1561 844 1706 901 aliud
1746 843 2012 914 signiﬁcat

418 965 582 1022 quam
605 947 752 1020 quod
781 961 849 1002 ex
874 945 992 1015 ipso
1019 944 1110 998 sit.
1136 941 1285 998 Sicut
1312 939 1456 996 enim
1484 937 1680 996 dicitur
1710 943 1793 1004 ὢν,
1831 935 1882 992 id
1905 943 2008 998 est.

418 1043 513 1114 qui
543 1049 647 1106 est,
683 1055 714 1095 a
743 1036 994 1109 praesenti
1036 1042 1316 1104 tempore;
1361 1032 1467 1087 hoc
1513 1029 1655 1086 enim
1700 1028 1803 1099 ipsi
1843 1027 2014 1097 magis

418 1131 722 1189 convenit:
756 1128 829 1182 ita
859 1127 1021 1181 etiam
1051 1124 1207 1189 illud,
1260 1121 1449 1186 Hodie,
1495 1121 1585 1175 hic
1629 1118 1760 1180 mihi
1803 1117 2013 1173 videtur

419 1222 622 1278 dictum
650 1234 773 1276 esse
805 1218 875 1274 de
918 1230 1102 1272 carne.
1144 1213 1279 1270 Nam
1317 1211 1533 1284 quando
1560 1225 1679 1268 eam
1707 1209 2013 1281 apprehen-

418 1313 583 1378 derit,
617 1311 687 1367 de
713 1319 912 1366 cetero
939 1307 1120 1363 omnia
1145 1305 1337 1361 eil‘atur
1360 1318 1573 1360 secure.
1600 1301 1740 1359 Caro
1764 1301 1908 1357 enim
1929 1308 2014 1356 est

424 1407 695 1478 particeps
721 1404 976 1467 altorum,
1007 1402 1148 1456 sicut
1171 1408 1228 1456 et
1255 1398 1505 1456 divinitas
1532 1396 1812 1452 humilium
1846 1412 1859 1449 :
1888 1409 2011 1448 nam

431 1498 574 1552 Deus
596 1497 754 1552 homo
782 1494 899 1550 fieri
932 1507 1037 1550 non
1067 1490 1404 1560 dedignatus,
1439 1497 1496 1543 ut
1519 1502 1632 1543 rem
1663 1502 1771 1543 non
1797 1499 2014 1551 recusae

430 1591 532 1658 vit,
554 1587 818 1659 quomodo
844 1584 1012 1642 verba
1053 1580 1420 1640 recusaverit?

497 1681 552 1736 4|.
595 1679 878 1734 Humilitas
899 1674 1300 1731 commendatur.
1322 1671 1426 1728 Res
1448 1672 1563 1727 vitae
1581 1670 1841 1743 prasentis
1855 1685 2012 1742 quam

420 1774 600 1842 μείω.
628 1799 701 1813 ——
729 1769 856 1825 Haac
884 1781 1016 1838 ergo
1038 1781 1162 1822 cum
1196 1765 1462 1829 sciamus.
1520 1763 1740 1818 minime
1769 1777 1868 1820 nos
1909 1777 2010 1832 pu-

423 1866 582 1930 deat,
636 1876 816 1931 neque
867 1860 1035 1914 altum
1083 1871 1374 1930 sapiamus.
1431 1855 1566 1918 Nam
1625 1855 1670 1909 si
1721 1855 1838 1924 ipse
1885 1867 2009 1909 cum

431 1955 574 2010 Deus
596 1962 744 2010 esset
782 1961 837 2008 et
865 1950 1126 2006 Dominus
1161 1959 1217 2004 et
1241 1949 1334 2004 Dei
1360 1947 1563 2013 Filius,
1607 1960 1713 2000 nou
1744 1945 2011 2000 recusavit

370 2025 383 2034 ⁸
423 2048 567 2104 servi
589 2046 822 2102 formam
864 2043 1186 2113 suscipere:
1216 2042 1386 2097 multo
1429 2041 1599 2111 magis
1644 2054 1744 2094 nos
1796 2047 2012 2110 oportet

420 2139 603 2195 omnia
629 2138 838 2202 facere,
883 2135 1093 2190 etiamsi
1134 2133 1242 2188 sint
1271 2133 1478 2202 abiecta
1510 2143 1563 2187 et
1587 2131 1826 2186 humilia.
1874 2129 2008 2187 Nam

421 2230 691 2286 undenam
717 2270 734 2296 ,
769 2228 859 2284 dic
901 2241 1122 2298 qumso,
1165 2240 1198 2280 ο
1235 2224 1432 2291 homo,
1480 2223 1648 2278 altum
1705 2223 1893 2294 sapis?
1942 2239 2008 2277 ex

419 2322 774 2379 saecularibus
817 2329 874 2378 et
917 2321 985 2375 iis
1032 2335 1153 2390 quae
1198 2317 1268 2374 ad
1309 2318 1453 2372 hanc
1493 2318 1657 2372 vitam
1701 2319 2012 2387 pertinent?

423 2417 525 2473 sed
565 2430 634 2472 ea
679 2421 1106 2484 praetercurrunt
1150 2412 1462 2484 priusquam
1516 2413 1883 2482 apparuerint.
1931 2413 2012 2468 Ex

426 2509 836 2581 spiritualibus?
871 2507 959 2562 sed
992 2508 1095 2562 hoc
1122 2522 1337 2576 quoque
1375 2513 1460 2560 est
1491 2505 1689 2560 bonum
1728 2520 1868 2576 opus
1901 2507 2016 2577 spi-

435 2601 672 2667 rituale,
727 2615 833 2654 non
872 2599 1010 2654 elato
1039 2613 1161 2654 esse
1207 2599 1410 2652 animo.
1461 2597 1568 2652 Cur
1603 2614 1734 2668 ergo
1771 2601 1918 2655 elato
1953 2618 2017 2656 es

422 2689 648 2746 animo?
700 2689 838 2760 quod
869 2699 920 2744 te
945 2699 1090 2744 recte
1117 2689 1310 2759 geras?
1352 2688 1491 2744 Audi
1524 2688 1801 2744 Christum
1831 2691 2013 2745 dicen-

428 2790 540 2837 tem
559 2822 577 2848 ,
623 2781 841 2849 Quando
878 2785 1098 2856 feceritis
1141 2784 1314 2839 omnia
1333 2824 1352 2851 ,
1398 2783 1550 2839 dicite
1573 2825 1588 2849 ,
1621 2783 1770 2840 Servi
1816 2783 2014 2838 inutiles

427 2891 604 2930 sumus
651 2891 671 2929 :
740 2892 862 2930 nam
933 2891 1045 2946 qua
1121 2876 1420 2932 debebamus
1503 2879 1668 2946 facere
1689 2917 1705 2942 ,
1777 2879 1984 2945 fecimus

431 2963 586 3033 (Luc.
615 2967 668 3041 1.
701 2966 812 3037 10).
861 2968 933 3022 At
952 2967 1180 3032 eﬂ'erris,
1217 2977 1271 3022 et
1300 2966 1392 3022 tibi
1421 2967 1599 3038 places
1630 2976 1845 3037 propter
1884 2966 2017 3020 divi~

440 3056 584 3110 tias?
634 3059 840 3126 quare?
893 3057 980 3113 dic
1029 3059 1202 3112 mihi:
1249 3075 1425 3113 annon
1472 3057 1667 3113 audiSIi
1713 3058 1854 3128 quod
1894 3056 2018 3112 nudi

430 3147 657 3216 ingressi
703 3164 894 3204 sumus
937 3149 990 3204 in
1043 3149 1181 3205 hanc
1223 3151 1384 3205 vitam
1412 3189 1427 3214 ,
1481 3160 1536 3204 et
1578 3149 1706 3204 nudi
1753 3149 2018 3204 abibimus

428 3239 554 3310 (Job
581 3242 635 3296 l.
658 3240 753 3312 2t)
771 3241 799 3295 ?
847 3241 959 3298 imo
982 3257 1089 3296 non
1114 3241 1266 3297 vides
1311 3256 1405 3296 eos
1431 3241 1520 3310 qui
1546 3250 1597 3296 te
1623 3249 2019 3310 praecesserunt

427 3334 606 3388 nudos
645 3345 701 3388 et
729 3334 968 3403 abjeetos
1008 3335 1384 3390 abscessisse?
1413 3333 1542 3402 Quis
1569 3334 1773 3390 habens
1801 3335 1974 3390 aliena
2002 3375 2017 3399 ,

427 3424 650 3482 eﬂertur
675 3435 732 3482 et
766 3427 867 3482 sibi
904 3428 1121 3497 placet?
1165 3427 1320 3482 Nam
1342 3429 1433 3497 qui
1461 3442 1522 3483 ea
1550 3426 1617 3482 ad
1643 3443 1770 3482 suos
1813 3435 2017 3482 tantum

429 3533 564 3574 usus
591 3527 910 3574 convertere
936 3528 992 3574 et
1020 3519 1086 3574 iis
1116 3518 1222 3573 frui
1249 3518 1434 3573 volunt
1458 3561 1473 3586 ,
1520 3520 1622 3589 ipsi
1646 3520 1726 3574 cis
1753 3519 1836 3574 vel
1863 3520 2014 3574 inviti

428 3610 742 3678 privamur,
769 3623 914 3680 saepe
937 3611 1098 3666 etiam
1129 3618 1256 3666 ante
1283 3619 1532 3677 mortem,
1557 3611 1610 3665 in
1640 3621 1816 3666 morte
1839 3622 2016 3666 autem

427 3701 676 3758 omnino.
728 3704 799 3757 At
839 3717 938 3758 nos
965 3697 1247 3771 viventes,
1291 3703 1504 3774 inquit,
1547 3703 1626 3758 eis
1669 3712 1730 3758 ut
1773 3703 2020 3758 volumus

433 3793 656 3849 utimur.
702 3791 862 3849 Certe
891 3794 1159 3849 neminem
1208 3793 1318 3848 cito
1348 3792 1544 3848 videris
1592 3802 1650 3848 ut
1676 3795 1792 3848 vult
1819 3795 1893 3848 uti
1940 3794 2020 3846 fa-

433 3886 723 3942 cultatibus
749 3904 762 3940 :
791 3886 933 3957 quod
977 3887 1023 3941 si
1065 3885 1345 3957 quisquam
1376 3886 1535 3941 etiam
1580 3892 1638 3940 ut
1664 3885 1778 3939 vult
1815 3893 2018 3952 utatur,

429 3994 502 4034 ne
523 3978 628 4034 hoc
644 3989 728 4034 est
754 3978 968 4049 quidem
988 3993 1236 4049 magnum
1271 3995 1285 4032 :
1315 3977 1479 4034 breve
1497 3987 1583 4033 est
1611 3977 1756 4032 enim
1783 3990 2022 4047 praesens

431 4081 670 4140 tempus,
689 4072 733 4126 si
758 4069 1064 4126 conferatur
1080 4085 1203 4125 cum
1227 4069 1439 4125 sarculis
1462 4085 1582 4140 quas
1602 4084 1708 4124 non
1736 4068 2016 4124 liniuntur.

431 4162 678 4230 Eli'erris,
704 4179 737 4216 ο
762 4161 922 4217 homo
945 4204 959 4228 ,
984 4169 1040 4218 et
1065 4160 1310 4233 gloriaris
1333 4163 1474 4232 quod
1499 4160 1573 4216 sis
1600 4160 1787 4216 dives?
1810 4174 1975 4230 quare
1995 4159 2023 4214 ?

431 4257 544 4310 hoc
580 4255 723 4310 enim
745 4254 896 4310 adest
920 4261 976 4308 et
1002 4251 1296 4308 latronibus
1325 4261 1380 4306 et
1408 4251 1619 4307 furibus
1648 4261 1702 4307 et
1736 4249 2019 4322 parricidis

429 4357 489 4402 et
536 4346 787 4401 mollibus
815 4355 871 4401 et
920 4345 1307 4400 scortatoribus
1334 4353 1388 4399 et
1437 4343 1710 4400 sceleratis
1750 4345 2020 4399 omnibus.

430 4440 546 4493 Cur
574 4452 702 4507 ergo
729 4436 981 4492 efferris?
1009 4436 1141 4492 Nam
1169 4437 1301 4492 sieo
1323 4447 1469 4491 recte
1486 4445 1541 4491 et
1567 4447 1622 4490 ut
1649 4444 1865 4505 oportet
1893 4450 2021 4491 usus

432 4544 496 4584 cs
518 4570 534 4594 ,
579 4546 686 4584 non
723 4530 885 4584 debes
909 4531 1058 4584 elato
1089 4543 1210 4584 esse
1241 4528 1423 4582 animo
1445 4568 1460 4592 ,
1496 4541 1566 4582 ne
1598 4527 1766 4584 violes
1795 4528 2021 4583 manda-

435 4631 592 4676 tum:
627 4621 712 4676 sin
743 4635 1050 4675 autemnon
1075 4630 1219 4675 recte
1243 4629 1296 4674 et
1323 4628 1380 4674 ut
1399 4628 1631 4690 Oportet,
1649 4619 1770 4675 ideo
1790 4621 2025 4677 maxime

435 4729 551 4767 non
569 4711 753 4779 debes,
765 4713 906 4782 quod
921 4712 1264 4782 pecuniarum
1285 4711 1455 4766 tactus
1467 4711 1540 4766 sis
1553 4701 1740 4767 servus
1751 4721 1806 4768 et
1822 4726 2027 4782 posses-

435 4803 654 4858 sionum
673 4845 689 4869 ,
721 4814 775 4859 et
797 4819 860 4859 ea
899 4804 952 4858 in
984 4814 1036 4859 te
1061 4803 1392 4858 dominatum
1423 4803 1723 4859 obtineant.
1751 4802 1886 4859 Nam
1915 4802 2023 4873 die,

436 4912 665 4968 quaeso,
695 4900 739 4952 si
781 4899 901 4967 quis
945 4898 1256 4952 febricitans
1288 4898 1515 4952 multum
1562 4913 1715 4968 aqua:
1761 4897 2022 4964 ebiberit,

434 5004 566 5062 qua:
606 4988 752 5044 brevi
781 4989 996 5060 quidem
1029 4998 1273 5058 tempore
1299 4989 1608 5060 exstinguat
1631 4989 1796 5055 sitim,
1841 5001 2027 5060 postea

433 5091 622 5136 autem
664 5080 922 5135 accendat
958 5078 1229 5134 ﬂammam
1252 5121 1269 5148 ,
1301 5095 1366 5135 ex
1389 5093 1526 5136 eone
1562 5079 1723 5136 debet
1758 5079 1935 5136 efferri
1975 5091 2028 5137 et

433 5175 542 5232 sibi
571 5175 817 5245 placere?
844 5174 980 5240 Quid
1010 5189 1160 5238 vero,
1189 5175 1234 5228 si
1263 5175 1382 5244 quis
1409 5175 1590 5244 plures
1613 5173 1806 5229 habeat
1833 5176 2026 5231 frustra

429 5267 822 5324 sollicitudines
843 5309 858 5335 ,
899 5277 1255 5339 proptereane
1287 5267 1445 5324 debet
1469 5268 1567 5323 sibi
1599 5267 1849 5338 placere?
1892 5268 2025 5335 Cur,

434 5360 527 5416 die
575 5360 801 5431 quaeso?
845 5360 1096 5430 quoniam
1125 5361 1324 5415 multos
1357 5359 1523 5414 babes
1555 5359 1839 5415 dominos?
1885 5376 2021 5432 quo-

433 5455 586 5508 niam
611 5454 805 5508 multas
830 5451 1030 5507 curas?
1074 5453 1333 5519 Quoniam
1380 5452 1531 5506 multi
1567 5452 1659 5507 tibi
1701 5453 2026 5508 adulantur?

432 5545 545 5601 Sed
574 5553 631 5598 tu
660 5544 768 5599 illis
799 5545 977 5600 servis
1007 5561 1021 5597 :
1053 5551 1108 5598 et
1136 5553 1193 5598 ut
1229 5543 1496 5613 intelligas
1524 5543 1647 5599 audi
1690 5554 1900 5614 aperte.
1948 5543 2026 5598 Ex

433 5638 504 5692 iis
561 5651 681 5706 qua
731 5637 786 5690 in
852 5636 1010 5690 nobis
1063 5644 1188 5690 sunt
1245 5635 1411 5689 animi
1486 5634 1858 5690 affectionibus
1909 5638 2027 5690 aliae

433 5730 655 5800 quidem
681 5741 808 5785 sunt
823 5728 1148 5799 quandoque
1175 5728 1354 5792 utiles,
1383 5736 1441 5782 ut
1463 5728 1538 5782 ira
1567 5744 1710 5800 saepe
1734 5738 1817 5784 est
1845 5729 2016 5784 utilis:

435 5836 568 5876 nam
591 5820 702 5890 Ira,
721 5821 913 5892 inquit,
931 5820 1122 5891 injusta
1139 5835 1238 5875 non
1255 5819 1348 5876 erit
1363 5819 1605 5876 innocens
1624 5820 1814 5892 (Eccli.
1837 5822 1882 5878 Ι.
1910 5820 2018 5892 22).

2131 461 2490 530 Quamobrem
2531 463 2656 514 licet
2681 460 2842 513 etiam
2881 459 3023 528 juste
3068 458 3246 512 irasci.
3279 458 3342 512 lit
3371 475 3575 522 rursus.
3610 463 3710 526 Qui

2134 552 2372 609 irascitur
2421 554 2572 622 fratri
2614 567 2706 606 suo
2763 561 2979 616 temere,
3035 550 3130 603 erit
3181 549 3424 605 obnoxius
3471 552 3712 622 geltennte

2131 660 2346 733 (Matth.
2371 660 2428 716 5.
2456 658 2578 730 22).
2606 657 2814 714 Rursus
2844 658 3020 714 bonus
3044 664 3130 712 est
3157 655 3308 712 zelus
3331 663 3386 710 et
3414 653 3676 724 cupiditas
3694 693 3714 717 ,

2140 753 2257 808 haec
2284 750 2523 824 quidem,
2548 767 2671 808 cum
2688 750 2898 807 exsistit
2918 750 2972 806 in
2997 749 3288 806 liberorum
3309 747 3715 818 procreatione:

2131 847 2222 903 ille
2241 861 2393 915 vero,
2428 844 2642 916 quando
2665 845 2829 900 habet
2851 842 3246 899 aemulationem
3267 842 3334 896 ad
3354 855 3414 896 ea
3441 855 3560 911 qua:
3577 839 3727 894 bona-

2131 947 2274 993 sunt.
2296 936 2619 993 Sicutetiam
2648 935 2779 991 dicit
2797 934 2990 990 Paulus
3011 952 3025 990 :
3044 932 3244 987 Bonum
3268 941 3436 986 autem
3458 941 3528 986 est
3553 947 3716 986 tentu-

2132 1030 2228 1086 ιιιτὶ
2247 1032 2303 1086 in
2326 1031 2455 1086 bono
2474 1028 2818 1103 θεωρεῖ-(ϐαι.
2837 1029 2892 1084 4.
2916 1028 3010 1096 18)
3027 1043 3043 1093 ;
3062 1035 3118 1082 et
3139 1040 3348 1092 rursus,
3371 1024 3721 1080 Αῖηηιιαηιὶηί

2129 1126 2437 1182 charismata
2457 1125 2664 1180 meliora
2680 1123 2756 1195 (1.
2780 1121 2900 1179 Cor.
2944 1120 3033 1177 12.
3055 1119 3170 1193 51).
3201 1119 3375 1176 Ambo
3407 1119 3570 1190 igitur
3590 1130 3716 1174 sunt

2131 1219 2302 1274 utilia.
2320 1217 2636 1288 Arrogantia
2653 1227 2831 1272 autem
2849 1229 3111 1286 nusquam
3140 1223 3223 1270 est
3238 1213 3500 1284 bona,sed
3518 1213 3716 1285 ubique

2129 1321 2212 1367 est
2237 1310 2442 1365 inutilis
2468 1320 2524 1367 et
2548 1313 2728 1365 noxia.
2752 1307 3019 1364 Caeterum
3040 1307 3086 1362 si
3107 1305 3284 1364 eﬂ‘erri
3303 1318 3358 1362 et
3379 1307 3480 1362 sibi
3501 1307 3714 1378 placere

2129 1413 2360 1474 oportet,
2381 1411 2599 1472 propter
2625 1411 2987 1473 paupertatem
2999 1401 3100 1454 sibi
3123 1401 3332 1470 placere
3353 1407 3584 1467 oportet,
3610 1414 3713 1450 non

2131 1505 2349 1567 propter
2373 1494 2605 1550 divitias.
2627 1493 3018 1563 Quamobrem?
3037 1492 3297 1561 Quoniam
3315 1493 3402 1562 qui
3420 1491 3601 1562 paucis
3626 1505 3714 1560 po-

2133 1598 2234 1644 test
2252 1589 2454 1656 vivere,
2478 1598 2559 1644 est
2575 1588 2742 1642 multo
2759 1587 2929 1657 major
2941 1586 3194 1642 etmelior
3205 1601 3274 1642 eo
3290 1586 3379 1656 qui
3395 1600 3499 1640 non
3521 1594 3711 1654 potest.

2199 1681 2254 1738 5.
2293 1679 2427 1736 Nam
2468 1679 2555 1736 dic
2600 1679 2764 1746 mihi,
2800 1679 2846 1734 si
2886 1677 3154 1748 aliquibus
3197 1677 3398 1732 vocatis
3445 1677 3495 1730 in
3529 1676 3714 1730 urbem

2129 1774 2364 1846 regiam,
2415 1773 2506 1828 alii
2534 1773 2751 1843 quidem
2783 1787 2853 1828 ex
2889 1773 2954 1827 iis
2997 1770 3385 1840 necjumentis
3427 1784 3564 1840 Opus
3612 1769 3712 1824 ha—

2132 1867 2322 1930 beant,
2351 1880 2452 1920 nee
2493 1864 2706 1920 famulis
2726 1905 2742 1930 ,
2775 1878 2874 1919 nec
2901 1863 3152 1918 umbellis
3178 1903 3192 1928 ,
3225 1878 3327 1919 nec
3355 1860 3669 1916 diversoriis
3695 1903 3710 1927 ,

2131 1972 2232 2014 nec
2273 1956 2498 2023 calceis,
2539 1970 2716 2025 neque
2742 1955 2921 2018 vasis,
2972 1953 3069 2008 sed
3112 1953 3193 2008 eis
3234 1953 3465 2008 sufficiat
3505 1952 3706 2007 habere

2131 2064 2321 2120 panem
2346 2091 2362 2117 ,
2412 2057 2469 2104 et
2510 2062 2703 2117 aquam
2731 2061 2946 2101 sumere
2973 2060 3039 2101 ex
3082 2043 3357 2110 fontibus;
3401 2044 3490 2098 alii
3531 2053 3712 2098 autem

2129 2141 2346 2207 dicant,
2394 2139 2506 2195 Nisi
2549 2139 2814 2194 dederitis
2841 2137 3122 2201 vehicula,
3164 2145 3221 2192 et
3260 2144 3484 2191 stratum
3514 2137 3710 2202 molle,

2130 2251 2235 2290 non
2268 2248 2551 2304 possumus
2586 2231 2818 2296 adesse;
2870 2231 2972 2285 nisi
3011 2229 3172 2284 etiam
3199 2229 3396 2284 multos
3424 2228 3714 2284 habeamus

2129 2327 2220 2397 qui
2264 2341 2362 2382 nos
2405 2333 2718 2395 sequantur,
2767 2322 2868 2378 nisi
2921 2321 3140 2376 assidue
3191 2321 3350 2375 liceat
3391 2321 3708 2390 quiescere,

2131 2434 2240 2473 non
2282 2431 2596 2486 possumus;
2641 2415 2746 2470 nisi
2799 2425 3014 2470 utamur
3045 2413 3346 2483 iumentis,
3406 2413 3504 2467 nisi
3550 2412 3710 2467 etiam

2131 2526 2342 2581 parvam
2389 2509 2494 2563 diei
2541 2518 2746 2578 partem
2796 2505 3165 2570 ambulemus;
3219 2519 3355 2574 opus
3403 2511 3485 2556 est
3525 2513 3708 2556 autent

2130 2604 2284 2658 nobis
2322 2603 2482 2658 etiam
2516 2600 2756 2672 pluribus
2801 2599 2922 2654 aliis
2952 2614 2965 2651 :
3000 2612 3262 2669 quosnam
3303 2595 3710 2655 admirabitnnr.

2130 2695 2248 2750 illos
2272 2736 2287 2760 ,
2333 2709 2400 2748 an
2443 2691 2575 2748 hos?
2615 2691 2726 2746 llos
2754 2697 2902 2746 certe
2921 2689 3010 2760 qui
3039 2687 3184 2742 nullo
3213 2685 3472 2755 indigent.
3507 2686 3580 2739 Ita
3627 2685 3713 2740 hic

2128 2800 2342 2857 quoque
2410 2785 2487 2839 illi
2536 2783 2750 2854 quidem
2822 2779 2887 2834 ad
2945 2780 3102 2848 hujus
3155 2778 3276 2831 vita:
3331 2778 3467 2831 viam
3530 2777 3711 2831 multis

2128 2878 2366 2950 indigent
2397 2893 2411 2931 :
2445 2877 2496 2931 hi
2527 2891 2654 2930 vero
2683 2874 2850 2929 nullo.
2889 2870 3249 2939 Quamobrem
3281 2877 3499 2938 oportet
3521 2884 3615 2922 eos
3640 2868 3711 2922 oh

2129 2977 2496 3041 paupertatem
2547 2966 2715 3037 magis
2753 2963 2932 3021 eﬂ'erri
2973 2971 3029 3017 ct
3075 2962 3176 3016 sibi
3228 2961 3473 3031 placere,
3517 2962 3560 3016 si
3610 2962 3710 3015 sibi

2128 3066 2338 3134 placere
2365 3069 2602 3132 oportet.
2633 3062 2702 3114 At
2729 3071 2954 3128 pauper,
2984 3055 3175 3125 inquit.
3210 3062 3294 3108 est
3344 3053 3708 3122 despicabilis.

2101 3156 2244 3212 .Non
2291 3155 2420 3219 ille,
2473 3152 2576 3207 sed
2615 3151 2706 3221 qui
2751 3164 2876 3205 eum
2918 3145 3244 3217 despiciunt.
3289 3145 3398 3200 Cur
3427 3145 3571 3200 enim
3611 3161 3711 3214 ego

2128 3261 2233 3301 non
2283 3243 2522 3313 despicio
2563 3257 2690 3307 eos,
2744 3241 2832 3310 qui
2878 3239 3126 3294 nesciunt
3176 3237 3432 3290 admirari
3477 3251 3537 3291 ea
3588 3253 3706 3306 qua:

2127 3336 2377 3407 oportet?
2406 3333 2511 3390 Sed
2553 3333 2603 3389 si
2629 3333 2700 3387 sit
2723 3330 2941 3402 quidem
2976 3331 3149 3400 pictor
3176 3327 3440 3398 quispiam
3459 3367 3474 3391 ,
3503 3342 3597 3383 eos
3621 3329 3712 3396 qui

2128 3428 2299 3494 ipsum
2350 3426 2528 3481 rident
2570 3423 2849 3488 irridebit,
2896 3419 3150 3492 quamdiu
3202 3418 3404 3474 fuerint
3451 3418 3612 3474 rudes
3659 3429 3715 3474 et

2135 3520 2400 3590 imperiti,
2453 3531 2507 3577 et
2555 3537 2726 3591 neque
2769 3522 3099 3577 convertitur
3126 3520 3191 3575 ad
3240 3536 3301 3576 ea
3342 3537 3462 3593 quae
3503 3521 3573 3576 ab
3609 3521 3716 3577 illis

2128 3612 2398 3681 dicuntur,
2432 3614 2525 3669 sed
2551 3622 2837 3669 contentus
2873 3623 2955 3668 est
2981 3627 3080 3666 suo
3110 3612 3310 3682 ipsius'
3348 3612 3661 3668 testimonio
3699 3631 3712 3666 :

2129 3714 2184 3763 et
2210 3721 2310 3762 nos
2339 3707 2689 3778 pendebimus
2735 3721 2766 3760 a
2798 3705 2939 3776 vulgi
2970 3705 3264 3774 opinione?
3311 3719 3376 3757 an
3422 3705 3536 3758 lucc
3563 3706 3713 3758 venia

2131 3798 2289 3870 digna
2316 3801 2488 3855 sunt?

2202 3889 2458 3957 Pauperis
2520 3889 2701 3944 metior
2758 3898 2832 3941 est
2887 3887 3144 3950 conditio,
3203 3901 3356 3955 quant
3406 3885 3594 3938 divitis.
3647 3915 3716 3924 ——-

2130 3983 2422 4052 Propterea
2449 3981 2596 4052 digni
2627 3995 2814 4036 sumus
2842 3979 2934 4049 qui
2963 3986 3393 4043 contemnamur,
3440 3975 3585 4044 quod
3621 3991 3716 4031 eos

2131 4091 2238 4133 non
2287 4075 2649 4146 despiciamus
2699 4071 2792 4143 qui
2830 4085 2928 4126 nos
2965 4069 3268 4140 despiciant
3317 4077 3537 4138 propter
3581 4083 3714 4138 pan-

2134 4180 2395 4242 pertatem
2419 4209 2436 4235 ,
2477 4177 2533 4224 et
2557 4184 2664 4223 non
2694 4180 2790 4222 eos
2828 4178 3148 4220 censeamus
3181 4163 3429 4218 miseros.
3478 4162 3544 4217 Et
3575 4177 3715 4232 prae-

2131 4273 2284 4318 tereo
2326 4261 2543 4332 quidem
2587 4267 2720 4329 quot
2769 4266 2994 4328 peccata
3025 4265 3323 4310 nascuntur
3373 4269 3438 4309 ex
3477 4253 3714 4315 divitiis,

2130 4365 2262 4426 quot
2305 4363 2487 4408 autem
2513 4353 2651 4407 bona
2693 4367 2759 4405 ex
2808 4356 3122 4420 paupertate
3156 4365 3168 4400 :
3225 4347 3334 4401 imo
3362 4361 3491 4400 vero
3519 4360 3618 4398 nec
3638 4344 3720 4396 di-

2131 4447 2274 4500 vitia:
2298 4487 2314 4511 ,
2348 4460 2448 4501 nec
2480 4452 2769 4514 paupertas
2797 4456 2892 4510 per
2920 4455 2979 4494 se
3004 4439 3203 4492 bonum
3231 4479 3245 4501 ,
3278 4436 3372 4491 sed
3404 4446 3563 4504 prout
3593 4445 3717 4490 sunt

2131 4538 2223 4609 qui
2273 4536 2340 4592 iis
2390 4543 2633 4590 utuntur.
2676 4531 2882 4587 Probus
2912 4529 3248 4586 Christianus
3277 4527 3444 4596 magis
3483 4525 3717 4580 cernitur

2133 4629 2188 4684 in
2216 4635 2530 4698 paupertate
2573 4639 2734 4695 quam
2768 4623 2820 4676 in
2860 4620 3084 4676 divitiis.
3132 4617 3451 4687 Quomodo?
3496 4616 3556 4672 In
3590 4632 3720 4687 pau-

2142 4721 2350 4791 pertate
2371 4718 2474 4773 erit
2522 4731 2551 4770 a
2591 4715 2731 4770 fastu
2779 4713 3028 4777 alienior,
3078 4710 3390 4773 modestior,
3422 4711 3715 4776 honestior,

2140 4811 2455 4884 prudentior
2499 4827 2513 4864 :
2565 4808 2657 4879 qui
2685 4817 2864 4862 autem
2921 4813 3099 4859 manet
3127 4803 3176 4856 in
3214 4801 3452 4870 divitiis,
3508 4801 3574 4856 ad
3606 4803 3719 4856 haec

2139 4909 2302 4964 multa
2333 4906 2498 4962 habet
2539 4903 2938 4975 impedimenta.
2985 4900 3276 4956 Videamus
3317 4915 3446 4970 ergo
3474 4916 3716 4970 quamam

2139 5013 2407 5070 suntquae
2427 4998 2553 5054 facit
2599 4997 2781 5062 dives,
2839 4994 2923 5050 vel
2951 4993 3128 5064 potius
3175 4991 3221 5047 is
3246 4993 3332 5063 qui
3355 4993 3554 5048 divitiis
3583 4995 3720 5048 male

2135 5095 2325 5148 utitur.
2377 5090 2472 5146 Ille
2514 5089 2692 5160 rapit,
2721 5085 2930 5142 fraudat
2953 5127 2968 5152 ,
2997 5085 3344 5140 circumvenit
3365 5127 3378 5148 ,
3411 5086 3517 5138 vim
3544 5085 3715 5139 ail‘ert.

2138 5187 2250 5242 lmo
2276 5183 2444 5255 quid?
2485 5195 2698 5237 amores
2731 5189 2913 5249 turpes
2939 5187 2994 5233 et
3018 5177 3372 5240 inhonestos,
3402 5179 3721 5232 concubitus

2136 5278 2373 5335 nefarios
2393 5318 2408 5344 ,
2440 5274 2762 5347 prmstigias,
2797 5270 3060 5326 veneficia
3088 5312 3102 5336 ,
3154 5271 3256 5325 alia
3287 5279 3421 5324 tetra
3454 5279 3511 5324 et
3537 5271 3720 5338 gravia

2134 5385 2314 5426 annon
2367 5367 2609 5423 invenies
2663 5365 2809 5418 nasci
2863 5379 2930 5418 ex
2982 5361 3225 5418 divitiis?
3259 5362 3426 5417 Vides
3473 5362 3616 5431 quod
3670 5365 3720 5415 iu

2135 5470 2448 5536 paupertate
2492 5457 2703 5516 facilius
2755 5465 2840 5513 est
2869 5457 3121 5511 virtutem
3150 5469 3403 5511 exercere
3427 5496 3440 5519 ,
3466 5471 3623 5524 quam
3671 5457 3721 5509 in

2135 5553 2368 5612 divitiis?
2420 5551 2499 5606 Ne
2548 5549 2728 5614 enim,
2790 5548 3042 5619 quoniam
3073 5560 3260 5616 poenas
3311 5544 3398 5600 hic
3443 5561 3547 5600 non
3596 5546 3725 5601 dant

2136 5646 2367 5708 divites,
2416 5641 2691 5699 existimes
2719 5653 2814 5696 eos
2857 5654 2962 5693 non
3011 5651 3253 5708 peccare.
3306 5635 3438 5692 Nam
3486 5639 3529 5693 si
3573 5637 3726 5694 facile

2136 5745 2282 5794 esset
2299 5735 2518 5790 divitem
2549 5731 2680 5788 dare
2711 5746 2896 5802 punias
2920 5771 2936 5794 ,
2992 5730 3057 5784 iis
3089 5729 3278 5800 plenos
3309 5731 3577 5785 invenires
3604 5746 3725 5785 car-

2137 5843 2330 5896 ceres;
2381 5825 2477 5883 sed
2531 5825 2672 5882 inter
2722 5823 2825 5879 alia
2876 5823 2977 5879 hoc
3022 5836 3235 5893 quoque
3281 5824 3479 5878 malum
3527 5823 3726 5880 habent
