4088 6212
423 337 492 392 ἳἸ
1154 346 1211 402 S.
1253 347 1534 405 JOANNIS
1569 347 2046 408 CHRYSOSTOMI
2086 351 2406 416 ABClllEP.
2445 361 2978 421 CONSTANTINOP.
3611 369 3680 425 28

402 461 622 529 divitiae,
673 461 816 533 quod
860 463 950 534 qui
1003 479 1096 520 eas
1128 464 1178 520 in
1229 466 1358 522 vitio
1383 478 1438 524 ct
1464 471 1670 529 scelere
1715 477 1989 546 possidet,

402 556 622 624 impune
650 568 879 623 peccans
933 570 1222 628 numquam
1251 557 1475 616 desistet
1501 561 1602 618 hoc
1627 564 1838 634 facere,
1889 577 1986 624 sed

401 646 630 717 accipiet
662 647 883 700 vulnera
907 647 1108 717 absque
1130 650 1558 719 medicamentis,
1579 671 1752 727 neque
1772 661 1820 714 ei
1842 661 1988 730 quis-

398 757 558 810 quam
587 741 826 811 imponet
853 739 1086 796 frenum.
1121 741 1176 798 Si
1201 745 1322 814 quis
1348 757 1527 802 autem
1559 751 1714 818 velit,
1745 752 1986 810 inveniet

396 834 558 888 etiam
585 840 953 904 paupertatem
994 833 1152 890 nobis
1192 835 1260 892 ad
1289 837 1626 910 voluptatem
1658 843 1810 912 plura
1854 845 1988 901 dare

405 937 749 996 adminicula.
782 936 1095 1005 Quomodo?
1122 936 1385 1002 Quoniam
1417 937 1639 993 liberata
1669 945 1746 993 est
1771 951 1801 994 a
1833 938 1988 996 solli-

406 1031 732 1087 citudinibus
754 1072 768 1096 ,
801 1030 944 1096 odio,
973 1046 1171 1102 pugna.
1203 1031 1314 1096 lite,
1347 1039 1402 1085 et
1429 1045 1461 1085 a
1489 1031 1646 1086 malis
1675 1033 1986 1088 innumera-

404 1123 623 1178 bilibus.
672 1121 750 1177 Ne
791 1137 918 1192 ergo
948 1137 1255 1190 quaeramus
1282 1120 1582 1187 ditescere,
1636 1137 1736 1177 nee
1775 1135 1989 1190 semper

405 1215 718 1269 aemulemur
763 1229 857 1269 eos
908 1214 996 1284 qui
1031 1213 1194 1267 multa
1244 1213 1520 1284 possident
1563 1232 1576 1269 :
1619 1214 1711 1269 sed
1765 1215 1854 1285 qui
1893 1214 1990 1269 ha-

404 1305 592 1360 bemus
645 1305 898 1375 quidem,
969 1306 1168 1360 divitiis
1221 1315 1434 1360 utamur
1485 1317 1543 1360 ut
1593 1317 1840 1376 oportet;
1894 1308 1985 1376 qui

403 1407 580 1452 autem
620 1412 727 1450 non
753 1395 1016 1451 habemus
1042 1437 1056 1461 ,
1114 1412 1183 1451 ne
1222 1406 1508 1466 propterea
1535 1397 1815 1452 doleamus
1837 1438 1852 1465 ,
1887 1397 1982 1454 sed

404 1487 516 1541 Deo
558 1501 778 1556 agamus
800 1485 1000 1555 gratias
1025 1527 1041 1552 ,
1089 1485 1232 1556 quod
1260 1486 1461 1540 efﬁciat
1505 1496 1561 1541 ut
1590 1503 1688 1542 nos
1733 1488 1784 1542 in
1815 1503 1982 1558 parvo

403 1578 607 1644 labore,
635 1578 877 1633 eamdem
905 1592 1063 1648 quam
1093 1577 1288 1632 divites
1316 1587 1408 1633 aut
1433 1579 1593 1634 etiam
1622 1579 1904 1649 majorem,
1934 1580 1981 1635 si

401 1673 629 1726 velimus
649 1713 663 1736 ,
694 1672 1024 1740 accipiamus
1053 1670 1359 1726 mercedem
1395 1688 1407 1723 :
1449 1679 1505 1726 et
1534 1686 1723 1742 magna
1752 1688 1817 1728 ex
1846 1688 1979 1742 pau-

402 1765 482 1819 cis
525 1763 870 1819 lucrabimur.
921 1763 1054 1818 Nam
1095 1770 1148 1819 et
1193 1764 1280 1833 qui
1327 1763 1436 1818 duo
1465 1763 1715 1820 attulerat
1745 1765 1979 1830 talenta,

402 1870 555 1926 aeque
581 1855 632 1910 in
661 1855 1015 1911 admiratione
1040 1863 1096 1911 et
1125 1855 1328 1911 honore
1349 1865 1434 1911 est
1461 1855 1675 1912 habitus
1697 1865 1860 1927 atque
1889 1857 1983 1927 qui

401 1949 634 2019 quinque
655 1947 926 2004 attulerat.
970 1947 1376 2016 Quamobrem?
1414 1947 1549 2003 Nam
1576 1947 1684 2004 duo
1712 1948 1830 2019 ejus
1860 1947 1982 2003 fidei

2117 461 2318 520 credita
2347 475 2474 524 sunt
2501 469 2699 525 talenta
2725 513 2741 537 ,
2773 472 2867 527 sed
2897 460 3016 543 quae
3045 489 3076 528 a
3097 489 3160 530 se
3203 477 3506 546 praastanda
3534 492 3693 535 erant

2116 557 2352 628 implevit
2378 561 2591 629 omnia,
2628 571 2685 618 et
2727 579 2847 633 qua:
2876 565 2974 620 sibi
3025 565 3237 620 fuerant
3277 566 3481 623 credita
3513 570 3690 626 attulit

2105 657 2392 727 duplicata.
2439 661 2576 729 Quid
2605 678 2734 734 ergo
2763 665 3040 720 studemus
3082 674 3140 720 ut
3167 667 3334 723 multa
3373 672 3530 727 nobis
3556 688 3680 730 cre-

2103 747 2319 815 dantur,
2371 765 2492 806 cum
2521 768 2617 822 per
2646 768 2811 824 pauca
2841 755 2999 810 liceat
3039 755 3256 813 eosdem
3287 759 3490 816 fructus
3518 763 3679 820 etiam

2104 840 2337 909 majores
2389 845 2712 913 percipere?
2761 860 2880 900 cum
2933 847 3084 904 labor
3109 849 3324 919 quidem
3372 854 3443 907 sit
3481 856 3678 926 minor,

2101 945 2312 988 merces
2339 944 2518 988 autem
2565 935 2734 996 multo
2761 937 3032 1006 amplior?
3078 939 3308 996 Facilius
3335 945 3477 998 enim
3505 961 3538 1000 a
3566 947 3685 1005 suis

2103 1034 2304 1092 pauper
2333 1023 2620 1090 abscedet,
2673 1041 2834 1096 quam
2882 1027 3031 1084 dives
3058 1032 3221 1085 multa
3247 1040 3303 1087 et
3330 1049 3517 1106 magna
3552 1053 3679 1108 pos-

2100 1110 2302 1166 sidens.
2327 1114 2410 1168 An
2437 1114 2657 1171 nescitis
2681 1117 2822 1187 quod
2849 1159 2865 1185 ,
2895 1134 3002 1189 quo
3035 1121 3186 1190 plura
3230 1124 3493 1194 quispiam
3521 1127 3676 1185 fuerit

2101 1203 2436 1272 complexus,
2469 1219 2536 1259 eo
2585 1206 2737 1275 plura
2765 1209 3075 1264 desiderat?
3105 1211 3181 1266 Ne
3229 1213 3330 1268 hoc
3355 1231 3484 1285 ergo
3522 1220 3679 1275 nobis

2098 1295 2339 1361 accidat,
2373 1311 2440 1350 ne
2467 1312 2769 1367 quaeramus
2795 1300 3008 1354 divitias
3027 1343 3042 1367 ,
3073 1318 3248 1372 neque
3274 1322 3415 1377 aegre
3440 1308 3676 1363 feramus

2099 1394 2468 1454 paupertatem
2488 1430 2502 1455 ,
2537 1403 2709 1459 neque
2740 1392 3128 1450 contendamus
3156 1395 3422 1454 ditescere
3444 1439 3461 1466 ,
3507 1411 3562 1456 ot
3589 1405 3678 1473 qui

2097 1476 2380 1545 habemus,
2405 1479 2483 1535 eis
2509 1481 2582 1534 ita
2606 1490 2816 1536 utamur
2844 1483 3074 1553 utjussit
3095 1486 3315 1545 Paulus.
3350 1488 3452 1554 Qui
3471 1493 3674 1560 habent,

2098 1569 2289 1639 inquit,
2318 1571 2419 1624 sint
2450 1581 2704 1642 tamquam
2733 1590 2834 1628 non
2861 1575 3133 1643 habentes;
3159 1588 3205 1632 et
3232 1582 3319 1651 qui
3345 1593 3551 1638 utuntur
3579 1587 3681 1641 hoc

2096 1661 2286 1715 mundo
2310 1673 2567 1732 tamquam
2600 1680 2700 1718 non
2743 1675 2939 1720 utentes
2989 1668 3065 1738 (1.
3108 1669 3228 1726 Cor.
3258 1673 3310 1726 7.
3335 1673 3426 1732 29.
3452 1676 3581 1748 3i):
3618 1688 3676 1734 ut

2094 1768 2445 1825 assequamur
2467 1756 2603 1810 bona
2622 1757 2882 1826 promissa
2907 1777 2920 1812 :
2951 1775 3072 1829 quae.
3091 1762 3246 1819 detur
3258 1765 3412 1823 nobis
3432 1769 3682 1824 omnibus

2094 1847 2383 1917 consequi,
2417 1849 2586 1918 gratia
2613 1856 2665 1904 et
2691 1849 3039 1922 benignitate.

3029 2086 3072 2092 ρ,-
3099 2087 3382 2095 ..--.,.-..---

3411 2093 3413 2095 ‘
3421 2091 3677 2106 Ἥ

1803 2147 2142 2211 HOMILIA
2186 2151 2298 2211 III.

396 2290 526 2346 CAP.
551 2290 604 2345 1.
632 2305 684 2344 v.
708 2290 761 2346 6.
796 2289 862 2344 Et
891 2306 1006 2344 eum
1030 2289 1212 2344 iterum
1251 2289 1530 2342 introducit
1572 2288 1987 2362 Primogenitum

469 2385 524 2437 in
551 2383 720 2438 orbem
749 2391 916 2446 terrae,
957 2382 1078 2436 dicit
1102 2397 1122 2436 :
1141 2380 1210 2435 Et
1235 2381 1445 2434 adorent
1470 2397 1583 2434 eum
1607 2397 1780 2436 omnes
1810 2385 1986 2454 angeli

469 2473 588 2530 Dei.
621 2475 674 2530 7.
701 2474 767 2528 Et
795 2474 864 2527 ad
890 2472 1098 2544 angelos
1123 2472 1326 2541 quidem
1353 2473 1476 2526 dicit
1503 2489 1519 2525 :
1547 2473 1646 2539 Qui
1674 2474 1797 2542 facit
1824 2490 1982 2544 ange-

470 2567 547 2620 los
573 2581 690 2624 suos
717 2565 927 2635 spiritus
945 2603 960 2629 ,
1000 2572 1047 2618 et
1073 2564 1328 2618 ministros
1357 2579 1477 2618 suos
1504 2565 1768 2634 ﬂammam
1801 2565 1934 2636 ignis
1960 2581 1979 2619 :

470 2657 526 2712 8.
553 2657 622 2710 ad
648 2656 841 2710 Filium
865 2666 1032 2710 autem
1054 2670 1073 2718 ς
1099 2653 1332 2710 Thronus
1355 2664 1472 2709 tuus
1495 2653 1632 2709 Deus
1659 2655 1711 2709 in
1734 2657 1978 2710 saeculum

471 2745 668 2802 sa‘culi.

478 2839 532 2893 1.
577 2836 834 2893 Dominus
869 2836 1086 2910 quidem
1128 2845 1313 2892 noster
1339 2835 1494 2892 Jesus
1539 2836 1786 2892 Christus
1821 2851 1974 2892 suum

410 2934 463 2988 in
493 2948 656 2989 carne
682 2933 972 2989 adventum
1001 2945 1159 2992 vocat
1201 2952 1475 3008 egressum
1507 2941 1590 2995 vel
1637 2944 1840 2997 exitum
1878 2961 1894 3000 :
1929 2956 1990 2999 ut

407 3024 624 3095 quando
645 3025 794 3091 dicit,
817 3024 960 3080 Eziit
977 3028 1064 3096 qui
1084 3029 1298 3083 seminat
1319 3029 1388 3083 ad
1407 3031 1760 3087 seminandum
1778 3033 1991 3108 (Matth.

406 3119 502 3173 15.
532 3118 636 3187 5);
669 3125 724 3173 et
748 3133 958 3186 rursus,
994 3119 1099 3191 Ego
1127 3137 1159 3174 a
1191 3119 1351 3176 Patre
1379 3123 1532 3190 exivi,
1565 3131 1610 3177 et
1635 3125 1783 3179 venio
1814 3125 1990 3197 (Joan.

407 3208 496 3262 16.
518 3207 612 3279 28)
644 3225 658 3262 :
693 3217 748 3263 et
771 3209 953 3264 multis
982 3210 1034 3264 in
1061 3211 1193 3265 locis
1218 3210 1320 3266 hoc
1342 3212 1560 3268 videris.
1590 3214 1789 3269 Paulus
1815 3226 1994 3270 autem

406 3297 461 3352 id
491 3307 653 3354 vocat
682 3300 989 3370 ingressum
1019 3301 1204 3357 dicens
1228 3318 1244 3357 :
1269 3302 1339 3356 Et
1365 3320 1481 3358 cum
1504 3305 1689 3360 iterum
1717 3307 1996 3361 introducit

406 3388 817 3460 Primogenitum
845 3393 898 3446 in
921 3395 1092 3447 orbem
1119 3403 1302 3458 terrae;
1335 3395 1522 3451 dicens
1545 3397 1995 3454 introductionem

407 3481 545 3537 hanc
571 3483 750 3536 carnis
777 3483 1201 3552 susceptionem.
1244 3484 1355 3540 Cur
1383 3486 1501 3543 haec
1530 3502 1618 3544 res
1642 3489 1789 3544 varie
1812 3504 1989 3544 enun-

417 3581 578 3635 tiatur
599 3621 615 3646 ,
655 3588 708 3633 et
739 3579 888 3648 cujus
916 3578 1198 3633 occasione
1221 3577 1336 3632 haec
1359 3578 1639 3632 dicuntur?
1664 3578 1795 3644 Qua:
1815 3578 1989 3648 signi-

415 3673 646 3727 ficantur
670 3679 794 3725 sunt
838 3669 1138 3724 manifesta.
1179 3667 1419 3723 Christus
1456 3668 1668 3738 quidem
1697 3667 1983 3722 adventum

406 3778 564 3817 suum
614 3761 805 3816 merito
859 3771 1014 3814 vocat
1065 3759 1265 3813 exitum
1315 3776 1327 3811 :
1372 3774 1584 3814 eramus
1635 3758 1776 3812 enim
1832 3766 1982 3811 extra

409 3853 596 3908 Deum.
648 3852 726 3905 Ac
772 3851 908 3905 sicut
967 3849 1016 3903 in
1062 3850 1205 3918 regia
1247 3848 1338 3918 qui
1382 3857 1508 3903 sunt
1560 3848 1612 3902 in
1660 3846 1887 3901 vinculis
1927 3855 1982 3900 et

412 3959 593 4014 regem
639 3943 1012 4008 offenderunt,
1055 3950 1198 3997 stant
1224 3939 1386 4006 foris;
1416 3940 1508 4010 qui
1538 3940 1651 3995 vult
1674 3948 1850 3994 autem
1881 3953 1978 3993 eos

401 4035 785 4097 reconciliare,
832 4049 937 4088 non
985 4033 1131 4101 ipsos
1178 4032 1500 4094 introducit,
1530 4031 1625 4086 sed
1669 4031 1782 4098 ipse
1829 4028 1974 4083 foras

400 4124 685 4195 egrediens
723 4138 818 4178 eos
859 4122 1169 4192 alloquitur,
1203 4121 1380 4176 donec
1408 4121 1540 4189 ipsis
1567 4122 1741 4190 dignis
1765 4119 1974 4175 effectis

396 4225 686 4285 conspectu
711 4215 870 4286 regis,
895 4229 988 4269 eos
1010 4212 1314 4267 introducat
1339 4230 1352 4266 :
1379 4212 1450 4266 ita
1479 4212 1638 4266 etiam
1668 4210 1792 4265 fecit
1815 4210 1971 4265 Chri-

395 4317 545 4361 stus:
575 4305 642 4361 ad
682 4320 781 4361 nos
806 4319 1057 4376 egressus
1078 4344 1093 4369 ,
1122 4302 1224 4357 hoc
1250 4311 1351 4368 est,
1381 4316 1504 4356 cum
1534 4317 1750 4356 carnem
1780 4315 1968 4357 susce-

393 4396 580 4468 pisset,
611 4405 668 4453 et
691 4411 808 4468 quae
836 4410 866 4449 a
893 4395 1040 4465 Rege
1069 4391 1316 4448 mandata
1340 4393 1550 4447 fuerant
1582 4391 1871 4458 retulisset,
1895 4393 1965 4446 ita

394 4503 492 4544 uos
520 4489 843 4556 introduxit,
871 4497 925 4542 ct
955 4502 983 4540 a
1025 4487 1255 4556 peccatis
1284 4494 1538 4556 purgatos
1567 4493 1621 4541 et
1651 4485 1961 4539 reconcilia-

393 4591 496 4636 tos.
544 4581 834 4650 Propterea
889 4578 1061 4647 ipsum
1110 4585 1264 4631 vocat
1307 4577 1530 4631 exitum.
1566 4576 1759 4630 Paulus
1785 4584 1960 4630 autem

390 4688 512 4728 eum
559 4673 800 4728 nominat
848 4671 1224 4739 ingressum,a
1273 4670 1585 4740 metaphora
1633 4684 1819 4724 eorum
1869 4669 1960 4738 qui

385 4771 512 4817 sunt
556 4762 819 4828 heredes,
855 4769 909 4815 et
947 4759 1179 4828 aliquam
1211 4759 1483 4828 accipiunt
1522 4760 1957 4827 possessionem:

384 4853 564 4908 dicere
606 4853 748 4907 enim
770 4893 786 4918 ,
819 4851 943 4906 Cum
975 4860 1144 4904 autem
1183 4850 1521 4903 introduxerit
1551 4849 1955 4920 Primogenitum

386 4949 444 5001 in
473 4945 640 5000 orbem
668 4956 844 5011 terras;
874 4945 977 5000 hoc
1007 4954 1090 4999 est
1123 4941 1472 5013 significantis
1497 4983 1510 5007 ,
1543 4942 1676 4996 Cum
1703 4943 1752 4997 ei
1791 4942 1956 4997 tradi-

383 5037 526 5092 derit
562 5035 748 5090 orbem
797 5046 952 5090 terra:
977 5053 990 5089 ι
1020 5044 1144 5090 tunc
1174 5034 1316 5089 enim
1345 5048 1462 5088 eam
1494 5042 1659 5088 totam
1693 5034 1951 5104 possedit,

381 5129 598 5199 quando
637 5128 734 5183 fuit
774 5129 1038 5198 cognitus.
1091 5128 1207 5184 Non
1240 5127 1354 5182 haec
1383 5135 1561 5182 autem
1590 5128 1719 5182 dicit
1747 5127 1814 5183 de
1845 5129 1954 5182 Deo

375 5220 558 5276 Verbo
577 5262 592 5287 ,
621 5218 717 5275 sed
742 5220 808 5274 de
837 5217 1051 5274 Christo
1082 5221 1389 5285 incarnato;
1424 5219 1547 5289 jure
1575 5222 1788 5274 merito.
1818 5219 1951 5274 Nam

373 5315 418 5368 si
448 5324 560 5369 erat
601 5314 653 5368 in
699 5312 919 5378 mundo,
949 5321 1008 5367 ut
1051 5313 1127 5366 ait
1174 5312 1442 5378 Joannes,
1478 5321 1530 5367 et
1580 5311 1812 5368 mundus
1856 5328 1950 5382 per

375 5408 548 5476 ipsum
574 5407 747 5463 factus
772 5415 855 5462 est
883 5403 1062 5476 (Joan.
1090 5405 1140 5459 1.
1170 5404 1278 5473 10),
1306 5403 1575 5475 quomodo
1601 5405 1756 5459 aliter
1782 5394 1950 5460 intro-

373 5501 660 5554 duceretur
685 5513 844 5568 quam
887 5498 939 5552 in
971 5495 1172 5551 carne?
1213 5495 1280 5548 Et
1307 5496 1521 5548 adorent
1549 5513 1697 5560 eum,
1733 5497 1941 5566 inquit,

375 5607 546 5644 onmes
571 5591 740 5660 angeli
768 5590 885 5645 Dei.
937 5590 1199 5658 Quoniam
1228 5589 1368 5641 enim
1400 5603 1650 5657 magnum
1682 5599 1733 5643 et
1762 5589 1944 5642 excel-

373 5696 491 5735 sum
521 5681 714 5750 aliquid
746 5690 829 5736 est
855 5681 1120 5745 dicturus,
1150 5679 1203 5734 id
1234 5680 1506 5750 pricstruit
1526 5687 1578 5734 et
1599 5679 1762 5733 efficit
1786 5689 1839 5732 ut
1863 5679 1940 5731 fa-

378 5774 483 5831 cile
507 5772 822 5845 excipiatur,
849 5772 1048 5829 faciens
1088 5773 1294 5829 Patrem
1339 5771 1695 5829 iutroduxissc
1725 5771 1937 5826 Filium.

2123 2286 2396 2355 Perpende
2420 2298 2598 2346 autem
2619 2294 2638 2344 ':
2664 2288 2802 2347 dixit
2825 2294 3070 2364 superius
3098 2308 3219 2350 eum
3251 2309 3356 2350 non
3383 2310 3504 2352 esse
3532 2297 3687 2355 nobis

2119 2378 2390 2448 loquutum
2418 2397 2514 2452 per
2537 2385 2863 2452 prophetas,
2897 2384 2994 2440 sed
3038 2401 3134 2456 per
3171 2387 3367 2441 Filium
3400 2405 3413 2440 :
3449 2389 3684 2445 ostendit

2116 2466 2306 2523 Filium
2331 2486 2450 2526 esse
2476 2472 2753 2528 meliorem
2782 2474 3015 2542 angelis;
3047 2484 3100 2530 et
3127 2475 3229 2530 hoc
3252 2491 3279 2528 a
3309 2477 3525 2532 nomine
3549 2475 3677 2547 pro-

2117 2563 2293 2630 bavit;
2325 2575 2378 2620 et
2419 2581 2484 2621 ex
2527 2583 2592 2622 eo
2635 2570 2776 2638 quod
2821 2571 2978 2626 Pater
3005 2573 3202 2628 Filium
3234 2573 3544 2630 introduxit.
3581 2581 3711 2636 Hic.

2115 2652 2346 2724 denique
2372 2656 2530 2710 etiam
2553 2672 2620 2712 ex
2656 2674 2714 2713 re
2739 2660 2843 2714 alia
2870 2662 3079 2731 probat.
3129 2662 3386 2729 Quasnam
3416 2673 3591 2720 autem
3612 2683 3677 2723 ea

2113 2745 2230 2799 est?
2275 2747 2356 2802 Ex
2384 2747 2696 2805 adoratione
2721 2767 2734 2804 :
2759 2761 2814 2807 et
2836 2754 3069 2810 ostendit
3092 2765 3348 2824 quantum
3379 2758 3446 2810 sit
3467 2754 3677 2821 melior,

2109 2850 2302 2906 nempe
2326 2847 2582 2907 quantum
2611 2840 2868 2896 Dominus
2897 2859 3074 2898 servo.
3107 2844 3174 2900 Ut
3201 2847 3244 2900 si
3272 2847 3389 2916 quis
3415 2847 3596 2915 aliquo
3622 2852 3680 2905 in

2107 2925 2322 2982 domum
2352 2931 2491 3000 regis
2515 2931 2842 2999 introducto,
2873 2950 2968 2990 eos
2993 2936 3082 3006 qui
3112 2938 3221 2992 illic
3246 2948 3482 3007 praesunt
3501 2943 3681 2996 statim

2105 3023 2276 3091 ipsum
2299 3024 2482 3094 jubeat
2511 3026 2738 3083 adorare
2763 3046 2776 3082 :
2808 3030 2886 3085 sic
2915 3030 3007 3084 ille
3034 3030 3179 3098 facit,
3208 3032 3276 3087 de
3307 3032 3468 3087 Verbi
3497 3047 3682 3086 secun-

2102 3111 2227 3167 dum
2258 3130 2472 3170 carnem
2504 3117 2555 3170 in
2584 3118 2842 3173 mundum
2872 3119 3264 3178 introductione
3305 3124 3532 3192 loquens
3563 3144 3577 3180 :
3607 3126 3678 3181 Et

2099 3202 2310 3258 adorent
2335 3222 2449 3260 eum
2479 3223 2651 3262 omnes
2673 3211 2839 3279 angeli
2872 3210 2984 3264 Dei.
3009 3212 3144 3267 Num
3167 3215 3344 3284 angeli
3373 3216 3570 3280 solum,
3595 3216 3675 3270 iu-

2098 3295 2246 3362 quit,
2277 3304 2329 3349 et
2356 3312 2462 3350 non
2489 3297 2609 3352 alia:
2638 3297 2914 3355 Virtutes?
2950 3302 3292 3373 Nequaquam
3328 3324 3342 3361 :
3371 3306 3494 3360 audi
3528 3308 3669 3361 enim

2097 3400 2216 3455 quas
2239 3397 2551 3459 sequuntur.
2581 3388 2655 3444 Et
2689 3391 2759 3445 ad
2788 3395 2997 3464 angelos
3016 3397 3218 3465 quidem
3243 3399 3407 3453 dicit:
3430 3399 3530 3464 Qui
3550 3400 3670 3471 facit

2094 3479 2301 3548 angelos
2323 3495 2443 3534 suos
2465 3481 2694 3549 spiritus,
2721 3493 2769 3538 et
2789 3486 3046 3541 ministros
3071 3504 3191 3542 suos
3217 3489 3477 3557 ﬂammam
3499 3491 3632 3560 ignis
3647 3507 3667 3547 :

2091 3569 2158 3621 ad
2191 3567 2378 3623 Filium
2405 3580 2571 3626 autem
2597 3587 2615 3626 :
2641 3571 2876 3630 Thronus
2905 3586 3020 3629 tuus
3047 3575 3188 3631 Deus
3218 3578 3269 3632 in
3296 3581 3540 3634 sarculum
3569 3596 3664 3634 sa:-

2090 3659 2210 3712 culi.
2243 3659 2378 3715 Ecce
2404 3662 2635 3716 maxima
2668 3662 2994 3732 differentia,
3024 3667 3165 3736 quod
3197 3668 3269 3722 illi
3298 3667 3509 3738 quidem
3537 3678 3663 3723 sunt

2090 3748 2289 3816 creati,
2320 3749 2407 3805 hic
2436 3759 2615 3807 autem
2644 3753 2932 3810 increatus.
2965 3757 3028 3810 Et
3052 3771 3148 3810 cur
3173 3757 3239 3812 ad
3266 3758 3486 3828 angelos
3511 3772 3659 3823 suos,

2089 3838 2256 3909 inquit
2275 3881 2290 3907 ,
2323 3839 2493 3909 dicit,
2523 3842 2626 3908 Qui
2666 3845 2825 3913 facit;
2854 3846 2920 3899 ad
2950 3844 3142 3900 Filium
3172 3857 3348 3902 autem
3377 3863 3533 3902 suum
3565 3864 3662 3902 cur

2087 3944 2191 3984 non
2214 3929 2369 3997 dixit,
2389 3932 2491 3999 Qui
2518 3933 2680 3988 facit?
2704 3935 2863 4006 Atqui
2887 3937 3082 3992 licebat
3099 3938 3178 3992 sic
3203 3938 3380 3994 dicere
3410 3938 3659 3994 dill‘eren-

2089 4020 2212 4075 tiam
2240 4038 2253 4072 :
2281 4021 2360 4076 Ad
2390 4024 2612 4092 angelos
2639 4025 2851 4094 quidem
2883 4041 3009 4082 suos
3035 4027 3185 4090 dicit,
3221 4028 3319 4094 Qui
3347 4030 3470 4101 facit
3498 4047 3656 4100 ange-

2083 4113 2158 4167 los
2182 4129 2299 4166 suos
2325 4115 2572 4183 spiritus;
2602 4117 2670 4168 ad
2715 4116 2907 4170 Filium
2947 4128 3150 4183 autem,
3179 4119 3428 4172 Dominus
3466 4123 3652 4175 creavit

2081 4217 2192 4264 me;
2221 4211 2278 4256 et
2295 4218 2501 4268 rursus,
2530 4204 2805 4259 Dominum
2825 4208 2990 4277 ipsum
3015 4219 3060 4262 et
3083 4209 3336 4264 Christum
3363 4209 3498 4264 Deus
3515 4213 3648 4282 fecit.

2079 4291 2184 4346 Sed
2214 4307 2384 4362 neque
2412 4294 2540 4348 illud
2570 4294 2768 4349 dictum
2793 4308 2872 4351 est
2893 4297 2959 4352 de
2981 4298 3195 4353 Christo
3225 4299 3451 4355 Domino
3477 4301 3641 4365 Filio;

2077 4399 2248 4456 neque
2290 4385 2390 4440 hoc
2429 4386 2496 4442 de
2535 4387 2644 4442 Deo
2667 4387 2877 4454 Verbo,
2910 4391 3004 4445 sed
3046 4390 3113 4445 de
3155 4406 3220 4446 eo
3257 4393 3396 4461 quod
3427 4409 3644 4448 carnem

2076 4477 2330 4548 suscepit.
2362 4477 2462 4533 Ubi
2493 4479 2637 4535 enim
2659 4480 2827 4535 voluit
2846 4496 3026 4537 veram
3054 4483 3356 4552 significare
3386 4482 3646 4538 difleren-

2075 4568 2224 4634 tiam,
2256 4583 2360 4623 non
2387 4569 2616 4639 amplius
2645 4571 3054 4640 comprehendit
3079 4573 3251 4627 solum
3277 4574 3517 4643 angelos,
3549 4574 3641 4628 sed

2073 4675 2286 4714 omnem
2304 4674 2588 4728 supernam
2613 4672 2929 4732 potestatem
2948 4663 3644 4720 administratoriam.Vides

2072 4753 2338 4825 quomodo
2359 4762 2415 4809 et
2434 4770 2590 4824 quam
2616 4755 2849 4811 dilucide
2876 4755 3079 4810 dividat
3108 4765 3380 4812 creaturas
3408 4766 3461 4810 et
3482 4756 3643 4810 Crea-

2072 4855 2263 4910 torem,
2285 4845 2559 4899 ministros
2576 4854 2631 4899 et
2649 4845 2952 4912 Dominum,
2976 4862 3266 4916 verumque
3287 4861 3348 4899 ac
3371 4861 3641 4915 promtum

2069 4936 2320 4993 heredem
2351 4946 2406 4992 et
2432 4937 2649 5002 Filium,
2679 4947 2732 4992 et
2757 4939 2981 4992 servos?
3013 4939 3090 4992 Ad
3119 4938 3310 4992 Filium
3342 4947 3520 4992 autem
3551 4938 3635 4992 di-

2069 5028 2160 5094 cit,
2187 5026 2421 5081 Tltronus
2452 5036 2567 5081 tuus
2596 5026 2735 5081 Deus
2760 5029 2812 5081 in
2837 5028 3078 5083 saeculum
3099 5030 3290 5084 steculi.
3327 5030 3464 5085 Ecce
3486 5029 3635 5099 regni

2066 5123 2298 5192 signum.
2331 5124 2487 5197 Virga
2514 5113 2784 5196 wquitatis,
2813 5131 2955 5200 uirga
2982 5132 3128 5202 regni
3159 5133 3251 5188 tui.
3286 5134 3425 5188 Ecce
3454 5147 3640 5187 rursus

2067 5212 2207 5268 aliud
2227 5229 2438 5286 quoque
2462 5217 2672 5288 signum
2699 5221 2868 5290 regni.
2896 5221 3101 5276 Deinde
3121 5238 3307 5277 rursus
3331 5223 3398 5278 de
3418 5238 3483 5278 eo
3501 5221 3640 5293 quod

2066 5313 2150 5359 est
2168 5321 2330 5362 carne
2356 5307 2598 5364 indutum
2626 5327 2638 5364 :
2667 5310 2721 5366 9.
2754 5310 2989 5366 Dilexisti
3004 5315 3264 5384 justitiam
3291 5325 3336 5369 et
3363 5316 3513 5370 odisti
3543 5316 3645 5370 ini-

2064 5399 2342 5466 quitatem:
2368 5411 2633 5472 prOpterea
2678 5405 2821 5458 unxit
2861 5414 2908 5458 te
2948 5405 3106 5471 Deus,
3152 5406 3289 5462 Deus
3338 5418 3472 5462 tuus.
3503 5409 3640 5476 Quid

2063 5498 2164 5554 est,
2192 5488 2331 5545 Deus
2361 5495 2512 5548 tuus?
2535 5493 2666 5548 Nam
2698 5497 2949 5564 quoniam
2978 5514 3230 5570 magnum
3259 5509 3342 5556 est
3366 5501 3637 5571 loquutus,

2060 5579 2110 5633 id
2145 5594 2328 5636 rursus
2356 5582 2488 5637 lenit
2515 5600 2577 5640 ac
2607 5587 2833 5656 mitigat.

2133 5669 2383 5730 Adversus
2409 5674 2620 5731 Judteos
2642 5720 2656 5742 ,
2688 5677 2913 5733 Paulum
2944 5681 3360 5749 Samosatenum,
3394 5684 3636 5750 Arianos,

2062 5759 2110 5812 .l!
2122 5764 2392 5846 arcellum,
2417 5766 2697 5824 Sabellium
2717 5781 2764 5825 et
2793 5770 2846 5826 Μ
2852 5773 3302 5831 arcionem.—-llic
3326 5785 3374 5830 ct
3399 5775 3636 5836 Judteos.
