4036 6206
415 279 486 334 29
1111 278 1170 337 S.
1209 279 1497 336 JOANNIS
1533 274 2027 339 CHRYSOSTOMI
2064 278 2382 337 ARCHIEP.
2425 278 2977 338 CONSTANTINOP.
3588 272 3661 329 39

413 392 535 461 μὲν,
564 390 660 447 δύο
688 390 779 447 τὸν
823 391 987 448 αὐτὸν
1033 392 1268 459 δεικνὺς,
1313 395 1410 450 καὶ
1452 395 1606 464 Θεὸν,
1650 397 1748 453 καὶ
1773 396 1987 467 ἀνθρω-

409 491 544 529 πον·
571 476 703 541 τοὺς
728 476 786 530 δὲ
809 476 1027 543 ἄλλους,
1052 479 1181 542 τοὺς
1201 479 1417 534 Παιὲλου
1445 480 1588 549 λέγω
1614 481 1709 539 τοῦ
1738 482 1989 551 Σαμοσα-

409 557 570 625 τέως,
601 559 680 632 τῷ
709 561 841 634 περὶ
886 562 984 634 τῆς
1020 562 1242 619 αἰωνίου
1288 563 1578 636 ὑπάρξεως
1610 565 1786 622 ταῦτα
1815 566 1993 622 διαλέ-

417 644 635 712 γεσθαι,
677 648 774 702 καὶ
814 648 913 718 τῆς
951 649 1212 713 ἁκτίστου
1247 650 1468 714 οὐσίας·
1504 650 1641 724 πρὸς
1683 651 1793 723 γὰρ
1841 652 1992 706 ἀντι-

408 729 691 802 διαστολὴν
711 730 829 794 τοῦ,
869 732 1171 801 Ἐποίησε,
1192 735 1274 798 τὸ,
1307 734 1368 789 '0
1387 738 1601 805 θρόνος
1637 754 1754 793 σου
1782 740 1815 792 ό
1848 738 1993 803 Θεὸς

406 814 494 879 εἰς
552 814 658 868 τὸν
735 814 922 870 αἰῶνα
980 816 1087 871 τοῦ
1140 817 1377 886 αἰῶνος,
1430 818 1665 876 τέθεικε.
1722 820 1869 890 Πρός
1930 836 1991 874 τε

420 895 739 966 Ἀρειανοὺς
767 898 927 953 τοῦτό
951 917 1011 953 τε
1034 899 1166 954 αὐτὸ
1194 901 1379 967 πάλιν,
1411 902 1507 956 καὶ
1550 903 1634 956 ὅτι
1662 903 1723 957 οὐ
1770 901 1956 965 δοῦλος
1974 916 1988 930 ’

407 980 535 1033 εἰδὲ
576 982 806 1051 κτίσμα,
838 982 1044 1048 δοῦλος.
1081 984 1227 1054 Πρὸς
1271 985 1330 1039 δὲ
1379 985 1703 1057 Μάρκελλον
1749 986 1845 1042 καὶ
1864 987 1992 1051 τοὺς

409 1063 628 1129 ἄλλους,
650 1066 733 1120 ὅτι
755 1066 851 1120 δύο
877 1068 996 1121 ἐστὶ
1028 1067 1203 1122 ταῦτα
1229 1069 1495 1140 πρόσωπα
1523 1068 1828 1143 διῃρημένα
1849 1070 1992 1125 κατά

404 1148 504 1218 τὴν
527 1148 830 1203 ὑπόστασιν
852 1166 867 1181 ο
898 1151 1038 1222 πρὸς
1069 1151 1126 1205 δὲ
1147 1153 1596 1224 Μαρκιωνιστάς,
1623 1155 1703 1208 ὅτι
1735 1156 1769 1226 ἡ
1799 1154 1992 1225 θεότης

405 1231 467 1284 οὐ
497 1231 735 1303 χρίεται,
772 1232 888 1287 ἀλλ’
936 1236 970 1305 ἡ
1015 1234 1395 1306 ἀνθρωπότης.
1448 1232 1602 1303 Εἶτα,
1633 1237 1801 1306 Παρὰ
1848 1236 1991 1302 τοὺς

402 1315 698 1384 μετόχους
721 1331 861 1384 σου,
892 1318 1048 1389 φησί.
1073 1318 1234 1382 Τίνες
1252 1318 1311 1372 δέ
1341 1320 1482 1372 εἰσιν
1513 1322 1563 1373 οί
1600 1321 1841 1392 μέτοχοι.
1873 1321 1989 1377 ἀλλ’

404 1398 438 1469 ἢ
470 1399 521 1452 οἱ
549 1398 859 1470 ἀνθρωποι;
896 1403 1175 1465 Τουτέστι,
1202 1400 1266 1454 τὸ
1292 1401 1517 1471 Πνεῦμα
1545 1403 1647 1457 οὐκ
1687 1406 1753 1458 ὲκ
1786 1403 1987 1476 μέτρου

403 1482 599 1537 ἔλαϐεν
627 1487 655 1538 6
687 1486 942 1556 Χριστός.

478 1566 544 1638 β’·
596 1568 761 1640 Ὁρᾷς
783 1570 903 1635 πῶς
920 1572 1182 1628 συνάπτει
1221 1577 1309 1632 ἀεὶ
1330 1578 1409 1651 τῷ
1435 1577 1565 1648 περὶ
1599 1573 1699 1644 τῆς
1728 1570 1988 1626 ἀκτίστου

405 1653 623 1720 φύσεως
646 1655 741 1708 καὶ
772 1653 864 1708 τὸν
885 1657 1015 1729 περὶ
1027 1658 1130 1729 τῆς
1156 1662 1475 1733 οἰκονομίας
1502 1660 1680 1728 λόγον;
1702 1656 1769 1710 Τί
1795 1654 1988 1710 τούτου

406 1735 778 1810 σαφέστερον;
810 1735 963 1804 Εἶδες
976 1740 1096 1805 πῶς
1111 1743 1213 1798 οὐκ
1238 1743 1356 1799 ἔστι
1385 1745 1447 1798 τὸ
1479 1743 1632 1807 αὐτὸ,
1657 1742 1865 1811 κτίσμα
1895 1738 1991 1792 καὶ

403 1818 682 1891 γέννημα;
714 1821 777 1875 οὐ
799 1824 912 1894 γὰρ
941 1824 1008 1879 ἂν
1034 1825 1224 1891 διεῖλε,
1268 1827 1364 1882 καὶ
1396 1827 1534 1900 πρὸς
1578 1821 1992 1893 ἀντιδιαστολὴν

404 1900 523 1967 τοῦ,
541 1904 882 1973 Ἐποίησεν,
901 1909 1151 1979 ἐπήγαγε
1166 1909 1248 1975 τὸ,
1267 1910 1420 1979 Πρός
1432 1908 1500 1963 δὲ
1513 1909 1622 1962 τὸν
1645 1909 1783 1962 Υίὸν
1800 1902 1990 1960 εἶπεν·

419 1985 484 2039 '0
517 1987 732 2054 θρόνος
758 2001 879 2043 σου
913 1992 947 2043 ὁ
970 1992 1116 2059 Θεὸς
1140 1993 1229 2060 είς
1258 1996 1367 2047 τὸν
1396 1991 1581 2046 αίῶνα
1608 1990 1715 2045 τοῦ
1739 1988 1954 2054 αἰῶνος
1973 2003 1988 2018 ⁸

404 2068 512 2123 οὐδ’
540 2069 607 2124 ἂν
634 2069 1037 2145 διαφορώτερον
1076 2075 1251 2147 ὄνομα
1281 2075 1470 2131 ἐκάλει
1489 2075 1550 2129 τὸ
1577 2074 1705 2139 Υἰὸς
1725 2073 1919 2144 ὄνομα,
1943 2069 1992 2123 εἰ

404 2152 498 2206 τοῦ
515 2153 679 2208 αὑτοῦ
704 2150 774 2226 ἦν
804 2161 1052 2229 σημεῖον.
1071 2160 1232 2213 Ποῖον
1259 2159 1369 2232 γάρ
1391 2160 1452 2214 τὸ
1478 2159 1766 2230 διάφορον;
1799 2159 1850 2212 εἰ
1883 2156 1993 2230 γὰρ

403 2238 466 2290 τὸ
491 2237 699 2309 κτίσμα
734 2240 834 2293 καὶ
874 2242 1129 2314 γέννημα
1163 2244 1380 2311 ταύτὸν,
1408 2246 1608 2298 ἐκεῖνοι
1640 2243 1696 2297 δὲ
1735 2242 1994 2313 ἐποιήθη-

408 2341 531 2392 σαν,
556 2325 610 2380 τί
638 2326 699 2380 τὸ
720 2327 1156 2402 διαφορώτερον;
1200 2331 1329 2387 Ἰδοὺ
1353 2332 1518 2387 πάλιν
1532 2330 1826 2396 τὸ,όΘεδς,
1853 2330 1993 2401 μετὰ

403 2407 500 2461 τοῦ
531 2409 756 2482 ἄρθρου.
778 2412 889 2464 Kal
920 2411 1086 2466 πάλιν
1118 2413 1288 2485 φησί’
1322 2414 1465 2468 Κατ’
1511 2414 1702 2483 ἀρχὰς
1739 2412 1844 2475 σὺ,
1872 2410 1995 2465 Κύ-

399 2507 523 2559 ριε,
556 2493 673 2559 τὴν
715 2493 836 2564 γῆν
874 2494 1297 2564 ἐθεμελίωσας,
1332 2496 1433 2551 καὶ
1456 2497 1601 2567 ἔργα
1625 2494 1744 2550 τῶν
1776 2494 1993 2566 χειρῶν

405 2574 521 2627 σού
550 2577 712 2629 εἰσιν
740 2579 796 2630 οἱ
823 2578 1091 2644 οὐρανοί.
1147 2578 1331 2634 Αὐτοὶ
1371 2577 1764 2644 ἀπολοῦνται,
1804 2576 1886 2632 σὺ
1924 2575 1994 2630 δὲ

405 2656 703 2726 διαμένεις
722 2676 736 2692 ο
770 2658 869 2712 καὶ
898 2658 1123 2727 πάντες
1146 2662 1227 2728 ὡς
1256 2662 1491 2733 ἱμάτιον
1531 2661 1991 2727 παλαιωθήσον-

403 2757 522 2804 ται,
574 2741 673 2794 καὶ
724 2741 867 2797 ὡσεί
913 2745 1293 2812 περιϐόλαιον
1346 2743 1568 2812 ἑλίξεις
1599 2744 1840 2812 αὐτοὺς,
1893 2743 1992 2798 καὶ

403 2824 861 2896 ἀλλαγήσονται
888 2842 902 2856 ·
945 2826 1039 2893 ,σὺ
1067 2826 1137 2882 δὲ
1165 2831 1200 2883 ό
1242 2829 1429 2895 αὐτὸς
1470 2824 1558 2893 εἷ,
1615 2828 1715 2884 καὶ
1760 2833 1833 2884 τὰ
1885 2829 1989 2894 ἐτη

405 2925 525 2965 σου
554 2912 668 2965 οὐκ
691 2913 1113 2984 ἐκλείψουσιν.
1145 2914 1260 2968 ’Ίνα
1289 2914 1365 2987 μὴ
1409 2913 1669 2979 ἀκούσας’
1700 2914 1890 2970 Ὅταν
1923 2911 1992 2967 δὲ

405 2994 703 3066 είσαγάγῃ
739 2996 850 3051 τόν
890 2999 1279 3068 Πρωτότοκον
1319 3001 1407 3067 εἰς
1434 2999 1551 3068 τὴν
1606 2997 1987 3069 οἰκουμένην,

405 3077 482 3139 ὡς
512 3078 689 3149 δῶρον
727 3080 957 3155 νομίσῃς
1000 3081 1139 3137 εἶναι
1183 3082 1410 3156 ὕστερον
1455 3082 1605 3155 αὐτῷ
1661 3080 1988 3156 προσδοθὲν,

406 3162 568 3217 τοῦτο
598 3165 694 3218 καὶ
734 3166 849 3221 ἄνω
901 3166 1380 3238 προδιωρθιὶωατο,
1425 3167 1521 3223 καὶ
1556 3167 1721 3222 πάλιν
1754 3166 1993 3238 ἐπιδιορ-

409 3244 597 3301 θοῦται
651 3247 847 3317 λέγων·
922 3249 1063 3303 Κατ’
1093 3249 1317 3320 ἀρχάς-ο
1359 3251 1483 3323 οὐχὶ
1530 3250 1645 3318 νῦν,
1689 3248 1806 3304 ἀλλ’
1856 3249 1993 3304 ἄνω-

408 3328 521 3386 θεν.
567 3329 697 3386 Ἰδοὺ
738 3331 901 3386 πάλιν
935 3332 1031 3386 καί
1066 3332 1159 3388 τὸν
1189 3333 1516 3404 Σαμοσατέα
1556 3333 1771 3389 Παῦλον
1799 3334 1993 3407 καιρίᾳ

408 3411 641 3482 πλήττει
670 3412 852 3486 πληγῇ
881 3416 974 3469 καὶ
1008 3415 1250 3487 Ἀρειον,
1279 3416 1316 3471 ἃ
1339 3417 1468 3487 περὶ
1496 3416 1591 3470 τοῦ
1622 3417 1838 3489 Πατρός
1853 3418 1989 3484 ἐστι,

407 3493 583 3548 ταῦτα
630 3497 877 3568 ἁρμόσας
924 3497 1005 3569 τῷ
1051 3499 1187 3570 Υίῷ.
1237 3500 1394 3554 Μετὰ
1450 3500 1508 3554 δὲ
1554 3500 1747 3554 τούτου
1800 3500 1896 3554 καί
1937 3518 1991 3553 τι

406 3575 539 3631 ἀλλο
568 3579 844 3650 πάρεργον
869 3581 1112 3652 ᾐνίξατο,
1144 3582 1240 3636 καὶ
1275 3581 1462 3653 μεῖζον
1491 3583 1683 3637 τούτου
1707 3598 1721 3612 ·
1756 3584 1851 3636 καὶ
1881 3584 1990 3654 γάρ

408 3661 509 3734 τὴν
541 3664 1014 3737 μετασχημάτισιν
1034 3665 1132 3721 τοῦ
1162 3667 1370 3736 κόσμου
1401 3667 1753 3739 παρεδήλωσε
1780 3665 1988 3734 λέγων’

419 3749 516 3817 Ὠς
572 3750 803 3819 ἱμάτιον
839 3753 1391 3823 παλαιωθήσονται,
1448 3752 1548 3823 καὶ
1578 3752 1721 3806 ὡσεὶ
1760 3752 1994 3821 περιϐό-

408 3836 587 3888 λαιον
619 3832 735 3908 [27]
778 3835 1001 3904 ἑλίξεις
1053 3836 1301 3903 αὐτοὺς,
1353 3836 1454 3890 καὶ
1509 3834 1988 3905 ἀλλαγήσονται.

414 3918 483 3971 ’Ὀ
510 3918 606 3972 καὶ
643 3919 700 3972 ὲν
737 3920 802 3990 τῇ
846 3919 984 3991 πρὸς
1037 3919 1347 3991 Ῥωμαίους
1379 3919 1567 3990 φησιν,
1604 3919 1688 3973 ὅτι
1717 3933 1994 3989 μετασχη-

412 4001 632 4072 ματίσει
671 4004 765 4056 τὸν
823 4005 1052 4074 κόσμον.
1097 4005 1209 4059 Kal
1247 4004 1309 4058 τὸ
1356 4002 1581 4058 εὔκολον
1635 4000 1814 4073 δηλῶν
1841 4044 1857 4069 ,
1891 4004 1994 4056 έπ-

409 4089 641 4158 ήγαγεν·
688 4089 963 4155 Ἐλίξεις.
997 4091 1211 4161 Ὥσπερ
1241 4093 1350 4163 γὰρ
1369 4091 1434 4144 ἂν
1464 4092 1517 4143 εἰ
1536 4107 1621 4153 τις
1648 4088 1994 4159 περιϐόλαιον

412 4170 583 4242 ἔλίξῃ,
600 4170 773 4234 οὕτως
790 4173 953 4235 αὐτὸς
972 4173 1066 4227 τὸν
1087 4174 1290 4244 κόσμον
1319 4174 1416 4228 καὶ
1443 4172 1609 4238 ὲλίξει
1631 4172 1728 4224 καὶ
1744 4170 1991 4237 ἀλλάξει.

411 4255 477 4308 Εἰ
505 4255 561 4309 δὲ
586 4254 687 4325 τὴν
707 4255 801 4308 ἐπὶ
849 4255 909 4308 τὸ
944 4256 1156 4327 βέλτιον
1210 4256 1308 4311 καὶ
1334 4256 1396 4310 τὸ
1429 4257 1677 4326 κρεῖττον
1714 4270 1994 4325 μετασχη·

415 4339 640 4410 μάτισιν
658 4340 751 4394 καὶ
782 4339 1148 4412 δημιουργίαν
1167 4339 1340 4404 οὕτως
1379 4338 1617 4401 εὐκόλως
1671 4338 1992 4410 ἐργάζεται,

412 4426 507 4479 ἐπὶ
529 4425 632 4496 τῆς
662 4424 942 4489 ἐλάττονος
964 4424 1325 4496 δημιουργίας
1351 4423 1540 4492 ἑτέρου
1563 4421 1768 4488 ὲδεῖτος
1811 4422 1994 4496 Μέχρι

411 4508 559 4574 τίνος
586 4510 688 4563 οὐκ
727 4507 1088 4581 αἰσχύνεσθε;
1131 4508 1288 4578 ’Ἅμα
1308 4507 1366 4561 δὲ
1394 4506 1493 4561 καὶ
1530 4506 1862 4577 παραμυθία
1894 4524 1995 4579 με·

412 4593 578 4664 γίστη
611 4594 774 4649 τοῦτό
802 4596 942 4660 ἐστι,
984 4591 1049 4646 τὸ
1073 4591 1279 4663 γνῶναι
1317 4592 1398 4645 ὅτι
1437 4590 1541 4645 οὐκ
1590 4589 1743 4645 ἔσται
1759 4589 1903 4645 οὕτω
1925 4591 1995 4645 τά

416 4678 743 4749 πράγματα,
764 4678 902 4732 ἀλλά
934 4677 1005 4731 τά
1037 4676 1217 4731 πάντα
1254 4675 1558 4748 μεταϐολὴν
1600 4674 1856 4747 λήψεται,
1898 4677 1996 4729 καὶ

416 4760 599 4816 πάντα
650 4762 1098 4833 ὲναλλαγήσεται,
1156 4760 1321 4824 αὐτὸς
1369 4760 1428 4814 δὲ
1482 4761 1635 4832 μένει
1700 4759 1996 4824 διαπαντὸς

416 4841 527 4906 ζῶν
547 4855 598 4909 ι,
623 4846 718 4898 καὶ
742 4845 985 4915 ἀπείρως
1018 4844 1126 4910 ζῶν
1148 4861 1163 4874 ·
1222 4843 1335 4898 Καὶ
1380 4844 1454 4898 τὰ
1496 4842 1603 4911 ἐτη
1631 4859 1771 4907 σου,
1806 4843 1995 4914 φησὶν,

416 4927 531 4981 οὐκ
577 4925 953 4997 ἐπιλείψουσι.
1021 4928 1143 4983 Τίνι
1200 4926 1271 4982 δὲ
1323 4925 1442 4981 τῶν
1493 4926 1766 4997 ἀγγέλων
1796 4927 1999 4996 εἴρηκέ

417 5022 586 5063 ποτεο
631 5010 830 5066 Κάθου
875 5014 945 5067 ἐκ
992 5011 1209 5075 δεξιῶν
1239 5028 1381 5082 μου,
1421 5008 1533 5075 ἕως
1594 5008 1672 5064 ἂν
1718 5009 1800 5066 θῶ
1855 5008 1999 5077 τοὺς

418 5090 676 5161 ἐχθρούς
710 5106 829 5147 σου
858 5096 1195 5152 ὑποπόδιον
1250 5092 1371 5149 τῶν
1421 5091 1624 5147 ποδῶν
1660 5109 1815 5157 σου;
1866 5093 1998 5147 Ἰδοὺ

419 5175 805 5240 πάλιν“αὐτοὺς
838 5179 1272 5252 παραθαρρύνει,
1296 5176 1351 5232 εί
1369 5194 1435 5246 γε
1465 5175 1709 5248 μέλλοιεν
1725 5178 1776 5231 οἰ
1802 5176 1997 5248 ἐχθροὶ

423 5260 604 5316 αὐτῶν
637 5260 1063 5333 ἡττηθήσεσθαι,
1090 5267 1185 5320 καὶ
1212 5266 1401 5337 ἐχθροὶ
1443 5260 1626 5317 αὐτῶν
1657 5262 1709 5315 οί
1738 5261 1893 5317 αὐτοί
1924 5262 2002 5315 εἰ-

425 5361 531 5412 σιν,
580 5345 631 5399 οἶ
669 5345 888 5399 καὶτοῦ
940 5346 1204 5417 Χριστοῦ.
1258 5348 1431 5403 Τοῦτο
1484 5345 1650 5402 πάλιν
1697 5344 1999 5417 βασιλείας,

2093 412 2255 466 τητος
2280 396 2381 468 τῆς
2399 395 2476 460 ὡς
2501 396 2612 451 ἀπὺ
2637 398 2848 468 πατρὸς
2876 394 3015 466 πρὸς
3038 390 3156 447 υἱόν
3182 390 3233 444 ι’.
3280 387 3341 442 ’0
3372 385 3487 458 γὰρ
3511 384 3673 456 ἀρτι-

2097 486 2327 558 ζόμενος
2375 486 2516 558 ὑπὲρ
2555 486 2745 551 αὑτοῦ,
2775 486 2896 550 πῶς
2932 483 3213 553 ἀλλότριος
3251 475 3432 531 ἀὑτοῦ
3477 475 3671 558 ἔστινς

2096 556 2252 637 Ἕως
2274 570 2354 625 ἂν
2379 570 2461 626 θῶ
2485 556 2629 636 τοὺς
2657 571 2913 641 ἐχθρούς
2945 584 3085 624 σου.
3117 566 3297 633 Ὅπερ
3347 558 3444 613 καὶ
3491 559 3553 612 ὲν
3593 556 3675 628 τῷ

2092 654 2332 725 δευτέρῳ
2352 652 2552 724 ψαλμῷ
2582 671 2750 724 φησιν
2771 670 2788 687 ’
2833 652 2898 706 '0
2953 645 3251 705 κατοικῶν
3279 643 3350 698 ἐν
3387 641 3673 710 οὐρανοῖς

2091 736 2483 808 ἑκγελάσεται
2527 735 2786 802 αὐτοὺς,
2821 733 2921 789 καί
2972 735 3007 787 ό
3050 731 3264 798 Κύριος
3293 726 3680 796 ἐκμυκτηριεῖ

2090 821 2333 886 αὐτούς.
2383 822 2519 875 Τότε
2541 818 2803 888 λαλήσει
2830 817 2982 886 πρὸς
3008 813 3231 880 αὐτοὺς
3259 814 3331 867 ἐν
3373 813 3522 885 ὀργῇ
3569 815 3674 869 αὐ-

2092 905 2226 970 τοῦ,
2257 904 2358 958 καί
2394 904 2462 958 ἐν
2487 903 2568 970 τῷ
2597 901 2762 971 θυμῷ
2783 900 2971 966 αὐτοῦ
3015 897 3259 967 ταράξει
3292 900 3537 965 αὐτούς.
3559 899 3674 953 Kal

2092 989 2255 1043 πάλιν
2278 987 2441 1051 αὑτός
2463 1003 2596 1057 φησι
2624 1002 2638 1018 ’
2682 984 2828 1051 Τοὺς
2845 982 2931 1054 μὴ
2955 980 3341 1050 θελήσαντάς
3365 999 3443 1051 με
3484 983 3674 1047 ,βασι-

2090 1073 2309 1128 λεῦσαι
2332 1072 2425 1125 ἐπ’
2449 1070 2691 1136 αὐτοὺς,
2723 1067 2973 1138 ἀγάγετε
2993 1063 3110 1120 ὦδε
3128 1065 3389 1121 ἐνώπιόν
3403 1082 3547 1134 μου,
3575 1064 3673 1118 καί

2092 1152 2520 1223 κατασφάξατε
2557 1152 2801 1216 αὐτούς.
2834 1150 2961 1204 Ὅτι
2999 1148 3107 1220 γὰρ
3131 1147 3298 1201 αὐτοῦ
3330 1148 3446 1201 ἐστι
3473 1148 3540 1201 τά
3571 1149 3673 1219 ρή-

2095 1253 2261 1309 ματα,
2292 1236 2525 1290 ἄκουσον
2557 1235 2610 1288 τί
2651 1250 2786 1304 φησι
2815 1234 2911 1286 xal
2944 1230 3174 1301 ἑτέρωθι
3194 1245 3208 1261 °
3238 1229 3506 1296 Ποσάκις·
3533 1229 3673 1298 ἠθέ-

2091 1324 2257 1389 λησα
2273 1316 2743 1388 ἐπισυναγαγεῖν
2763 1314 2837 1369 τὰ
2865 1315 3047 1369 τέκνα
3072 1329 3212 1380 σου,
3252 1312 3349 1367 καὶ
3381 1314 3494 1368 οὐκ
3536 1314 3673 1382 ἠθε-

2089 1404 2319 1470 λήσατε
2342 1419 2361 1468 ;
2400 1401 2555 1457 Ἰδοὺ
2575 1401 2808 1470 ἀφίεται
2831 1397 2977 1468 ὑμῖν
3001 1400 3034 1452 δ
3057 1392 3223 1463 οἶκος
3249 1393 3417 1464 ὑμῶν
3429 1396 3668 1464 ἕρημος.

2092 1487 2203 1540 Kal
2234 1486 2416 1551 πάλιν,
2444 1481 2793 1553 Ἀρθήσεται
2837 1479 2939 1549 ἀφ’
2961 1476 3129 1548 ὑμῶν
3174 1480 3210 1547 ἡ
3234 1478 3545 1542 βασιλεία.
3571 1476 3673 1531 καί

2092 1569 2414 1639 δοθήσεται
2456 1569 2615 1622 ἔθνει
2657 1565 2926 1619 ποιοῦντι
2957 1561 3099 1627 τοὺς
3128 1560 3399 1630 καρποὺς
3445 1559 3670 1628 αὐτῆς·

2093 1651 2190 1706 καὶ
2211 1650 2395 1716 πάλιν,
2446 1646 2506 1703 '0
2530 1647 2736 1703 πεσὼν
2749 1645 2850 1699 ἐπὶ
2875 1645 2986 1699 τὸν
3003 1644 3181 1698 λίθον
3228 1643 3467 1707 τοῦτον,
3513 1658 3670 1697 συν-

2094 1733 2501 1800 θλασθήσεται
2523 1747 2539 1763 ο
2555 1731 2647 1801 ἐφ’
2677 1730 2748 1784 ὃν
2769 1728 2820 1782 δ’
2843 1728 2920 1782 ἂν
2934 1725 3118 1794 πέσῃ,
3146 1726 3432 1795 λικμήσει
3460 1728 3669 1781 αὐτόν.

2097 1816 2306 1880 Ἄλλως
2332 1816 2413 1883 δὲ,
2440 1817 2469 1869 6
2506 1813 2715 1885 μέλλων
2781 1814 2899 1866 ἐκεῖ
2942 1814 3151 1881 κρίνειν
3209 1809 3427 1874 αὐτοὺς,
3487 1808 3671 1880 πολλῷ

2096 1899 2297 1972 μᾶλλον
2324 1899 2523 1962 αὐτοὺς
2569 1897 2726 1969 δίκην
2772 1893 3009 1949 ἐνταῦθα
3042 1893 3145 1964 τῆς
3171 1895 3252 1956 εἰς
3275 1892 3440 1947 αὐτὸν
3470 1909 3670 1964 παροι-

2092 1984 2211 2048 νίας
2236 1983 2536 2055 ἀπῄτησεν.
2555 1981 2719 2033 Ὥστε
2744 1979 2911 2048 τιμῆς
2948 1976 3115 2045 μόνης
3163 1975 3282 2029 ἐστὶ
3321 1978 3424 2046 τῆς
3459 1975 3543 2038 είς
3580 1974 3672 2029 τὸν

2093 2068 2246 2133 Υίδν,
2271 2065 2352 2131 τὸ,
2386 2066 2538 2129 Ἕως
2565 2063 2641 2118 ἂν
2667 2060 2750 2117 θῶ
2766 2059 2909 2127 τοὺς
2934 2058 3187 2130 ἐχθρούς
3206 2074 3323 2114 σου
3337 2057 3675 2113 ὑποπόδιον

2092 2149 2212 2205 τῶν
2234 2147 2437 2204 ποδῶν
2468 2162 2609 2202 σου.

2158 2231 2304 2302 Οὐχὶ
2350 2229 2572 2296 πάντες
2624 2226 2745 2283 είσὶ
2798 2222 3180 2294 λειτουργικά
3220 2223 3554 2291 πνεύματα,
3585 2222 3675 2288 εἰς

2092 2315 2403 2369 διακονίαν
2422 2310 2922 2381 ἀποστελλόμενα
2978 2306 3094 2380 128]
3121 2306 3219 2361 διὰ
3239 2305 3386 2372 τοὺς
3408 2303 3670 2375 μέλλον-

2093 2414 2199 2464 τας
2215 2395 2619 2465 κληρονομεῖν
2641 2396 2979 2462 σωτηρίαν;
3013 2391 3079 2445 Τί
3112 2388 3447 2461 θαυμαστὸν,
3481 2389 3669 2460 φησὶν,

2093 2482 2141 2535 εἰ
2168 2479 2246 2551 τῷ
2269 2477 2386 2549 Υἱῷ
2415 2475 2848 2546 λειτουργοῦσιν,
2875 2476 3004 2528 ὅταν
3042 2474 3154 2529 καὶ.
3172 2473 3312 2544 πρὸς
3352 2472 3453 2543 τὴν
3477 2471 3671 2551 ήμετέυ

2094 2580 2197 2635 ραν
2219 2560 2491 2632 σωτηρίαν
2513 2557 2902 2630 λειτουργῶσιν
2929 2573 2944 2622 ;
2987 2558 3132 2625 Ὀρα
3172 2555 3294 2619 πῶς
3325 2555 3544 2625 ἐπαίρει
3571 2554 3669 2609 αὐ-

2091 2644 2203 2698 τῶν
2251 2643 2320 2697 τὰ
2353 2643 2698 2714 φρονήματα,
2747 2641 2842 2694 καὶ
2890 2638 3095 2710 πολλὴν
3123 2639 3367 2693 δείκνυσι
3397 2636 3492 2691 τοῦ
3531 2636 3668 2691 Θεοῦ

2091 2725 2191 2799 τὴν
2228 2728 2307 2791 εἰς
2334 2727 2482 2797 ἡμᾶς
2513 2724 2700 2796 τιμὴν,
2731 2723 2890 2795 εἴπερ
2917 2721 3187 2791 ἀγγέλους
3205 2722 3333 2784 τοὺς
3356 2721 3495 2793 ὑπὲρ
3519 2720 3669 2791 ἡμᾶς

2090 2809 2295 2879 ταύτην
2324 2808 2511 2877 ἔταξεν
2541 2807 2685 2881 ἔχειν
2711 2806 3007 2871 διακονίαν,
3042 2803 3142 2877 τὴν
3177 2803 3321 2875 ὑπὲρ
3350 2803 3532 2874 ἡμῶν.
3576 2803 3663 2866 Ὡς

2094 2894 2162 2950 ἂν
2185 2894 2328 2948 εἴποι
2358 2910 2465 2958 τις,
2500 2892 2596 2956 Εἰς
2623 2890 2783 2944 τοῦτο
2808 2890 3075 2962 κέχρηται
3092 2888 3296 2954 αὐτοῖς,
3333 2887 3489 2959 φησὶ,
3510 2885 3672 2941 τοῦτο

2093 2978 2342 3049 ἀγγέλων
2368 2974 2701 3048 λειτουργία,
2727 2974 2788 3027 τὸ
2807 2973 3080 3028 διακονεῖν
3107 2971 3187 3043 τῷ
3221 2971 3340 3041 Θεῷ
3373 2971 3455 3034 είς
3487 2987 3661 3040 σωτη-

2094 3062 2216 3134 ρίαν
2239 3062 2535 3133 ἡμετέραν..
2576 3059 2738 3112 ’Ὥστε
2788 3056 3081 3126 ἀγγελικδν
3115 3055 3276 3127 ἔργον
3326 3053 3489 3107 τοῦτό
3528 3055 3666 3119 ἐστι,

2090 3146 2153 3199 τὸ
2183 3145 2361 3199 πάντα
2398 3146 2574 3197 ποιεῖν
2602 3141 2683 3204 εἰς
2716 3139 2992 3211 σωτηρίαν
3035 3138 3143 3192 τῶν
3180 3136 3429 3207 ἀδελφῶν
3464 3153 3479 3168 ·
3535 3135 3672 3208 μᾶλ-

2092 3228 2183 3284 λον
2207 3230 2265 3283 δὲ
2293 3227 2458 3283 αὑτοῦ
2484 3226 2580 3281 τοῦ
2613 3223 2855 3296 Χριστοῦ
2886 3222 2949 3276 τὸ
2977 3222 3137 3295 ἔργον
3159 3221 3338 3275 ἐστίν·
3373 3220 3538 3286 αὐτὸς
3571 3220 3671 3292 μὲν

2092 3313 2203 3384 γὰρ
2232 3312 2307 3376 ὼς
2348 3310 2627 3379 Δεσπότης
2687 3307 2872 3373 σώζει.
2904 3298 3050 3361 οὗτοι
3094 3306 3153 3360 δὲ
3190 3305 3267 3369 ὼς
3313 3304 3513 3360 δοῦλοι.
3560 3306 3671 3360 Kal

2092 3397 2252 3467 ἡμεῖς
2289 3395 2338 3448 εἰ
2385 3394 2480 3447 καὶ
2531 3390 2728 3451 δοῦλοι,
2786 3390 2926 3445 ἀλλὰ
2975 3387 3253 3442 σύνδουλοι
3291 3388 3561 3457 ἀγγέλων.
3596 3387 3662 3440 Τί

2092 3479 2357 3549 κεχήνατε
2391 3476 2527 3547 πρὸς
2553 3476 2680 3538 τοὺς
2700 3474 2987 3543 ἀγγέλους,
3022 3470 3192 3543 (mal;
3223 3470 3412 3524 Δοῦλοί
3436 3473 3543 3525 εισι
3573 3469 3669 3524 τοῦ

2094 3560 2223 3614 Υἰοῦ
2275 3559 2370 3614 τοῦ
2426 3556 2587 3622 Θεοῦ,
2652 3558 2749 3612 καὶ
2777 3555 3050 3626 πολλαχοῦ
3092 3553 3161 3610 δι’
3216 3555 3367 3625 ἡμᾶς
3421 3554 3671 3625 πέμπον-

2090 3662 2204 3706 ται,
2238 3643 2333 3698 καὶ
2359 3641 2495 3715 πρὸς
2521 3640 2796 3713 σωτηρίαν
2821 3640 2921 3712 τὴν
2949 3638 3224 3711 ἡμετέραν
3241 3638 3670 3710 λειτουργοῦσιν

2092 3725 2237 3781 ὥστε
2262 3725 2540 3796 ὁμόδουλοι
2567 3724 2725 3796 ἡμῶν
2750 3725 2909 3778 εἰσιν.
2956 3722 3278 3794 Ἐννοήσατε
3306 3720 3424 3785 πῶς
3453 3722 3514 3775 οὐ
3541 3721 3673 3775 πολ-

2092 3808 2191 3881 λὴν
2214 3808 2398 3863 δίδωσι
2427 3810 2539 3873 τοῖς
2578 3808 2846 3880 κτίσμασι
2874 3805 3142 3878 διαφοράν
3169 3820 3181 3833 ·
3231 3802 3410 3863 καίτοι
3443 3804 3579 3858 πολὺ
3614 3802 3676 3857 τὸ

2097 3895 2263 3966 μέσον
2306 3893 2555 3963 ἀγγέλων
2582 3894 2680 3948 καὶ
2722 3891 3053 3963 ἀνθρώπων
3083 3890 3201 3944 ἀλλ’
3252 3890 3408 3960 ὅμως
3443 3889 3675 3960 πλησίον

2092 3976 2253 4050 ἡμῶν
2291 3976 2491 4040 αὐτοὺς
2544 3975 2777 4044 κατάγει
2825 3986 2874 4039 ο,
2930 3974 3215 4044 μονονουχὶ
3257 3972 3455 4042 λέγων·
3510 3972 3676 4044 Ἡμῖν

2093 4059 2469 4129 κάμνουσι,δι’
2491 4060 2641 4129 ἡμᾶς
2671 4057 3117 4127 περιτρέχουσιν,
3156 4057 3311 4127 ἡμῖν,
3336 4056 3411 4119 ὡς
3441 4055 3506 4109 ἂν
3529 4056 3677 4110 εἴποι

2092 4160 2194 4204 τις,
2235 4140 2619 4211 ὑπηρετοῦσιν.
2655 4138 2802 4210 Αὕτη
2837 4139 2986 4191 ἔστὶν
3015 4139 3049 4208 ή
3080 4137 3334 4191 διακονία
3381 4138 3586 4202 αὐτῶν,
3616 4137 3677 4191 τὸ

2093 4223 2161 4278 δι’
2192 4222 2336 4293 ἡμᾶς
2370 4221 2645 4290 πανταχοῦ
2677 4218 3018 4291 πέμπεσθαι.

2165 4312 2233 4374 7'.
2262 4303 2369 4358 Kal
2383 4303 2586 4357 τούτων
2599 4305 2707 4358 τῶν
2736 4303 3151 4373 ὑποδειγμάτων
3176 4303 3348 4373 μεστὴ
3382 4302 3480 4372 μὲν
3505 4302 3538 4371 ή
3566 4301 3678 4353 Πα-

2095 4386 2242 4452 λαιὰ,
2290 4386 2461 4457 μεστὴ
2509 4385 2567 4439 δὲ
2607 4388 2701 4440 καὶ
2751 4388 2787 4458 ὴ
2837 4387 3038 4457 Καινή.
3091 4385 3262 4438 Ὅταν
3299 4383 3410 4456 γὰρ
3452 4383 3677 4453 ἄγγελοι

2096 4470 2361 4543 ποιμένας
2378 4469 2860 4540 εὐαγγελίζωνται,
2889 4471 3019 4525 ὅταν
3047 4468 3147 4542 τὴν
3162 4468 3421 4540 Μαριὰμ,
3436 4470 3567 4523 ὅταν
3586 4468 3678 4521 τὸν

2110 4555 2329 4628 Ἰωσὴφ,
2374 4554 2501 4609 ὅταν
2534 4554 2629 4607 ἐπὶ
2678 4553 2774 4607 τοῦ
2809 4554 3097 4625 μνήματος
3141 4550 3504 4617 καθέζωνται,
3549 4552 3680 4606 ὅταν

2097 4639 2424 4712 πέμπωνται
2447 4640 2621 4694 εἰπεῖν
2640 4642 2753 4702 τοῖς
2775 4637 3061 4710 μαθηταῖς
3089 4636 3331 4706 Ἄνδρες
3346 4636 3680 4700 Γαλιλαῖοι,

2098 4727 2156 4779 τί
2183 4724 2482 4794 ἑστήκατε
2495 4723 2844 4791 ,βλέποντες
2861 4724 2943 4789 είς
2975 4721 3085 4776 τὸν
3097 4722 3395 4790 οὐρανόν;
3415 4721 3546 4775 ὅταν
3576 4720 3683 4774 Πέ-

2097 4828 2226 4882 τρον
2245 4808 2524 4863 ἀπολύωσι
2541 4808 2637 4862 τοῦ
2656 4806 3058 4880 δεσμωτηρίου,
3080 4807 3211 4862 ὅταν
3225 4805 3478 4878 Φιλίππῳ
3502 4806 3682 4860 διαλέ-

2099 4918 2324 4972 γωνται,
2344 4900 2462 4966 πῶς
2477 4901 2609 4971 ἡμῖν
2629 4900 2729 4971 οὐχ
2762 4901 3131 4971 ὑπουργοῦσιν
3154 4916 3169 4965 ;
3206 4898 3489 4971 Ἐννόησον
3502 4897 3682 4954 τοίνυν

2097 4985 2200 5057 τὴν
2222 4984 2409 5057 τιμὴν,
2438 4985 2543 5054 ὅση
2568 4986 2850 5055 τυγχάνει,
2873 4984 3095 5048 ὅτανὼς
3111 4982 3248 5054 πρὸς
3268 4983 3456 5053 φίλους
3487 4983 3681 5054 πέμπῃ

2099 5068 2385 5132 διακόνους
2412 5068 2539 5132 τοὺς
2583 5066 2851 5136 ἀγγέλους
2879 5069 2909 5120 6
2940 5066 3094 5130 Θεὸς,
3118 5068 3249 5122 ὅταν
3274 5066 3563 5138 Κορνηλίῳ
3586 5066 3684 5134 άγ-

2101 5154 2257 5225 γελος
2295 5152 2578 5223 φαίνηται,
2630 5151 2760 5205 ὅταν
2808 5150 3020 5214 πάντας
3047 5151 3176 5216 τοὺς
3197 5150 3531 5214 ἀποστόλους
3574 5149 3683 5204 άπὸ

2100 5238 2195 5292 τοῦ
2222 5234 2598 5306 δεσμωτηρίου
2627 5233 2858 5303 ἄγγελος
2911 5233 3170 5305 ἐκϐάλλῃ,
3207 5235 3302 5288 καὶ
3350 5233 3483 5305 λέγῃ
3514 5250 3528 5264 ·
3564 5237 3683 5288 Πο-

2095 5320 2419 5393 ρευθέντες
2438 5318 2645 5386 στῆτε,
2676 5318 2775 5373 καὶ
2787 5317 3030 5373 λαλεῖτε
3059 5319 3130 5372 ὲν
3153 5318 3233 5384 τῷ
3271 5317 3407 5387 ἱερῷ
3446 5318 3527 5385 τῷ
3558 5315 3685 5384 λαῷ

423 5400 582 5484 τοῦτο
625 5430 935 5502 ὁμοτιμίας,
986 5400 1357 5503 τοῦτο
1382 5400 1492 5486 οὐκ
1537 5400 1879 5502 ἀδυναμίας.
2101 5401 2600 5503 τάβδτῖξιαξίζτῖῖς
2628 5400 2779 5501 ζίλζῆς
2811 5402 3054 5503 ξαὺτηςς
3114 5402 3180 5456 Τί
3217 5403 3454 5503 an???
3503 5402 3682 5503 )‘FY‘f’;

423 5514 520 5566 τὴν
555 5514 775 5585 Πατέρα
795 5512 1116 5586 ὀργίζεσθαι
1138 5513 1277 5585 ὑπὲρ
1309 5515 1418 5568 τῶν
1441 5516 1521 5577 εἰς
1541 5514 1635 5566 τὸν
1667 5513 1794 5567 Υίὸν
1841 5530 2002 5584 γεγε-

425 5614 489 5667 νη
499 5596 673 5667 μένων
699 5613 712 5629 ’
752 5597 913 5652 τοῦτο
936 5596 1139 5669 πολλῆς
1191 5597 1414 5669 ἀγάπης
1436 5595 1635 5667 δεῖγμα
1666 5599 1761 5652 καὶ
1780 5597 1999 5669 γνησιό·

492 5863 517 5890 ι
543 5852 726 5917 Πρεεη
751 5853 1002 5911 διαπαντὸς
1026 5853 1109 5904 ὧν.

2106 5491 2200 5546 καὶ
2246 5487 2396 5559 αὐτῷ
2427 5486 2630 5557 Παύλῳ
2671 5484 2902 5555 ἄγγελος
2951 5486 3223 5555 φαίνεται.
3283 5486 3449 5559 Ὁρᾷς
3485 5488 3685 5551 αὐτοὺς

2167 5704 2211 5779 b‘
2221 5703 2498 5779 (10111111917...
2516 5701 2665 5778 εει-ξι.
2688 5699 2740 5779 ξι]
2765 5714 2918 5779 marg:
2943 5708 2998 5753 et
3029 5703 3213 5779 ᾕρεε,
3234 5702 3380 5753 τοῦτο
3405 5709 3488 5765 τῆς
3512 5705 3699 5765 nam;

2108 5767 2217 5830 περὶ
2238 5769 2321 5817 τὸν
2346 5767 2454 5813 Υἶὸῑ
2476 5767 2663 5824 ἀγάπης
2685 5767 2750 5821 ὡς
2766 5767 2943 5831 πατρὸς
2957 5767 3074 5830 πρὸς
3093 5767 3212 5815 υἱόν.

2175 5829 2199 5860 ⁸
2228 5826 2403 5890 SaviL,
2422 5824 2594 5883 αὐτοὺς
2615 5826 2798 5886 ἵστησι.
