4088 6212
533 289 596 344 δι
1270 293 1324 348 S.
1362 288 1642 345 JOANNIS
1679 286 2151 344 CllllYSOSTOMl
2192 287 2503 343 ARClllEP.
2549 286 3085 344 CONSTANTINOP.
3721 298 3794 355 δε

533 410 708 481 hujus.
737 405 875 475 Quid
903 404 1004 460 alia
1031 403 1244 460 dicam?
1272 403 1439 458 Paulo
1485 418 1696 474 quoque
1737 405 1835 474 ipsi
1885 415 2105 475 apparet

527 500 766 570 angelus.
796 498 955 554 Vides
984 498 1128 566 ipsos
1152 505 1374 566 propter
1402 495 1565 550 Deum
1592 494 1745 549 nobis
1775 495 2100 564 ministrare,

527 603 581 648 et
610 591 914 646 ministrare
941 590 992 643 in
1020 587 1180 642 rebus
1207 585 1453 640 maximis
1473 587 1496 639 ?
1517 585 1801 655 Propterea
1825 587 1952 641 dicit
1976 588 2104 642 Pau-

528 684 632 750 lus,
666 683 848 737 Omnia
878 690 994 734 sunt
1021 689 1208 744 vestra,
1232 679 1334 732 sive
1363 677 1483 744 vita,
1511 678 1614 730 sive
1637 693 1794 742 mors,
1827 679 1929 732 sive
1956 697 2104 733 mun-

527 775 648 838 dus,
681 773 782 827 sive
811 770 1100 840 prcesentia,
1133 772 1233 824 sive
1281 768 1474 836 futura.
1522 767 1715 822 Missus
1763 784 1975 838 quoque
2020 777 2102 824 est

527 863 712 934 Filius,
743 862 833 916 sed
866 877 971 916 non
994 861 1133 914 sicut
1172 858 1414 912 minister
1436 897 1453 924 ,
1480 872 1656 927 neque
1701 866 1966 928 tamquam
2012 862 2098 929 qui

524 956 702 1024 aliquo
752 954 1060 1024 fungeretur
1102 965 1364 1016 munere,
1413 949 1508 1005 sed
1559 959 1825 1018 tamquam
1852 950 2018 1006 Filius
2046 963 2101 1007 et

525 1045 830 1114 unigenitus
851 1085 866 1109 ,
897 1051 953 1099 et
980 1043 1068 1112 qui
1098 1041 1284 1096 eadem
1316 1041 1434 1095 vult
1460 1056 1577 1111 qua:
1603 1041 1782 1096 Pater.
1818 1041 1929 1098 imo
1969 1058 2100 1100 vero

525 1150 592 1191 ne
618 1135 716 1191 fuit
742 1134 954 1206 quidem
995 1133 1230 1187 missus:
1263 1147 1367 1186 non
1398 1132 1540 1186 enim
1584 1147 1615 1186 a
1662 1133 1779 1189 loco
1824 1136 1876 1189 in
1922 1135 2097 1191 locmn

525 1225 754 1290 transiit.
783 1225 878 1280 sed
909 1239 1123 1279 carnem
1152 1224 1387 1292 suscepit
1412 1237 1427 1288 ;
1457 1223 1628 1293 angeli
1662 1239 1787 1280 vero
1816 1226 1931 1281 loca
1974 1244 2096 1283 mu-

523 1326 657 1381 tant,
688 1325 742 1371 et
771 1315 1034 1386 prioribus
1059 1314 1112 1368 in
1137 1313 1328 1384 quibus
1380 1322 1503 1368 sunt
1553 1313 1824 1382 dimissis,
1879 1316 1945 1371 ad
1993 1319 2096 1374 alia

521 1408 774 1475 veniunt,
803 1406 857 1461 in
887 1405 1078 1477 quibus
1104 1419 1211 1459 non
1235 1413 1406 1458 erant.
1439 1403 1556 1459 Jam
1587 1417 1715 1460 vero
1743 1404 1846 1460 hoc
1885 1421 2097 1478 quoque

518 1507 600 1562 eis
626 1506 774 1562 addit
797 1507 1030 1561 animum
1051 1505 1234 1561 dicens
1266 1522 1279 1559 :
1304 1505 1442 1571 Quid
1473 1505 1715 1559 timetis?
1742 1505 1916 1574 angeli
1943 1507 2096 1561 nobis

523 1600 847 1654 ministrant.
879 1598 948 1653 Et
974 1613 1096 1653 cum
1126 1597 1348 1652 dixisset
1369 1596 1436 1651 de
1458 1596 1627 1662 Filio,
1675 1605 1731 1651 et
1777 1612 1896 1666 quae
1928 1595 2095 1665 perti-

522 1697 653 1746 nent
679 1689 744 1744 ad
775 1690 1221 1760 dispensationem
1243 1729 1259 1756 ,
1293 1703 1411 1758 qua:
1435 1689 1502 1744 ad
1531 1688 1854 1743 creationem
1885 1696 1940 1743 et
1977 1703 2096 1758 qum

521 1780 591 1836 ad
619 1796 840 1852 regnum
867 1790 919 1837 et
948 1781 1271 1837 ostendisset
1295 1795 1416 1836 eum
1445 1794 1565 1836 esse
1590 1779 1642 1834 in
1665 1781 1853 1836 eodem
1870 1780 2096 1850 honore,

523 1883 578 1928 et
604 1873 745 1944 quod
773 1884 1038 1943 tamquam
1067 1872 1320 1928 Dominus
1348 1871 1678 1927 dominatum
1705 1872 1941 1937 obtinet,
1991 1888 2097 1927 non

524 1965 577 2018 in
608 1964 753 2019 solos
782 1963 1048 2030 homines,
1079 1961 1173 2018 sed
1198 1962 1357 2017 etiam
1389 1961 1442 2016 in
1469 1977 1727 2032 supernas
1768 1971 2058 2032 potestates
2080 2005 2097 2030 ,

527 2070 620 2110 eos
641 2055 751 2125 jam
782 2057 1115 2119 exhortatur,
1149 2056 1218 2109 ita
1247 2054 1487 2110 instituta
1521 2054 1764 2109 oratione
1786 2096 1803 2121 ,
1831 2053 1972 2124 quod
2004 2068 2100 2108 nos

522 2153 771 2215 oporteat
790 2145 1024 2200 animum
1051 2145 1304 2200 adhibere
1334 2145 1397 2199 iis
1424 2160 1544 2214 quae
1573 2154 1696 2198 sunt
1720 2144 1919 2198 audita.
1946 2143 2098 2212 (Cap.

524 2235 583 2306 2)
623 2235 676 2290 1.
728 2235 1007 2306 Propterea
1035 2235 1376 2289 abundantius
1405 2244 1600 2300 Oportet
1626 2234 1885 2289 observare
1914 2250 2004 2289 nos
2044 2251 2101 2288 ea

524 2340 640 2395 qua:
667 2325 971 2380 audivimus.
1003 2325 1100 2380 Hic
1125 2325 1303 2380 dicere
1325 2324 1537 2378 volebat
1565 2325 1921 2379 abundantius
1942 2339 2100 2394 quam

527 2417 633 2488 legi
658 2416 1042 2472 attendendum
1073 2432 1212 2479 esse,
1237 2416 1330 2471 sed
1362 2415 1462 2470 hoc
1490 2415 1672 2480 siluit;
1707 2416 1864 2485 idque
1904 2415 2106 2470 indicat

527 2510 583 2564 in
614 2509 956 2579 probatione,
990 2522 1095 2562 non
1124 2508 1174 2561 in
1201 2507 1454 2569 consilio,
1487 2521 1587 2560 nec
1614 2507 1668 2560 in
1690 2506 2060 2560 exhortatione
2088 2521 2101 2558 :

525 2599 618 2656 Sic
645 2599 788 2654 enim
817 2608 935 2654 erat
959 2599 1169 2653 melius.
1210 2598 1267 2651 9..
1313 2597 1374 2652 Si
1413 2597 1544 2650 enim
1591 2598 1677 2668 qui
1727 2614 1815 2665 per
1861 2597 2102 2667 angelos,

531 2689 733 2759 inquit,
762 2689 924 2742 dictus
955 2697 1026 2741 est
1073 2703 1253 2751 sermo,
1291 2688 1454 2754 {actus
1481 2696 1553 2740 est
1598 2687 1799 2755 ﬁrmus,
1852 2695 1900 2740 et
1943 2686 2106 2740 onmis

531 2779 878 2850 pravaricatio
908 2787 954 2834 et
979 2778 1313 2832 inobedientia
1341 2778 1529 2847 accepit
1547 2778 1740 2846 justam
1761 2778 2001 2830 mercedis
2023 2793 2105 2831 re-

534 2871 894 2925 tributionem:
923 2870 977 2924 5.
1010 2868 1261 2937 quomodo
1303 2884 1395 2921 nos
1433 2866 1734 2938 effugiemus
1759 2908 1772 2930 ,
1819 2869 1862 2921 si
1914 2877 2106 2920 tantam

531 2963 900 3035 περιθέων-ἔπινε
964 2960 1218 3015 salutem?
1273 2974 1384 3028 qua:
1425 2974 1539 3011 cum
1590 2958 1790 3011 initium
1837 2959 2108 3029 accepisset

532 3052 808 3110 enarrandi
838 3067 926 3122 per
953 3049 1252 3115 Dominum,
1282 3047 1344 3102 ab
1369 3049 1438 3102 eis
1466 3049 1553 3118 qui
1598 3047 1870 3101 audierunt
1914 3049 1966 3100 in
2017 3065 2108 3102 nos

533 3147 838 3215 conﬁrmata
893 3153 986 3197 est.
1042 3142 1153 3196 Cur
1210 3149 1416 3210 oportet
1469 3139 1824 3194 abundantius
1872 3141 2106 3194 animum

531 3235 792 3291 adhibere
816 3234 880 3288 iis
910 3249 1029 3304 qua:
1056 3231 1233 3286 audita
1261 3229 1427 3286 sunt?
1451 3245 1628 3284 annon
1669 3239 1724 3284 et
1768 3230 1853 3284 illa
1903 3241 1958 3284 et
1996 3231 2109 3285 haec

532 3336 660 3385 sunt
689 3326 826 3382 Dei?
850 3327 955 3380 Aut
977 3338 1102 3393 ergo
1122 3322 1250 3378 dicit
1270 3320 1413 3391 quod
1433 3321 1789 3375 abundantius
1809 3336 1966 3390 quam
1983 3321 2106 3391 legi,

533 3417 789 3488 autquod
819 3428 1142 3485 magnopere
1167 3414 1238 3467 sit
1283 3412 1696 3478 attendendum;
1745 3428 1850 3468 non
1895 3429 2111 3482 compa-

534 3525 681 3577 rans,
711 3509 870 3564 absit.
899 3508 1029 3562 Nam
1055 3505 1306 3575 quoniam
1335 3505 1404 3558 ob
1431 3503 1646 3573 longum
1689 3513 1898 3573 tempus
1943 3505 2108 3559 habe-

534 3603 664 3657 bant
691 3615 935 3670 magnam
965 3597 1032 3652 de
1057 3596 1235 3652 Veteri
1263 3596 1604 3650 Testamento
1629 3596 1966 3665 opinionem:
1997 3596 2112 3652 lucc

532 3702 710 3750 autem
734 3701 1001 3760 tamquam
1032 3702 1167 3743 nova
1199 3685 1531 3741 habebantur
1559 3686 1905 3755 contemptui,
1932 3697 2109 3741 osteno

531 3785 612 3840 dit
633 3799 699 3839 ex
725 3780 1049 3837 abundantia
1080 3778 1222 3848 quod
1254 3777 1336 3831 his
1378 3777 1546 3846 magis
1593 3777 1825 3830 animum
1857 3776 2111 3833 adhibere

532 3881 795 3944 oporteat.
824 3869 1136 3938 Quomodo?
1170 3865 1561 3937 Propemodum
1589 3867 1772 3922 dicens
1798 3883 1815 3922 :
1844 3867 1936 3922 Dei
1989 3868 2108 3937 qui-

533 3965 659 4020 dem
681 3971 804 4017 sunt
829 3961 943 4017 hinc
969 3969 1022 4015 et
1049 3959 1158 4023 illa,
1178 3959 1271 4014 sed
1295 3973 1399 4012 non
1419 3957 1689 4012 similiter.
1716 3957 1783 4012 Et
1803 3957 1905 4013 hoc
1926 3972 2110 4028 postea

533 4065 689 4119 nobis
715 4064 988 4128 ostendit;
1018 4062 1232 4117 interim
1270 4071 1447 4115 autem
1490 4061 1594 4115 hoc
1634 4061 1809 4114 minus
1853 4057 2114 4128 profunde

535 4153 786 4216 adstruit,
827 4163 1012 4223 postea
1039 4162 1216 4207 autem
1250 4153 1603 4214 manifestius,
1634 4152 1816 4206 dicens
1846 4168 1860 4205 :
1892 4148 2028 4203 Nam
2073 4148 2117 4202 si

533 4243 665 4298 illud
692 4245 832 4311 prius
857 4244 1008 4312 culpa
1037 4253 1294 4305 vacasset;
1321 4251 1376 4297 et
1405 4257 1617 4296 rursum
1646 4282 1659 4306 ,
1694 4240 1832 4293 Nam
1859 4240 1992 4307 quod
2017 4256 2116 4293 an-

536 4335 761 4405 tiquetur
785 4345 832 4388 et
859 4335 1105 4400 senescit,
1141 4343 1211 4388 est
1243 4350 1400 4404 prope
1429 4334 1687 4388 interitum
1729 4329 1920 4402 (Infra
1971 4332 2024 4386 8.
2060 4331 2114 4383 7.

536 4424 662 4495 15).
697 4425 803 4482 Sed
833 4425 1067 4482 nondum
1097 4426 1257 4481 audet
1278 4425 1568 4495 quidquam
1606 4423 1910 4494 linjusmodi
1937 4423 2117 4479 dicere

536 4516 589 4569 in
618 4517 894 4586 prommiis
917 4558 932 4582 ,
963 4516 1134 4571 denec
1163 4517 1458 4571 auditorem
1493 4515 1732 4585 pluribus
1773 4529 2116 4584 prmoccupa-

535 4611 604 4663 rit
623 4619 677 4664 et
697 4611 942 4665 tenuerit.
971 4609 1077 4665 Cur
1097 4625 1224 4679 ergo
1253 4625 1349 4664 nos
1371 4616 1582 4678 oportet
1611 4609 1777 4678 magis
1802 4606 2119 4662 attendere?

539 4697 625 4752 Ne
653 4704 800 4770 forte,
829 4701 1016 4770 inquit,
1057 4700 1426 4770 pere/ﬂuuium.
1455 4699 1566 4753 Hoc
1593 4708 1693 4760 est,
1725 4715 1896 4768 neque
1926 4712 2116 4768 perea-

537 4806 692 4857 mus,
728 4808 903 4862 neque
954 4792 1285 4847 cxcidamus.
1330 4792 1395 4846 Et
1441 4791 1525 4846 hic
1572 4791 1805 4845 ostendit
1843 4807 2000 4860 quam
2049 4790 2118 4843 sit

537 4885 716 4952 gravis
743 4900 921 4952 casus,
953 4884 1205 4954 quoniam
1231 4893 1313 4938 est
1342 4882 1560 4938 difﬁcile
1585 4891 1640 4936 ut
1667 4881 1717 4936 id
1745 4881 1883 4951 quod
1911 4880 2120 4936 effluxit

540 4984 860 5042 revertatur,
891 4977 1318 5048 quandoquidem
1349 4975 1448 5029 hoc
1471 4974 1664 5030 accidit
1687 4990 1750 5029 ex
1773 4974 2014 5028 socordia
2055 4988 2119 5028 ac

541 5064 879 5134 negligentia.
924 5068 1130 5121 Dictum
1175 5077 1350 5120 autem
1400 5067 1606 5135 accepit
1653 5080 1718 5118 ex
1763 5064 2115 5119 Proverbiis:

545 5154 686 5217 Fili,
729 5155 920 5225 inquit,
953 5174 1014 5210 ne
1037 5159 1299 5229 pereﬂluas
1333 5157 1351 5227 (
1382 5155 1534 5209 Prov.
1569 5157 1620 5210 5.
1647 5156 1710 5209 21
1739 5154 1757 5226 )
1785 5171 1798 5218 ;
1829 5155 2118 5209 ostendens

536 5257 590 5302 et
615 5262 773 5317 quam
804 5245 972 5300 facilis
999 5248 1069 5300 sit
1095 5249 1292 5317 lapsus,
1316 5257 1372 5302 et
1410 5263 1568 5316 quam
1617 5247 1796 5316 gravis
1845 5247 2116 5300 interitus.

539 5337 653 5392 Hoc
677 5346 759 5392 est
787 5337 1053 5404 videlicet,
1089 5339 1231 5406 quod
1263 5355 1366 5393 non
1395 5340 1512 5394 sine
1545 5339 1783 5408 periculo
1827 5346 1912 5393 est
1936 5378 1952 5404 ,
2007 5354 2114 5392 non

540 5430 778 5485 obedire.
831 5430 897 5484 Et
944 5446 1040 5502 per
1069 5447 1129 5484 ea
1179 5431 1392 5500 quidem
1439 5449 1558 5501 qmc
1607 5430 1834 5486 adstruit
1881 5433 2117 5486 ostendit

541 5520 718 5588 majus
744 5535 862 5575 esse
893 5521 1232 5590 supplicium.
1263 5521 1436 5590 Ipsum
1464 5532 1639 5576 autem
1684 5537 1866 5576 rursus
1899 5521 2118 5576 dimittit

542 5613 950 5682 inquirendum,
982 5631 1080 5670 nec
1125 5615 1414 5670 concludit.
1464 5617 1576 5672 Iloc
1618 5624 1760 5672 enim
1804 5626 1888 5672 est
1941 5616 2118 5671 minus

544 5706 822 5761 molestam
852 5705 1080 5764 reddere
1101 5706 1400 5764 orationem
1423 5748 1438 5775 ,
1477 5723 1582 5764 non
1610 5724 1674 5763 ex
1705 5723 1762 5764 se
1794 5707 1988 5779 ubique
2032 5708 2116 5762 iu-

2208 403 2429 459 fercndo
2453 404 2733 473 judicium,
2764 405 2857 459 sed
2885 403 3234 475 relinquendo
3261 403 3312 458 in
3337 413 3597 475 potestate
3632 409 3785 463 audi-

2207 494 2362 559 toris,
2392 505 2448 548 ut
2473 493 2588 564 ipse
2613 493 2752 550 ferat
2777 496 3099 550 sententiam
3133 511 3147 548 :
3177 494 3319 566 quod
3350 496 3564 566 quidem
3607 499 3785 555 reddit

2211 587 2382 654 magis
2411 585 2756 640 benevolum.
2789 586 2902 640 Hoc
2932 587 3103 655 ipsum
3136 597 3312 641 autem
3343 587 3468 642 facit
3519 591 3679 644 etiam
3728 591 3782 645 in

2211 674 2393 730 Veteri
2420 675 2625 730 Nathan
2650 675 2930 745 propheta,
2961 687 3013 730 et
3037 676 3088 729 in
3113 676 3363 732 Matthzeo
3406 677 3648 733 Christus
3697 681 3783 734 di-

2206 783 2375 824 cens:
2409 769 2543 834 Quid
2567 768 2715 838 faciet
2759 769 2995 839 agricolis
3038 768 3177 822 illius
3219 769 3376 822 vincar
3417 769 3644 840 (Matth.
3690 771 3784 826 2|.

2207 859 2357 930 40)?
2385 868 2440 915 et
2473 860 2616 929 ipsos
2663 875 2864 930 cogens
2907 859 3048 915 ferre
3096 861 3414 914 sententiam
3445 879 3458 914 :
3491 861 3595 916 hoc
3638 864 3785 917 enim

2202 967 2282 1010 est
2306 957 2539 1010 maxima
2565 955 2802 1008 victoria.
2835 953 3037 1008 Deinde
3066 968 3188 1008 cum
3232 952 3487 1019 dixisset,
3540 953 3602 1008 Si
3643 955 3784 1010 enim

2201 1048 2286 1117 qui
2313 1064 2402 1116 per
2429 1045 2634 1117 angelos
2665 1045 2830 1098 dictus
2855 1054 2928 1098 est
2952 1060 3136 1110 sermo,
3171 1047 3334 1114 factus
3355 1053 3427 1097 est
3453 1044 3650 1111 ﬁrmus,
3677 1061 3784 1097 non

2203 1139 2504 1206 subiunxit,
2530 1135 2693 1191 Multo
2721 1136 2888 1205 magis
2917 1145 3095 1190 autem
3125 1135 3170 1188 is
3197 1135 3284 1203 qui
3331 1149 3428 1204 per
3475 1133 3744 1188 Christum
3769 1153 3785 1198 ;

2205 1229 2301 1285 sed
2326 1231 2427 1284 hoc
2454 1227 2668 1298 quidem
2697 1226 2860 1292 misit,
2893 1225 3030 1280 dixit
3054 1234 3232 1280 autem
3264 1225 3404 1291 quod
3433 1236 3519 1280 est
3560 1226 3735 1280 minus
3769 1244 3790 1282 :

2208 1319 2476 1386 Quomodo
2505 1335 2597 1372 nos
2624 1317 2944 1388 eﬂ'ugiamus,
2971 1317 3016 1370 si
3057 1324 3251 1369 tantam
3296 1315 3664 1384 neglexerimus
3709 1333 3793 1369 sa-

2207 1412 2408 1466 lutem?
2436 1410 2570 1466 Vide
2595 1417 2777 1464 autem
2801 1407 3070 1477 quomodo
3106 1406 3266 1461 faciat
3303 1407 3788 1476 comparationem.

2209 1503 2270 1557 Si
2296 1504 2428 1556 enim
2449 1501 2536 1570 qui
2567 1516 2658 1568 per
2677 1497 2903 1568 angelos,
2927 1495 3120 1566 inquit,
3144 1495 3309 1550 dictus
3333 1505 3406 1550 est
3433 1512 3615 1550 sermo.
3650 1495 3797 1560 Illic.

2209 1591 2313 1645 Per
2333 1591 2575 1662 angelos;
2606 1589 2691 1643 hic
2717 1599 2918 1650 autem,
2951 1587 3052 1640 Per
3082 1586 3356 1641 Dominum
3389 1603 3406 1640 :
3433 1595 3488 1642 et
3527 1587 3632 1642 illic
3670 1588 3794 1657 qui-

2208 1683 2330 1738 dem
2359 1697 2572 1747 sermo;
2605 1680 2691 1734 hic
2719 1689 2894 1733 autem
2927 1677 3091 1732 salus.
3123 1676 3322 1732 Deinde
3353 1693 3420 1732 ne
3461 1676 3604 1731 dicat
3640 1677 3792 1747 quis-

2211 1773 2351 1844 piam
2383 1789 2396 1824 :
2425 1771 2603 1840 Quid?
2627 1786 2745 1840 qua:
2768 1778 2823 1823 tu
2851 1769 3003 1834 dicis,
3036 1783 3066 1819 o
3090 1767 3251 1822 Paule
3270 1808 3284 1833 ,
3315 1783 3377 1822 ea
3405 1777 3526 1822 sunt
3552 1767 3792 1823 Christi?

2212 1871 2553 1934 praeoccupat
2578 1873 2630 1918 et
2661 1861 2763 1917 [ide
2789 1861 3004 1931 dignum
3040 1861 3088 1914 id
3117 1859 3385 1923 ostendit,
3437 1869 3492 1916 et
3539 1862 3680 1932 quod
3726 1879 3792 1918 ea

2211 1956 2279 2011 ab
2311 1956 2403 2011 illo
2430 1954 2726 2021 audiverit,
2757 1963 2813 2010 et
2841 1953 2985 2024 quod
3019 1969 3079 2009 ea
3112 1970 3253 2008 nunc
3281 1969 3312 2008 a
3345 1955 3455 2010 Deo
3502 1956 3749 2011 dicantur
3773 1999 3800 2022 γ

2213 2063 2320 2103 non
2361 2047 2540 2110 solum
2580 2060 2711 2102 voce
2763 2060 2857 2115 per
2899 2060 3081 2100 acrem
3129 2046 3359 2112 emissa,
3411 2047 3549 2101 sicut
3594 2048 3795 2104 factum

2213 2147 2296 2194 est
2337 2137 2388 2192 in
2427 2137 2602 2204 Mose,
2652 2134 2746 2191 sed
2797 2135 2964 2206 signis
3005 2151 3124 2206 quae
3179 2135 3375 2191 fiebant
3418 2147 3471 2192 et
3502 2139 3661 2194 rebus
3711 2148 3807 2194 te-

2215 2232 2498 2286 stantibus.

2287 2324 2341 2378 4.
2372 2321 2509 2389 Quid
2533 2329 2708 2374 autem
2732 2328 2837 2385 est,
2869 2319 2930 2374 Si
2948 2320 3078 2373 enim
3100 2321 3188 2391 qui
3207 2338 3295 2392 per
3313 2322 3519 2392 angelos
3540 2323 3702 2377 dictus
3725 2332 3806 2376 est

2215 2429 2400 2478 sermo,
2428 2411 2595 2481 factus
2623 2421 2694 2464 est
2722 2410 2939 2477 ﬁrmus?
2971 2411 3024 2464 ln
3057 2412 3287 2482 Epistola
3319 2430 3532 2485 quoque
3575 2416 3643 2470 ad
3683 2416 3796 2471 Ga-

2218 2507 2352 2561 latas
2380 2504 2458 2558 sic
2482 2502 2614 2557 dicit
2645 2521 2657 2556 :
2691 2500 2951 2572 Disposita
2979 2519 3067 2572 per
3093 2505 3299 2574 angelos
3342 2505 3393 2558 in
3424 2523 3577 2560 manu
3606 2508 3802 2560 media-

2219 2598 2379 2662 toris;
2405 2605 2460 2650 et
2483 2609 2690 2660 rursus,
2724 2594 2998 2663 Accepistis
3026 2596 3183 2666 legem
3209 2597 3262 2650 in
3288 2597 3621 2667 dispositione
3644 2616 3807 2671 ange-

2221 2689 2385 2744 lorum
2409 2728 2424 2754 ,
2450 2696 2497 2742 et
2518 2702 2617 2740 non
2646 2685 2951 2740 custodiistis
2983 2683 3126 2754 (Gal.
3158 2687 3212 2742 5.
3242 2688 3325 2742 19.
3377 2689 3489 2741 Act.
3519 2689 3570 2741 7.
3599 2689 3689 2758 55)
3711 2705 3727 2755 ;
3749 2700 3812 2745 et

2223 2781 2420 2849 ubique
2449 2793 2567 2833 eam
2601 2777 2730 2831 dicit
2775 2777 2888 2831 dari
2917 2791 3014 2847 per
3039 2778 3274 2848 angelos.
3308 2777 3560 2832 Nonnulli
3587 2781 3808 2849 quidem

2224 2871 2410 2928 dicunt
2434 2869 2670 2941 Moysen:
2704 2869 2864 2924 tacite
2905 2869 3232 2939 significari;
3270 2872 3365 2925 sed
3394 2887 3501 2926 non
3550 2880 3634 2926 est
3675 2887 3810 2927 con-

2225 2975 2539 3022 sentaneum
2568 2979 2584 3018 :
2609 2963 2809 3018 multos
2835 2962 2978 3018 enim
3010 2962 3095 3018 hie
3122 2964 3253 3018 dicit
3283 2965 3526 3034 angelos.
3556 2965 3652 3025 llic
3675 2982 3809 3036 quo-

2227 3071 2332 3126 que
2380 3053 2599 3125 angelos
2639 3067 2734 3108 eos
2762 3053 2892 3107 dicit
2921 3053 3012 3123 qui
3053 3064 3177 3108 sunt
3220 3053 3274 3108 in
3328 3055 3479 3110 cado.
3509 3053 3645 3122 Quid
3681 3073 3819 3127 ergo

2228 3147 2355 3202 est?
2382 3148 2488 3201 Aut.
2512 3145 2826 3214 decalogum
2873 3145 3004 3199 dicit
3031 3146 3204 3200 solum
3240 3163 3252 3200 :
3286 3146 3398 3202 illic
3427 3149 3569 3204 enim
3602 3150 3825 3220 Moyses

2224 3249 2565 3320 loquebatur,
2597 3256 2652 3301 et
2692 3245 2833 3299 Deus
2875 3241 3236 3312 respondebat
3276 3257 3292 3296 :
3324 3250 3415 3294 aut
3445 3242 3585 3310 quod
3625 3239 3817 3308 angeli:

2227 3340 2476 3394 adessent
2505 3337 2616 3391 Deo
2640 3335 2861 3405 iubente
2889 3351 2904 3388 :
2933 3343 3027 3388 aut
3047 3333 3161 3388 ιιωο
3176 3331 3308 3387 dicit
3327 3331 3394 3387 de
3417 3331 3665 3384 omnibus
3689 3346 3810 3400 qua:

2226 3429 2366 3484 dicta
2420 3436 2475 3482 et
2527 3426 2664 3481 facta
2709 3435 2834 3479 sunt
2883 3425 2934 3479 in
2961 3423 3166 3488 Veteri,
3214 3422 3357 3494 quod
3409 3423 3719 3477 societatem
3755 3421 3819 3474 in.

2230 3519 2313 3573 his
2358 3516 2646 3571 habuerint
2695 3515 2892 3585 angeli.
2933 3514 3215 3581 Quomodo
3259 3522 3434 3568 autem
3479 3512 3610 3568 dicit
3657 3512 3815 3577 alibi,

2233 3611 2382 3680 Quod
2413 3610 2494 3664 lex
2517 3609 2636 3663 data
2665 3610 2762 3679 fuit
2791 3624 2879 3678 per
2906 3606 3101 3662 Mosem
3130 3606 3307 3678 (Joan.
3342 3607 3394 3660 1.
3426 3605 3514 3669 17)
3541 3647 3556 3670 ,
3591 3603 3677 3659 hic
3708 3619 3812 3658 au-

2230 3711 2334 3757 tem
2366 3715 2463 3772 per
2503 3699 2760 3770 augelos?
2794 3698 2924 3752 dicit
2959 3697 3102 3753 enim
3128 3739 3143 3763 ,
3179 3696 3246 3750 Et
3290 3695 3542 3749 descendit
3589 3694 3723 3747 Deus
3753 3695 3809 3747 in

2226 3792 2443 3863 caligine
2469 3788 2662 3863 (Exod.
2694 3790 2781 3844 19.
2807 3789 2924 3860 20).
2956 3789 3015 3844 Si
3046 3788 3176 3842 enim
3199 3789 3282 3857 qui
3309 3803 3396 3854 per
3409 3787 3620 3857 angelos
3645 3785 3811 3838 dictus-

2224 3892 2298 3937 est
2323 3898 2508 3947 sermo,
2539 3885 2702 3952 factus
2729 3889 2802 3934 est
2826 3881 3023 3946 ﬁrmus.
3049 3878 3186 3946 Quid
3218 3885 3319 3942 est,
3344 3876 3594 3930 Firmus?
3613 3876 3806 3940 Verus,

2227 3983 2284 4028 ut
2307 3975 2380 4028 ita
2408 3973 2604 4040 dicam,
2636 3981 2691 4028 et
2717 3970 2886 4025 ﬁdelis
2918 3987 2933 4025 :
2967 3970 3019 4023 in
3045 3979 3287 4039 tempore
3311 3967 3654 4023 convenienti
3681 3982 3808 4022 eve-

2227 4075 2416 4120 nerunt
2457 4065 2632 4118 omnia
2669 4079 2786 4133 qua:
2815 4062 2956 4117 dicta
3008 4069 3151 4115 sunt.
3207 4062 3314 4114 Aut
3358 4059 3460 4113 hoc
3502 4059 3660 4124 dicit;
3713 4067 3810 4112 aut

2223 4154 2364 4226 quod
2392 4155 2496 4208 vim
2527 4163 2580 4209 et
2611 4153 2941 4207 dominatum
2972 4152 3231 4218 obtinuit,
3273 4159 3324 4206 et
3365 4151 3521 4204 mina:
3551 4149 3616 4203 ad
3661 4147 3810 4203 elle—

2224 4259 2368 4304 ctum
2393 4260 2516 4304 sunt
2547 4249 2821 4311 deductis;
2853 4257 2945 4301 aut
2972 4261 3278 4302 sermonem
3303 4244 3432 4299 dicit
3455 4245 3620 4311 jussa.
3642 4242 3807 4296 Multa.

2223 4340 2364 4395 enim
2395 4339 2511 4394 sine
2534 4340 2648 4408 lege
2673 4338 2948 4408 jusserunt
2976 4337 3148 4406 angeli
3176 4351 3204 4389 a
3237 4336 3344 4390 Deo
3370 4335 3516 4389 missi
3545 4352 3558 4386 :
3588 4333 3725 4387 sicut
3747 4333 3808 4386 in

2223 4431 2341 4486 loco
2370 4432 2565 4497 luctus,
2598 4440 2836 4499 tempore
2858 4429 3107 4484 .ludicum
3137 4429 3186 4482 in
3217 4429 3495 4482 Samsone.
3522 4424 3651 4478 Nam
3681 4441 3806 4493 pro-

2223 4533 2402 4592 pterea
2436 4537 2538 4578 non
2571 4521 2738 4586 dixit,
2769 4521 2877 4575 Lex
2901 4563 2916 4586 ,
2950 4521 3042 4574 sed
3069 4560 3084 4585 ,
3116 4519 3316 4574 Sermo.
3348 4517 3472 4572 Mihi
3503 4526 3682 4569 autem
3715 4515 3804 4570 hic

2224 4615 2388 4684 magis
2420 4613 2557 4668 forte
2582 4613 2793 4668 videtur
2820 4612 3002 4667 dicere
3043 4627 3103 4666 ea
3131 4651 3146 4676 ,
3175 4627 3294 4680 quae
3341 4619 3464 4665 sunt
3493 4608 3802 4678 diSpensata

2224 4720 2318 4774 per
2344 4705 2579 4774 angelos.
2615 4704 2753 4772 Quid
2795 4718 2923 4774 ergo
2958 4702 3239 4757 dicemus?
3269 4700 3506 4755 Aderant
3539 4710 3664 4754 tunc
3700 4715 3800 4753 an-

2219 4798 2323 4868 geli
2354 4798 2546 4868 quibus
2578 4807 2702 4851 tunc
2731 4812 2863 4867 gens
2912 4797 3082 4850 fuerat
3127 4795 3329 4849 credita
3355 4834 3370 4859 ,
3407 4804 3460 4848 et
3507 4793 3606 4862 ipsi
3660 4791 3804 4845 tubis

2220 4891 2520 4956 canebant;
2549 4899 2605 4945 et
2633 4890 2738 4943 alia
2777 4889 3012 4943 edebant
3032 4929 3045 4950 .
3077 4902 3269 4956 nempe
3296 4886 3470 4955 ignem
3495 4925 3509 4948 ,
3537 4893 3592 4938 et
3616 4883 3801 4951 caligi-

2219 4997 2363 5038 nem.
2405 4981 2470 5035 Et
2499 4983 2661 5036 omnis
2687 5023 2701 5046 ,
2743 4981 2952 5050 inquit,
3002 4978 3350 5050 prcevaricatio
3393 4987 3439 5031 et
3467 4975 3805 5030 inobedientia

2220 5075 2409 5146 accepit
2445 5077 2640 5144 justam
2671 5073 2911 5127 mercedis
2938 5073 3342 5126 retributionem.
3388 5071 3501 5125 Non
3539 5071 3652 5124 lucc
3681 5067 3802 5138 qui-

2219 5165 2364 5230 dem,
2399 5166 2484 5219 illa
2510 5175 2688 5219 autem
2709 5179 3065 5232 nequaquam,
3095 5163 3190 5217 scd
3217 5163 3411 5216 omnis.
3442 5160 3583 5214 Nihil
3609 5157 3805 5213 mansit

2220 5257 2443 5311 inultum
2470 5297 2486 5322 ,
2531 5257 2622 5311 sed
2653 5256 2860 5325 Accepit
2876 5257 3073 5324 justam
3101 5255 3343 5308 mercedis
3383 5253 3759 5307 retributionem
3782 5293 3800 5317 ,

2217 5348 2270 5403 id
2299 5358 2400 5410 est,
2427 5349 2828 5420 castigationem
2860 5357 2909 5402 et
2939 5363 3174 5416 pinnam.
3201 5349 3308 5402 Cur
3328 5358 3510 5401 autem
3537 5347 3613 5400 sic
3637 5346 3796 5399 dixit?

2219 5441 2291 5494 lta
2333 5441 2468 5496 solet
2509 5440 2701 5493 Paulus
2729 5439 3023 5492 dictionum
3057 5454 3163 5492 non
3190 5453 3438 5508 magnam
3467 5437 3668 5492 habere
3711 5450 3798 5489 ra-

2219 5534 2416 5588 tionem
2443 5574 2458 5598 ,
2491 5531 2584 5587 sed
2618 5531 3080 5587 indiscriminatim
3126 5534 3285 5586 etiam
3333 5532 3385 5584 in
3433 5530 3593 5585 rebus
3644 5529 3799 5585 bonis

2219 5641 2418 5696 ponere
2447 5641 2507 5680 ea
2537 5642 2656 5696 qua:
2687 5625 2880 5679 malam
2909 5625 3107 5680 habent
3135 5625 3584 5695 signiﬁcationem
3614 5642 3627 5678 :
3659 5623 3802 5678 sicut

2215 5720 2376 5777 etiam
2405 5720 2533 5776 dicit
2560 5719 2708 5786 alibi,
2742 5718 2808 5775 In
2829 5721 3168 5791 captivitatem
3191 5720 3472 5791 redigenles
3501 5735 3701 5774 omnem
3721 5721 3801 5773 in-
