4036 6206
560 291 631 345 33
1292 293 1349 348 S.
1389 290 1673 348 JOANNIS
1709 283 2196 348 CHRYSOSTOSII
2232 283 2554 343 ARCHIEP.
2590 287 3144 352 CONSTANTINOP.
3743 304 3824 360 ει

561 409 752 485 φησὶν,
791 409 1202 484 ἐκφευξόμεθα
1225 449 1241 475 ,
1295 411 1663 478 τηλικαύτης
1726 407 2147 477 ἀμελήσαντες

555 495 893 562 σωτηρίας;
921 495 1020 546 Διά
1052 492 1166 566 [52]
1201 491 1391 545 τούτου
1425 493 1716 561 ἐδήλωσεν,
1745 494 1829 547 ὃτι
1864 495 1924 547 οὐ
1969 493 2140 563 πολλή

559 593 641 640 τις
669 571 738 647 ἦν
767 577 950 645 ἐκείνη
978 577 1011 646 ἡ
1043 574 1307 646 σωτηρία.
1331 574 1528 638 Καλῶς
1551 575 1611 628 δὲ
1639 576 1834 640 καὶτὸ,
1861 575 2138 647 Τηλικαύ-

559 677 682 730 της,
707 657 1074 730 προσέθηκεν.
1099 655 1177 710 Ού
1210 658 1320 729 γὰρ
1380 659 1445 710 ἐκ
1481 657 1754 728 πολέμων,
1783 660 1968 729 φησὶν,
1996 662 2146 731 ἡμᾶς

559 741 816 797 διασώσει
867 740 985 804 νῦν,
1015 741 1138 794 οὐδὲ
1171 740 1270 811 τὴν
1303 740 1407 810 γῆν
1438 741 1626 794 καὶτὰ
1683 742 1741 794 ἐν
1773 744 1841 812 τῇ
1868 745 1940 812 γῇ
1965 743 2148 810 ἀγαθά

560 824 810 894 παρέξει,
858 823 992 879 ἀλλά
1034 823 1269 877 θανάτου
1316 822 1618 886 κατάλυσις
1645 823 1820 888 ἔσται,
1859 824 1995 878 ἀλλὰ
2031 825 2147 878 διαο

561 907 720 960 ϐόλου
771 905 1038 973 ἀπώλεια,
1092 905 1208 958 ἀλλ’
1262 905 1512 978 οὐρανῶν
1555 905 1824 976 βασιλεία,
1869 906 2010 960 ἀλλὰ
2033 907 2145 979 ζωὴ

561 989 803 1055 αἰώνιος.
828 989 1016 1043 Ταῦτα
1053 989 1162 1060 γάρ
1190 989 1371 1042 πάντα
1399 990 1458 1042 ἐν
1495 990 1746 1060 συντόμῳ
1782 989 2040 1062 ἐνέφηνεν
2072 993 2148 1044 εἰ·

561 1074 701 1142 πὼν,
742 1075 1118 1142 Τηλικαύτης
1157 1072 1580 1142 ἀμελήσαντες
1636 1075 1958 1143 σωτηρίας.
2011 1071 2148 1129 Εἶτα

561 1159 655 1214 καὶ
687 1159 753 1212 τὸ
786 1157 1102 1224 ἀξιόπιστον
1143 1157 1380 1224 ἐπάγει·
1420 1158 1586 1224 Ἥτις
1631 1158 1830 1228 ἀρχὴν
1869 1158 2148 1213 λαϐοῦσα

559 1241 877 1296 λαλεῖσθαι
907 1241 1006 1296 διὰ
1038 1240 1144 1295 τοῦ
1189 1242 1414 1308 Κυρίου
1441 1256 1455 1271 °
1495 1243 1768 1308 τουτέστι,
1795 1244 1924 1313 παρ’
1977 1243 2148 1312 αὐτῆς

560 1326 660 1397 τῆς
691 1325 874 1395 πηγῆς
930 1324 1057 1394 ἐσχε
1109 1325 1208 1395 τὴν
1254 1326 1465 1395 ἀρχήν·
1500 1325 1600 1378 οὐκ
1645 1324 1935 1396 ἅνθρωπος
1976 1326 2146 1396 αὐτὴν

559 1407 989 1478 διεπόρθμευσεν
1023 1410 1102 1470 εἰς
1123 1407 1221 1478 τὴν
1252 1410 1378 1478 γῆν,
1410 1407 1470 1460 οὺ
1499 1407 1694 1474 κτιστὴ
1740 1407 1995 1478 δύναμις,
2025 1409 2147 1462 ἀλλ’

559 1491 721 1556 αὐτὸς
750 1494 778 1545 6
805 1491 1135 1561 Μονογενής.
1155 1491 1302 1544 Ὑπὸ
1324 1490 1442 1544 τῶν
1460 1491 1860 1545 ἀκουσάντων
1887 1495 1974 1558 εἰς
1992 1489 2148 1560 ἡμᾶς

559 1573 896 1643 ἐϐεϐαιώθη.
945 1574 1010 1628 Τί
1061 1577 1230 1635 ἐστιν,
1276 1573 1664 1644 Ἐϐεϐαιώθη;
1709 1576 2061 1646 Ἐπιστεύθη,
2111 1577 2146 1646 ἢ

562 1657 727 1728 ἐξέϐη
748 1675 762 1690 ο
793 1658 886 1711 τὸν
938 1658 1048 1729 γὰρ
1078 1659 1401 1730 ἀρραϐῶνα,
1441 1660 1628 1730 φησὶν,
1698 1659 1896 1731 ἔχομεν
1920 1677 1935 1692 ο
1990 1679 2148 1714 τουτ-

570 1744 746 1804 έστιν,
773 1743 874 1795 οὐκ
900 1742 1154 1812 ἐσϐέσθη,
1187 1743 1288 1796 οὐκ
1317 1743 1529 1815 ἔληξεν,
1555 1743 1691 1798 ἀλλά
1717 1748 1913 1816 κρατεῖ
1934 1747 2024 1800 καὶ
2053 1762 2149 1799 πε-

561 1824 851 1897 ριγίνεται.
891 1827 963 1878 Τὸ
995 1825 1054 1878 δὲ
1084 1826 1277 1893 αἴτιον,
1313 1829 1346 1897 ἡ
1377 1827 1497 1880 θεία
1525 1827 1757 1898 δύναμις
1809 1829 2045 1899 ἐνεργεῖ.
2082 1830 2146 1882 Τί

560 1914 730 1973 ἐστιν,
772 1909 918 1962 ’Υπὸ
946 1908 1068 1962 τῶν
1090 1910 1527 1973 ἀκουσάντων;
1554 1911 1866 1977 Τουτέστιν,
1902 1913 1953 1964 οἰ
1994 1913 2148 1982 παρὰ

560 1993 654 2048 τοῦ
685 1995 894 2066 Κυρίου
917 1994 1252 2059 ἀκούσαντες
1273 1997 1429 2050 αὐτοὶ
1447 1999 1596 2068 ἡμᾶς
1611 1997 1966 2053 ἐϐεϐαίωσαν.
1987 2000 2148 2069 Μέγα

559 2075 836 2131 τοῦτοκαὶ
874 2069 1210 2144 ἀξιόπιστον.
1240 2081 1420 2149 Ὅπερ
1464 2081 1560 2133 καὶ
1603 2081 1823 2147 Λουκᾶς
1875 2100 2040 2153 φησιν
2086 2085 2146 2136 ἐν

559 2160 702 2231 ἀρχῇ
743 2161 838 2214 τοῦ
872 2159 1208 2230 Εὑαγγελίου
1229 2177 1244 2192 ·
1278 2162 1486 2229 Καθὼς
1523 2163 1872 2231 παρέδοσαν
1899 2165 2046 2234 ήμῒν
2090 2168 2146 2219 οἰ

558 2245 662 2300 ἀπ’
699 2246 892 2316 ἀρχῆς
929 2249 1221 2302 αὐτόπται
1246 2249 1348 2302 καὶ
1375 2248 1665 2317 ὑπηρέται
1697 2253 2004 2319 γενόμενοι
2039 2250 2145 2304 τοῦ

558 2331 767 2399 λόγου.
793 2331 915 2394 Πῶς
936 2327 1028 2384 οὖν
1057 2331 1366 2402 ἐϐεϐαιώθη
1391 2349 1406 2396 ;
1433 2333 1486 2385 τί
1515 2329 1630 2395 οὖν,
1653 2335 1703 2385 εἰ
1733 2335 1783 2386 οἰ
1811 2334 2145 2398 ἀκούσαντες

559 2413 820 2477 ἔπλασαν,
854 2414 1017 2484 φησί;
1046 2414 1221 2467 Τοῦτο
1245 2414 1424 2468 τοίνυν
1451 2415 1715 2485 ἀναιρῶν,
1774 2417 1869 2468 καὶ
1927 2417 2144 2481 δεικνὺς

559 2497 660 2549 οὐκ
713 2496 1064 2566 ἀνθρωπίνην
1094 2497 1194 2567 τὴν
1221 2497 1404 2567 χάριν,
1462 2499 1732 2568 ἐπήγαγε,
1766 2503 2141 2570 Συνεπιμαρ-

559 2578 884 2646 τ-υροῦντος
917 2578 1024 2632 τοῦ
1075 2579 1247 2635 Θεοῦ.
1279 2582 1392 2634 Οὐκ
1441 2581 1508 2634 ἂν
1543 2584 1674 2652 γὰρ,
1721 2583 1768 2634 εἰ
1818 2583 2078 2651 ἔπλασαν,
2115 2587 2144 2638 6

560 2661 694 2723 Θεὸς
721 2661 907 2724 αὐτοῖς
944 2663 1318 2734 ἐμαρτύρησε.
1345 2665 1708 2736 Μαρτυροῦσι
1745 2667 1846 2736 μὲν
1874 2669 2136 2733 κάκεῖνοι,

563 2748 834 2816 μαρτυρεῖ
877 2745 934 2798 δέ
964 2750 1086 2825 καὶ
1117 2751 1146 2801 6
1170 2748 1326 2812 Θεός.
1360 2750 1486 2813 Πῶς
1521 2754 1819 2823 μαρτυρεί;
1851 2754 1925 2807 Οὐ
1973 2752 2137 2825 λόγῳ,

560 2828 683 2883 οὐδὲ
716 2833 906 2900 φωνῇ·
954 2824 1022 2901 ἦν
1060 2831 1158 2901 μὲν
1213 2833 1322 2904 γάρ
1381 2835 1670 2888 καὶτοῦτο
1718 2838 1951 2890 πιστόν·
2003 2824 2139 2892 ἀλλὰ

560 2911 712 2977 πῶς;
743 2913 1020 2980 Σημείοις
1069 2913 1170 2966 καὶ
1218 2914 1428 2983 τέρασι
1475 2917 1573 2970 καί
1613 2921 1918 2986 ποικίλαις
1955 2920 2138 2975 δυνά-

557 3011 714 3065 μεσι.
751 2995 947 3059 Καλῶς
969 2997 1050 3060 τὸ,
1082 2999 1392 3065 Ποικίλαις
1420 2999 1716 3070 δυνάμεσι
1734 3043 1749 3068 ,
1777 3004 2011 3068 τέθεικε,
2040 3005 2138 3076 τὴν

559 3077 823 3147 ἀφθονίαν
857 3079 965 3133 τῶν
987 3082 1347 3151 χαρισμάτων
1379 3083 1555 3153 δηλῶν
1580 3102 1594 3115 ·
1652 3088 1786 3157 ὅπερ
1813 3089 1874 3140 οὐ
1905 3089 2137 3158 γεγένη-

557 3177 648 3214 ται
681 3162 774 3215 ἐπὶ
818 3161 928 3214 τῶν
977 3163 1281 3234 προτέρων,
1335 3165 1457 3219 οὺδέ
1485 3167 1724 3222 τοσαῦτα
1771 3176 1993 3241 σημεῖα,
2043 3174 2137 3226 καὶ

556 3244 702 3298 οὕτω
735 3244 992 3315 διάφορα.
1024 3245 1339 3312 Τουτέστιν,
1373 3249 1472 3319 οὐχ
1501 3249 1690 3314 ἁπλῶς
1734 3252 2136 3324 ἐπιστεύσαμεν

557 3329 810 3392 ἐκείνοις,
843 3329 978 3383 ἀλλά
1013 3329 1103 3381 διά
1126 3330 1374 3400 σημείων
1404 3333 1499 3385 καὶ
1535 3333 1802 3404 τεράτων.
1835 3335 1996 3388 Ὥστε
2037 3338 2135 3390 οὐκ

559 3413 793 3475 ἐκείνοις
818 3411 1171 3484 πιστεύομεν,
1193 3413 1310 3467 ἀλλ’
1339 3414 1488 3486 αὐτῷ
1531 3418 1612 3487 τῷ
1641 3419 1780 3489 Θεῷ.
1813 3419 1922 3472 Καὶ
1949 3423 2137 3474 Πνεύ-

553 3513 744 3566 ματος
769 3496 944 3566 ἀγίου
968 3498 1306 3568 μερισμοῖς,
1325 3503 1478 3554 κατὰ
1497 3501 1613 3570 τὴν
1635 3503 1823 3558 αὑτοῦ
1859 3503 2132 3572 θέλησιν.

563 3580 631 3635 Τί
657 3576 770 3646 οὖν,
803 3581 884 3636 ὅτι
919 3584 1010 3634 καὶ
1045 3582 1243 3652 γόητες
1273 3587 1477 3654 σημεῖα
1506 3585 1742 3654 ποιοῦσι,
1770 3587 1864 3640 καὶ
1889 3587 2133 3642 Ἰουδαῖοι

559 3666 619 3717 ἐν
643 3663 971 3728 Βεελζεϐοὺλ
1001 3663 1186 3733 ἔλεγον
1217 3666 1378 3720 αὑτὸν
1417 3667 1704 3723 ἐκϐάλλειν
1747 3670 1816 3724 τὰ
1841 3671 2131 3742 δαιμόνια;

571 3747 714 3802 Ἀλλ’
765 3749 826 3801 ού
863 3747 1087 3801 τοιαῦτα
1133 3749 1348 3802 ποιοῦσι
1383 3757 1622 3822 σημεῖα·
1658 3752 1748 3807 διὰ
1794 3754 1954 3808 τοῦτο
1987 3751 2131 3819 εἰπε,

557 3832 872 3898 Ποικίλαις
897 3831 1254 3902 δυνάμεσιν.
1292 3834 1507 3889 Ἐκεῖνα
1527 3836 1636 3908 γάρ
1659 3839 1721 3891 οὐ
1741 3838 1992 3910 δύναμις,
2017 3840 2132 3893 ἀλλ’

555 3917 813 3972 ἀσθένεια
844 3917 941 3970 καί⁸
980 3917 1253 3986 φαντασία
1275 3919 1369 3972 καὶ
1404 3919 1628 3974 διάκενα
1670 3922 1993 3993 πράγματα.
2034 3924 2134 3977 Διὰ

559 3997 676 4072 [⁸55]
709 4001 867 4054 τοῦτο
897 3997 1037 4063 εἷπε,
1065 4001 1412 4070 Πνεύματος
1436 4003 1609 4073 ἁγίου
1634 4006 1948 4075 μερισμοῖς
1982 4008 2135 4062 κατὰ

556 4083 672 4152 τὴν
695 4083 882 4138 αὑτοῦ
919 4084 1192 4150 θέλησιν.

631 4163 693 4219 5'.
711 4165 973 4218 Ἐνταῦθα
989 4166 1082 4218 καί
1099 4183 1152 4218 τι
1175 4166 1304 4220 ἀλλο
1324 4167 1659 4222 αἰνίττεσθαί
1684 4187 1774 4239 μοι
1795 4170 1962 4224 δοκεῖ·
1985 4174 2133 4237 εἰκὸς

558 4251 774 4324 γὰρσμὴ
804 4245 946 4304 εἶναι
971 4249 1204 4313 πολλοὺς
1233 4253 1350 4304 ἐκεῖ
1369 4253 1685 4322 χαρίσματα
1707 4253 1949 4324 ἔχοντας,
1980 4257 2133 4311 ἐκλε-

556 4336 803 4391 λοιπέναι
851 4334 908 4387 δέ
938 4332 1134 4398 ταῦτα,
1186 4334 1280 4387 ἆτε
1309 4334 1660 4406 νωθροτέρων
1688 4336 1870 4391 αὐτῶν
1907 4341 2133 4412 γενομέ-

558 4437 685 4476 νων.
713 4420 813 4474 Ἵν’
833 4415 925 4473 οὖν
973 4419 1169 4482 αὐτοὺς
1199 4418 1293 4472 καὶ
1317 4420 1374 4472 ἐν
1426 4419 1599 4490 τούτῳ
1639 4422 2129 4496 παραμυθήσηται,

557 4504 656 4559 καὶ
691 4503 766 4575 μὴ
788 4505 900 4575 ἀφῇ
931 4506 1281 4567 καταπεσεῖν,
1315 4501 1377 4556 τὸ
1399 4503 1506 4556 πᾶν
1525 4503 1758 4574 ἀνέθηκε
1784 4507 1848 4578 τῇ
1879 4507 1974 4559 τοῦ
1996 4508 2131 4562 Θεοῦ

560 4589 760 4660 βουλῇ·
797 4587 960 4650 αὐτὸς
981 4582 1091 4640 οἶδε
1123 4586 1309 4639 τίνιτί
1354 4586 1645 4656 συμφέρει,
1693 4590 1849 4658 φησὶ,
1875 4593 1968 4643 καὶ
1989 4590 2132 4645 οὕτω

558 4673 922 4745 καταμερίζει
950 4671 1049 4742 τὴν
1075 4670 1258 4743 χάρινο
1291 4671 1428 4740 ὅπερ
1454 4671 1550 4725 καὶ
1575 4674 1633 4725 ἐν
1670 4676 1737 4744 τῇ
1761 4675 1897 4743 πρὸς
1930 4677 2131 4748 Κοριν-

558 4756 709 4821 θίους
761 4759 907 4810 ποιεῖ
957 4756 1166 4823 λέγων·
1213 4755 1275 4808 '0
1321 4754 1468 4822 Θεὸς
1523 4754 1689 4810 ἔθετο
1731 4757 1840 4812 ἕνα
1867 4759 2133 4816 ἕκαστον

557 4840 747 4909 ἡμῶν,
773 4842 966 4907 καθὼς
999 4839 1267 4909 ἠθέλησε
1299 4855 1313 4871 ο
1349 4840 1446 4895 καὶ
1472 4841 1656 4906 πάλιν,
1697 4842 1959 4909 Ἑκάστῳ
1994 4845 2063 4898 δὲ
2091 4849 2129 4916 η

554 4926 892 4994 φανέρωσις
914 4925 1024 4981 τοῦ
1047 4929 1395 4996 Πνεύματος
1427 4926 1655 4981 δίδοται
1685 4930 1836 4996 πρὸς
1861 4931 1926 4983 τό
1973 4945 2128 5000 συμ-

554 5007 764 5078 φέρον,
785 5014 938 5066 κατὰ
969 5013 1086 5080 τὴν
1115 5010 1302 5066 αὐτοῦ
1341 5011 1614 5080 θέλησιν.
1648 5014 1930 5067 Δείκνυσιν
1967 5015 2131 5071 ὅτιτὸ

555 5092 803 5164 χάρισμα
835 5095 979 5148 κατά
1005 5097 1106 5167 τὴν
1133 5095 1228 5148 τοῦ
1257 5096 1472 5168 Πατρός
1492 5108 1517 5136 ι
1561 5098 1678 5150 ἐστι
1713 5098 1950 5168 θέλησιν.
1988 5100 2131 5154 Πολ·-

553 5175 714 5237 λάκις
747 5175 804 5227 δὲ
833 5178 926 5229 καὶ
959 5177 1029 5230 δι’
1063 5179 1379 5250 ἀκάθαρτον
1413 5179 1528 5249 βίον
1559 5181 1656 5234 καὶ
1693 5183 1838 5252 νωθῆ
1878 5183 1978 5237 οὐκ
2000 5183 2128 5236 ἐλαι

554 5260 650 5313 ϐον
679 5259 867 5312 πολλοὶ
897 5260 1166 5330 χάρισμα·
1195 5262 1366 5316 ἐνίοτε
1388 5263 1445 5316 δὲ
1469 5264 1564 5316 καὶ
1586 5263 1752 5318 καλὸν
1779 5265 1893 5335 βίον
1913 5267 2129 5337 ἔχοντες

553 5344 654 5398 καὶ
684 5343 924 5414 καθαρὸν
966 5343 1068 5398 οὐκ
1098 5345 1292 5401 ἔλαϐον
1312 5364 1327 5379 ο
1361 5348 1414 5402 τί
1441 5348 1676 5419 δήποτε;
1715 5350 1877 5404 Ὥστε
1923 5352 1997 5422 μὴ
2039 5355 2132 5405 ὲκ-

551 5425 1008 5500 τραχηλισθῆναι,
1065 5427 1207 5482 ὥστε
1241 5431 1315 5502 μὴ
1348 5432 1708 5502 φυσιωθῆναι,
1743 5433 1882 5488 ὥστε
1925 5435 1999 5506 μὴ
2030 5439 2128 5507 ρᾳ-

613 5683 1048 5754 ⁸Ιβριὶξθτιίηυεει
1062 5685 1337 5754 _Comnl_el.,_
1365 5691 1595 5754 κατὰτῆν
1617 5690 1703 5740 τοῦ
1726 5691 1929 5754 Πατρός,
1967 5698 2020 5740 et
2058 5691 2128 5742 sic

697 5745 1525 5817 lnlerpresl.gtinus._Savil.,x016
1559 5741 1652 5817 ’τὴν
1701 5754 1785 5803 τοῦ
1836 5741 2126 5817 ΪΙνεύματος.

555 5804 816 5873 Iutianus,
839 5804 1113 5861 iecundum
1135 5804 1439 5864 voluntatém
1463 5804 1632 5866 Patris".

2253 406 2589 480 θυμοτέρους
2615 410 2893 479 γενέσθαι,
2923 413 3066 468 ὥστε
3095 414 3172 487 μὴ
3216 413 3379 468 πλέον
3412 416 3738 487 ἐπαρθῆναι.
3775 417 3842 472 ΕΙ

2251 492 2361 562 γάρ
2382 494 2476 545 καὶ
2501 494 2670 564 χωρὶς
2696 495 3044 566 χαρίσματος
3087 497 3225 570 αὑτὴ
3252 497 3347 552 τοῦ
3378 497 3622 569 καθαροῦ
3654 500 3776 571 βίου
3807 505 3840 572 ἡ

2249 577 2554 650 συνείδησις
2587 580 2743 648 ἱκανὴ
2773 583 2998 654 ἐπᾶραι,
3029 583 3209 654 πολλῷ
3234 583 3457 654 μᾶλλον,
3503 584 3634 638 ὅταν
3672 588 3770 639 καὶ
3805 591 3842 654 ἡ

2247 661 2407 732 χάρις
2438 665 2638 734 προσῇ.
2679 661 2849 722 Ὥστε
2887 671 3000 730 τοῖς
3029 670 3310 731 ταπεινοῖς
3336 669 3430 721 καὶ
3469 671 3580 732 τοῖς
3609 670 3845 737 ἀφελέσι

2251 745 2451 814 μᾶλλον
2504 745 2740 799 ἐδίδοτο·
2784 749 2881 801 καὶ
2936 748 3171 819 μάλιστα
3221 753 3335 813 τοῖς
3377 751 3671 819 ἀφελέσινο
3732 754 3844 806 Ἐν

2246 829 2571 897 ἀφελότητι
2601 830 2732 901 γὰρ,
2760 833 2916 902 φησὶ,
2950 832 3051 886 καί
3076 833 3148 887 ἐν
3173 833 3534 904 ἀγαλλιάσει
3562 834 3839 903 καρδίας.

2247 911 2358 965 Καὶ
2387 911 2498 983 γάρ
2528 913 2621 965 καὶ
2646 912 2820 987 ταύτῃ
2851 915 3188 986 προέτρεψεν
3231 917 3431 980 αὐτοὺς
3460 917 3663 987 μᾶλλον
3685 936 3700 951 ·
3741 923 3844 974 καὶ

2247 995 2298 1047 εἰ
2345 993 2708 1066 ῥᾳθυμότεροι
2759 994 2922 1069 ἦσαν,
2968 999 3291 1064 κατένυξεν.
3333 998 3392 1053 '0
3438 1000 3549 1072 γὰρ
3578 1003 3844 1066 ταπεινὸς

2246 1077 2340 1130 καὶ
2366 1079 2439 1150 μὴ
2474 1079 2687 1150 μεγάλα
2708 1083 2837 1152 περὶ
2855 1082 3053 1135 ἐαυτοῦ
3082 1082 3510 1154 φανταζόμενος,
3547 1086 3843 1138 σπουδαιό-

2247 1176 2405 1232 τερος
2441 1161 2674 1230 γίνεται,
2723 1164 2854 1218 ὅταν
2902 1164 3041 1235 λάϐῃ
3068 1165 3340 1236 χάρισμα,
3380 1165 3476 1219 ἆτε
3503 1169 3636 1238 παρ’
3677 1168 3842 1232 ἀξίαν

2249 1242 2510 1314 εἰληφὼς,
2537 1247 2632 1299 καὶ
2664 1249 2764 1300 οὐκ
2793 1247 2943 1312 ἀξιον
2967 1248 3159 1302 ἐαυτὸν
3187 1245 3324 1303 εἶναι
3357 1251 3559 1320 κρίνων
3583 1268 3596 1281 ·
3627 1252 3656 1304 6
3689 1252 3748 1304 δέ
3777 1270 3837 1306 τι

2249 1327 2674 1398 κατωρθωκέναι
2724 1331 2992 1400 νομίζων,
3043 1330 3264 1402 ὀφειλὴν
3297 1327 3437 1386 εἶναι
3489 1333 3550 1386 τὸ
3603 1336 3838 1406 πρᾶγμα

2248 1410 2555 1480 ἡγούμενος
2583 1412 2678 1464 καὶ
2710 1414 3071 1482 πεφυσίωται.
3103 1415 3267 1467 Ὥστε
3299 1416 3328 1468 6
3351 1415 3485 1480 Θεὸς
3519 1420 3832 1487 συμφερόν-

2246 1513 2358 1560 τως
2403 1496 2466 1549 τὸ
2514 1498 2752 1568 πρᾶγμα
2801 1500 3077 1569 οἰκονομεῖ
3113 1499 3289 1554 τοῦτο.
3318 1502 3497 1572 Ὅπερ
3548 1504 3643 1557 καὶ
3676 1504 3737 1556 ἐν
3767 1508 3836 1574 τῇ

2261 1579 2560 1651 Ἐκκλησία
2609 1581 2904 1651 συμϐαῖνον
2952 1582 3053 1635 ῖδοι
3107 1600 3192 1646 τις
3220 1582 3321 1637 ἄν’
3354 1583 3384 1636 6
3420 1584 3522 1654 μὲν
3550 1585 3662 1654 γάρ
3719 1585 3836 1655 ἔχει

2247 1662 2405 1731 λόγον
2438 1662 2841 1730 διδασκαλικὸν,
2896 1666 2926 1718 6
2955 1666 3016 1718 δέ
3053 1666 3176 1718 οὐδὲ
3205 1667 3390 1737 διᾶραι
3417 1668 3480 1720 τὸ
3521 1668 3697 1736 στόμα
3744 1667 3838 1721 δύ-

2249 1763 2430 1801 ναται.
2455 1747 2665 1817 Μηδεὶς
2688 1747 2870 1800 τοίνυν
2909 1747 3186 1803 λυπείσθω
3217 1750 3308 1803 διὰ
3344 1749 3521 1804 τοῦτο’
3563 1750 3838 1817 Ἐκὰστῳ

2249 1829 2359 1898 γὰρ
2397 1829 2436 1897 ἡ
2463 1829 2803 1898 φανέρωσις
2829 1831 2936 1885 τοῦ
2957 1833 3306 1901 Πνεύματος
3337 1833 3567 1888 δίδοται
3594 1837 3748 1902 πρὸς
3769 1836 3836 1891 τὸ

2248 1911 2581 1981 συμφέρον.
2627 1912 2690 1966 Εἰ
2713 1912 2822 1982 γὰρ
2843 1913 3134 1985 ἄνθρωπος
3154 1916 3546 1987 οἰκοδεσπότης
3579 1912 3687 1971 οἶδε
3727 1918 3840 1972 τίνι

2248 1996 2300 2052 τί
2335 1995 2652 2066 ἐγχειρίσει,
2701 1995 2887 2067 πολλῷ
2929 1998 3131 2068 μᾶλλον
3169 2002 3197 2052 6
3244 1999 3379 2064 Θεὸς
3409 2003 3436 2054 6
3471 2001 3842 2071 ἐπιστάμενος

2245 2079 2336 2132 τὸν
2359 2079 2483 2132 νοῦν
2511 2078 2617 2132 τῶν
2640 2078 2966 2150 ἀνθρώπων,
2994 2083 3022 2134 6
3041 2081 3110 2136 τά
3132 2083 3312 2137 πάντα
3336 2081 3492 2146 εἰδὼς
3520 2084 3652 2155 πρὶν
3676 2086 3836 2151 γενέ-

2249 2178 2384 2224 σεως
2421 2160 2728 2217 αὐτῶν.”Εν
2753 2163 2868 2215 ἐστι
2893 2163 3055 2232 μόνον
3076 2163 3138 2217 τὸ
3159 2163 3336 2236 λύπης
3361 2164 3531 2232 ἀξιον,
3558 2165 3620 2218 τὸ
3653 2167 3837 2238 ἀμαρ-

2243 2246 2426 2298 τάνειν
2456 2242 2596 2316 [54],
2635 2244 2763 2299 ἀλλο
2814 2245 2872 2298 δὲ
2917 2245 3092 2301 οὐδέν.
3125 2248 3216 2319 Μὴ
3248 2248 3435 2319 εἴπῃς,
3492 2249 3594 2302 Διὰ
3625 2250 3677 2304 τί
3732 2251 3838 2304 οὐκ

2244 2329 2352 2399 ἔχω
2381 2330 2640 2399 χρήματα
2658 2345 2672 2393 ;
2691 2329 2750 2398 ἢ,
2775 2329 2838 2390 Εἰ
2867 2325 3036 2400 είχον,
3056 2330 3333 2402 παρέσχον
3359 2331 3426 2385 ἂν
3441 2335 3556 2396 τοῖς
3581 2334 3837 2404 πένησιν.

2246 2413 2360 2465 Οὐκ
2388 2407 2557 2477 οἶδας,
2585 2413 2634 2464 εξ
2659 2406 2824 2481 εἶχες,
2860 2413 2910 2465 ει
2941 2415 3016 2484 μὴ
3046 2414 3244 2484 μᾶλλον
3265 2415 3361 2468 καὶ
3388 2414 3721 2487 πλεονέκτης
3741 2413 3836 2486 ἧς’

2242 2492 2337 2546 νῦν
2370 2493 2470 2564 μὲν
2491 2493 2601 2565 γὰρ
2625 2493 2800 2546 ταῦτα
2831 2493 3032 2562 λέγεις,
3055 2497 3112 2547 ἐν
3141 2496 3200 2548 δὲ
3233 2499 3298 2568 τῇ
3326 2497 3490 2568 πείρᾳ
3508 2497 3832 2569 γενόμενος,

2240 2577 2428 2647 ἐτερος
2457 2575 2522 2629 ἂν
2549 2573 2638 2647 ἦς.
2657 2576 2811 2630 Ἐπεὶ
2836 2579 2931 2631 καὶ
2964 2578 3092 2632 ὅταν
3126 2573 3278 2650 ὦμεν
3305 2580 3714 2651 κεκορεσμένοι,
3743 2598 3838 2634 v0-

2243 2658 2474 2731 μίζομεν
2501 2660 2584 2713 ὅτι
2617 2659 2896 2730 δυνάμεθα
2918 2661 3220 2732 νηστεύειψ
3250 2663 3381 2717 ὅταν
3407 2664 3464 2716 δὲ
3493 2664 3692 2734 μικρὸν
3712 2664 3837 2717 δια-

2239 2742 2537 2813 λείπωμεν,
2569 2743 2756 2814 ἔτερος
2789 2745 2936 2814 ἡμᾶς
2963 2745 3350 2816 ἐπεισέρχεται
3391 2745 3675 2816 λογισμός.
3713 2746 3833 2800 Πά-

2238 2825 2344 2891 λιν,
2369 2826 2497 2880 ὅταν
2516 2818 2669 2894 ὦμεν
2697 2826 2857 2889 ἐκτὸς
2887 2826 2990 2897 τῆς
3024 2829 3214 2899 μέθης,
3240 2828 3536 2899 νομίζομεν
3560 2828 3838 2883 δύνασθαι

2240 2908 2626 2980 περιγενέσθαι
2650 2909 2742 2962 τοῦ
2771 2909 3008 2973 πάθους·
3036 2911 3164 2964 ὅταν
3180 2910 3239 2963 δὲ
3265 2910 3484 2981 ἁλῶμεν
3517 2910 3613 2966 ὑπ’
3634 2911 3842 2983 αὐτῆς,

2253 2991 2457 3045 οὐκέτι.
2481 2991 2574 3062 Μὴ
2590 2991 2770 3063 εἴπῃς,
2789 2993 2882 3055 Εἰς
2895 2993 3060 3046 τίούκ
3079 2992 3237 3063 ἔσχον
3252 2994 3503 3064 χάρισμα
3516 2993 3837 3049 διδασκαλι-

2251 3077 2347 3130 κόν
2365 3095 2378 3144 ;
2397 3077 2454 3148 ἢ,
2479 3078 2543 3130 Εἰ
2568 3073 2734 3147 εἶχον,
2759 3077 2989 3147 μυρίους
3013 3078 3080 3131 ἂν
3097 3077 3445 3149 ᾠκοδόμησα.
3464 3078 3577 3132 υὺκ
3596 3076 3833 3144 οἷδας,εἰ

2238 3157 2404 3231 εἶχες,
2423 3159 2499 3232 μὴ
2516 3161 2594 3225 εἰς
2608 3160 2783 3231 κρίμα
2799 3179 2882 3214 σοι
2894 3161 3134 3230 ἐγένετο,
3149 3160 3225 3232 μὴ
3246 3161 3536 3232 βασκανία,
3558 3162 3633 3234 μὴ
3659 3162 3826 3225 ὄκνος

2236 3244 2623 3315 παρεσκεύαζε
2640 3245 2700 3298 τὸ
2716 3244 2977 3300 τάλαντον
2994 3245 3260 3318 κρύπτειν
3272 3286 3286 3299 .
3306 3245 3421 3299 Νῦν
3436 3245 3535 3316 μὲν
3550 3244 3642 3300 οὖν
3654 3247 3833 3301 ἀπάν-

2234 3347 2343 3384 των
2388 3328 2593 3383 τούτων
2619 3329 2953 3400 ἀπήλλαξαι,
2992 3331 3087 3383 καὶ
3125 3330 3186 3383 τὸ
3215 3330 3561 3402 σιτομέτριον
3609 3331 3704 3383 ἐὰν
3741 3329 3822 3402 μὴ

2234 3412 2360 3482 δῷς,
2390 3413 2492 3467 οὐκ
2523 3413 2730 3485 ἐγκαλῇ
2751 3428 2764 3440 ·
2803 3413 2924 3466 τότε
2965 3412 3021 3466 δέ
3052 3413 3267 3484 μυρίοις
3307 3414 3374 3468 ἂν
3409 3413 3704 3477 ὑπεύθυνος
3732 3409 3822 3484 ἦς.

2237 3496 2446 3554 Ἀλλως
2475 3496 2554 3559 δὲ,
2582 3496 2702 3549 ούδέ
2733 3495 2827 3550 νῦν
2857 3496 3014 3560 ἐκτὸς
3043 3493 3094 3549 εἴ
3121 3496 3214 3549 τοῦ
3245 3498 3605 3570 χαρίσματος.
3640 3495 3822 3562 Δεῖξον

2234 3579 2292 3632 ἐν
2322 3579 2398 3649 τῷ
2431 3578 2632 3650 μικρῷ,
2665 3573 2777 3642 οἷος
2813 3574 2881 3651 ἦς
2903 3579 2952 3644 ι),
2985 3582 3033 3632 εἰ
3069 3581 3244 3633 ἐκεῖνο
3283 3576 3457 3650 εἶχες
3492 3580 3562 3634 El
3603 3580 3710 3651 γὰρ
3751 3581 3822 3634 ἐν

2233 3663 2314 3729 τῷ
2347 3661 2536 3734 μικρῷ
2555 3665 2626 3718 οὐ
2658 3663 2919 3732 γίνεσθε,
2954 3665 3109 3735 φησὶ,
3147 3666 3374 3728 πιστοὶ,
3403 3663 3531 3732 πῶς
3564 3665 3629 3717 τὸ
3667 3662 3827 3733 μέγα

2235 3747 2376 3815 ὑμῖν
2409 3764 2500 3812 τις
2531 3746 2741 3812 δώσειί
2780 3748 2960 3812 Δεῖξον
2989 3749 3064 3812 ὡς
3097 3749 3130 3818 ἡ
3161 3751 3327 3820 χήρα’
3359 3749 3453 3802 δύο
3473 3751 3580 3818 γὰρ
3601 3746 3818 3810 ὀϐολοὺς

2235 3827 2377 3901 εἶχεν
2403 3831 2606 3901 ἐκείνη,
2630 3832 2726 3884 καὶ
2761 3831 2858 3885 ὅλα
2888 3831 3210 3897 κατέλαϐεν,
3233 3834 3333 3884 ὅσα
3365 3832 3648 3901 ἐκέκτητο.
3668 3829 3815 3900 Χρή-
3871 3830 3878 3832 “

2237 3932 2384 3985 ματα
2421 3912 2602 3985 ζητεῖς
2626 3932 2640 3982 ;
2671 3915 2842 3981 δεῖξον
2870 3916 2951 3969 ὅτι
2973 3915 3079 3968 τῶν
3099 3915 3294 3982 ὀλίγων
3319 3917 3700 3983 καταφρονεῖς,
3727 3913 3816 3966 ἵνα

2236 4015 2320 4050 σοι
2355 3999 2632 4051 πιστεύσω
2656 4001 2750 4052 καὶ
2783 3999 3045 4068 περὶτῶν
3085 3997 3330 4050 πολλῶν·
3366 4000 3416 4051 εἰ
3445 3999 3501 4052 δὲ
3536 3999 3670 4069 μηδέ
3697 3997 3821 4050 τού.

2232 4097 2342 4134 των
2371 4083 2753 4152 καταφρονεῖς,
2773 4081 2954 4151 πολλῷ
2987 4080 3188 4152 μᾶλλον
3206 4081 3328 4134 οὐδὲ
3347 4083 3594 4136 ἐκείνων.
3620 4079 3818 4146 Πάλιν,

2235 4163 2292 4215 ἐν
2325 4147 2575 4234 τῷλόγῷ
2590 4161 2762 4227 δεῖξον
2790 4164 2872 4216 ὅτι
2898 4147 3166 4234 κέχρησαι
3193 4163 3423 4226 δεόντως
3455 4165 3520 4232 τῇ
3551 4163 3816 4232 παραινέ-

2235 4263 2316 4299 σει
2342 4245 2437 4298 καὶ
2465 4250 2533 4317 τῇ
2569 4245 2868 4318 συμϐουλῇ.
2889 4248 3005 4300 Οὐκ
3027 4247 3171 4318 ἔχεις
3199 4247 3533 4315 εὐγλωττίαν
3553 4245 3652 4315 τὴν
3680 4245 3816 4309 ἐξω-

2235 4330 2359 4396 θεν;
2391 4330 2492 4384 ούκ
2514 4331 2656 4403 ἔχεις
2687 4331 2975 4400 νοημάτων
2999 4332 3295 4401 ἀφθονίαν;
3321 4329 3437 4384 ἀλλ’
3467 4330 3615 4399 ὅμως
3638 4327 3815 4383 ταῦτα

2231 4413 2302 4467 τά
2353 4413 2508 4467 κοινά
2554 4411 2718 4477 οἶδας.
2769 4415 2942 4468 Παῖδα
2999 4414 3168 4486 ἔχεις,
3199 4414 3416 4483 γείτονα
3462 4413 3626 4482 ἔχεις,
3658 4412 3814 4481 φίλον

2234 4498 2396 4569 ἔχεις,
2423 4497 2651 4568 ἀδελφὸν
2676 4497 2839 4569 ἔχεις,
2865 4499 3098 4562 οἰκείους
3122 4499 3268 4571 ἔχεις
3291 4514 3304 4528 ⁸
3333 4498 3437 4551 κᾶν
3461 4498 3700 4569 δημοσίᾳ
3721 4499 3817 4551 ἐπὶ

2231 4581 2333 4650 τῆς
2375 4580 2669 4652 ἐκκλησίας
2720 4580 2796 4652 μὴ
2838 4581 2970 4656 δύνῃ
3025 4581 3181 4650 λόγον
3231 4582 3515 4636 ἀποτεῖναι
3576 4580 3814 4651 μακρὸν,

2231 4664 2439 4727 τούτοις
2461 4665 2565 4736 ἰδίᾳ
2587 4663 2813 4718 δύνασαι
2840 4667 3126 4736 παραινεῖν
3143 4679 3156 4692 ⁶
3182 4662 3416 4717 ἐνταῦθα
3437 4663 3497 4716 ού
3526 4663 3817 4733 ῥητορείας

2231 4747 2412 4819 χρεία,
2441 4748 2562 4802 οὐδὲ
2589 4749 2811 4822 μακρᾶς
2849 4749 3168 4812 ἀποτάσεως
3189 4764 3202 4779 ·
3232 4745 3405 4811 δεῖξον
3448 4745 3543 4799 ἐπὶ
3586 4745 3812 4810 τούτων,

2231 4832 2313 4886 ὅτι
2348 4833 2394 4885 εί
2427 4833 2521 4885 καὶ
2549 4831 2706 4900 λόγον
2731 4827 2897 4901 εἶχες,
2925 4832 3026 4885 οὑκ
3063 4831 3131 4884 ἂν
3159 4830 3462 4900 ἠμέλησας.
3488 4831 3550 4883 Εἰ
3577 4829 3634 4882 δὲ
3658 4831 3715 4882 ἐν
3737 4829 3815 4898 τῷ

2235 4915 2417 4987 μικρῷ
2441 4916 2503 4969 οὐ
2537 4915 2881 4981 σπουδάζεις,
2923 4915 3041 4978 πῶς
3080 4931 3164 4966 σοι
3214 4913 3492 4968 πιστεύσω
3541 4914 3669 4984 περὶ
3716 4913 3814 4965 τοῦ

2234 5001 2509 5070 μεγάλου;
2543 4999 2664 5052 Ὀτι
2706 4999 2816 5070 γὰρ
2857 4999 3013 5051 τοῦτο
3045 4999 3275 5062 ἕκαστος
3300 4997 3546 5059 δύναται,
3581 4997 3816 5051 ἄκουσον

2231 5083 2350 5147 πῶς
2395 5085 2490 5137 καὶ
2534 5084 2741 5147 λαῖκοῖς
2783 5083 2943 5135 τοῦτο
2971 5082 3272 5154 ἐπέτρεψεν
3297 5084 3326 5135 6
3375 5081 3609 5144 Παῦλος
3634 5081 3812 5135 "Exu-

2231 5183 2398 5231 στος,
2422 5167 2606 5235 φησὶν,
2639 5165 3001 5234 οἰκοδομεῖτε
3044 5162 3132 5232 εἷς
3175 5165 3284 5220 τόν
3312 5164 3442 5230 ἕνα,
3472 5163 3667 5230 καθὼς
3701 5163 3813 5216 ’καί

2229 5249 2470 5302 ποιεῖτε*
2492 5250 2603 5313 καὶ,
2622 5249 3025 5317 Παρακαλεῐτε
3044 5248 3354 5315 ἀλλήλους
3373 5249 3445 5301 ἐν
3467 5247 3591 5314 τοῖς
3611 5247 3818 5316 λόγοις

2229 5335 2484 5400 τούτοις.
2529 5330 2684 5388 Οἶδεν
2715 5337 2743 5387 6
2773 5333 2906 5396 Θεὸς
2933 5333 3049 5397 πῶς
3077 5334 3295 5403 ἑκάστῳ
3333 5332 3604 5404 διανείμῃ.
3623 5331 3714 5402 Μὴ
3747 5332 3815 5384 σὺ

2231 5415 2346 5487 {53]
2378 5417 2470 5469 τοῦ
2504 5417 2779 5479 Μωῦσέως
2817 5412 2869 5470 εἷ
2908 5416 3161 5485 βελτίωνς
3202 5417 3471 5470 ’Ἄκουσον
3517 5415 3636 5477 πῶς
3674 5414 3813 5466 ἀπο-
3909 5437 3920 5445 -

2228 5500 2505 5552 δυσπετεῖ.
2549 5499 2645 5566 Μὴ
2697 5499 2813 5569 ἐγὼ
2848 5499 3129 5569 δύναμαι,
3161 5499 3320 5570 φησὶ,
3346 5497 3675 5564 βαστάζειν
3703 5497 3815 5549 αὐ-

2230 5583 2392 5649 τοὺς.
2424 5583 2510 5636 ὅτι
2532 5583 2697 5650 εἶπές
2725 5579 3044 5654 μοιντΑρον
3063 5584 3304 5652 αὐτοὺς,
3327 5584 3465 5637 ὡσεί
3493 5582 3625 5652 ι’ίμιιι
3655 5583 3812 5649 τιθη-

2298 5819 2323 5859 b
2347 5818 2528 5873 Οἶοςᾶν
2552 5817 2607 5871 ἧς
2629 5814 2655 5866 ?
