4088 6212
186 356 245 411 53
1036 332 1106 395 IN
1142 337 1356 397 EPIST.
1398 339 1491 394 AD
1531 338 1893 396 HEBRA‘ZOS.
1935 340 2088 396 CAP.
2132 339 2197 395 ll.
2242 340 2469 397 |l0.\lll..
2514 342 2602 399 111.
3383 348 3453 410 51

188 454 503 523 iungentium
532 452 600 505 ad
627 451 957 506 obedientium
998 450 1197 506 Christo
1227 454 1302 523 (‘2.
1336 454 1455 508 Cor.
1476 455 1563 511 10.
1587 458 1662 527 5).
1693 457 1761 514 Εῑ

186 560 359 601 rursus
387 545 517 599 alibi
548 542 816 599 mercedis
841 542 1251 599 retributionem
1278 546 1455 615 posuit
1481 562 1576 617 pro
1603 550 1759 616 puni-

184 640 351 705 tione;
375 649 434 694 et
464 638 553 693 hic
583 636 901 707 supplicium
930 645 1092 692 vocat
1120 637 1447 693 mercalem.
1480 639 1541 694 Si
1560 640 1758 710 justum

180 747 243 790 est
260 778 274 799 ,
306 736 498 802 inquit,
533 736 673 802 apud
705 734 872 789 Deum
899 737 1171 792 retribuere
1198 740 1261 792 iis
1286 742 1370 809 qui
1396 757 1484 796 eos
1509 742 1751 799 tribulant

179 829 628 895 tribulationem,et
646 827 785 882 vobis
804 828 894 897 qui
911 828 1222 883 tribulamini
1237 833 1453 900 requiem
1468 832 1546 905 (2.
1565 833 1745 890 Thess.

177 920 225 975 1.
250 919 327 990 li).
357 918 471 975 Hoc
488 928 595 985 est,
624 935 731 974 non
774 930 1026 989 corrupta
1068 931 1148 975 est
1189 921 1416 991 iustitia,
1463 924 1558 979 sed
1607 925 1747 982 Deus

175 1025 283 1064 eam
310 1018 395 1065 est
423 1020 745 1080 exsequutus
770 1051 785 1075 ,
815 1019 867 1065 et
905 1024 1097 1081 poenas
1123 1012 1394 1067 convertit
1437 1014 1489 1067 in
1536 1030 1628 1069 eos
1658 1016 1747 1085 qui

174 1108 519 1168 necaverunt
543 1117 557 1153 :
584 1100 798 1154 etiamsi
825 1115 931 1154 non
959 1102 1137 1155 omnia
1169 1112 1383 1171 peccata
1414 1103 1467 1159 in
1500 1117 1743 1175 apertum

171 1189 521 1259 proferantur,
550 1190 651 1245 nisi
683 1190 791 1245 sint
817 1191 1014 1247 violata
1045 1208 1106 1247 ea
1133 1210 1252 1263 qua:
1278 1204 1401 1249 sunt
1430 1197 1743 1251 constituta.

172 1282 431 1345 Quomodo
460 1298 578 1353 ergo
598 1323 617 1347 ,
643 1282 834 1352 inquit,
864 1299 956 1337 nos
976 1282 1278 1355 effugiemus
1300 1325 1314 1350 ,
1352 1286 1397 1340 si
1420 1296 1615 1341 tantam
1653 1305 1743 1343 ne-

166 1373 464 1441 glaerimus
502 1374 759 1427 salutem?
786 1374 890 1429 Per
920 1374 1034 1429 hare
1084 1375 1404 1445 signiﬁcavit
1443 1378 1586 1434 illam
1635 1396 1742 1435 non

166 1479 414 1535 magnam
446 1464 607 1519 fuisse
631 1465 874 1520 salutem.
901 1465 1130 1521 Pulchre
1160 1468 1323 1523 etiam
1346 1468 1572 1537 addidit,
1607 1470 1744 1525 Tan-

165 1568 280 1609 tam.
309 1555 432 1611 Non
462 1555 604 1611 enim
629 1596 645 1621 ,
683 1556 887 1626 inquit,
920 1571 1019 1612 nos
1058 1573 1203 1613 nunc
1242 1560 1477 1619 servabit
1504 1577 1532 1614 a
1565 1562 1740 1624 bellis.

164 1663 333 1718 neque
372 1647 634 1715 prtebebit
673 1656 866 1701 terram
904 1658 955 1701 et
987 1648 1125 1702 bona
1155 1664 1273 1719 quae
1319 1660 1445 1705 sunt
1470 1652 1521 1706 in
1555 1663 1736 1722 terra;

165 1737 253 1791 sed
281 1738 469 1791 mortis
496 1739 600 1792 erit
624 1737 849 1803 deletio,
882 1739 977 1793 sed
1002 1740 1208 1795 diaboli
1238 1742 1508 1810 interitus,
1538 1744 1633 1800 sed
1657 1762 1741 1800 re-

162 1843 319 1898 gnum
346 1830 629 1894 caelorum,
661 1828 759 1883 sed
805 1830 912 1882 vita
955 1838 1177 1884 aeterna.
1216 1830 1343 1886 Huic
1376 1833 1518 1888 enim
1559 1836 1739 1890 omnia

162 1921 474 1991 compendio
506 1922 761 1985 ostendit,
789 1922 978 1977 dicens
1003 1964 1016 1985 ,
1048 1923 1109 1979 Si
1135 1933 1329 1978 tantam
1372 1926 1738 1994 neglexerimus

164 2013 385 2066 salutem.
414 2012 616 2067 Deinde
656 2013 935 2082 subjunxit
965 2013 1016 2068 id
1059 2016 1201 2085 quod
1244 2032 1355 2070 rem
1386 2017 1491 2072 ﬁde
1521 2019 1735 2088 dignam

159 2102 318 2157 efﬁcit
344 2121 358 2156 :
389 2102 513 2169 ρυω
537 2120 653 2157 cum
682 2104 886 2157 initium
915 2107 1186 2175 accepisset
1210 2110 1490 2163 enarraudi
1518 2127 1609 2180 per
1629 2110 1739 2165 Do-

157 2194 363 2247 minum.
391 2194 504 2250 Hoc
530 2206 637 2263 est,
666 2197 735 2250 ab
771 2197 889 2266 ipso
915 2199 1061 2254 fonte
1103 2201 1309 2270 accepit
1357 2202 1565 2257 initium
1589 2218 1606 2256 :
1628 2219 1735 2259 non

155 2286 309 2341 homo
334 2303 453 2341 eam
481 2288 719 2344 traduxit
746 2291 800 2344 in
830 2302 1028 2345 terram
1054 2333 1070 2357 ,
1115 2308 1221 2347 non
1252 2304 1432 2349 creata
1476 2303 1729 2365 potestas,

153 2378 239 2431 sed
270 2379 384 2447 ipse
409 2378 751 2449 Unigenitus.
791 2383 866 2434 Ab
894 2382 966 2436 eis
993 2384 1077 2452 qui
1101 2384 1391 2451 audierunt,
1423 2386 1477 2439 in
1500 2402 1589 2441 nos
1609 2403 1733 2440 con-

150 2474 349 2539 ﬁrmata
376 2483 477 2527 est.
508 2472 650 2538 Quid
683 2474 783 2529 sibi
806 2474 915 2529 vult
947 2476 1097 2541 illud,
1128 2475 1438 2546 Conﬁrmata
1463 2479 1576 2532 est?
1600 2477 1734 2534 Cre-

147 2562 250 2616 dita
282 2562 417 2629 fuit,
440 2573 535 2617 aut
555 2566 765 2619 evenit:
790 2580 906 2619 nam
935 2566 1225 2633 Habemus,
1251 2569 1446 2639 inquit,
1470 2569 1682 2625 arrham
1714 2588 1730 2626 :

146 2661 244 2715 hoc
273 2672 383 2727 est,
415 2675 525 2714 non
568 2668 650 2716 est
678 2662 953 2729 exstincta,
996 2677 1101 2718 non
1131 2663 1332 2730 desiit,
1364 2663 1460 2719 sed
1485 2664 1731 2719 domina-

146 2758 253 2804 tum
279 2750 495 2805 obtinet
520 2760 576 2805 et
603 2761 841 2821 superat.
870 2750 1038 2807 Causa
1056 2763 1234 2810 autem
1256 2763 1342 2809 est
1362 2753 1542 2809 divina
1566 2755 1733 2811 virtus

145 2855 259 2907 qua:
284 2850 567 2909 operatur.
597 2841 733 2909 Quid
762 2843 1029 2913 signiﬁcat
1054 2844 1184 2898 illud
1207 2886 1222 2912 ,
1252 2844 1329 2897 Ab
1353 2845 1417 2899 iis
1443 2846 1530 2916 qui
1556 2846 1734 2900 audie-

145 2932 293 2984 runt?
312 2931 435 2986 Hoc
460 2940 581 2998 est,
622 2933 658 2985 ii
693 2934 780 3003 qui
813 2949 841 2987 a
870 2934 1096 2989 Domino
1138 2936 1462 3003 audierunt,
1506 2937 1604 3006 ipsi
1634 2952 1733 2992 nos

144 3025 555 3079 conﬁmiarunt.
580 3024 823 3096 Magnum
858 3037 942 3081 est
970 3026 1070 3082 hoc
1098 3038 1153 3083 et
1176 3028 1280 3083 ﬁde
1312 3029 1549 3100 dignum.
1579 3030 1732 3098 Quod

146 3116 351 3184 quidem
378 3116 555 3171 Lucas
576 3133 785 3187 quoque
812 3119 943 3173 dicit
972 3119 1026 3173 in
1054 3120 1205 3175 initio
1233 3120 1507 3192 Evangelii
1538 3141 1549 3178 :
1584 3123 1732 3180 Sicut

147 3206 456 3259 tradiderunt
486 3207 627 3260 nobis
649 3208 738 3277 qui
772 3207 833 3260 ab
860 3208 1005 3262 initio
1034 3209 1131 3279 ipsi
1158 3211 1409 3277 viderunt,
1442 3221 1487 3265 et
1515 3214 1732 3270 ministri

148 3302 341 3366 flerunt
366 3301 618 3353 sermonis
648 3299 802 3373 (Luc.
833 3302 886 3355 1.
916 3300 992 3371 2).
1018 3302 1298 3369 Quomodo
1325 3320 1454 3375 ergo
1476 3306 1573 3361 fuit
1596 3323 1729 3363 con-

150 3391 391 3444 ﬁrmata?
415 3391 553 3459 Quid
585 3393 628 3444 si
661 3393 696 3446 ii
727 3394 816 3462 qui
846 3394 1168 3461 audierunt,
1204 3397 1395 3467 inquit,
1422 3398 1730 3455 ﬁnxerunt?

149 3479 253 3535 lloc
277 3497 407 3550 ergo
435 3482 657 3542 refellit,
684 3491 738 3537 et
763 3483 997 3538 ostendit
1024 3501 1127 3538 non
1159 3501 1279 3541 esse
1303 3487 1586 3542 humanam
1616 3505 1729 3559 gra-

153 3581 288 3645 tiam,
320 3592 375 3637 et
401 3582 682 3653 subjnnxit
716 3600 731 3638 :
761 3584 816 3639 4.
847 3584 1163 3639 Contestante
1184 3584 1313 3639 Deo.
1355 3584 1539 3655 Neque
1582 3584 1723 3641 enim

154 3673 192 3723 si
216 3672 498 3728 tinxissent
522 3717 536 3739 ,
567 3676 710 3730 Deus
752 3675 860 3730 illis
887 3678 1255 3731 testimonium
1295 3677 1526 3732 tulisset.
1550 3676 1729 3731 Testi-

154 3765 386 3819 monium
414 3767 631 3836 quidem
660 3768 737 3821 illi
770 3766 967 3835 ferunt,
1000 3768 1102 3823 fert
1140 3779 1317 3825 autem
1349 3769 1491 3823 Deus
1520 3783 1730 3838 quoque

155 3862 537 3915 teStimonium.
570 3861 853 3929 Quomodo
891 3863 993 3917 fert
1031 3864 1431 3918 testimonium?
1468 3861 1584 3917 Non
1614 3876 1729 3916 sero

155 3964 325 4017 mone,
362 3968 539 4023 neque
569 3968 700 4009 voce
730 3971 745 4015 ;
779 3970 901 4008 nam
944 3966 1088 4010 esset
1124 3954 1336 4025 quidem
1382 3956 1485 4010 hoc
1520 3969 1733 4024 quoque

156 4043 438 4107 credibile;
473 4045 568 4098 sed
614 4045 919 4114 quomodo?
948 4046 1121 4117 Signis
1164 4056 1209 4100 et
1240 4047 1481 4116 portentis
1506 4055 1551 4100 et
1580 4045 1734 4099 variis

155 4136 436 4192 sirtutibus.
461 4138 696 4195 Pulchre
722 4140 897 4209 posuit
924 4139 1074 4204 illud,
1115 4140 1277 4195 Variis
1298 4141 1584 4203 virtutibus,
1610 4154 1736 4209 gra-

156 4229 408 4283 tuitorum
476 4229 743 4285 donorum
817 4247 911 4286 seu
978 4231 1358 4285 charismatum
1431 4230 1736 4301 signiﬁcans

158 4320 533 4376 abundantiam
568 4339 583 4380 :
616 4323 756 4393 quod
784 4322 998 4392 quidem
1041 4338 1143 4377 non
1189 4322 1383 4378 factum
1416 4331 1499 4377 est
1538 4322 1588 4376 in
1632 4323 1737 4392 pri-

158 4412 333 4467 oribus
360 4454 377 4477 ,
420 4429 596 4483 neque
622 4424 697 4469 tot
736 4415 883 4484 signa
912 4423 967 4470 et
998 4424 1103 4468 tam
1136 4414 1455 4470 differentia.
1492 4414 1602 4468 Hoc
1631 4424 1733 4480 est,

154 4500 264 4558 Non
296 4513 506 4560 temere
532 4521 595 4561 ac
618 4506 810 4562 leviter
836 4507 941 4562 illis
969 4507 1317 4570 credidimus,
1349 4505 1444 4561 sed
1474 4522 1566 4576 per
1588 4506 1735 4575 signa

156 4606 204 4649 et
231 4607 506 4666 portenta.
532 4599 891 4667 Quamobrem
914 4616 1017 4655 non
1048 4601 1151 4655 illis
1170 4600 1460 4667 credimus,
1484 4599 1578 4654 sed
1604 4600 1734 4654 Deo.

161 4686 221 4740 Et
249 4690 488 4756 Spiritus
516 4693 674 4744 sancti
712 4692 1150 4747 distributionibus
1175 4694 1453 4747 secundum
1481 4710 1626 4748 suam
1655 4710 1741 4747 vo-

162 4779 425 4834 luntatem.
456 4780 591 4847 Quid
621 4782 763 4852 quod
788 4791 841 4838 et
868 4784 1287 4853 prtestigiatores
1317 4783 1466 4853 signa
1500 4782 1701 4838 faciunt
1722 4824 1735 4847 ,

159 4878 207 4921 et
230 4869 403 4924 Judzei
426 4886 549 4925 eum
574 4872 623 4924 in
651 4872 950 4928 Beelzebub
981 4873 1232 4928 dicebant
1253 4874 1448 4942 ejicere
1479 4874 1740 4928 daemonia

160 4956 301 5021 (Luc.
337 4959 423 5013 11.
455 4959 706 5030 15)?Sed
736 4976 841 5016 non
875 4962 1077 5018 faciunt
1098 4963 1360 5032 ejusmodi
1400 4962 1550 5033 signa
1581 4979 1742 5032 :pro-

160 5062 338 5117 pterea
373 5052 546 5118 dixit,
591 5054 755 5109 Variis
806 5056 1091 5109 virtutibus.
1147 5055 1239 5110 Illa
1279 5056 1419 5110 enim
1470 5072 1573 5110 non
1619 5066 1743 5110 sunt

161 5144 320 5195 virtus
372 5152 425 5198 et
478 5147 757 5214 potentia,
808 5147 900 5201 sed
947 5148 1327 5214 imbecillitas,
1381 5148 1475 5203 sed
1518 5149 1652 5202 visio
1682 5164 1745 5203 ac

166 5233 437 5295 phantasia
483 5247 539 5291 et
581 5253 669 5291 res
713 5239 920 5294 inanes.
970 5239 1259 5309 Propterea
1307 5239 1473 5307 dixit,
1522 5240 1745 5308 Spiritus

164 5326 318 5377 sancti
348 5326 787 5383 distributionibus
815 5330 1091 5384 secundum
1116 5348 1262 5384 suam
1290 5331 1620 5386 voluntatem.

227 5414 281 5468 5.
304 5414 403 5469 Hic
426 5417 556 5471 mihi
576 5418 792 5473 videtur
810 5420 967 5474 etiam
988 5420 1186 5490 aliquid
1205 5420 1347 5475 aliud
1366 5420 1705 5477 subindicare
1728 5436 1743 5474 :

168 5510 241 5556 est
264 5506 411 5559 enim
433 5507 733 5563 verisimile
760 5523 864 5565 non
896 5526 1015 5565 esse
1044 5512 1156 5567 illic
1180 5512 1375 5568 multos
1401 5513 1488 5583 qui
1512 5511 1747 5567 habeant

168 5590 521 5662 charismata;
574 5614 636 5654 ea
675 5613 852 5655 autem
882 5601 1179 5669 defecisse,
1226 5612 1412 5675 utpote
1450 5604 1589 5675 quod
1620 5603 1746 5660 facti

170 5695 342 5742 essent
374 5687 478 5758 ipsi
506 5689 835 5747 hebetiores.
876 5692 945 5749 Ut
974 5709 1103 5765 ergo
1128 5709 1223 5750 eos
1250 5704 1304 5750 et
1336 5696 1386 5749 in
1430 5696 1529 5751 hoc
1550 5710 1746 5751 conso-

170 5774 318 5849 letor,
352 5789 405 5837 et
442 5796 552 5840 non
593 5782 737 5840 sinat
773 5784 933 5857 dejici
962 5786 1167 5856 animo,
1214 5804 1380 5851 totum
1430 5786 1748 5867 tribuitﬁei

1855 447 2085 503 consilio
2114 468 2128 504 :
2162 450 2279 520 Ipse
2302 453 2443 506 enim
2474 455 2639 520 novit,
2670 455 2858 527 inquit,
2884 460 3007 529 quid
3038 461 3229 533 cuique
3251 466 3437 521 confe-

1855 549 1959 607 rat,
1989 550 2044 595 et
2065 541 2133 595 ita
2156 542 2379 612 gratiam
2406 544 2695 600 distribuit.
2723 548 2873 616 Quod
2897 552 3109 618 quidem
3134 552 3257 609 facit
3278 557 3437 613 etiam

1854 629 1909 685 in
1940 631 2162 699 cpistola
2190 633 2254 686 ad
2281 633 2590 689 Corinthios
2620 637 2805 692 dicens
2837 658 2849 694 :
2888 641 3025 695 Deus
3056 646 3221 711 posuit
3253 663 3440 701 unum-

1853 737 2098 792 quemque
2112 734 2336 779 nostrum
2357 727 2483 780 sicut
2505 728 2661 782 uoluit
2680 748 2699 796 ;
2726 738 2781 785 et
2798 748 3002 799 rursus,
3038 734 3322 808 Unicuique
3350 757 3443 793 au-

1855 820 1953 866 tem
1994 814 2334 885 manifestatio
2359 817 2588 885 Spiritus
2608 820 2759 874 datur
2776 823 2845 876 ad
2863 826 3147 893 utilitatem,
3168 830 3443 883 secundum

1854 902 1966 972 ejus
2000 904 2307 960 voluntatem
2333 907 2357 981 (
2381 909 2433 962 1.
2479 907 2599 963 Cor.
2631 910 2719 966 12.
2768 914 2854 968 18.
2886 914 2972 987 7).
3018 917 3266 977 Ostendit
3290 923 3429 991 quod

1848 1001 2113 1057 charisma
2144 1012 2228 1058 est
2260 1020 2327 1060 ex
2355 1006 2629 1065 voluntate
2656 1008 2851 1064 Patris.
2880 1011 3035 1081 Saepe
3061 1024 3239 1070 autem
3270 1019 3431 1073 etiam

1854 1101 2074 1162 propter
2102 1094 2266 1149 vitam
2310 1096 2637 1153 immundam
2676 1110 2728 1155 et
2772 1104 3050 1159 socordem
3091 1122 3155 1163 ac
3185 1108 3430 1178 ignavam

1847 1185 2001 1239 multi
2046 1202 2153 1241 non
2200 1200 2524 1259 acceperunt
2564 1192 2830 1248 charisma
2870 1214 2885 1251 :
2934 1212 3331 1271 nonnumquam
3378 1213 3433 1259 et

1846 1277 1935 1347 qui
1965 1277 2160 1332 bonam
2190 1280 2388 1336 habent
2418 1283 2579 1338 vitam
2608 1295 2662 1340 et
2699 1302 2909 1355 puram,
2946 1305 3051 1346 non
3082 1304 3427 1363 acceperunt.

1844 1366 2025 1435 Quare
2050 1369 2073 1422 ?
2112 1369 2190 1424 Ne
2215 1372 2549 1441 superbiant,
2583 1391 2650 1430 ne
2678 1378 3055 1448 intumescant,
3098 1398 3164 1438 ne
3190 1383 3318 1439 ﬁant
3342 1400 3431 1441 se-

1843 1461 2080 1530 gniores,
2124 1477 2193 1517 ne
2231 1465 2349 1533 plus
2387 1482 2545 1536 quam
2592 1485 2688 1539 par
2727 1472 2797 1525 sit
2838 1476 3183 1532 extollantur.
3225 1478 3356 1533 Nam
3386 1481 3435 1537 si

1844 1552 2006 1606 etiam
2048 1554 2251 1626 absque
2276 1556 2600 1615 charismate
2638 1562 2751 1631 ipsa
2784 1579 2928 1633 pura:
2950 1568 3071 1622 vita:
3098 1572 3428 1627 conscientia

1846 1644 2043 1700 sufﬁcit
2070 1646 2146 1701 ad'
2164 1650 2528 1706 extollendum
2564 1670 2578 1709 :
2610 1656 2778 1709 multo
2803 1660 2987 1728 magis,
3024 1663 3238 1731 quando
3269 1665 3431 1720 etiam

1846 1736 2001 1791 adest
2024 1739 2210 1807 gratia.
2237 1741 2594 1808 Quamobrem
2625 1748 2792 1817 magis
2822 1750 3087 1807 dabantur
3108 1754 3432 1813 charismata

1847 1825 2141 1884 humilibus
2184 1841 2239 1885 et
2283 1833 2614 1902 simplicibus
2644 1855 2658 1904 ;
2691 1848 2745 1895 et
2786 1843 3019 1897 maxime
3056 1848 3386 1917 simplicibus
3417 1869 3430 1904 :

1848 1932 1973 1972 nam
2020 1918 2087 1973 In
2133 1921 2488 1991 simplicitate,
2539 1927 2748 1997 inquit,
2796 1941 2843 1984 et
2892 1934 3224 1991 exsultatione
3268 1941 3436 1995 cordis

1846 2006 1985 2080 (Act.
2007 2009 2062 2062 2.
2089 2010 2209 2081 46).
2238 2013 2349 2069 Hac
2370 2016 2512 2070 enim
2542 2020 2751 2076 ratione
2774 2022 2919 2092 ipsos
2940 2028 3107 2096 magis
3134 2039 3215 2084 est
3236 2032 3435 2087 exhor-

1848 2107 2012 2165 tatus,
2034 2110 2089 2155 et
2115 2103 2159 2156 si
2180 2113 2333 2158 erant
2355 2109 2626 2175 segniores
2644 2122 2698 2165 et
2724 2114 3165 2186 negligentiores,
3192 2123 3431 2191 pupugit.

1851 2191 2076 2248 Humilis
2102 2196 2266 2259 enim,
2294 2206 2349 2251 et
2373 2201 2460 2267 qui
2507 2216 2572 2256 ex
2596 2202 2899 2271 phantasia,
2931 2225 3120 2280 magna
3150 2214 3217 2267 de
3242 2228 3301 2269 se
3328 2232 3435 2271 non

1847 2285 2221 2353 apprehendit,
2239 2288 2612 2361 ﬁtdiligentior
2624 2304 2679 2351 et
2697 2300 2906 2364 melior,
2927 2304 3139 2371 quando
3170 2306 3436 2363 charisma

1848 2378 2136 2446 acceperit,
2151 2388 2413 2449 tamquam
2438 2384 2526 2454 qui
2551 2397 2742 2453 praeter
2757 2389 3068 2460 dignitatem
3090 2398 3313 2467 accepit,
3337 2415 3437 2454 nec

1850 2480 1911 2521 se
1930 2469 2198 2523 existimat
2217 2485 2338 2526 esse
2357 2472 2697 2546 dignum:qui
2718 2494 2848 2534 vero
2866 2484 3134 2541 existimat
3160 2503 3217 2542 se
3236 2490 3436 2559 aliquid

1851 2560 2094 2628 prteclari
2133 2562 2347 2631 fecisse,
2395 2566 2448 2621 id
2488 2568 2587 2623 sibi
2634 2569 2873 2628 debitum
2912 2587 3078 2645 putat,
3109 2588 3163 2634 et
3200 2581 3433 2637 inflatur.

1849 2651 2208 2719 Quamobrem
2237 2657 2376 2733 Deus
2394 2658 2496 2714 hoc
2516 2662 2719 2718 utiliter
2734 2664 3023 2736 dispensat.
3045 2671 3199 2738 Quod
3221 2675 3436 2744 quidem

1852 2742 2051 2799 videris
2076 2748 2237 2800 etiam
2262 2747 2499 2805 invenire
2520 2751 2571 2805 in
2604 2752 2843 2811 Ecclesia
2877 2775 2890 2815 :
2917 2774 3039 2814 nam
3062 2762 3198 2817 alius
3221 2742 3435 2833 quidem

1852 2835 2014 2892 habet
2040 2852 2345 2895 sermonem
2380 2848 2837 2904 accommodatum
2867 2851 2933 2906 ad
2956 2853 3277 2919 docendum.
3300 2860 3439 2915 alius

1853 2938 2027 2985 autem
2059 2945 2159 2986 nec
2186 2941 2363 3002 potest
2386 2949 2447 2989 os
2482 2939 2713 3007 aperire.
2749 2941 2919 2998 Nemo
2949 2946 3109 3015 igitur
3156 2960 3439 3019 propterea

1850 3019 2037 3076 dolore
2048 3021 2310 3078 afﬁciatur
2328 3044 2341 3079 :
2364 3024 2642 3099 Unicuique
2652 3032 2782 3085 enim
2795 3034 2947 3088 datur
2960 3039 3300 3109 manifestatio
3314 3042 3439 3108 Spi—

1852 3112 1979 3166 ritus
1993 3113 2061 3166 ad
2080 3116 2345 3171 utilitatem
2371 3117 2445 3188 (1.
2465 3120 2581 3173 Cor.
2605 3121 2690 3175 12.
2709 3124 2783 3193 7).
2808 3124 2937 3179 Nam
2957 3129 2998 3181 si
3022 3129 3180 3184 homo
3205 3133 3438 3200 paterfa-

1854 3203 2032 3257 milias
2058 3206 2205 3259 novit
2245 3208 2371 3276 quid
2400 3210 2593 3279 cuique
2629 3213 2823 3279 tradat,
2858 3218 3027 3273 multo
3058 3223 3226 3290 magis
3262 3224 3434 3288 Deus,

1852 3296 1943 3364 qui
1974 3297 2075 3349 scit
2112 3306 2345 3353 mentem
2393 3301 2703 3371 hominum,
2752 3308 2840 3376 qui
2892 3313 3040 3365 novit
3070 3316 3247 3368 omnia
3272 3316 3440 3385 prius-

1854 3401 2013 3455 quam
2039 3397 2153 3441 orta
2171 3389 2297 3443 sint.
2322 3390 2495 3446 Unum
2518 3405 2600 3448 est
2618 3397 2794 3453 solum
2816 3399 2884 3455 de
2904 3416 3009 3471 quo
3038 3407 3228 3461 merito
3245 3418 3325 3463 est
3352 3409 3441 3464 do-

1859 3477 2074 3532 lendum
2093 3520 2107 3544 ,
2141 3495 2333 3551 nempe
2356 3494 2632 3552 peccatum
2656 3505 2670 3552 ;
2703 3490 2837 3545 nihil
2866 3503 3042 3549 autem
3069 3497 3231 3553 aliud.
3264 3499 3339 3556 Ne
3365 3501 3440 3556 di-

1858 3584 1948 3622 cas
1971 3588 1983 3624 :
2003 3570 2109 3625 Cur
2129 3586 2234 3626 non
2257 3572 2429 3630 habeo
2451 3579 2734 3645 pecunias?
2756 3593 2864 3647 aut,
2890 3584 2944 3640 Si
2968 3585 3240 3655 haberem,
3256 3590 3438 3646 darem

1861 3662 2199 3729 pauperibus.
2227 3663 2413 3720 Nescis
2453 3682 2541 3734 an,
2570 3670 2617 3723 si
2645 3669 2872 3728 haberes
2891 3716 2905 3739 ,
2938 3679 3107 3747 magis
3138 3694 3287 3734 esses
3313 3697 3440 3734 ava-

1864 3766 1990 3815 rus;
2023 3767 2162 3807 nunc
2190 3755 2332 3808 enim
2363 3757 2476 3811 huic
2502 3758 2655 3826 dicis,
2685 3762 2779 3816 sed
2810 3765 2853 3816 si
2883 3765 2958 3820 rei
2985 3768 3203 3823 fecisses
3234 3773 3441 3838 perieu-

1864 3846 1995 3907 lum,
2020 3863 2168 3903 esses
2194 3849 2351 3904 alius.
2376 3852 2507 3907 Nam
2534 3859 2695 3910 etiam
2719 3862 2935 3928 quando
2961 3864 3217 3923 fuerimus
3242 3873 3440 3938 satiati,

1859 3938 2223 3993 existimamus
2249 3956 2347 3995 nos
2377 3958 2535 4012 posse
2556 3945 2800 4015 jejunare
2832 3970 2845 4004 :
2878 3954 3092 4019 quando
3115 3968 3290 4013 autem
3320 3978 3444 4031 par-

1858 4043 1983 4083 vum
2015 4029 2380 4087 intercesserit
2416 4035 2645 4103 spatium
2666 4076 2680 4103 ,
2712 4038 2813 4093 alia
2856 4055 2956 4095 nos
2987 4045 3128 4100 subit
3165 4029 3439 4119 cogitatio.

1857 4118 2089 4183 Rursus,
2110 4121 2323 4190 quando
2351 4123 2614 4180 fuerimus
2636 4138 2786 4184 extra
2805 4130 3140 4204 ebrietatem,
3168 4118 3442 4197 existima-

1859 4227 1979 4267 mus
2009 4229 2105 4267 nos
2135 4229 2291 4283 posse
2333 4217 2433 4272 hoc
2466 4220 2652 4275 vitium
2684 4239 2939 4293 superare
2977 4247 2990 4283 :
3022 4235 3235 4300 quando
3258 4250 3437 4294 autem

1855 4317 1917 4357 ea
1946 4318 2044 4359 nos
2075 4308 2299 4374 ceperit.
2338 4326 2441 4363 non
2471 4313 2672 4381 utique.
2705 4314 2781 4368 Ne
2821 4316 2996 4384 dicas,
3018 4324 3120 4378 Cur
3141 4340 3246 4379 non
3281 4329 3438 4385 habui

1857 4394 2118 4449 charisma
2147 4412 2239 4452 seu
2272 4402 2496 4469 gratiam
2525 4403 2751 4459 docendi
2781 4408 2803 4459 ?
2833 4409 2875 4461 si
2901 4409 3175 4479 haberem,
3204 4419 3440 4473 :ediﬁca—

1857 4501 1970 4540 rem
1995 4488 2430 4548 innumerabiles.
2463 4494 2675 4561 Nescis,
2705 4498 2749 4550 si
2777 4497 3029 4567 haberes,
3056 4520 3181 4559 num
3208 4508 3259 4561 id
3293 4521 3438 4565 esset

1856 4578 1950 4632 tibi
1980 4580 2030 4632 in
2063 4581 2345 4648 judicium,
2388 4601 2513 4639 num
2544 4586 2759 4650 invidia.
2805 4607 2930 4646 num
2964 4595 3169 4664 pigritia
3192 4599 3438 4657 efﬁceret

1856 4677 1913 4722 ut
1940 4671 2196 4725 talentum
2220 4674 2598 4732 absconderes.
2620 4678 2793 4748 Atque
2819 4698 2960 4737 nunc
2979 4686 3190 4754 quidem
3215 4704 3273 4745 es
3300 4692 3437 4748 liber

1854 4762 1921 4815 ab
1944 4762 2028 4816 his
2058 4765 2324 4831 omnibus,
2357 4784 2453 4820 nec
2483 4770 2525 4821 si
2559 4769 2810 4827 frumenti
2844 4791 2947 4830 non
2977 4777 3190 4834 dederis
3222 4799 3437 4839 mensu-

1854 4868 1966 4906 ram
1992 4894 2008 4919 ,
2058 4854 2151 4908 tibi
2193 4857 2349 4909 datur
2386 4859 2513 4911 \‘ilio
2553 4879 2564 4912 :
2607 4874 2731 4917 tunc
2775 4875 2950 4921 autem
2982 4884 3129 4924 esses
3166 4872 3434 4933 obnoxius

1854 4943 2347 5000 innumerabilibus.
2377 4948 2629 5019 Alioquin
2658 4962 2831 5008 autem
2859 4972 2957 5010 nec
2985 4975 3123 5014 nunc
3143 4976 3201 5015 es
3225 4948 3435 5021 alienius

1854 5049 1881 5085 a
1912 5034 2255 5092 charismate.
2289 5039 2524 5097 Ostende
2555 5045 2605 5097 in
2638 5063 2804 5115 parvo
2828 5050 3001 5118 qualis
3031 5067 3198 5121 esses,
3228 5059 3271 5112 si
3301 5060 3431 5117 illud

1854 5124 2080 5182 haberes
2107 5145 2120 5180 :
2151 5128 2210 5183 Si
2232 5133 2396 5199 enim,
2434 5134 2620 5205 inquit,
2648 5139 2701 5191 in
2732 5156 2885 5207 parvo
2914 5143 3088 5209 ﬁdeles
3109 5164 3209 5202 non
3237 5154 3429 5221 fuistis,
3474 5150 3476 5159 ’

1851 5218 2103 5285 quomodo
2132 5221 2267 5289 quod
2295 5238 2533 5293 magnum
2574 5237 2645 5280 est
2683 5229 2821 5283 vobis
2870 5232 3008 5287 dabit
3044 5218 3427 5314 aliquis—(Luc.

1854 5308 1940 5361 l6.
1984 5308 2133 5379 ll)?
2172 5310 2407 5368 Ostende
2457 5314 2594 5369 sicut
2635 5317 2791 5374 vidua
2838 5338 2851 5374 :
2893 5322 2981 5379 illa
3026 5308 3431 5391 liabebat‘duos

1851 5399 2060 5465 obolos,
2089 5411 2142 5456 et
2171 5412 2337 5457 totum
2369 5407 2509 5475 quod
2543 5408 2724 5465 habuit
2756 5412 2993 5471 immisit.
3024 5421 3233 5487 Quaeris
3259 5440 3425 5494 pecu-

1852 5492 2019 5546 nias?
2058 5494 2283 5550 ostende
2326 5496 2465 5565 quod
2503 5514 2700 5568 paucas
2738 5504 3033 5577 despicias,
3070 5522 3126 5566 ut
3161 5492 3321 5569 etiam
3365 5518 3433 5575 de

1850 5583 2033 5639 multis
2052 5585 2145 5640 tibi
2168 5586 2381 5642 credam
2412 5605 2425 5641 :
2450 5590 2693 5650 siautem
2723 5614 2789 5653 ne
2813 5598 2909 5655 has
2935 5603 3150 5672 quidem
3173 5606 3431 5683 despicis,

1850 5673 2020 5730 multo
2049 5677 2218 5747 magis
2258 5692 2358 5733 nec
2398 5679 2537 5737 illas.
2572 5685 2777 5742 Rursus
2822 5691 2873 5745 in
2923 5708 3173 5753 sermone
3201 5673 3433 5763 ostende

1853 5773 1903 5821 te
1932 5777 2078 5824 recte
2106 5783 2260 5826 usum
2294 5783 2413 5827 esse
2442 5774 2808 5835 admonitione
2834 5793 2883 5836 et
2916 5788 3160 5845 Consilio.
3193 5790 3304 5847 Non
3339 5796 3433 5855 ha-
