4036 6206
614 348 686 403 55

600 463 697 515 hes
721 465 998 510 externam
1031 453 1332 508 facundiam
1361 458 1384 507 Υ
1411 471 1515 509 non
1549 455 1643 509 tibi
1667 455 1866 510 affatim
1892 469 2178 528 suppetunt

593 561 792 602 sensus
818 556 872 601 et
903 546 1184 602 sententize
1207 547 1230 600 ?
1257 545 1350 600 sed
1382 547 1487 601 scis
1514 557 1690 602 tamen
1718 547 1832 602 inec
1853 551 2176 606 communia.

599 637 794 693 Filium
823 637 1012 703 habes,
1043 638 1274 692 vicinum
1305 637 1490 705 habes,
1522 639 1739 693 fratrem
1774 639 1960 704 habes,
1989 640 2178 696 dome-

599 731 765 784 sticos
798 729 962 783 habes
1009 739 1063 782 et
1103 729 1437 783 necessarios
1477 746 1490 782 :
1536 731 1746 784 etiamsi
1788 745 1893 784 non
1927 732 2099 801 possis
2129 730 2182 786 in

603 821 830 875 ecclesia
868 821 1076 888 prolixa
1104 820 1178 873 uti
1208 821 1476 886 oratione,
1507 835 1601 875 eos
1630 832 1783 891 potes
1812 823 2058 892 privatim
2092 823 2188 878 ad-

602 927 824 967 monere
853 921 908 966 et
954 911 1180 966 hortari.
1223 911 1321 966 ilic
1349 920 1466 966 arte
1505 911 1718 967 dicendi
1764 928 1867 968 non
1900 922 1983 968 est
2007 929 2142 983 opus
2167 955 2184 980 ,

1377 353 1438 410 S.
1477 349 1754 410 JOAN'NIS
1790 342 2255 404 CliRYSOSTOMI
2295 339 2610 398 AilClllEP.
2649 339 3182 398 CONSTANTINOP.
3808 337 3878 398 3f;

2309 451 2667 506 charismata?
2721 466 2820 521 ego
2856 452 3084 506 ostendo
3137 451 3276 506 viam
3317 448 3732 520 charismatum,
3774 471 3875 512 non

2311 543 2484 597 Solum
2505 543 2874 607 excellentem,
2893 542 2987 597 sed
3009 543 3170 597 etiam
3193 558 3477 598 summam.
3505 546 3708 602 Deinde
3727 547 3874 618 dicit,

2313 635 2374 688 Si
2401 635 2586 703 linguis
2616 635 2795 703 loquar
2822 634 3142 704 angelorum,
3165 635 3428 688 caritatem
3455 647 3625 690 autent
3654 655 3754 692 non
3784 641 3874 694 ha-

2311 727 2474 790 beam,
2506 727 2636 780 nihil
2659 743 2769 780 sum
2798 743 2816 779 :
2847 736 2893 780 et
2922 727 2968 780 si
2996 727 3207 780 habeam
3239 727 3390 795 [idem
3420 737 3474 780 ut
3495 739 3685 784 montes
3713 741 3877 787 trans-

2313 821 2493 888 ferant,
2515 818 2772 870 caritatem
2793 825 2959 868 autem
3005 833 3106 869 non
3152 816 3380 882 habeam,
3407 819 3536 872 nihil
3573 835 3685 874 sum
3719 821 3878 890 (Ibid.

2315 911 2403 965 15.
2428 911 2479 963 1.
2499 909 2579 977 2).
2599 909 2791 963 Vidisti
2817 908 3122 964 charisma?
3152 908 3428 965 [Emulare
3451 910 3880 980 boccharisma;

2316 1003 2418 1056 hoc
2443 1001 2616 1069 majus
2647 1011 2728 1055 est
2757 1016 2916 1071 quam
2944 1010 3184 1054 mortuos
3209 1002 3465 1068 excitare,
3496 1002 3600 1059 hoc
3623 1005 3743 1060 aliis
3771 1022 3883 1061 om-

2316 1093 2473 1148 nibus
2502 1102 2583 1147 est
2610 1093 2768 1163 longe
2797 1092 3010 1146 melius.
3038 1093 3104 1146 Et
3130 1094 3270 1162 quod
3304 1091 3406 1146 hoc
3426 1093 3496 1148 ita
3521 1094 3734 1163 habeat,
3763 1099 3882 1153 audi

2315 1185 2439 1254 quid
2461 1185 2604 1239 dicat
2628 1185 2871 1239 Christus
2898 1185 3125 1255 loquens
3151 1185 3426 1254 discipulis
3450 1202 3465 1241 :
3495 1185 3565 1240 In
3593 1189 3687 1243 hoc
3707 1191 3884 1257 scient,

606 1022 779 1076 neque
811 1005 924 1060 fusa
955 1005 1196 1059 oratione
1227 1021 1239 1057 :
1274 1005 1325 1058 in
1351 1005 1435 1059 his
1461 1005 1702 1070 ostende,
1734 1006 1875 1076 quod
1905 1007 1948 1060 si
1975 1006 2187 1061 dicendi

576 1077 836 1194 ihaberes
882 1095 1189 1150 facultatem
1213 1136 1228 1161 ,
1274 1110 1380 1150 non
1421 1097 1768 1166 neglexisses.
1805 1097 1875 1156 Si
1913 1108 2092 1154 autem
2134 1100 2188 1154 in

609 1201 774 1256 parvo
811 1201 915 1240 non
941 1186 1165 1240 adhibes
1193 1186 1427 1241 studium
1457 1195 1512 1241 et
1541 1187 1894 1257 diligentiam,
1923 1189 2190 1259 quomodo

608 1278 660 1331 in
704 1292 895 1346 magno
926 1277 1016 1330 tibi
1049 1276 1264 1331 credam
1294 1278 1317 1330 ?
1346 1277 1478 1331 Nam
1507 1278 1649 1346 quod
1692 1281 2058 1352 unusquisque
2090 1282 2192 1338 hoc

611 1368 798 1438 possit,
841 1367 964 1421 audi
995 1367 1268 1437 quomodo
1297 1368 1494 1423 Paulus
1524 1369 1627 1424 hoc
1659 1372 1967 1440 permiserit
1995 1373 2146 1428 laicis
2175 1391 2190 1428 :

614 1457 896 1526 Ediﬁcate
919 1498 934 1521 ,
966 1457 1173 1527 inquit,
1205 1458 1334 1512 alter
1361 1459 1576 1512 alterum
1617 1461 1748 1514 sicut
1784 1471 1830 1515 et
1868 1464 2071 1533 facitis;
2109 1472 2192 1530 et,

612 1549 963 1603 Consolamini
1007 1549 1218 1602 invicem
1256 1550 1310 1603 in
1351 1550 1429 1605 his
1473 1553 1786 1608 sermonibus
1817 1553 1894 1624 (1.
1933 1554 2110 1610 Thess.
2140 1557 2194 1612 5.

614 1643 704 1706 11,
736 1650 780 1695 et
807 1641 860 1695 4.
892 1639 1001 1710 17).
1031 1641 1189 1695 Novit
1236 1641 1377 1696 Dens
1406 1643 1677 1712 quomodo
1700 1646 1987 1716 unicuique
2013 1647 2197 1702 distri-

616 1732 768 1786 buat.
813 1730 948 1785 Num
994 1741 1049 1785 tu
1093 1746 1153 1787 es
1194 1731 1375 1803 Moyse
1416 1733 1651 1788 melior?
1691 1734 1831 1789 Audi
1869 1751 2026 1805 quam
2057 1751 2199 1806 aegre

617 1834 673 1880 et
699 1825 922 1879 moleste
945 1824 1101 1880 ferat.
1132 1825 1274 1878 Num
1294 1842 1406 1895 ego,
1439 1826 1632 1896 inquit,
1659 1843 1859 1896 possum
1875 1844 1958 1882 eos
1977 1837 2197 1898 portare,

618 1914 756 1984 quod
803 1913 976 1968 dixisti
1021 1915 1166 1981 mihi,
1221 1914 1366 1969 Tolle
1407 1931 1492 1970 eos
1541 1917 1670 1970 sicut
1716 1919 1890 1971 nutrix
1936 1918 2202 1973 lactentem

621 2006 827 2075 (Num.
859 2005 947 2060 11.
985 2004 1132 2076 12)?
1176 2005 1312 2074 Quid
1351 2022 1478 2062 vero
1507 2009 1698 2066 Deus?
1739 2010 1954 2065 Exemit
1983 2011 2051 2067 de
2087 2012 2204 2082 ejus

620 2097 836 2167 spiritu,
867 2105 924 2152 et
949 2096 1096 2153 dedit
1122 2097 1262 2160 aliis,
1296 2100 1589 2156 ostendens
1615 2102 1756 2172 quod
1798 2119 1973 2174 neque
1993 2105 2205 2175 quando

626 2204 723 2244 eos
751 2189 1033 2259 portabat,
1081 2189 1198 2259 ejus
1227 2199 1348 2245 erat
1386 2191 1654 2248 charisma
1681 2235 1698 2261 ,
1731 2194 1827 2250 sed
1867 2194 2116 2266 Spiritus.
2149 2197 2204 2253 Si

626 2277 854 2333 haberes
894 2278 1162 2334 charisma
1183 2321 1198 2347 ,
1231 2295 1375 2351 saape
1403 2281 1596 2339 fuisses
1627 2285 1825 2352 elatus,
1851 2301 1994 2357 sape
2017 2288 2207 2344 fuisses

627 2381 851 2421 eversus
883 2383 897 2419 :
931 2375 987 2421 tu
1020 2368 1250 2437 teipsum
1274 2385 1379 2424 non
1407 2372 1574 2438 nosti,
1606 2381 1665 2426 ut
1697 2383 1747 2428 te
1777 2375 1917 2429 Deus
1942 2377 2109 2431 novit.
2133 2377 2210 2432 Ne

642 2467 903 2532 dicamus,
939 2465 1019 2520 Ad
1048 2466 1172 2535 quid
1201 2465 1303 2522 hoc
1328 2475 1381 2521 et
1409 2482 1504 2522 cur
1527 2466 1552 2522 ?
1575 2470 1786 2539 quando
1814 2472 1953 2527 Deus
1981 2473 2207 2545 dispen-

640 2565 743 2621 sat,
772 2572 838 2611 ne
864 2556 1121 2610 rationem
1152 2557 1220 2611 ab
1243 2571 1310 2612 eo
1335 2559 1608 2629 exigamus
1641 2578 1654 2613 :
1685 2561 1785 2615 hoc
1813 2562 1954 2617 enim
1990 2573 2072 2620 est
2112 2566 2213 2621 im-

644 2647 852 2715 pietatis
892 2656 1144 2702 extremac
1192 2657 1247 2703 et
1293 2652 1630 2719 arrogantize.
1682 2651 1831 2707 Servi
1883 2669 2104 2722 sumus,
2157 2667 2212 2713 et

638 2739 777 2789 servi
824 2737 1044 2790 multum
1092 2737 1350 2794 distantes
1400 2756 1428 2792 a
1479 2741 1726 2806 Domino,
1776 2758 1844 2797 ne
1889 2759 1951 2798 ea
1993 2747 2206 2816 quidem

637 2827 871 2882 scientes
916 2842 1035 2897 qua:
1079 2837 1200 2882 sunt
1240 2845 1350 2898 pra:
1390 2829 1633 2900 pedibus.
1677 2833 1754 2886 Ne
1795 2834 1956 2905 igitur
1995 2838 2205 2894 curiose

637 2927 938 2973 scrutemur
972 2920 1063 2974 Dei
1095 2921 1398 2986 consilium,
1428 2923 1521 2977 sed
1549 2924 1689 2992 quod
1719 2925 1865 2980 dedit
1897 2927 1995 2980 hoc
2023 2943 2208 2985 serve-

637 3027 780 3076 mus,
813 3012 1021 3066 etiamsi
1063 3013 1130 3066 sit
1160 3028 1400 3081 parvum,
1432 3015 1640 3068 etiamsi
1668 3016 1934 3083 ultimum,
1962 3028 2017 3073 et
2043 3021 2203 3089 plane

635 3102 838 3154 erimus
867 3103 1015 3170 probi
1041 3111 1095 3157 et
1123 3103 1172 3156 in
1206 3103 1342 3157 bona
1369 3106 1761 3163 existimatione
1798 3126 1810 3161 :
1845 3110 1951 3164 imo
1982 3127 2107 3166 vero
2134 3129 2202 3168 ex

633 3189 727 3244 Dei
749 3192 904 3246 donis
925 3193 1126 3247 nullum
1156 3201 1239 3248 est
1257 3209 1497 3262 parvum.
1522 3196 1677 3251 Doles
1706 3199 1846 3268 quod
1877 3216 1981 3255 non
2007 3202 2203 3258 habeas

629 3283 828 3338 donum
872 3285 1172 3340 doctrinae?
1209 3286 1294 3341 dic
1334 3287 1459 3340 mihi
1485 3329 1500 3354 ,
1543 3290 1668 3358 quid
1711 3293 1801 3345 tibi
1845 3293 2053 3348 videtur
2081 3310 2201 3350 esse

631 3373 825 3440 majus,
856 3375 1054 3427 donum
1085 3375 1359 3442 doctrinm,
1386 3392 1452 3431 an
1493 3378 1689 3433 donum
1719 3382 2019 3448 expellendi
2058 3400 2196 3439 mor-

626 3460 723 3514 bos
755 3461 777 3513 ‘l
816 3462 926 3516 lloc
961 3464 1160 3531 utique.
1195 3466 1330 3530 Quid
1358 3470 1530 3522 vero?
1569 3486 1674 3524 non
1705 3473 1798 3525 tibi
1835 3473 2043 3528 videtur
2077 3490 2199 3530 esse

629 3552 821 3620 majus,
854 3554 1011 3608 caecis
1037 3556 1164 3610 dare
1190 3557 1356 3612 visum
1381 3559 1402 3612 ?
1430 3576 1532 3614 non
1575 3563 1665 3616 tibi
1706 3565 1915 3618 videtur
1939 3582 2058 3622 esse
2084 3585 2196 3623 ma-

621 3641 729 3710 jus,
775 3653 1011 3700 mortnos
1037 3648 1272 3703 excitare
1291 3691 1305 3715 ,
1335 3665 1494 3720 quam
1535 3655 1752 3709 morbos
1777 3658 2005 3710 curare?
2056 3659 2193 3724 Quid

626 3747 773 3798 vero,
803 3733 888 3788 dic
929 3751 1110 3804 quarso
1136 3739 1157 3790 ?
1185 3740 1384 3794 umbris
1414 3751 1469 3795 et
1497 3743 1724 3798 sudariis
1752 3745 1854 3799 hoc
1881 3746 2058 3803 facere
2084 3765 2188 3804 non

624 3822 716 3876 tibi
744 3824 950 3878 videtur
978 3842 1096 3882 esse
1124 3829 1312 3898 majus,
1342 3847 1499 3899 quam
1531 3835 1736 3889 verbo?
1761 3835 1895 3903 Quid
1923 3853 2051 3907 ergo
2088 3841 2188 3907 vis,

621 3913 706 3966 die
733 3931 932 3983 quaeso,
963 3918 1162 3973 umbris
1201 3929 1254 3974 et
1293 3923 1525 3978 sudariis
1563 3926 1796 3981 excitare
1837 3939 2094 3996 mortuos,
2123 3945 2190 3984 an

622 4004 822 4060 habere
852 4008 1049 4064 donum
1091 4011 1348 4067 doctrina:
1374 4015 1397 4068 ?
1428 4016 1579 4071 Dices
1623 4021 1858 4085 omnino,
1906 4021 2107 4077 umbris
2136 4032 2191 4077 et

621 4095 846 4149 sudariis
877 4110 1114 4155 mortuos
1140 4106 1390 4159 excitare.

692 4181 742 4234 ϐ.
777 4184 973 4238 Caritas
1000 4199 1068 4241 est
1092 4191 1340 4244 charisma
1370 4197 1870 4265 ouzniumoptimum.
1892 4231 1963 4242 —
1981 4202 2033 4258 Si
2059 4219 2185 4272 ergo

619 4272 710 4324 tibi
752 4276 1055 4343 ostendero,
1082 4281 1220 4348 quod
1266 4285 1487 4337 alterum
1533 4286 1730 4342 donum
1763 4294 1975 4347 esthoc
2028 4294 2182 4364 longe

617 4365 810 4432 majus,
844 4377 1043 4423 etcum
1093 4371 1184 4425 tibi
1229 4373 1384 4428 liceat
1425 4380 1686 4448 accipere,
1719 4383 1761 4436 si
1811 4399 1913 4438 non
1959 4387 2175 4456 accipis,

609 4452 754 4521 juste
781 4472 839 4512 es
862 4459 939 4513 eis
969 4462 1203 4529 privatus
1236 4483 1248 4518 :
1281 4467 1402 4533 quid
1433 4468 1615 4524 dices?
1640 4472 1704 4526 Et
1731 4474 1830 4528 hoc
1851 4475 2048 4530 donum
2075 4452 2176 4531 non

615 4547 703 4600 uni
747 4560 802 4601 et
831 4551 1017 4618 alteri,
1063 4555 1155 4608 sed
1199 4558 1448 4613 omnibus
1493 4561 1691 4619 habere
1733 4567 1874 4620 licet.
1918 4568 2039 4622 Scio
2087 4585 2178 4624 ves

616 4645 832 4705 stupere
857 4650 909 4693 et
935 4642 1207 4710 admirari,
1236 4649 1280 4701 si
1310 4650 1438 4704 estis
1465 4653 1696 4707 audituri
1725 4659 1862 4724 quod
1897 4658 2051 4713 liceat
2080 4675 2174 4714 vo—

612 4737 696 4793 bis
724 4738 920 4793 habere
961 4745 1133 4807 majus
1162 4741 1361 4799 donum
1405 4763 1560 4816 quam
1609 4754 1868 4808 suscitare
1913 4769 2172 4826 mortuos,

611 4841 666 4886 et
686 4832 854 4885 visum
877 4832 1004 4887 dare
1042 4835 1220 4900 caecis,
1251 4847 1303 4889 et
1330 4838 1415 4890 illa
1458 4840 1628 4894 facere
1657 4859 1774 4911 quae
1806 4844 2003 4901 fiebant
2045 4858 2181 4902 tem-

611 4936 741 4989 pore
766 4924 1128 4992 apostolorum
1158 4944 1170 4978 :
1199 4938 1251 4979 et
1293 4926 1519 4983 fortasse
1553 4932 1654 4985 hoc
1685 4934 1896 4989 videtur
1919 4937 2068 4992 vobis
2098 4939 2180 4992 in-

610 5013 886 5068 credibile.
932 5015 1083 5082 Quod
1124 5025 1205 5070 est
1244 5032 1370 5085 ergo
1419 5019 1519 5073 hoc
1547 5021 1784 5077 donum?
1813 5025 2039 5080 Caritas.
2073 5027 2177 5084 Sed

611 5103 742 5156 mihi
771 5107 993 5172 credite,
1041 5124 1146 5162 non
1176 5117 1259 5162 est
1301 5126 1450 5164 meus
1494 5127 1693 5181 sermo,
1723 5117 1815 5170 sed
1842 5118 2041 5174 Christi
2087 5122 2178 5175 io—

609 5209 824 5262 quentts
868 5213 960 5264 per
989 5200 1232 5254 Paulum.
1275 5201 1411 5268 Quid
1455 5206 1596 5258 enim
1625 5208 1790 5261 dicit?
1835 5209 2178 5268 zEmulamini

609 5285 913 5339 charismata
961 5291 1204 5355 meliora,
1264 5302 1309 5344 et
1355 5295 1521 5347 adhuc
1567 5312 1816 5350 summam
1866 5304 1995 5352 viam
2039 5304 2177 5356 vobis

609 5379 813 5429 ostendo
841 5377 916 5448 (1.
942 5377 1056 5431 Cor.
1094 5380 1181 5434 12.
1215 5382 1326 5450 51).
1357 5383 1494 5450 Quid
1542 5394 1645 5451 est,
1676 5386 1857 5440 Adhuc
1888 5394 2173 5447 summam?

608 5466 760 5532 Quod
802 5469 928 5522 dicit
963 5481 1044 5523 est
1085 5471 1344 5538 ejusmodi
1377 5494 1388 5528 :
1419 5476 1682 5531 Corinthii
1724 5494 1782 5533 se
1815 5480 1967 5534 valde
1991 5481 2165 5549 jacta‘

608 5558 756 5624 bant,
789 5571 842 5615 et
870 5563 969 5617 sibi
1016 5563 1297 5631 placebant
1349 5580 1572 5636 propter
1619 5571 1960 5641 charismata,
2003 5584 2056 5630 et
2085 5576 2173 5644 qui

609 5649 813 5718 linguas
855 5653 1138 5723 habebant,
1163 5659 1304 5728 quod
1331 5670 1412 5714 est
1453 5662 1728 5718 minimum
1770 5664 1986 5728 donum,
2019 5667 2172 5722 infla-

608 5739 801 5796 bantur
828 5744 1083 5803 advcrsus
1124 5758 1373 5808 caeteros.
1410 5751 1544 5808 Dicit
1571 5768 1719 5826 ergo,
1746 5754 1916 5811 Vultis
1953 5758 2173 5813 omnino

2315 1276 2449 1344 quod
2477 1275 2717 1345 discipuli
2739 1276 2835 1328 mei
2863 1275 3004 1340 estis,
3028 1277 3072 1328 si
3099 1291 3183 1328 vos
3212 1277 3423 1332 invicem
3450 1277 3675 1348 diligatis
3706 1281 3883 1350 (Joan.

2318 1366 2403 1418 15.
2441 1365 2555 1435 55).
2585 1365 2786 1420 Deinde
2816 1365 3103 1419 ostendens
3135 1367 3184 1419 in
3227 1382 3357 1435 quo,
3401 1382 3506 1422 non
3552 1369 3684 1423 dixit
3721 1372 3887 1426 mira-

2318 1455 2460 1521 cuia,
2502 1455 2597 1510 sed
2625 1456 2790 1524 quid?
2821 1455 2884 1510 Si
2911 1455 3228 1510 dilectionem
3257 1458 3466 1511 invicem
3499 1459 3799 1514 habueritis.
3826 1462 3890 1517 Et

2318 1561 2503 1601 rursus
2529 1546 2656 1601 dicit
2685 1546 2830 1601 Patri
2861 1563 2873 1599 :
2913 1545 2979 1600 In
3010 1547 3104 1600 hoc
3131 1547 3288 1601 scient
3326 1546 3463 1617 quod
3491 1556 3543 1600 tu
3574 1566 3652 1602 me
3689 1552 3888 1615 misisti,

2311 1665 2355 1704 st
2378 1650 2480 1702 sint
2506 1663 2664 1700 unum
2693 1646 2871 1714 (Joan.
2911 1646 2999 1699 17.
3024 1643 3140 1715 2i).
3168 1643 3286 1714 ipse
3311 1660 3522 1714 quoque
3565 1645 3782 1699 dicebat
3811 1646 3890 1701 di-

2312 1739 2530 1808 scipulis
2561 1757 2576 1790 :
2609 1738 2912 1791 Mandatum
2942 1751 3124 1790 novum
3163 1737 3228 1788 do
3265 1734 3424 1800 vobis,
3454 1745 3506 1790 ut
3537 1737 3767 1807 diligatis
3809 1739 3890 1792 in-

2314 1829 2470 1881 vicem
2496 1829 2679 1899 (Joan.
2711 1830 2796 1882 15.
2824 1828 2935 1898 54).
2973 1827 3040 1882 lis
3069 1842 3196 1896 ergo
3223 1827 3314 1897 qui
3340 1837 3582 1882 mortuos
3609 1830 3891 1899 suscitant,

2315 1919 2401 1972 hic
2428 1928 2511 1972 est
2535 1918 2815 1973 honestior
2840 1931 2891 1973 et
2918 1919 3258 1989 praeclarior:
3285 1927 3340 1972 et
3368 1918 3582 1972 merito.
3607 1918 3739 1974 Nam
3767 1920 3893 1975 illud

2310 2007 2526 2076 quidem
2553 2017 2635 2061 est
2668 2017 2833 2062 totum
2867 2007 2961 2062 Dei
3005 2007 3226 2077 gratiae;
3277 2005 3383 2062 hoc
3411 2016 3590 2061 autem
3621 2018 3704 2063 est
3732 2011 3894 2065 etiam

2309 2096 2472 2150 studii
2519 2106 2574 2151 et
2597 2097 2909 2166 diligentiae.
2945 2097 3059 2152 Hoc
3085 2106 3168 2151 est
3199 2111 3387 2152 revera
3413 2096 3704 2152 Christiani
3736 2116 3749 2151 :
3796 2100 3894 2155 hoc

2311 2188 2551 2244 ostendit
2592 2188 2792 2243 Christi
2839 2188 3182 2258 discipulum,
3215 2189 3306 2260 qui
3335 2198 3419 2244 est
3463 2189 3774 2257 crucifixus,
3809 2191 3893 2261 qui

2309 2280 2442 2333 nihil
2477 2279 2639 2334 habet
2662 2295 2946 2335 commune
2975 2281 3026 2334 in
3057 2290 3200 2335 terra
3234 2298 3247 2334 :
3297 2279 3502 2350 absque
3525 2281 3630 2336 hoc
3659 2298 3727 2337 ne
3756 2297 3895 2338 mar-

2311 2371 2510 2440 tyrium
2539 2371 2752 2440 quidem
2783 2380 2964 2441 potest
2987 2371 3274 2442 quidquam
3323 2371 3598 2441 prodesse.
3632 2372 3702 2426 Et
3729 2383 3789 2426 ut
3813 2372 3894 2426 di-

2307 2473 2454 2527 scas,
2488 2459 2590 2516 hoc
2625 2461 2745 2516 vide
2775 2460 3030 2516 dilucide.
3055 2461 3170 2517 Duo
3195 2461 3279 2516 vel
3303 2462 3481 2532 ponus
3511 2463 3608 2517 tria
3634 2463 3894 2518 virtutum

2307 2555 2588 2609 cacumina
2616 2555 2847 2623 sumpsit
2877 2554 3070 2609 beatus
3099 2554 3319 2619 Paulus,
3339 2569 3459 2624 qua:
3479 2565 3604 2610 sunt
3629 2555 3683 2609 in
3703 2555 3894 2624 signis,

2306 2660 2424 2713 qua:
2450 2645 2500 2698 in
2529 2645 2863 2714 cognitione,
2893 2661 3014 2715 quae
3045 2653 3170 2698 sunt
3212 2645 3265 2698 in
3297 2645 3403 2698 vita
3435 2662 3448 2698 :
3477 2655 3531 2700 et
3561 2645 3768 2714 absque
3796 2645 3898 2698 hoc

2309 2734 2422 2789 haec
2451 2735 2583 2789 nihil
2611 2751 2736 2791 esse
2756 2737 2911 2790 dixit.
2939 2735 3221 2802 Quomodo
3241 2743 3421 2792 autem
3451 2737 3564 2790 haec
3591 2736 3727 2790 nihil
3757 2738 3886 2800 sint,

2305 2842 2404 2896 ego
2434 2827 2576 2882 dico.
2629 2827 2742 2882 Etsi
2774 2828 3078 2882 distribuere
3125 2829 3178 2881 in
3209 2828 3343 2884 cibos
3389 2845 3671 2900 pauperum
3715 2846 3892 2884 omnes

2307 2919 2574 2989 facultates
2603 2935 2760 2984 meas,
2791 2921 3056 2972 caritatem
3085 2929 3256 2973 autem
3281 2937 3383 2973 non
3405 2920 3636 2986 habeam,
3666 2921 3800 2974 nihil
3820 2932 3894 2975 est

2305 3011 2384 3079 (1.
2411 3011 2530 3064 Cor.
2559 3011 2646 3065 15.
2681 3010 2758 3082 5).
2803 3010 2948 3065 Fieri
2999 3012 3142 3065 enim
3188 3018 3365 3080 potest
3404 3019 3460 3064 ut
3486 3012 3577 3081 qui
3610 3010 3893 3066 facultates

2305 3105 2356 3157 in
2405 3104 2554 3159 cibos
2604 3103 2904 3168 distribuat,
2965 3118 3073 3157 non
3123 3103 3194 3157 sit
3241 3103 3467 3157 caritate
3509 3102 3788 3172 prazditus,
3837 3112 3894 3159 et

2306 3193 2589 3262 profundat
2618 3195 2893 3264 pecunias.
2929 3193 2995 3248 Et
3028 3193 3099 3249 de
3144 3193 3227 3248 itis
3254 3193 3469 3263 quidem
3502 3195 3632 3248 satis
3663 3209 3692 3246 a
3731 3195 3892 3250 nobis

2303 3289 2506 3343 dictum
2531 3288 2694 3343 estin
2726 3289 2845 3343 loco
2874 3287 2942 3343 de
2965 3287 3208 3352 caritate,
3240 3296 3293 3341 et
3316 3287 3442 3341 illuc
3474 3287 3892 3343 transmittimus

2306 3380 2574 3435 lectores:
2609 3379 2822 3434 interim
2867 3387 3068 3441 autem,
3095 3378 3234 3432 sicut
3262 3376 3392 3440 dixi,
3425 3377 3741 3432 aenurlemur
3758 3377 3893 3433 cha-

2303 3473 2489 3535 risma,
2517 3472 2656 3528 alter
2681 3473 2909 3526 alterum
2931 3471 3254 3540 diligamus;
3287 3479 3341 3525 et
3371 3470 3518 3525 nullo
3545 3471 3716 3526 altero
3748 3471 3894 3527 indi-

2300 3565 2546 3632 gebimus
2577 3564 2641 3617 ad
2676 3579 2772 3618 nos
2798 3573 2944 3618 recte
2980 3562 3244 3632 gerendos
3273 3563 3324 3616 in
3353 3563 3564 3626 virtute,
3605 3562 3700 3617 sed
3726 3573 3896 3618 erunt

2302 3657 2456 3712 nobis
2481 3657 2660 3711 omnia
2694 3656 2867 3711 facilia
2895 3655 3098 3724 absque
3139 3653 3452 3721 sudoribus,
3483 3662 3538 3709 et
3571 3655 3741 3709 multo
3770 3664 3895 3710 stu-

2303 3751 2391 3804 dio
2429 3757 2483 3804 et
2525 3750 2795 3820 diligentia
2844 3757 2990 3802 recte
3033 3762 3280 3817 geremus
3325 3747 3526 3800 omnia.
3575 3745 3683 3801 Sed
3727 3761 3891 3815 ecce,

2303 3841 2490 3911 inquit,
2532 3843 2829 3896 etiamnum
2859 3839 3129 3909 diligimus
3173 3854 3270 3892 nos
3304 3838 3532 3893 invicem
3570 3855 3584 3891 :
3629 3852 3750 3891 nam
3791 3839 3894 3894 ille

2302 3934 2515 4003 quidem
2564 3935 2725 3989 habet
2756 3935 2890 3988 duos
2933 3932 3016 3986 vel
3070 3939 3179 3986 tres
3208 3931 3428 3998 amicos,
3462 3930 3548 3985 hic
3591 3945 3718 3985 vero
3749 3946 3896 4002 qua-

2307 4034 2444 4077 tuor.
2481 4025 2586 4079 Sed
2635 4025 2736 4078 hoc
2767 4039 2872 4078 non
2902 4033 2985 4078 est
3013 4023 3236 4088 diligere
3288 4031 3510 4092 propter
3559 4021 3751 4086 Deum,
3786 4024 3895 4078 sed

2301 4108 2442 4173 quod
2475 4109 2586 4174 ipse
2611 4109 2905 4162 redameris
2931 4127 2944 4160 :
2979 4120 3196 4178 propter
3222 4112 3390 4167 Deum
3417 4129 3594 4174 autem
3623 4121 3886 4195 diligere,

2297 4209 2406 4246 non
2435 4194 2535 4249 hoc
2559 4195 2878 4265 principium
2904 4198 3063 4252 habet
3082 4201 3355 4266 caritatis;
3385 4206 3481 4258 sed
3508 4224 3598 4276 qur
3616 4220 3702 4264 est
3728 4194 3894 4283 ejus-

2294 4285 2460 4348 modi,
2489 4287 2753 4341 afficietur
2797 4289 2868 4342 in-
2896 4304 3082 4344 omnes
3129 4302 3392 4364 tamquam
3444 4297 3495 4351 in
3528 4297 3744 4366 fratres,
3780 4322 3892 4364 eos

2295 4373 2510 4441 quidem
2542 4375 2634 4444 qui
2681 4385 2807 4430 sunt
2837 4377 3096 4447 ejusmodi
3153 4382 3274 4436 fidei
3319 4383 3549 4454 diligens
3595 4397 3891 4460 tamquam

2293 4479 2578 4534 germanos
2625 4467 2852 4532 fratres;
2901 4469 3184 4527 Ιιωνθιὶροε
3227 4483 3428 4541 autem,
3471 4486 3525 4532 et
3551 4478 3772 4537 Graecos
3828 4499 3894 4542 et

2294 4557 2529 4624 Judmos,
2555 4560 2644 4628 qui
2667 4561 2958 4614 secundum
2988 4573 3230 4618 naturam
3255 4567 3472 4635 quidem
3503 4580 3628 4625 sunt
3656 4571 3889 4644 fratres,

2293 4648 2419 4701 mali
2450 4659 2629 4702 autem
2659 4660 2786 4703 sunt
2813 4661 2866 4705 et
2894 4652 3135 4719 inutiles,
3160 4657 3446 4722 miserans,
3475 4671 3528 4714 et
3568 4678 3662 4732 pro
3691 4665 3772 4720 eis
3798 4676 3894 4723 ta-

2294 4739 2519 4794 bescens
2547 4751 2600 4795 et
2630 4741 2951 4812 lacrymans.
2988 4745 3044 4798 ln
3079 4747 3180 4800 hoc
3209 4749 3411 4804 erimus
3443 4752 3551 4806 Deo
3579 4755 3804 4818 similes.
3835 4761 3890 4814 si

2291 4847 2480 4886 omnes
2509 4832 2795 4903 diligamus
2837 4836 3001 4890 etiam
3045 4837 3316 4906 inimicos,
3369 4858 3474 4897 non
3523 4846 3568 4898 si
3609 4846 3759 4916 signa
3793 4847 3888 4902 fa-

2292 4925 2517 4980 ciamus.
2557 4925 2688 4980 Nam
2728 4928 2896 4983 Deum
2940 4931 3268 4988 admiramur
3294 4936 3508 5004 quidem
3553 4939 3711 4993 etiam
3749 4956 3888 4998 eum

2293 5015 2418 5069 facit
2447 5019 2705 5075 miracula
2733 5039 2747 5087 ;
2792 5023 2961 5076 multo
2990 5034 3168 5080 autem
3202 5029 3391 5097 magis,
3425 5029 3638 5099 quando
3665 5042 3748 5086 est
3777 5034 3887 5090 be-

2291 5109 2502 5177 nignus,
2535 5112 2776 5167 clemens
2802 5124 2857 5168 et
2905 5116 3134 5184 patiens.
3183 5117 3238 5172 Si
3290 5135 3418 5189 ergo
3463 5121 3624 5174 etiam
3674 5123 3726 5176 in
3759 5123 3884 5181 Deo

2294 5201 2421 5254 illud
2446 5211 2528 5256 est
2554 5204 2708 5257 valde
2731 5205 3053 5272 mirandum,
3089 5210 3257 5263 multo
3286 5213 3454 5281 magis
3486 5213 3538 5265 in
3564 5213 3887 5272 hominibus

2288 5292 2390 5347 hoc
2415 5303 2496 5348 est
2538 5298 2900 5364 perspicuum,
2938 5299 3079 5366 quod
3109 5299 3210 5354 hoc
3255 5317 3351 5355 nos
3392 5303 3884 5364 redditadmiran-

2286 5383 2402 5438 dos.
2449 5385 2560 5439 Hoc
2588 5402 2716 5455 ergo
2758 5387 3093 5456 aemulemur,
3125 5399 3178 5444 et
3225 5392 3389 5448 Paulo
3430 5404 3484 5449 et
3513 5395 3670 5451 Petro
3704 5407 3761 5452 et
3802 5399 3885 5456 iis

2286 5475 2375 5541 qui
2405 5474 2818 5531 innumerabiles
2841 5487 3082 5532 mortuos
3121 5482 3448 5548 excitarunt,
3472 5487 3641 5541 nihilo
3665 5489 3885 5547 erimus

2285 5563 2589 5628 inferiores,
2618 5569 2825 5622 etiamsi
2853 5567 3056 5626 febrem
3087 5587 3196 5627 non
3239 5576 3505 5643 possimus
3552 5581 3823 5649 expellere
3852 5602 3872 5649 ;

2282 5654 2485 5724 absque
2534 5655 2627 5710 illa
2659 5667 2858 5724 autem,
2890 5661 3102 5717 etiamsi
3154 5665 3358 5734 majora
3405 5666 3664 5727 faciamus
3713 5673 3878 5743 signa

2281 5763 2440 5818 quam
2471 5749 2722 5820 apostoli,
2755 5753 2965 5809 etiamsi
3018 5755 3162 5814 mille
3213 5760 3478 5831 periculis,
3511 5779 3611 5820 nos
3639 5764 3876 5838 objicia-
