4036 6206
137 364 197 418 τι
988 347 1058 405 IN
1099 343 1315 402 EPIST.
1348 340 1442 398 AD
1477 338 1836 397 HEBMOS.
1876 338 2030 392 LAP.
2072 337 2139 395 ll.
2178 336 2414 394 IIOMIL.
2458 338 2548 393 Ill.
3367 350 3439 409 δυ

132 484 231 547 νὸς
276 476 401 532 τὸν
444 470 828 543 θηλὰζοντα;
873 466 939 521 Τί
980 461 1075 520 οῦν
1102 466 1132 519 6
1161 463 1327 527 616;;
1366 459 1599 524 Ἐξιῖλιν
1627 454 1739 511 ἀπὸ
1845 452 1916 506 ἐν
1964 454 2285 523 ἀλλήλοις.
2324 456 2434 510 Kal
2489 455 2651 512 πάλιν
2681 457 2818 529 πρὸς
2848 458 2940 514 τὸν
2971 462 3190 535 Πατέρα
3224 464 3392 539 φησίν
3415 486 3436 504 ⁸

132 583 217 632 τοῦ
242 575 576 643 πνεύματος
602 566 798 631 αὐτοῦ,
836 563 932 618 καὶ
965 562 1136 616 ἔδωκε
1161 561 1274 622 τοῖς
1299 556 1504 622 ἄλλοις,
1528 555 1741 616 δεικνὺς
1861 551 1969 604 Ἔν
1992 552 2182 619 τούτῳ
2208 552 2565 622 γνώσονται,
2592 554 2683 609 ὅτι
2710 557 2790 610 σύ
2810 574 2885 627 με
2915 559 3303 630 ἀπέστειλας,
3325 565 3438 620 ἐᾶν

133 676 207 727 ὅτι
244 670 377 724 οὐδὲ
402 670 500 722 ὅτε
531 662 839 726 ἐϐάσταζεν
865 658 1086 735 αὐτοῦς,
1111 653 1279 709 αὑτοῦ
1305 652 1468 706 τοῦτο
1495 651 1557 703 τὸ
1582 647 1744 720 χάρι-
1855 643 2010 702 ὦσιν
2032 648 2122 703 ἓν.
2150 650 2263 704 Kal
2284 651 2449 715 αὐτὸς
2473 651 2628 719 ἔλεγε
2661 653 2796 724 πρὸς
2820 654 2949 719 τοὺς
2979 656 3228 728 μαθητάς
3255 676 3271 692 .
3314 660 3437 716 Ἐν,

137 786 242 840 σμα
266 763 373 839 ἦν,
405 763 552 818 ἀλλά
596 760 691 815 τοῦ
741 758 1083 828 Πνεύματος.
1106 756 1171 809 El
1200 754 1264 806 16
1300 750 1548 823 χάρισμα
1576 742 1742 816 εἶχες,
1848 746 2040 813 talin-
2081 745 2300 815 καινὴν
2335 746 2545 817 δίδωμι
2575 748 2737 818 ὑμῖν,
2775 751 2876 804 ἵνα
2928 752 3196 821 ἀγαπᾶτε
3244 755 3435 825 ἀλλή-

140 864 410 925 πολλάκις
443 860 509 915 ἂν
543 856 820 929 ἐπήρθης,
861 852 1127 913 πολλάκις
1166 850 1234 903 ἂν
1276 846 1584 919 ὲξετράπης
1604 861 1618 875 ·
1646 845 1748 898 οὐκ
1850 845 2030 908 λους.
2069 843 2191 897 Τῶν
2224 844 2405 899 τοίνυν
2429 847 2557 910 τοὺς
2586 851 2815 919 νεκροὺς
2848 850 3195 906 ἀνιστώντων
3241 858 3437 924 σεμνό.

134 957 280 1021 οἶδας
319 958 398 1010 σὺ
436 954 657 1019 σαυτὸν,
676 953 753 1015 ὼς
781 952 810 1004 6
834 949 965 1011 Θεός
996 964 1056 1000 σε
1076 943 1209 998 οἶδε.
1233 942 1327 1013 Μὴ
1357 942 1628 1012 λέγωμεν·
1652 939 1748 1003 El;
1852 957 2013 1012 τερος
2036 944 2063 994 6
2085 941 2327 1005 τοιοῦτος
2362 944 2460 996 xal
2483 943 2868 1017 λαμπρότερος
2895 963 2910 979 ·
2939 947 3188 1013 εἰκότως.
3231 950 3440 1005 Ἐκεῖνο

134 1059 183 1109 τί
214 1054 417 1120 τοῦτο,
461 1052 562 1106 καῖ
602 1049 691 1103 διὰ
738 1049 792 1101 τί
839 1046 1036 1113 τοῦτο;
1071 1044 1203 1096 ὅταν
1240 1040 1502 1109 οίκονομῇ
1533 1038 1561 1090 6
1591 1035 1744 1100 Θεὸς,

138 1155 213 1225 μὴ
240 1149 586 1219 ἀπαιτῶμεν
631 1144 796 1198 αύτδν
840 1140 1110 1204 εὐθύναςσ
1141 1137 1302 1191 τοῦτο
1349 1135 1461 1206 γὰρ
1512 1131 1750 1202 ἐσχάτης

135 1248 410 1311 ἀσεϐείας
457 1244 554 1300 xal
580 1240 842 1305 ἀπονοίας
872 1240 1010 1293 ἱστί.
1045 1234 1235 1289 Δοῦλοι
1266 1234 1458 1303 ἔσμεν,
1490 1231 1587 1283 καὶ
1627 1228 1751 1281 δοῦ⁶

136 1349 218 1399 λοι
250 1344 399 1398 πολὺ
427 1341 523 1396 τοῦ
549 1337 826 1393 Δεσπότου
858 1332 1231 1400 διεστηκότες,
1259 1329 1381 1383 οὐδὲ
1406 1326 1476 1379 τὰ
1501 1326 1560 1378 ὲν
1591 1323 1749 1377 ποσὶν

1857 1038 1963 1110 μὲν
1999 1037 2111 1109 γὰρ
2169 1038 2291 1092 δλον
2320 1037 2418 1109 τῆς
2462 1038 2559 1092 τοῦ
2593 1039 2730 1093 Θεοῦ
2768 1042 2990 1115 χάριτός
3022 1046 3161 1112 ἐστι,
3194 1045 3352 1101 τοῦτο
3378 1047 3438 1101 δὲ

1855 1134 2090 1205 καὶτῆς
2148 1136 2247 1204 σῆς
2312 1135 2571 1208 σπουδῆς.
2621 1137 2791 1193 Τοῦτο
2837 1140 3006 1204 ὅντως
3056 1143 3388 1214 Χριστιανοῦ
3418 1160 3434 1176 ο

1853 1230 2018 1285 τοῦτο
2041 1231 2282 1286 δείκνυσι
2307 1231 2400 1287 τὸν
2431 1232 2525 1286 τοῦ
2551 1233 2788 1305 Χριστοῦ
2821 1235 3093 1308 μαθητὴν,
3125 1239 3216 1292 τὸν
3236 1241 3436 1294 ἐσταυ-

1855 1327 2121 1401 ρωμένον,
2158 1328 2249 1381 τὸν
2270 1328 2426 1381 οὐδὲν
2452 1327 2648 1399 ἔχοντα
2668 1331 2846 1384 κοινὸν
2883 1335 2942 1385 ὲν
2991 1336 3058 1405 τῇ
3089 1336 3163 1405 γῇ
3190 1351 3203 1364 ·
3241 1334 3437 1389 τούτου

141 1442 531 1512 ἐπιστάμενοι.
560 1437 655 1506 Μὴ
692 1433 761 1505 δὴ
802 1433 901 1503 τὴν
931 1429 1127 1502 βουλὴν
1151 1425 1245 1482 τοῦ
1274 1424 1410 1479 Θεοῦ
1448 1437 1749 1495 περιεργα-

140 1538 413 1609 ζὼμεθα,
440 1533 551 1589 ἀλλ’
581 1532 719 1602 ὅπερ
757 1528 982 1592 δέδωκε,
1017 1524 1179 1579 τοῦτο
1227 1523 1609 1593 φυλάττωμεν,
1646 1516 1749 1572 κᾶν

146 1635 355 1709 μικρὸν
385 1628 448 1705 ᾖ,
478 1630 580 1685 κάν
621 1627 871 1698 ἔσχατον,
903 1624 998 1678 xal
1022 1622 1245 1684 πάντως
1274 1617 1713 1688 εὐδοκιμήσομεν
1731 1628 1746 1643 ·

151 1730 364 1801 μᾶλλον
401 1728 481 1792 δὲ,
507 1724 659 1780 οὐδὲν
691 1721 890 1795 μικρὸν
911 1718 1021 1773 τῶν
1040 1716 1137 1771 106
1165 1714 1303 1769 Θεοῦ
1332 1711 1557 1782 δωρεῶν
1579 1712 1745 1764 ἔστιν·

151 1827 342 1895 ἀλγεῖς
372 1826 458 1879 ὅτι
489 1822 589 1877 οὐκ
618 1819 766 1891 ἔχεις
792 1816 1043 1889 χάρισμα
1081 1809 1467 1876 διδασκαλίας;
1514 1808 1638 1862 είπὲ
1685 1806 1749 1878 δή

147 1940 267 1992 μοι,
298 1920 360 1973 τί
393 1935 478 1973 σοι
506 1917 657 1970 δοκεῖ
691 1913 882 1986 μεῖζον
908 1906 1069 1977 εἶναι,
1102 1908 1348 1981 χάρισμα
1380 1900 1748 1966 διδασκαλίας,

158 2021 191 2089 ἢ
216 2019 473 2091 χάρισμα
500 2013 779 2085 ίαμάτων;
800 2009 1028 2071 Πάντως
1055 2003 1231 2060 τοῦτο.
1257 1996 1318 2054 Τί
1339 2000 1420 2066 δὲ,
1441 1998 1537 2053 τοῦ
1560 1997 1753 2060 νόσους

155 2115 490 2171 ἀπελαύνειν
504 2113 577 2167 ού
602 2112 755 2166 δοκεῖ
783 2125 869 2162 σοι
896 2106 1084 2178 μεῖζον
1111 2099 1252 2157 εἶναι
1278 2100 1343 2154 τὸ
1370 2097 1607 2168 τυφλοὺς
1650 2097 1753 2167 69.-

156 2210 396 2282 ματοῦν;
414 2209 480 2262 οὐ
504 2207 654 2261 δοκεῖ
682 2221 768 2258 σοι
797 2203 982 2274 μεῖξον
1010 2197 1151 2253 εἶναι
1167 2197 1230 2250 τδ
1250 2194 1482 2266 νεκροὺς
1502 2192 1749 2262 ἀνιστᾷν;

152 2306 217 2359 Τί
244 2306 327 2371 δὲ,
356 2303 483 2359 ειπέ
528 2319 658 2374 μοις
700 2298 797 2354 τοῦ
823 2298 967 2369 λόγῳ
995 2295 1160 2349 τοῦτο
1191 2294 1365 2347 ποιιῖν
1395 2290 1458 2343 οὐ
1485 2288 1633 2342 δοκεῖ
1669 2301 1753 2340 σοι

154 2403 349 2471 μεῖζον
364 2397 512 2455 εἶναι
528 2398 591 2450 τὸ
607 2395 788 2459 σκιαῖς
803 2393 899 2447 καὶ
916 2390 1217 2463 σουδαρίοις
1228 2386 1390 2442 τοῦτο
1400 2382 1750 2457 ὲργάζεσθαις

150 2498 220 2552 Τί
240 2493 347 2552 οὖν
372 2496 580 2559 θέλεις,
602 2491 728 2544 είπέ
755 2507 864 2560 μοι,
893 2489 1062 2550 σκιαῖς
1079 2488 1175 2541 xal
1198 2483 1502 2553 σουδαρίοις
1525 2478 1753 2549 νεκροὺς

153 2593 425 2662 ἁνιστᾷν,
462 2590 498 2660 ἢ
524 2588 592 2640 16
622 2587 869 2658 χάρισμα
895 2583 990 2653 τῆς
1011 2579 1360 2643 διδασκαλίας
1397 2578 1577 2649 ἕχειν;
1610 2573 1754 2628 Πάν-

153 2706 279 2752 τως
316 2689 526 2751 έκεῖνο,
566 2684 735 2756 ἐρεῖς,
756 2681 816 2735 τδ
837 2682 1019 2746 σκιαῖς
1053 2680 1149 2735 καὶ
1179 2674 1485 2749 σουδαρίοις
1524 2673 1753 2745 νεκροὺς

156 2784 418 2856 ἀνιστᾷν.

237 3087 325 3154 ς’.
355 3087 454 3140 “Av
482 3081 576 3139 οὖν
593 3101 673 3137 σοι
689 3082 871 3149 δείξω,
898 3082 981 3136 ὅτι
999 3078 1179 3150 πολλῷ
1197 3076 1386 3132 τούτου
1407 3074 1587 3146 μεῖζόν
1608 3075 1754 3128 ἐστιν

166 3194 364 3264 ἕτερον
398 3189 667 3261 χάρισμα,
699 3187 797 3242 xal
818 3186 940 3251 έξόν
972 3201 1057 3237 σοι
1089 3181 1300 3247 λαϐεῖν,
1326 3181 1397 3256 οὐ»
1435 3178 1752 3251 λαμϐάνων,

168 3287 401 3351 δικαίως
444 3285 541 3340 καὶ
589 3283 801 3337 τούτων
850 3279 1247 3349 ἀπεστέρησαι,
1293 3276 1345 3331 τί
1384 3276 1560 3346 ὲρεῖςς
1608 3273 1755 3345 Πλὴν

173 3386 335 3442 10610
363 3385 427 3439 τι
450 3382 703 3455 χάρισμα
730 3380 832 3451 ούχ
852 3380 953 3444 ἑνὶ,
992 3376 1111 3431 οὐδὲ
1137 3373 1398 3445 δευτέρῳ,
1423 3371 1561 3426 ἀλλά
1588 3372 1756 3425 πᾶσιν

176 3485 390 3550 δεεστιν
424 3480 592 3551 ἔχειν.
617 3473 749 3531 οἶδα
782 3478 865 3531 ὅτι
894 3478 1166 3545 κεχήνατε
1196 3472 1288 3526 καὶ
1312 3470 1677 3539 ἐξεπλάγητε,
1709 3467 1763 3520 εἴ

180 3601 241 3652 γε
275 3580 530 3652 μέλλοιτε
558 3574 913 3639 ἀκούσεσθαι,
937 3574 1020 3626 ὅτι
1051 3572 1258 3640 ἔξεστιν
1294 3570 1426 3639 ὑμῖν
1454 3565 1638 3638 μεῖζον
1661 3567 1760 3636 χάο

183 3695 356 3751 ρισμα
382 3675 528 3745 ἔχειν
557 3671 653 3726 τοῦ
681 3671 911 3743 νεκροὺς
935 3669 1182 3739 ἀνιστᾷν,
1205 3665 1299 3720 xal
1322 3664 1558 3733 τυφλοὺς
1582 3663 1757 3733 ὀμμα-

184 3773 332 3837 τοῦν,
360 3773 454 3826 καὶ
470 3772 654 3823 ἐκεῖνα
683 3770 857 3820 ποιεῖν
881 3766 917 3820 ἃ.
941 3765 1035 3819 xal
1064 3761 1285 3815 ἐπὶτῶν
1311 3757 1644 3814 ἀποστόλων·
1667 3757 1762 3809 xal

185 3870 325 3941 τάχα
355 3867 452 3920 καὶ
477 3866 706 3919 ἄπιστον
729 3865 861 3934 ὑμῖν
893 3857 1033 3915 εῖναι
1069 3859 1234 3913 δοκεῖ.
1261 3856 1326 3910 Τί
1351 3851 1444 3908 οὖν
1465 3852 1621 3906 τοῦτό
1645 3853 1760 3904 ἐστι

188 3967 242 4019 16
267 3965 554 4037 χάρισμας
592 3963 659 4015 Ἦ
701 3959 914 4029 ἀγάπη.
959 3952 1481 4024 Ἀλλάζπιστεύσατέ
1517 3967 1628 4021 μοι·
1659 3950 1761 4003 06x

189 4065 315 4135 ἰμος
344 4064 458 4133 γὰρ
490 4056 645 4123 οὗτος
664 4062 694 4113 6
721 4059 900 4126 λόγος,
934 4056 1070 4109 ἀλλὰ
1099 4053 1193 4107 τοῦ
1224 4049 1461 4123 Χριστοῦ
1486 4049 1576 4103 διά
1610 4046 1761 4101 Παύ-

191 4163 279 4217 λου
303 4159 708 4232 φθεγγομένου.
743 4158 812 4210 Τί
852 4157 959 4225 γάρ
990 4170 1123 4224 φησι
1148 4169 1164 4218 ;
1193 4150 1457 4219 Ζηλοῦτε
1490 4148 1564 4202 τὰ
1599 4148 1763 4216 χαρί-

192 4275 388 4329 σματα
410 4258 485 4309 τὰ
515 4255 844 4324 κρείττονα,
873 4252 966 4305 καί
992 4250 1079 4303 ἔτι
1101 4247 1232 4303 καθ’
1255 4244 1598 4315 ὑπερϐολὴν
1618 4243 1763 4299 ὁδὸν

194 4354 331 4423 ὑμῖν
354 4352 648 4418 δείκνυμι.
680 4348 745 4400 Τί
774 4349 943 4410 ἔστιν,
980 4348 1109 4400 Ἔτι
1133 4345 1260 4398 καθ’
1284 4338 1659 4409 ὐπερϐολήνς
1695 4341 1760 4391 Ὃ

195 4447 308 4521 [36]
334 4449 487 4515 λέγει
523 4444 770 4499 τοιοῦτόν
805 4444 919 4496 ἐστι
943 4459 959 4475 ο
992 4440 1270 4513 Κορίνθιοι
1322 4438 1466 4509 μέγα
1497 4435 1761 4506 ἐφρόνουν

194 4544 287 4598 ἐπὶ
319 4546 433 4606 τοῖς
458 4542 768 4612 χαρίσμασι
784 4539 931 4603 τότε,
962 4537 1057 4591 xal
1082 4538 1134 4589 οί
1162 4536 1380 4606 ἔχοντες
1409 4532 1685 4601 γλώσσας,
1700 4527 1762 4582 16

195 4643 476 4713 ἐλάχιστον
529 4640 801 4710 χάρισμα.
830 4634 1154 4706 ὲφυσιοῦντο
1202 4632 1346 4687 κατὰ
1390 4630 1498 4684 τῶν
1534 4628 1759 4683 λοιπῶν.

196 4738 359 4805 Λέγει
392 4731 507 4789 οὖν’
533 4734 711 4799 Ὀλως
748 4734 931 4787 θέλετε
966 4730 1317 4802 χαρίσματα;
1372 4725 1483 4795 ἐγὼ
1514 4724 1765 4794 δείκνυμι

198 4834 323 4903 ὑμῖν
369 4832 491 4885 ὁδδν
530 4830 908 4902 χαρισμάτων,
960 4828 1060 4896 οὐχ
1120 4824 1309 4885 ἁπλῶς
1364 4820 1763 4891 ὑπερέχουσαν,

196 4927 327 4981 ἀλλά
358 4929 483 4981 καθ’
508 4924 831 4997 ὑπερϐολήν.
858 4920 993 4978 Εἶτά
1022 4937 1207 4992 φησιν,
1242 4917 1378 4972 Ἐὰν
1405 4914 1534 4982 ταῖς
1566 4913 1764 4985 γλώσ-

198 5041 333 5090 σαις
358 5021 485 5077 τῶν
507 5021 776 5093 ἀγγέλων
800 5018 992 5081 λαλῶ,
1025 5016 1271 5086 ἀγάπην
1296 5014 1363 5069 δὲ
1386 5012 1469 5082 μὴ
1503 5010 1643 5080 ἔχω,
1664 5010 1767 5063 οὐ·

198 5119 302 5176 δέν
324 5123 440 5191 ειμι
467 5137 485 5152 -
524 5118 624 5173 καί
647 5119 756 5174 ἐὰν
773 5118 890 5187 ἔχω
916 5116 1147 5179 πίστιν,
1182 5111 1336 5166 ὥστε
1354 5111 1461 5177 ὄρη
1488 5105 1770 5177 μεθιστά-

198 5237 343 5285 νειν,
377 5218 624 5289 ἀγάπην
664 5216 735 5271 δὲ
779 5215 865 5286 μὴ
903 5215 1044 5283 ἔχω,
1092 5209 1274 5266 οὐδέν
1318 5209 1454 5276 εἰμι.
1486 5203 1641 5268 Εἶδες
1669 5203 1769 5275 χά-

201 5334 404 5388 ρισμα;
434 5313 645 5369 Οὐκοῦν
674 5313 917 5384 ζήλωσον
938 5309 1094 5365 τοῦτο
1111 5310 1172 5360 τὸ
1197 5306 1462 5377 χάρισμα.
1484 5302 1654 5356 Τοῦτο
1671 5300 1767 5355 τοῦ

198 5413 426 5482 νεκροὺς
447 5410 687 5481 ἐγείρειν
716 5406 900 5478 μεῖζον
922 5422 937 5438 ⁸
967 5404 1126 5458 τοῦτο
1156 5401 1267 5457 τῶν
1293 5401 1469 5455 ἀλλων
1515 5398 1770 5452 ἁπάντων

198 5507 379 5577 πολλῷ
414 5507 644 5577 βέλτιον.
670 5505 783 5558 Kal
809 5505 892 5558 ὅτι
945 5502 1106 5556 τοῦτο
1153 5498 1329 5561 οὕτως
1359 5497 1496 5568 ἔχει,
1541 5496 1771 5550 ἄκουσον

196 5604 247 5656 τί
283 5620 453 5675 φησιν
488 5604 520 5656 6
573 5600 839 5674 Χριστὸςο
860 5602 976 5663 τοῖς
1023 5597 1290 5670 μαθηταῖς
1335 5592 1720 5663 διαλεγόμενος
1750 5606 1766 5623 ο

207 5701 312 5757 Ἑν
354 5702 549 5766 τούτῳ
588 5701 925 5772 γνώσονται
966 5698 1207 5762 πάντες,
1230 5696 1320 5750 ὅτι
1363 5692 1493 5764 ἐμοί
1515 5694 1773 5763 μαθηταί

196 5797 363 5865 ἐστε,
386 5798 501 5852 ἐὰν
514 5797 782 5869 ἀγαπᾶτε
801 5793 1133 5862 ἀλλήλους.
1160 5788 1289 5846 Εἶτα
1305 5790 1516 5852 δεικνὺς
1538 5789 1597 5841 έν
1613 5786 1769 5859 ποίῳ,

197 5888 452 5967 οῦκ-εἷπε
478 5895 547 5949 τὰ
576 5895 853 5964 θαύματα,
881 5893 1016 5947 ἀλλὰ
1034 5892 1086 5945 τί
1112 5909 1127 5956 ;
1163 5890 1305 5945 Ἐὰν
1327 5888 1567 5958 ἀγάπην
1593 5886 1771 5956 ἔχητε

1853 1423 2029 1493 χωρὶς
2074 1423 2195 1476 οὐδὲ
2238 1422 2541 1495 μαρτύριον
2600 1424 2883 1494 ὠφελῆσαί
2934 1444 2989 1480 τι
3035 1429 3278 1482 δύναται.
3327 1430 3438 1483 Kal

1856 1523 1947 1577 ῖνα
1979 1521 2177 1594 μάθῃς,
2227 1522 2329 1593 ὅρα
2380 1521 2542 1577 τοῦτο
2592 1522 2782 1592 σαφῶς
2807 1539 2821 1550 ·
2858 1522 3017 1576 ἔλαϐε
3047 1523 3141 1577 δύο
3191 1526 3437 1596 κορυφὰς

1854 1620 2066 1693 ἀρετῶν
2101 1621 2129 1673 6
2159 1621 2431 1692 μακάριος
2466 1620 2704 1687 Παῦλος,
2734 1620 2937 1692 μᾶλλον
2970 1622 3029 1675 δὲ
3054 1624 3224 1694 τρεῖς,
3249 1623 3347 1690 τὰς
3376 1624 3436 1678 έν

1851 1720 1968 1782 τοῖς
2001 1717 2269 1789 σημείοις,
2310 1720 2411 1783 τάς
2451 1719 2510 1773 ὲν
2552 1721 2621 1790 τῇ
2669 1718 2890 1789 γνώσει,
2923 1720 3026 1783 τὰς
3068 1721 3128 1775 ἐν
3169 1719 3249 1791 τῷ
3286 1719 3386 1794 βίῳ
3414 1738 3433 1753 ’

1853 1816 1950 1870 καὶ
1996 1814 2201 1885 ταύτης
2235 1816 2364 1870 ἀνευ
2409 1814 2562 1869 οὐδὲν
2592 1815 2797 1886 ἔφησεν
2818 1812 2964 1871 εἶναι
2997 1815 3195 1870 ταῦτα.
3226 1816 3350 1880 Πῶς
3375 1817 3435 1871 δὲ

1853 1913 2011 1966 οὐδέν
2038 1914 2156 1965 ἐστι
2200 1912 2398 1978 ταῦτα,
2442 1911 2554 1982 ἐγὼ
2599 1911 2764 1978 λέγω·
2832 1912 2977 1966 Ἐὰν
3011 1913 3265 1981 ψωμίσω
3289 1930 3435 1983 μου,

1856 2009 2012 2080 φησὶ,
2076 2009 2150 2063 τὰ
2175 2007 2548 2077 ὑπάρχοντα,
2584 2007 2829 2078 ἀγάπην
2855 2008 2924 2061 δὲ
2959 2007 3045 2077 μὴ
3076 2008 3216 2078 ἔχω,
3255 2008 3439 2063 οὐδέν

1854 2109 1993 2176 ειμι.
2029 2107 2186 2161 Ἐστι
2226 2106 2336 2177 γὰρ
2381 2104 2476 2159 καὶ
2503 2103 2822 2175 ψωμίζοντα
2857 2102 2934 2175 μὴ
2968 2099 3109 2157 εἶναι
3158 2103 3438 2174 ἀγαπητι-

1856 2203 1976 2269 κὸν,
2007 2203 2102 2256 καὶ
2143 2203 2403 2273 χρήματα
2448 2199 2734 2255 κενοῦντα.
2770 2200 2882 2253 Kal
2908 2198 3127 2270 εἴρηται
3173 2198 3274 2270 μὲν
3303 2200 3439 2270 ἡμῖν

1854 2299 2029 2355 ταῦτα
2060 2297 2375 2373 ἀρκούντως
2396 2297 2455 2352 ἐν
2484 2297 2564 2369 τῷ
2600 2296 2752 2367 τόπῳ
2779 2296 2858 2368 τῷ
2885 2297 3016 2367 περὶ
3054 2297 3155 2367 τῆς
3189 2296 3434 2368 ἀγάπης,

1855 2397 2019 2479 κάκεῖ
2064 2394 2516 2466 παραπέμπομεν
2566 2394 2696 2456 τοὺς
2753 2393 3187 2463 ἐντυγχάνοντας
3239 2409 3255 2425 ’
3296 2394 3436 2458 τέως

1852 2493 1930 2558 δὲ,
1957 2494 2096 2564 ὅπερ
2125 2490 2286 2564 ἔφην,
2326 2488 2663 2560 ζηλώσωμεν
2687 2489 2749 2542 τδ
2797 2488 3071 2560 χάρισμα,
3125 2491 3435 2562 ἀγαπήσω-

1858 2607 1956 2662 μεν
1986 2589 2272 2662 ἀλλήλους,
2305 2589 2398 2642 καὶ
2428 2586 2642 2651 οὐδενὸς
2671 2586 2863 2657 ἑτέρου
2886 2585 3267 2658 δεηθησόμεθα
3291 2585 3435 2657 πρὸς

1853 2690 1952 2761 τὴν
1985 2689 2084 2760 τῆς
2107 2686 2309 2758 ἀρετῆς
2335 2685 2694 2754 κατόρθωσιν,
2722 2682 2859 2738 ἀλλὰ
2891 2682 3070 2738 πάντα
3095 2685 3228 2754 ήμῖν
3272 2683 3436 2738 ἔσται

1854 2784 2053 2839 εῦκολα
2090 2783 2263 2855 χωρὶς
2310 2779 2575 2853 ίδρὼτων,
2616 2780 2714 2836 xal
2742 2781 2960 2834 ᾶπαντα
3011 2780 3437 2852 κατορθώσομεν

1858 2881 1997 2954 μετά
2031 2879 2231 2950 πολλῆς
2268 2878 2368 2949 τῆς
2397 2878 2658 2948 σπουδῆς.
2701 2877 2842 2931 Ἀλλ’
2877 2878 2987 2931 ίδοὺ
3028 2879 3124 2931 xal
3156 2877 3271 2945 v6v,
3323 2896 3435 2950 φη-

1857 2981 1964 3044 σὶν,
1995 2977 2302 3049 ἀγαπῶμεν
2349 2976 2615 3045 ἀλλήλους
2665 2993 2680 3008 ·
2729 2976 2760 3029 6
2815 2977 2913 3047 μὲν
2943 2974 3053 3046 γὰρ
3082 2976 3196 3046 ἔχει
3248 2976 3437 3045 φίλους

1855 3075 1969 3142 δύο,
2001 3076 2035 3147 ἧ
2089 3077 2258 3146 τρεῖς,
2299 3072 2413 3145 [57]
2439 3074 2469 3125 6
2523 3073 2583 3125 δὲ
2616 3072 2908 3144 τέτταρας.
2961 3072 3121 3126 Ἀλλά
3154 3072 3312 3127 τοῦτο
3335 3073 3437 3126 οὐκ

1857 3176 1975 3229 ἐστι
2006 3174 2095 3228 διὰ
2117 3172 2209 3229 τὸν
2233 3173 2367 3228 Θεὸν
2394 3172 2639 3243 ἀγαπᾷν,
2669 3171 2807 3225 ἀλλά
2831 3171 2919 3225 διὰ
2938 3172 2998 3225 τὸ
3031 3170 3307 3239 φιλεῖσθαι
3332 3186 3346 3201 ·
3373 3172 3438 3224 τὸ

1857 3274 1914 3329 δὲ
1943 3273 2032 3327 διὰ
2055 3273 2147 3326 τὸν
2190 3271 2323 3324 Θεὸν
2366 3270 2612 3339 ἀγαπᾷν,
2642 3269 2703 3320 ού
2733 3267 2939 3339 ταύτην
2970 3267 3085 3338 ἔχει
3112 3266 3212 3337 τὴν
3262 3264 3437 3337 ἀρχὴν

1857 3385 1955 3453 τῆς
1979 3383 2220 3451 ἀγάπης,
2251 3379 2388 3434 ἀλλὰ
2420 3378 2559 3450 πρὸς
2601 3377 2837 3443 πάντας,
2872 3376 2948 3441 ὡς
2979 3376 3117 3449 πρὸς
3144 3376 3435 3446 ἀδελφοὺς,

1859 3484 1888 3536 6
1932 3480 2175 3542 τοιοῦτος
2233 3476 2591 3542 διακείσεται,
2627 3476 2754 3540 τοὺς
2806 3475 2903 3547 μὲν
2950 3475 3302 3546 δμοπίστους,
3340 3475 3438 3530 ἆτε

1858 3580 2118 3652 γνησίους
2143 3577 2305 3640 δντας
2332 3575 2620 3644 ἀδελφοὺς,
2661 3574 2852 3644 φιλῶν,
2881 3575 3008 3637 τοὺς
3037 3574 3095 3626 δὲ
3125 3574 3440 3644 αίρετικοῦς

1860 3679 1955 3732 xal
1991 3674 2263 3744 Ἕλληνας
2291 3672 2387 3725 xal
2428 3670 2738 3735 Ἰουδαίους,
2761 3670 2837 3730 ὼς
2860 3668 3129 3737 ἀδελφοὺς
3164 3668 3264 3738 μὲν
3295 3666 3439 3718 κατά

1861 3773 1959 3845 τὴν
1989 3773 2175 3841 φύσιν,
2211 3767 2454 3838 φαύλους
2489 3766 2547 3818 δὲ
2579 3766 2949 3834 τυγχάνοντας
2979 3766 3075 3815 καὶ
3104 3762 3437 3833 ἀχρήστους,

1861 3869 2053 3935 ἐλεῶν,
2085 3869 2183 3922 καὶ
2214 3865 2516 3935 τηκόμενος
2544 3864 2685 3931 ὑπὲρ
2717 3860 2899 3913 αὐτῶν
2919 3860 3014 3912 καὶ
3037 3857 3312 3929 δακρύων.
3351 3858 3441 3911 Ἑν

1860 3967 2036 4036 τούτῳ
2058 3966 2238 4035 ὅμοιοι
2284 3960 2522 4031 ἐσόμεθα
2549 3958 2628 4028 τῷ
2658 3955 2799 4025 Θεῷ,
2834 3955 2929 4009 ἐὰν
2973 3954 3183 4017 πάντας
3210 3953 3440 4022 ἀγαπῶ-

1866 4086 1985 4142 μεν,
2045 4064 2142 4120 xal
2185 4063 2313 4123 106;
2365 4058 2616 4129 ἐχθροὺς,
2647 4057 2747 4109 οὑκ
2783 4054 2877 4109 ἐὰν
2925 4055 3127 4125 σημεῖα
3171 4051 3437 4123 ποιῶμεν.

1875 4167 2028 4223 Ἐπεὶ
2056 4167 2153 4219 xal
2196 4162 2287 4217 τὸν
2311 4158 2446 4213 Θεδν
2475 4156 2834 4227 θαυμάζομεν
2867 4153 2966 4224 μὲν
3008 4152 3103 4215 καὶ
3129 4152 3263 4208 ὅταν
3311 4150 3442 4205 θαύ-

1867 4283 2013 4339 ματα
2059 4259 2386 4333 ἐργάζηται,
2419 4255 2601 4325 πολλῷ
2656 4253 2712 4306 δὲ
2744 4252 2929 4315 πλέον,
2974 4251 3103 4304 ὅταν
3134 4248 3441 4320 φιλανθρω-

1867 4364 2124 4433 πεύηται,
2173 4359 2302 4411 ὅταν
2354 4353 2677 4422 ἀνεξικακῇ.
2724 4350 2787 4404 Εἰ
2836 4348 3017 4402 τοίνυν
3068 4347 3161 4399 xal
3218 4348 3307 4397 ἐπὶ
3342 4343 3439 4396 τοῦ

1867 4462 2000 4516 Θεοῦ
2029 4461 2206 4513 έκεῖνο
2232 4452 2430 4510 πολλοῦ
2478 4451 2760 4520 θαύματος
2806 4446 2977 4512 ἀξιον,
3024 4442 3207 4512 πολλῷ
3240 4442 3440 4511 μᾶλλον

1866 4560 1952 4613 ἐπ’
1984 4554 2287 4627 ἀνθρώπων
2315 4550 2535 4621 εὔδηλον
2567 4559 2594 4588 ι
2622 4546 2704 4599 δτι
2733 4542 2892 4598 τοῦτο
2917 4542 3063 4613 ἡμᾶς
3094 4538 3441 4610 θαυμαστοὺς

1867 4657 2267 4732 ἀπεργάζεται.
2302 4652 2474 4708 Τοῦτο
2523 4648 2702 4703 τοίνυν
2733 4643 3067 4717 ζηλὼσωμεν
3111 4659 3126 4674 ·
3161 4643 3257 4694 xal
3293 4640 3441 4694 Παύ-

1865 4763 1959 4816 λου
2017 4760 2113 4814 xal
2166 4756 2378 4827 Πέτρου
2432 4752 2529 4806 καὶ
2585 4748 2696 4804 τῶν
2750 4746 2978 4818 μυρίους
3019 4743 3443 4805 άναστησάντων

1866 4858 2095 4929 νεκροὺς
2124 4854 2276 4909 οὐδὲν
2317 4851 2541 4905 ἔλαττον
2574 4848 2790 4916 ἕξομεν,
2823 4845 2928 4898 κᾶν
2974 4840 3209 4914 πυρετὸν
3241 4840 3445 4896 ἀπελά-

1871 4975 1959 5012 σαι
1991 4954 2066 5026 μή
2091 4949 2376 5020 δυνώμεθα
2408 4963 2422 4977 ·
2452 4946 2668 5014 ἐκείνης
2694 4941 2751 4995 δὲ
2778 4940 2968 5012 χωρὶς,
2996 4938 3099 4992 κᾶν
3122 4936 3303 4991 αὐτῶν
3332 4936 3444 4991 τῶν

1868 5050 2181 5109 ἀποστόλων
2237 5044 2459 5117 μείζονα
2504 5038 2878 5112 ἐργασώμεθα
2918 5038 3142 5105 σημεῖα,
3184 5036 3288 5090 κᾶν
3335 5054 3440 5107 μυ-
3488 5106 3509 5111 ﬁ

1873 5152 2007 5224 ρίοις
2033 5144 2300 5207 κινδύνοις
2334 5141 2563 5202 ἑαυτοὺς
2599 5137 2739 5209 ὑπὲρ
2778 5134 2880 5203 τῆς
2914 5132 3151 5198 πίστεως
3194 5135 3443 5207 παραδά-

1868 5250 2070 5318 λωμεν,
2102 5243 2255 5298 οὐδὲν
2284 5242 2417 5312 ἡμῖν
2447 5238 2602 5291 ἔσται
2632 5233 2845 5302 ὄφελος.
2870 5232 2980 5286 Kal
3011 5232 3185 5287 ταῦτα
3210 5237 3311 5287 οὐκ
3331 5232 3444 5301 ἐγὼ

1870 5346 2036 5414 λέγω,
2066 5340 2179 5394 ἀλλ’
2206 5338 2368 5400 αὐτὸς
2395 5337 2424 5389 6
2453 5333 2551 5397 τῆς
2581 5332 2802 5400 ἀγάπης
2830 5331 3100 5400 τρόφιμος
3128 5330 3301 5383 ταῦτα
3321 5327 3445 5382 ἐπί-

1874 5458 2067 5497 σταται
2090 5455 2104 5467 ⁸
2134 5437 2330 5506 ἐκείνῳ
2352 5433 2533 5487 τοίνυν
2574 5427 2916 5496 πειθώμεθα.
2950 5428 3113 5482 Οῦτω
3140 5425 3247 5497 γὰρ
3282 5425 3446 5496 δυνη-

1874 5537 2082 5610 σόμεθα
2124 5535 2403 5603 ἐπιτυχεῖν
2433 5529 2541 5582 τῶν
2598 5526 3032 5598 ἐπηγγελμένων
3067 5522 3291 5594 ἀγαθῶν
3320 5537 3338 5553 ο
3366 5513 3442 5577 ὧν

1872 5636 2085 5708 γένοιτο
2134 5634 2342 5695 πάντας
2373 5628 2520 5700 ήμᾶς
2555 5627 2869 5699 μετασχεῖν,
2903 5623 3086 5694 χάριτι
3129 5619 3225 5676 καὶ
3256 5617 3449 5690 φιλαν-

1940 5887 1956 5910 ⁹
1980 5886 2196 5938 Dunmns
2217 5894 2278 5932 ex
2308 5879 2544 5939 hiuliauo,
2567 5879 2670 5927 ὅθεν
2700 5875 2896 5934 εὔδηλον
