4088 6212
320 252 391 306 37
1220 256 1283 310 IN
1326 255 1535 311 El‘lST.
1580 255 1672 308 AD
1714 254 1889 309 llEDll

2006 252 2074 307 lS.
2118 251 2271 307 CAP.
2297 251 2357 309 11.
2386 251 2615 307 1103111..
2648 251 2737 311 Ν.
3505 260 3575 319 τω

307 380 572 436 mns.pro
602 363 727 429 fide,
763 364 916 419 nobis
968 362 1099 417 nihil
1149 365 1386 433 prodest.
1418 364 1487 419 Et
1520 365 1632 421 haec
1658 382 1760 422 non
1793 383 1897 438 ego

302 456 450 518 dico.
502 454 595 509 sed
643 453 760 508 haec
804 455 915 523 ipse
966 455 1067 507 scit
1106 455 1193 521 qui
1224 463 1304 508 est
1344 455 1591 509 alumnus
1618 459 1892 514 caritatis:

305 547 385 601 illi
418 562 549 617 ergo
571 560 877 615 pareamus.
901 544 990 599 Sic
1020 545 1164 599 enim
1195 546 1492 613 poterimus
1518 549 1728 616 assequi
1755 549 1891 604 bona

306 637 579 707 promissa
609 655 622 690 :
652 650 773 707 qua:
803 634 1021 705 quidem
1049 634 1208 690 detur
1235 635 1392 690 nobis
1417 636 1671 692 omnibus
1697 628 1892 695 consev

1606 808 1744 815 Μ

311 959 443 1013 ευ.
474 958 528 1012 2.
562 975 612 1012 v.
643 956 698 1015 5.
732 957 855 1013 Non
897 958 1031 1012 enim
1062 959 1260 1029 angelis
1304 958 1515 1025 subiecit
1565 955 1699 1012 Deus
1728 957 1900 1012 orbem

388 1061 540 1105 terra
565 1053 819 1121 futurum,
843 1050 906 1103 de
948 1065 1046 1119 quo
1074 1049 1348 1120 loquimur.
1368 1049 1425 1104 6.
1449 1048 1680 1103 Testatus
1707 1059 1777 1102 est
1804 1065 1896 1101 au-

387 1153 485 1196 tem
512 1143 566 1195 in
588 1141 810 1211 quodam
834 1141 944 1195 loco
964 1142 1096 1211 quis,
1115 1141 1285 1194 dicens
1306 1155 1323 1194 :
1345 1140 1479 1207 Quid
1503 1149 1572 1193 est
1595 1140 1744 1192 homo
1764 1138 1900 1209 quod

384 1247 574 1285 memor
609 1248 661 1285 es
702 1232 861 1300 ejus?
910 1240 999 1283 aut
1043 1231 1181 1299 ﬁlius
1212 1230 1431 1283 hominis
1464 1230 1702 1299 quoniam
1728 1230 1899 1282 visitas

385 1324 547 1376 eum?
588 1322 640 1376 7.
685 1320 926 1376 Minuisti
952 1338 1063 1376 eum
1092 1322 1245 1391 paulo
1291 1324 1458 1397 minus
1489 1322 1551 1374 ab
1583 1321 1798 1393 angelis.

398 1500 453 1554 1.
483 1499 679 1555 Vellem
700 1508 890 1570 aperte
932 1500 1094 1566 scire,
1122 1516 1187 1553 an
1218 1498 1379 1569 aliqui
1408 1514 1527 1554 cum
1559 1513 1624 1555 eo
1669 1513 1774 1569 quo
1803 1514 1897 1570 par

312 1603 400 1651 est
443 1594 622 1649 studio
650 1593 864 1647 audiant
889 1608 1014 1663 qua:
1055 1593 1325 1656 dicuntur,
1355 1608 1424 1647 ne
1463 1592 1614 1662 juxta
1647 1592 1782 1645 viam
1810 1591 1897 1661 ja-

312 1688 520 1741 ciamus
570 1686 773 1740 semina
820 1702 836 1738 :
888 1685 968 1739 sic
1014 1684 1156 1739 enim
1208 1683 1521 1754 promptiori
1550 1692 1603 1739 et
1648 1685 1894 1739 alacriori

316 1779 497 1833 animo
517 1778 857 1834 traderemus
878 1777 1195 1832 doctrinam.
1230 1778 1477 1833 Dicemus
1501 1778 1891 1844 enim,etiamsi

318 1883 476 1924 nemo
503 1869 706 1933 audiat,
751 1878 974 1938 propter
1015 1879 1239 1933 metum,
1270 1869 1361 1939 qui
1408 1869 1683 1938 impendet
1708 1885 1736 1923 a
1766 1870 1895 1925 Ser-

316 1972 515 2017 vatone.
562 1962 884 2017 Contestare
914 1962 1081 2028 enim,
1114 1961 1306 2032 inquit,
1340 1961 1465 2017 huic
1494 1962 1689 2032 populo
1724 1980 1737 2015 :
1765 1971 1819 2016 et
1846 1963 1891 2016 si

314 2068 420 2107 non
463 2052 754 2119 audierint,
784 2053 902 2122 ipse
930 2068 1035 2108 non
1067 2053 1173 2108 eris
1199 2053 1373 2123 culpae
1400 2052 1594 2107 afﬁnis.
1627 2053 1685 2108 Si
1712 2060 1890 2108 autem

315 2143 442 2197 mihi
471 2152 618 2198 esset
644 2157 966 2211 persuasum
999 2142 1066 2198 de
1094 2151 1272 2198 vestro
1310 2143 1489 2198 studio
1515 2150 1569 2199 et
1594 2142 1888 2212 diligentia,

315 2250 420 2289 non
450 2238 624 2289 solum
659 2234 897 2290 dicerem
946 2244 1169 2305 propter
1213 2243 1437 2298 metum,
1459 2233 1555 2289 sed
1600 2232 1701 2289 hoc
1732 2232 1891 2288 etiam

314 2326 549 2382 facerem
594 2342 717 2381 cum
764 2326 1054 2397 voluptate.
1102 2325 1256 2381 Nunc
1281 2327 1446 2392 enim,
1474 2324 1687 2380 etiamsi
1733 2339 1893 2379 nemo

312 2421 536 2487 audiat,
566 2420 778 2475 etiamsi
824 2434 909 2474 res
955 2419 1083 2474 mihi
1114 2420 1184 2474 sit
1225 2420 1427 2490 absque
1457 2418 1691 2490 periculo
1745 2433 1893 2473 meas

318 2522 505 2580 partes
536 2510 803 2578 implenti,
827 2511 915 2565 sed
948 2520 1125 2566 tamen
1172 2509 1375 2579 absque
1423 2510 1694 2581 voluptate
1744 2510 1895 2564 labor

318 2601 631 2669 Suscipitnr.
660 2600 788 2654 Nam
816 2601 939 2671 quid
973 2600 1216 2671 prodest,
1247 2599 1458 2671 quando
1490 2599 1541 2654 in
1569 2614 1657 2655 me
1681 2599 1894 2670 quidem

316 2691 459 2745 nulla
498 2691 768 2747 confertur
800 2691 980 2762 culpa,
1014 2707 1171 2747 nemo
1196 2702 1375 2747 autem
1407 2691 1665 2761 juvatur?
1707 2691 1761 2747 Si
1804 2693 1894 2761 qui

314 2794 500 2839 autem
544 2785 654 2839 sint
680 2785 919 2839 animum
953 2785 1266 2850 adhibituri,
1297 2800 1407 2840 non
1459 2794 1661 2841 tantam
1710 2786 1895 2855 capie-

309 2892 434 2931 mus
463 2877 740 2932 utilitatem
780 2893 848 2932 ex
882 2892 948 2933 eo
976 2877 1119 2948 quod
1147 2893 1253 2932 non
1294 2878 1597 2947 puniamur,
1638 2886 1893 2949 quantum

311 2984 381 3024 ex
414 2982 593 3024 vestro
617 2969 879 3040 profectu.
902 2969 1181 3038 Quomodo
1205 2984 1333 3040 ergo
1361 2970 1466 3043 hoc
1504 2971 1671 3027 sciam
1696 2971 1719 3024 ?
1760 2971 1893 3027 Cum

309 3062 667 3117 observavero
693 3078 757 3117 ex
790 3063 945 3119 vobis
974 3062 1181 3133 aliquos
1209 3062 1299 3134 qui
1329 3077 1436 3118 non
1480 3064 1717 3119 animum
1745 3064 1898 3120 adhi-

307 3154 491 3222 beant,
534 3165 663 3211 tunc
692 3170 935 3211 seorsum
966 3154 1292 3211 conveniens
1336 3170 1433 3213 eos
1477 3156 1719 3227 rogabo;
1765 3166 1818 3213 et
1849 3159 1893 3213 si

307 3246 565 3302 inven’ero
595 3248 892 3303 retinentes
917 3247 1093 3317 aliqua
1112 3261 1175 3302 ex
1202 3246 1269 3303 iis
1290 3262 1410 3318 qua:
1440 3248 1584 3303 dicta
1612 3257 1754 3314 sunt,
1787 3264 1892 3303 non

306 3337 432 3392 dico
471 3338 684 3402 omnia;
731 3353 837 3392 non
870 3346 952 3394 est
977 3338 1119 3393 enim
1149 3337 1253 3393 hoc
1284 3339 1435 3394 vobis
1467 3338 1658 3407 facile;
1686 3341 1779 3396 sed
1812 3342 1892 3397 vel

308 3445 478 3500 pauca
516 3446 581 3485 ex
631 3432 833 3497 multis,
878 3440 963 3486 est
1009 3431 1348 3502 perspicuum
1393 3432 1537 3503 quod
1575 3433 1643 3489 de
1681 3436 1892 3490 caeteris

303 3533 490 3593 postea
519 3538 625 3577 non
652 3522 926 3578 dubitabo.
964 3523 1029 3577 Et
1054 3523 1337 3593 oportebat
1362 3523 1578 3594 quidem
1616 3541 1737 3590 nos,
1760 3542 1882 3582 cum

307 3628 415 3669 non
444 3614 896 3683 prmdixissemus,
930 3630 996 3670 ex
1026 3615 1316 3685 improviso
1345 3630 1441 3670 vos
1469 3617 1688 3689 aggredi
1721 3636 1734 3671 :
1768 3634 1874 3674 cre-

310 3716 480 3761 terum
523 3718 739 3778 gratum
786 3708 910 3774 erit,
961 3708 1005 3762 si
1060 3708 1143 3762 vel
1173 3708 1252 3762 sic
1310 3708 1578 3777 possimus
1628 3712 1885 3783 assequi;

310 3797 420 3853 imo
447 3814 573 3853 vero
622 3799 701 3853 sic
729 3814 944 3870 quoque
987 3812 1203 3869 possum
1234 3813 1330 3853 vos
1382 3799 1624 3857 incautos
1649 3802 1888 3873 aggredi.

304 3887 444 3943 Nam
492 3890 716 3960 przedixi
753 3890 967 3961 quidem
990 3889 1133 3961 quod
1177 3904 1273 3946 vos
1297 3890 1397 3946 sim
1431 3892 1886 3964 interrogaturus:

302 3979 519 4050 quando
567 3991 746 4036 autem
797 3982 897 4036 sim
930 3980 1380 4053 interrogaturus,
1415 3982 1652 4038 nondum
1683 3985 1888 4054 aperio.

304 4070 467 4126 Forte
516 4073 657 4125 enim
709 4071 897 4136 hodie,
957 4073 1090 4126 forte
1134 4086 1294 4135 cras,
1346 4071 1482 4126 forte
1533 4081 1711 4128 autem
1768 4086 1888 4143 post

310 4161 504 4232 viginti
533 4173 623 4219 aut
654 4164 870 4235 triginta
905 4163 1040 4229 dies,
1064 4162 1203 4219 forte
1236 4172 1417 4220 autem
1446 4172 1569 4236 post
1590 4163 1897 4235 pauciores.

312 4254 452 4311 forte
478 4264 659 4312 autem
695 4265 815 4328 post
842 4256 1044 4327 plures.

384 4343 569 4399 Mortis
614 4356 808 4416 tempus
845 4363 939 4400 cur
971 4348 1112 4405 nobis
1153 4351 1400 4405 incertum
1421 4346 1507 4402 sit.
1527 4377 1596 4388 —
1622 4345 1712 4402 Sic
1737 4346 1898 4401 etiam

310 4434 454 4489 diem
480 4437 670 4491 mortis
696 4438 851 4493 nobis
881 4438 1019 4495 Deus
1047 4439 1175 4497 fecit
1202 4441 1503 4495 incertum:
1534 4452 1714 4509 neque
1745 4436 1902 4491 nobis

311 4529 523 4598 aperuit
553 4544 622 4583 an
654 4527 834 4596 hodie,
878 4546 945 4585 an
972 4545 1187 4598 cras,an
1208 4541 1329 4602 post
1370 4540 1541 4587 totum
1581 4544 1800 4591 annum.
1833 4543 1901 4583 an

312 4627 435 4686 post
460 4619 654 4674 multos
691 4636 862 4676 annos
888 4623 960 4677 sit
981 4622 1283 4689 adfuturus,
1314 4633 1371 4678 ut
1396 4632 1615 4693 propter
1641 4621 1902 4677 incertam

313 4711 771 4778 exspectationem
794 4728 893 4767 nos
922 4714 975 4769 in
1004 4716 1204 4770 virtute
1223 4725 1483 4785 perpetuo
1498 4714 1900 4769 contineamus:

311 4808 369 4853 et
390 4799 753 4873 dixitquidem
781 4806 925 4876 quod
950 4807 1118 4862 simus
1137 4807 1435 4874 excessuri;
1460 4806 1673 4878 quando
1698 4818 1903 4875 autem,

310 4893 559 4947 minime.
595 4895 670 4949 Ita
705 4911 804 4966 ego
834 4914 1047 4968 quoque
1072 4898 1181 4953 dixi
1214 4914 1300 4954 tne
1335 4907 1665 4969 rogaturum,
1689 4897 1905 4968 quando

308 4994 516 5046 autem,
536 5001 640 5039 non
661 4986 863 5054 addidi,
885 4989 1073 5044 volens
1090 5005 1183 5044 vos
1199 5004 1319 5045 esse
1336 4998 1591 5060 perpetuo
1612 4987 1899 5043 sotlicitos.

308 5074 421 5129 Nec
447 5074 589 5130 dicat
617 5078 905 5148 quispiam,
936 5083 1079 5135 Ante
1110 5089 1361 5150 quatuor,
1391 5090 1485 5135 aut
1518 5078 1775 5150 quinque,
1805 5086 1897 5132 aut

317 5169 481 5223 etiam
510 5170 697 5238 plures
726 5170 1095 5228 hebdomadas
1125 5174 1237 5228 haec
1257 5172 1457 5239 audivi,
1481 5187 1656 5243 neque
1684 5171 1903 5242 possunt

318 5264 591 5320 retinere:
622 5266 822 5322 etenim
858 5282 980 5322 eum
1007 5269 1099 5337 qui
1135 5267 1286 5323 audit
1320 5266 1442 5321 volo
1465 5266 1543 5321 sic
1572 5266 1825 5329 retinere,
1853 5274 1908 5319 ut

319 5372 429 5411 non
468 5356 874 5413 obliviscentem
916 5374 1017 5413 nec
1044 5359 1322 5415 evanidam
1353 5358 1545 5414 habeat
1572 5359 1906 5421 memoriam,

319 5462 422 5502 nec
467 5459 688 5519 respuat
712 5464 831 5519 quae
851 5449 1123 5505 dicuntur.
1154 5450 1288 5507 Volo
1311 5450 1453 5506 enim
1491 5464 1588 5505 vos
1631 5450 1868 5504 retinere
1891 5491 1905 5513 ,

312 5550 428 5593 non
457 5547 515 5593 ut
541 5540 673 5595 mihi
699 5539 910 5605 dicatis,
945 5542 1041 5597 sed
1064 5550 1124 5597 ut
1153 5557 1248 5597 vos
1275 5542 1591 5598 lucrcmini:
1624 5550 1679 5596 et
1702 5541 1803 5596 hoc
1824 5551 1911 5595 est

310 5633 461 5704 quod
485 5649 691 5706 magnae
720 5643 806 5690 est
841 5635 973 5690 mihi
1002 5650 1167 5698 cum,
1195 5646 1248 5691 et
1272 5635 1340 5691 de
1369 5651 1476 5708 quo
1509 5634 1663 5692 valde
1701 5634 1905 5692 laboro.

640 5731 913 5791 Ριιτιιοι.
948 5731 1067 5790 (in.
1114 5730 1337 5792 LXIII.

2015 365 2126 433 qui,
2148 363 2317 433 gratia
2344 372 2398 416 et
2420 361 2748 431 benignitate
2777 354 2987 413 Domini
3024 358 3192 410 nostri
3221 356 3347 411 Jcsu
3372 356 3592 433 Christi,

2015 472 2135 511 cum
2166 468 2273 524 quo
2304 453 2445 510 Patri
2476 452 2744 520 simulque
2770 456 2958 504 sancto
2997 447 3220 517 Spiritui
3267 447 3461 517 gloria,
3504 465 3595 519 po.

2017 558 2204 613 testas,
2237 534 2431 612 honor,
2464 560 2605 600 nunc
2631 554 2685 599 et
2708 558 2946 613 semper,
2972 550 3028 598 et
3065 541 3117 596 in
3147 542 3345 596 sarcula
3370 544 3599 599 sazculo-

2017 657 2158 695 rum.
2190 642 2383 694 Amen.

1804 812 1819 813 κν
1830 808 1901 815 ἡ*
1912 806 2118 818 ah..—

1783 812 2274 923 et;ng

3194 822 3499 831 ———_____.._-
3508 820 3595 830 -αι

2003 960 2105 1014 Sed
2134 960 2255 1028 quia
2286 975 2347 1014 ea
2378 975 2499 1031 qua:
2527 960 2592 1015 ad
2627 961 2929 1017 cautionem
2963 963 3261 1018 necessaria
3307 970 3463 1017 erant
3504 961 3557 1013 di
3577 991 3590 1000 -

2005 1050 2198 1115 ximus,
2237 1050 2349 1119 jam
2398 1065 2512 1106 rem
2554 1051 2794 1122 incipere
2838 1062 3069 1123 oportet.
3120 1053 3255 1120 Quid
3284 1069 3412 1124 ergo
3434 1055 3590 1110 nobis

2006 1139 2162 1196 hodie
2194 1140 2523 1210 propositum
2565 1152 2648 1197 est
2675 1143 2854 1198 dicere
2880 1142 3043 1198 ?Non
3084 1145 3241 1212 enim,
3269 1144 3462 1214 inquit,
3492 1163 3589 1199 an-

2004 1230 2129 1299 gelis
2153 1232 2366 1300 subjecit
2411 1232 2582 1286 orbem
2623 1243 2769 1289 terrm
2798 1234 3029 1303 futurum
3081 1236 3144 1290 de
3183 1253 3282 1309 quo
3313 1236 3587 1307 loquimur.

2002 1320 2267 1392 Numquid
2301 1323 2367 1378 de
2396 1324 2578 1394 aliquo
2608 1324 2715 1380 alio
2762 1326 2892 1383 orbe
2943 1336 3099 1382 terra:
3147 1328 3416 1398 loquitur?
3447 1328 3591 1384 Fieri

2008 1427 2113 1466 non
2147 1421 2345 1483 potest,
2378 1415 2473 1470 sed
2507 1415 2573 1471 de
2611 1414 2731 1471 hoc.
2764 1417 3051 1486 Propterea
3078 1417 3220 1473 enim
3256 1418 3480 1483 addidit,
3513 1418 3592 1479 De

2002 1521 2099 1575 quo
2140 1508 2414 1575 loquimur,
2464 1523 2533 1563 ne
2579 1508 2720 1563 sinat
2762 1519 2995 1564 mentem
3052 1510 3388 1565 aberrantem
3424 1510 3589 1566 alium

2002 1612 2264 1670 qumrere.
2313 1598 2327 1627 ¹
2359 1598 2639 1665 Quomodo
2667 1615 2796 1669 ergo
2822 1616 2945 1655 eum
2968 1600 3099 1656 dicit
3135 1601 3411 1656 futurum?
3438 1602 3592 1661 Sicut

2001 1688 2163 1744 etiam
2205 1689 2337 1745 dicit
2365 1690 2515 1756 alibi,
2561 1690 2660 1757 Qui
2690 1701 2761 1746 est
2789 1693 2957 1763 ﬁgura
2984 1693 3144 1761 futuri
3180 1694 3355 1763 (Rom.
3386 1695 3439 1750 5.
3476 1696 3589 1771 ll),

2002 1779 2072 1835 de
2099 1779 2305 1835 Adamo
2335 1779 2523 1837 dicens
2543 1792 2597 1837 et
2623 1782 2836 1838 Christo
2857 1784 2909 1838 in
2938 1783 3178 1855 Epistola
3204 1784 3269 1839 ad
3295 1785 3589 1852 Romanos,

2003 1871 2185 1927 habita
2242 1874 2453 1929 ratione
2508 1885 2828 1944 temporum,
2870 1876 3061 1932 Adami
3104 1876 3343 1934 futurum
3389 1894 3589 1935 vocans

2002 1965 2275 2022 Christum
2314 1967 2613 2023 secundum
2642 1984 2889 2023 carnem:
2923 1978 3040 2024 erat
3070 1971 3212 2026 enim
3246 1971 3483 2028 futurus:
3515 1973 3586 2029 ita

2001 2072 2146 2112 nunc
2176 2073 2412 2128 quoque,
2458 2059 2709 2129 quoniam
2750 2059 2903 2127 dixit,
2934 2058 3002 2114 Et
3043 2076 3157 2113 cum
3200 2061 3380 2116 iterum
3423 2063 3589 2117 intro-

2001 2148 2137 2203 ducit
2185 2148 2587 2219 Primogenitum
2616 2152 2669 2204 in
2713 2150 2882 2206 orbem
2927 2160 3112 2217 terrm;
3151 2168 3219 2208 nc
3248 2155 3589 2210 existimares

1998 2254 2122 2294 eum
2147 2239 2329 2296 dicere
2352 2241 2518 2296 alium
2549 2242 2737 2297 orbem
2768 2252 2949 2309 terrm,
2974 2258 3039 2299 ex
3065 2244 3247 2298 multis
3275 2244 3327 2300 id
3357 2232 3584 2315 probat,

1998 2340 2054 2387 et
2083 2345 2148 2386 ex
2180 2347 2245 2387 eo
2271 2331 2413 2401 quod
2442 2332 2637 2387 dixerit
2664 2333 2838 2403 ipsum
2873 2332 3147 2390 futurum:
3192 2336 3400 2391 futurus
3440 2338 3583 2392 enim

2007 2421 2282 2477 eratorbis
2306 2432 2495 2488 terrae;
2527 2423 2697 2478 Filius
2722 2432 2898 2479 autem
2932 2425 3022 2480 Dei
3052 2440 3268 2493 semper
3295 2425 3412 2481 fuit.
3439 2428 3589 2484 lianc

2017 2520 2146 2577 ergo
2190 2508 2281 2579 qui
2335 2515 2451 2561 erat
2504 2506 2757 2573 futurus,
2806 2523 2911 2562 non
2961 2508 3193 2578 subjecit
3234 2513 3462 2584 angelis,
3514 2516 3608 2570 sed

2015 2596 2249 2651 Christo.
2275 2594 2430 2665 Quod
2455 2603 2633 2652 autem
2661 2596 2730 2651 ad
2750 2596 2944 2652 Filium
2971 2597 3175 2654 dictum
3208 2603 3298 2670 sit,
3330 2612 3412 2658 est
3441 2606 3600 2660 mani-

2016 2686 2211 2744 festum
2232 2706 2247 2742 :
2266 2704 2387 2743 nam
2407 2703 2581 2758 neque
2594 2688 2724 2744 illud
2742 2689 3005 2760 quispiam
3018 2689 3233 2762 dixerit,
3252 2695 3392 2766 quod
3409 2695 3607 2752 dictun-

2016 2776 2086 2833 sit
2112 2779 2180 2833 ad
2224 2779 2463 2850 angelos.
2494 2779 2702 2835 Deinde
2729 2780 2889 2835 etiam
2931 2784 3166 2840 alterum
3196 2785 3416 2842 adducit
3462 2791 3592 2843 testi-

2016 2870 2277 2935 monium,
2306 2878 2361 2925 et
2385 2870 2548 2926 dicit:
2584 2870 2820 2926 Testatus
2847 2887 2922 2930 est
2952 2887 3124 2929 autem
3164 2877 3216 2930 in
3244 2879 3465 2947 quodam
3497 2879 3607 2933 loco

2014 2961 2146 3031 quis,
2172 2961 2362 3017 dicens.
2387 2961 2496 3017 Cur
2523 2977 2634 3017 non
2664 2962 2800 3021 dixit
2831 2982 3027 3022 nomen
3058 2969 3363 3038 prophetae,
3394 2970 3486 3027 sed
3513 2986 3605 3028 0c-

1987 3053 2269 3131 ‘cultavit?
2304 3053 2417 3109 Hoc
2452 3063 2630 3110 autem
2670 3054 2802 3114 facit
2847 3060 3009 3115 etiam
3035 3061 3087 3115 in
3116 3062 3234 3117 aliis
3266 3065 3605 3130 testimoniis.

2016 3155 2072 3200 ut
2091 3146 2301 3217 quando
2326 3146 2491 3203 dicit:
2521 3148 2652 3204 Cum
2684 3138 2852 3205 autem
2884 3153 3065 3206 iterant
3093 3154 3369 3209 introducit
3403 3155 3604 3209 Primo-

2012 3238 2234 3307 gcnitum
2262 3238 2315 3292 in
2341 3238 2509 3292 orbem
2545 3252 2715 3309 terraz,
2746 3243 2887 3308 dicit,
2923 3244 2986 3297 Et
3024 3245 3240 3299 adorent
3278 3262 3393 3300 eum
3434 3265 3605 3302 omnes

2013 3329 2180 3400 angeli
2210 3328 2342 3396 Dei;
2370 3338 2425 3385 et
2471 3347 2682 3401 rursus,
2715 3332 2829 3406 Ego
2877 3351 2962 3390 ero
2993 3336 3037 3390 ei
3070 3335 3127 3392 in
3156 3334 3393 3393 Patrem.
3444 3337 3512 3394 Et
3537 3342 3605 3393 ad

2017 3420 2228 3490 angelos
2252 3420 2458 3491 quidem
2486 3425 2647 3479 dicit:
2672 3425 2772 3493 Qui
2804 3427 2930 3497 facit
2962 3428 3169 3497 angelos
3198 3445 3318 3483 suos
3343 3431 3556 3500 spiritus
3584 3452 3604 3489 :

2010 3512 2077 3563 ad
2123 3508 2319 3565 Filium
2347 3531 2495 3580 vero,
2530 3514 2595 3569 Et
2635 3526 2688 3569 tu
2732 3516 2784 3571 in
2822 3520 3074 3589 principio
3095 3562 3109 3587 ,
3144 3519 3392 3587 Domine,
3419 3532 3604 3576 terram

2010 3603 2262 3672 fundasti.
2306 3606 2381 3661 lta
2429 3606 2516 3662 hic
2544 3623 2790 3678 quoque;
2826 3608 3064 3675 Testatus
3104 3622 3174 3667 est
3203 3622 3370 3667 autem
3400 3614 3452 3668 in
3480 3631 3607 3683 quo-

2008 3692 2127 3747 dam
2156 3695 2270 3750 loco
2292 3698 2405 3767 quis
2433 3698 2624 3752 dicens.
2667 3698 2781 3754 Hoc
2801 3700 2972 3769 ipsum
3014 3711 3194 3756 autem
3225 3702 3415 3770 opinor
3441 3704 3605 3758 etiam

2007 3798 2131 3842 esse
2170 3787 2515 3853 occultantis,
2546 3800 2598 3843 et
2630 3788 2915 3845 ostendere
2944 3804 3038 3845 eos
3068 3806 3190 3846 esse
3219 3791 3376 3847 valde
3402 3794 3606 3863 peritos

2007 3874 2429 3946 Scripturarum,
2453 3879 2595 3947 quod
2619 3894 2724 3934 non
2746 3889 2908 3948 ponat
2935 3895 3054 3934 eum
3085 3881 3175 3953 qui
3201 3881 3333 3937 dixit
3360 3886 3605 3940 testinto‘
3636 3906 3645 3931 ι

2010 3967 2180 4034 nium,
2210 3966 2305 4021 sed
2335 3966 2656 4034 introducat,
2691 3976 2748 4023 ut
2778 3968 2919 4040 quod
2948 3969 3104 4041 vulgo
3120 3971 3523 4030 circumferatur
3549 3987 3606 4031 et

2008 4056 2078 4109 sit
2096 4055 2461 4112 manifestum.
2487 4057 2628 4123 Quid
2652 4069 2724 4114 est
2746 4059 2897 4113 homo
2922 4061 3057 4131 quod
3070 4078 3260 4117 memor
3274 4080 3327 4120 es
3346 4065 3455 4138 ejus
3472 4066 3499 4120 Ρ
3516 4077 3606 4121 aut

2002 4147 2146 4216 'filius
2177 4146 2396 4201 hominis
2424 4148 2559 4219 quod
2583 4150 2755 4204 visitas
2779 4151 2935 4204 eum?
2961 4152 3011 4206 7.
3044 4152 3275 4209 Minuisti
3304 4173 3419 4212 eum
3444 4160 3601 4229 paulo

2008 4243 2178 4297 minus
2211 4241 2273 4296 ab
2297 4242 2490 4314 angelis
2522 4256 2542 4297 :
2570 4243 2735 4314 gloria
2763 4252 2810 4298 et
2850 4243 3039 4299 honore
3082 4249 3333 4303 coronasti
3390 4267 3525 4318 eum,
3556 4260 3606 4305 et

2006 4338 2308 4393 constituisti
2333 4355 2446 4393 eum
2475 4355 2627 4411 super
2654 4356 2810 4409 opera
2835 4357 3080 4394 manuum
3103 4351 3303 4397 tuarum
3324 4345 3414 4400 :8.
3431 4348 3604 4399 omnia

2004 4428 2259 4496 subiecisti
2276 4428 2369 4484 sub
2387 4428 2598 4499 pedibus
2623 4431 2734 4500 ejus
2754 4429 2929 4499 (Psal.
2962 4432 3015 4487 8.
3047 4431 3191 4503 5—7).

2076 4519 2130 4575 2.
2183 4521 2308 4575 llaec
2352 4532 2529 4577 autem
2576 4523 2788 4577 etiamsi
2846 4523 2987 4578 dicta
3040 4524 3149 4578 sint
3201 4524 3269 4579 de
3328 4530 3600 4582 communi

2006 4612 2336 4669 humanitate
2356 4654 2371 4679 ,
2403 4614 2573 4684 magis
2604 4614 2820 4685 proprie
2853 4623 3031 4671 tamen
3058 4617 3412 4671 convenerint
3435 4618 3598 4674 Chri-

2005 4717 2091 4762 sto
2117 4707 2410 4763 secundum
2449 4722 2667 4762 carnem
2700 4725 2714 4761 :
2744 4708 2872 4763 illud
2901 4708 3046 4763 enim
3072 4748 3088 4775 ,
3122 4707 3308 4763 Omnia
3339 4708 3601 4779 subjecists'

2005 4799 2094 4853 sub
2122 4798 2329 4869 pedibus
2356 4799 2465 4869 ejus
2489 4839 2509 4866 ,
2548 4799 2718 4870 magis
2759 4807 2843 4854 est
2892 4798 3075 4865 illius,
3123 4815 3283 4868 quam
3327 4812 3596 4856 nostrum.

2008 4892 2101 4947 Dei
2141 4891 2283 4947 enim
2332 4891 2500 4947 Filius
2547 4907 2677 4958 nos,
2733 4907 2854 4947 cum
2908 4892 3038 4947 nihil
3080 4882 3358 4960 essemus,
3409 4894 3599 4950 visita-

2006 4982 2122 5047 vit,
2178 4991 2232 5038 et
2281 4999 2401 5039 cum
2458 4983 2509 5037 id
2558 4982 2703 5053 quod
2752 4992 2994 5037 nostrum
3050 4994 3131 5038 est
3179 4986 3503 5056 suscepisset
3544 4999 3602 5044 ct

2005 5074 2106 5129 sibi
2134 5076 2360 5143 unisset,
2394 5076 2562 5131 factus
2586 5086 2669 5131 est
2697 5074 2948 5130 omnibus
2975 5076 3241 5146 superior.
3283 5076 3345 5132 In
3372 5095 3430 5133 eo
3453 5080 3594 5135 enim

2005 5164 2142 5236 quod
2167 5167 2338 5221 omnia
2366 5169 2412 5221 ei
2437 5166 2649 5237 subjecit
2673 5207 2689 5233 ,
2720 5164 2850 5219 nihil
2870 5166 3061 5220 dimisit
3089 5184 3190 5223 non
3214 5169 3496 5240 subjectum
3524 5173 3594 5228 ei.

2008 5254 2161 5311 Nunc
2184 5267 2356 5312 autem
2383 5257 2597 5311 necdum
2625 5255 2850 5311 videmus
2875 5261 3045 5313 omnia
3085 5259 3310 5327 subjecta
3335 5258 3401 5314 ei.
3443 5259 3597 5326 Quod

2003 5357 2181 5403 autem
2210 5347 2339 5403 dicit
2377 5357 2460 5402 est
2491 5346 2819 5417 hujusmodi.
2847 5348 3110 5415 Quoniam
3136 5351 3369 5415 dixerat,
3403 5334 3580 5407 Donec

2001 5458 2185 5511 ponam
2229 5441 2458 5495 inimicos
2494 5450 2606 5496 tuos
2644 5440 2920 5497 scabellum
2952 5442 3136 5513 pedum
3169 5452 3367 5496 tuorum
3389 5484 3406 5507 ,
3439 5446 3584 5499 veri-

2002 5532 2179 5589 simile
2202 5544 2381 5589 autem
2418 5544 2534 5590 erat
2563 5549 2659 5591 cos
2696 5520 2871 5591 adhuc
2900 5537 3019 5609 angi
3066 5545 3120 5589 et
3162 5533 3377 5597 tristitia
3406 5536 3583 5594 allici;

2061 5646 2076 5676 ι
2112 5642 2276 5695 Hicin
2300 5640 2581 5695 Colbertiao
2605 5644 2773 5709 incipit
2798 5641 2993 5713 homilia
3016 5646 3204 5706 quarta.
