4088 6212
470 241 541 296 5D
1233 238 1290 295 S.
1332 235 1610 295 JOANNIS
1645 229 2118 293 CHRYSOSTOMI
2156 227 2474 286 ABCHIEP.
2514 225 3044 286 CONSTANTINOP.
3666 218 3736 279 .50

482 330 680 386 deinde
709 332 889 402 paucis
910 331 1223 401 iuterjcctis,
1252 331 1354 386 hoc
1375 331 1652 402 subiunxit
1675 334 2058 396 testimonium,

483 421 611 476 illud
653 421 997 478 confirmans.
1032 422 1166 477 Nam
1205 437 1272 478 ne
1315 423 1589 488 dicerent,
1633 423 1914 491 Quomodo
1959 424 2062 479 ini-

481 514 649 569 micos
680 517 852 584 posuit
882 515 985 570 sub
1012 515 1236 584 pedibus
1283 516 1396 570 suis
1419 557 1434 581 ,
1480 531 1604 572 cum
1635 531 1735 572 nos
1759 525 1864 572 tam
1895 517 2061 572 multa

483 605 621 671 passi
650 605 859 659 simus?
903 607 1033 660 satis
1057 606 1272 675 quidem
1314 615 1368 662 et
1410 608 1461 661 in
1508 607 1938 676 prmccdentibus
1965 608 2068 664 hoc

478 710 653 764 ipsum
704 696 866 750 tacite
910 697 1225 766 signiﬁcavit
1256 715 1267 750 :
1301 697 1430 752 illud
1475 698 1616 752 enim
1638 739 1653 764 ,
1689 696 1862 752 Donec
1889 739 1904 764 ,
1953 714 2060 754 non

478 785 620 854 quod
651 785 830 840 statim
862 787 918 840 iit
947 787 1313 857 signiﬁcabat,
1349 789 1442 844 sed
1469 788 1612 859 quod
1640 789 1697 843 iit
1717 790 1769 844 in
1791 799 2062 859 tempore:

481 875 567 931 hic
597 887 774 930 autem
806 892 919 931 rem
952 878 1168 932 uberius
1197 878 1559 948 persequitur.
1606 879 1683 934 Ne
1722 881 1889 945 enim,
1923 896 2061 951 quo-

479 969 644 1034 niam,
679 968 884 1039 inquit,
927 969 1162 1024 nondum
1204 979 1329 1024 sunt
1367 969 1630 1040 subjecti,
1661 970 1936 1027 existimes
1967 987 2067 1029 nec

479 1060 669 1129 subjici
705 1079 718 1114 :
751 1076 876 1114 nam
919 1075 1080 1131 quam
1111 1060 1253 1130 quod
1291 1060 1481 1130 subjici
1525 1075 1739 1130 semper
1771 1069 2015 1130 oporteat
2045 1103 2062 1128 ,

477 1159 561 1204 est
590 1149 929 1220 perspicuum
967 1169 978 1202 :
1013 1152 1213 1205 etenim
1243 1161 1524 1220 propterea
1545 1150 1688 1206 dicta
1717 1162 1800 1205 est
1829 1151 2063 1222 prophe-

481 1241 549 1294 tia
584 1257 597 1292 :
630 1239 696 1294 In
727 1258 783 1295 eo
805 1242 936 1296 enim
959 1283 978 1308 ,
1010 1243 1216 1312 inquit,
1249 1243 1386 1312 quod
1413 1243 1586 1296 omnia
1610 1245 1654 1297 ei
1675 1243 1907 1314 subjecit,
1939 1245 2067 1299 nihil

479 1333 668 1387 dimisit
714 1350 813 1388 non
861 1334 1142 1404 subjectum
1185 1335 1253 1388 ei.
1304 1335 1586 1402 Quomodo
1634 1347 1762 1406 ergo
1797 1350 1903 1390 non
1937 1345 2065 1391 sunt

478 1423 660 1477 onmia
705 1424 757 1478 ei
804 1423 1085 1494 subjecta?
1119 1424 1383 1490 Quoniam
1434 1435 1557 1480 sunt
1604 1425 1961 1496 subjicienda.
2009 1425 2066 1482 Si

479 1529 608 1584 ergo
657 1515 834 1568 omnia
885 1515 1218 1585 subjicienda
1247 1556 1261 1580 ,
1316 1515 1546 1572 necdum
1591 1525 1768 1572 tamen
1818 1518 2061 1587 subjecta

478 1616 638 1670 sunt,
683 1621 749 1660 ne
777 1621 918 1676 aegre
948 1605 1091 1660 feras
1121 1620 1221 1661 nec
1254 1607 1507 1662 turberis.
1540 1606 1672 1661 Nam
1704 1607 1750 1661 si
1777 1622 1898 1662 cum
1941 1607 2062 1662 linis

478 1699 696 1768 quidem
725 1699 1064 1767 advenisset,
1111 1709 1166 1754 et
1195 1701 1376 1754 omnia
1405 1708 1588 1755 essent
1619 1700 1860 1772 subjecta
1889 1742 1903 1765 ,
1945 1701 2060 1756 lucc

479 1790 762 1860 patereris,
788 1791 979 1846 merito
1008 1791 1222 1846 doleres
1253 1807 1267 1845 :
1294 1805 1436 1845 nunc
1451 1801 1628 1844 autem
1657 1789 1891 1845 nondum
1915 1789 2065 1844 vide-

479 1896 597 1936 mus
618 1881 800 1935 omnia
824 1882 870 1937 ei
894 1882 1154 1951 subjecta,
1185 1882 1297 1935 Rex
1322 1880 1556 1935 nondum
1583 1896 1714 1949 pure
1733 1880 2067 1935 dominatum

478 1971 728 2025 obtinuit.
759 1970 895 2039 Quid
933 1987 1060 2041 ergo
1103 1971 1437 2025 couturbaris
1490 1970 1630 2026 male
1657 1970 1901 2040 patiens?
1931 1986 2069 2027 non-

478 2062 603 2116 dum
634 2075 823 2116 omnes
851 2061 1125 2131 superavit
1155 2076 1247 2130 pra
1266 2059 1467 2116 dicatio
1493 2077 1511 2127 ;
1552 2062 1786 2117 nondum
1813 2072 1897 2118 est
1928 2071 2066 2118 tem-

479 2170 578 2225 pus
606 2163 665 2208 ut
690 2152 924 2224 perfecte
947 2153 1322 2223 subjiciuntur.
1352 2153 1556 2208 Deinde
1586 2169 1772 2208 rursus
1799 2154 1901 2208 alia
1931 2169 2066 2209 con-

477 2247 688 2311 solatio,
719 2246 981 2316 siquidem
1031 2246 1076 2300 is
1113 2247 1202 2316 qui
1251 2255 1331 2300 est
1373 2260 1562 2301 onmes
1614 2244 1890 2301 habiturus
1941 2245 2068 2301 sub-

473 2337 647 2407 jcctos
674 2379 688 2403 ,
717 2337 832 2407 ipse
873 2351 1085 2407 quoque
1132 2344 1215 2390 est
1262 2346 1525 2403 mortuus,
1553 2347 1610 2389 et
1659 2335 2068 2391 innumerabilia

480 2444 781 2501 perpessus.
803 2429 856 2485 9.
886 2428 1016 2482 Eum
1043 2439 1231 2495 autem,
1253 2429 1336 2496 qui
1363 2429 1560 2481 modico
1587 2444 1738 2498 quam
1766 2427 1932 2500 angeli
1961 2430 2068 2481 nti-

479 2533 685 2577 noratus
711 2531 803 2585 est,
850 2521 1071 2577 ridemus
1094 2521 1266 2575 Jesum
1309 2531 1511 2592 propter
1540 2522 1822 2592 passionem
1868 2522 2062 2576 mortis.

479 2613 681 2670 Deinde
713 2629 898 2669 rursus
943 2612 1218 2684 subjunsit
1258 2629 1376 2684 qua:
1416 2623 1542 2669 sunt
1571 2613 1709 2668 bona
1740 2629 1754 2667 :
1789 2612 1964 2668 Gloria
2010 2624 2054 2669 et

479 2707 670 2759 honore
705 2713 1022 2758 coronatum.
1061 2704 1245 2758 Vidisti
1273 2703 1542 2774 quomodo
1565 2704 1613 2758 ei
1643 2705 1819 2758 omnia
1849 2703 2069 2774 adapta-

479 2795 658 2852 vcrit?
686 2810 808 2849 nam
839 2794 968 2850 illud
1016 2795 1218 2848 Modico
1239 2837 1256 2862 ,
1288 2795 1360 2849 illi
1388 2794 1558 2868 magis
1587 2796 1890 2867 congruerit
1913 2836 1930 2863 ,
1972 2795 2069 2866 qui

489 2902 599 2947 tres
625 2893 742 2945 dies
772 2889 915 2944 solos
945 2888 1040 2940 fuit
1078 2884 1221 2955 apud
1247 2884 1444 2939 inferos
1471 2925 1486 2948 ,
1531 2898 1639 2937 non
1671 2882 1825 2936 nobis
1862 2885 1951 2950 qui
1977 2881 2070 2934 diu

486 2992 540 3035 ct
587 2983 808 3037 multum
838 2978 1232 3046 corrumpimur
1263 2994 1276 3028 :
1318 2974 1567 3030 similiter
1601 2981 1654 3028 et
1693 2971 1822 3026 iilud
1845 3012 1860 3036 ,
1890 2968 2069 3025 Gloria

484 3087 532 3128 et
564 3074 753 3126 honore
779 3114 792 3136 ,
826 3070 900 3125 illi
934 3070 1090 3140 longe
1135 3066 1305 3137 magis
1331 3108 1347 3133 ,
1380 3081 1539 3136 quam
1571 3063 1728 3119 nobis
1759 3061 2066 3116 conveniet.

486 3169 693 3222 Rursus
739 3179 951 3220 crucem
980 3164 1058 3218 eis
1088 3168 1304 3216 revocat
1345 3159 1398 3214 in
1440 3157 1752 3213 memoriam
1779 3195 1793 3218 ,
1843 3153 1950 3208 duo
1991 3150 2068 3206 fa-

483 3262 633 3315 ciens
663 3277 676 3313 :
712 3273 907 3328 nempe
931 3265 985 3312 et
1022 3270 1205 3312 curam
1236 3255 1354 3323 ejus
1402 3252 1455 3306 in
1500 3264 1600 3304 nos
1629 3246 1923 3304 ostendens
1948 3285 1963 3309 ,
2009 3252 2070 3299 et

483 3353 715 3407 suadens
745 3361 803 3405 ut
828 3352 1004 3404 omnia
1037 3360 1298 3417 generoso
1322 3354 1375 3399 et
1403 3342 1527 3397 i‘orti
1560 3341 1745 3397 animo
1775 3339 1971 3403 ferant,
1997 3337 2070 3393 ad

486 3443 799 3514 Magistrum
845 3440 1187 3510 aspicientes.
1232 3436 1363 3490 Nam
1392 3435 1436 3488 si
1469 3434 1514 3487 is
1542 3433 1631 3502 qui
1660 3430 1913 3484 aduratur
1936 3467 1950 3489 ,
1980 3428 2067 3481 in-

484 3536 637 3606 quit,
690 3534 759 3589 ab
785 3533 985 3604 angelis
1012 3573 1026 3596 ,
1076 3529 1326 3584 sustinuit
1361 3525 1614 3596 quiddam
1647 3523 1823 3578 minus
1863 3520 2066 3576 habere

482 3645 642 3701 quam
671 3625 850 3697 angeli
877 3633 1094 3696 preptcr
1121 3631 1172 3676 te
1199 3638 1211 3676 :
1233 3619 1402 3676 multo
1427 3614 1596 3687 magis
1626 3627 1680 3669 tu
1698 3613 1786 3684 qui
1809 3629 1868 3668 es
1892 3611 2067 3701 minor

481 3700 686 3790 angelis
710 3760 725 3785 ,
765 3717 930 3774 debes
956 3713 1133 3770 omnia
1169 3712 1310 3766 ferre
1355 3718 1574 3780 prepter
1616 3707 1811 3775 ipsum.
1861 3700 2066 3756 Deinde

482 3811 720 3866 ostendit
745 3807 886 3880 quod
917 3823 1047 3862 crux
1077 3806 1146 3859 sit
1176 3803 1350 3858 honor
1377 3810 1430 3856 et
1469 3799 1636 3868 gloria
1670 3815 1683 3852 :
1713 3793 1982 3866 quomodo
2011 3804 2066 3849 et

482 3904 595 3973 ipse
619 3918 738 3958 eam
767 3915 980 3970 semper
1005 3907 1160 3953 vocat
1185 3939 1198 3961 ,
1228 3895 1415 3950 dicens
1442 3910 1454 3947 :
1491 3889 1641 3946 Venit
1669 3890 1796 3943 hora
1826 3899 1877 3940 ut
1901 3887 2062 3959 glori-

479 3996 657 4064 ﬁcetur
688 3991 857 4046 Filius
885 3991 1102 4044 hominis
1127 3987 1309 4054 (Joan.
1343 3987 1428 4041 ii.
1454 3973 1529 4054 4).
1557 3983 1611 4039 Si
1646 3997 1773 4055 ergo
1801 3979 1889 4035 ille
1911 3989 2066 4034 vocat

477 4083 700 4155 gloriam
731 4096 791 4136 ca
838 4096 956 4151 quae
1000 4093 1190 4150 passus
1234 4089 1317 4131 est
1366 4087 1584 4145 propter
1629 4087 1861 4128 servos:
1895 4071 2063 4124 multo

477 4176 646 4245 magis
674 4182 728 4226 tu
757 4187 818 4227 ea
847 4186 964 4240 qua:
992 4169 1189 4240 pateris
1221 4176 1437 4238 propter
1466 4165 1776 4219 Dominum.

547 4265 721 4319 Crucis
750 4267 962 4333 fructus.
1011 4289 1083 4300 —-
1120 4259 1280 4313 Vides
1318 4265 1556 4328 quantus
1583 4255 1653 4310 sit
1684 4255 1888 4308 fructus
1935 4267 2060 4307 cru-

472 4357 587 4412 eis?
616 4356 748 4411 Rem
776 4371 881 4410 non
909 4351 1132 4407 formida
1161 4369 1174 4407 :
1207 4349 1298 4405 tibi
1328 4348 1549 4420 quidem
1577 4347 1787 4402 videtur
1818 4361 1906 4401 res
1939 4361 2061 4402 esse

475 4450 640 4506 tristis
665 4493 680 4517 ,
714 4449 856 4520 parit
897 4456 1076 4502 autem
1107 4445 1245 4500 bona
1274 4443 1705 4499 innumerabilia.
1737 4442 1811 4495 Ex
1866 4440 1951 4495 liis
1973 4456 2062 4496 os-

474 4545 643 4599 tendit
673 4543 955 4598 utilitatcm
990 4537 1318 4594 tentationis.
1351 4536 1554 4593 Deinde
1582 4535 1712 4590 dicit
1741 4553 1754 4590 ε
1791 4533 1861 4590 Ut
1893 4535 2060 4605 gratia

477 4635 570 4690 Dei
618 4652 710 4704 pro
761 4632 990 4688 omnibus
1037 4639 1263 4702 gustaret
1317 4637 1546 4682 mortem.
1600 4625 1667 4681 Ut
1711 4627 1878 4697 gratia
1921 4623 2054 4692 Dei,

441 4764 443 4767 -
469 4727 660 4797 inquit.
707 4725 774 4780 Et
803 4724 892 4779 ille
916 4723 1131 4793 quidem
1165 4721 1277 4776 lucc
1305 4733 1492 4790 passus
1518 4725 1599 4774 est
1632 4728 1855 4788 propter
1882 4716 1975 4772 Dei
2003 4719 2055 4771 in

470 4831 571 4870 nos
599 4815 824 4885 gratiam
851 4831 864 4866 :
901 4811 1002 4880 Qui
1027 4813 1258 4885 proprio
1271 4807 1431 4875 Filio,
1464 4808 1657 4880 inquit,
1679 4823 1780 4862 non
1812 4808 2051 4877 pepercit,

466 4903 555 4956 sed
583 4881 679 4973 pro
706 4904 847 4960 nobis
876 4905 1108 4960 omnibus
1138 4881 1347 4957 tradidit
1389 4903 1557 4973 ipsum
1583 4905 1602 4973 (
1633 4902 1782 4957 liont.
1813 4902 1866 4958 8.
1911 4900 1977 4958 52
2000 4901 2045 4969 ).

462 4993 705 5059 Quattam
739 4994 804 5048 de
832 5011 992 5050 causa
1015 4997 1038 5050 ?
1064 4994 1180 5051 Non
1213 4998 1312 5051 hoc
1343 4995 1496 5050 nobis
1523 4994 1770 5060 debebat,
1799 4995 1891 5051 sed
1927 4994 2050 5050 fecit

459 5083 654 5153 "gratia.
683 5083 750 5137 Et
767 5097 951 5142 russus
979 5088 1032 5142 in
1053 5087 1289 5158 Epistola
1308 5087 1370 5141 ad
1397 5086 1665 5144 Romanos
1687 5087 1852 5143 dicit:
1883 5086 2049 5141 Multo

463 5175 627 5246 "sagis
665 5175 832 5246 gratia
866 5175 997 5242 Dei,
1044 5188 1091 5230 et
1133 5179 1321 5233 (tonum
1359 5179 1410 5232 in
1440 5180 1605 5250 gratia
1644 5180 1791 5232 unius
1831 5177 2047 5232 hominis

455 5263 588 5318 'Jesu
634 5265 821 5320 Christi
867 5266 920 5320 in
969 5266 1138 5337 plures
1184 5270 1456 5324 abundavit
1494 5267 1671 5331 (Rom.
1709 5269 1923 5340 5.15).
1979 5267 2048 5323 Ut

464 5356 635 5423 gratia
675 5353 772 5410 Dei
818 5371 912 5426 pro
955 5357 1185 5411 omnibus
1215 5368 1438 5430 gustaret
1486 5369 1693 5414 mortem
1745 5375 1765 5413 :
1809 5375 1912 5414 non
1953 5374 2050 5430 pro

465 5450 715 5508 ﬁdelibus
741 5453 944 5519 solum,
980 5451 1074 5506 sed
1105 5469 1200 5522 pro
1229 5453 1479 5506 universo
1509 5453 1642 5508 orbe
1687 5462 1879 5518 terrae;
1923 5467 2044 5506 nam

467 5540 583 5609 ipse
628 5543 841 5612 quidem
874 5552 1117 5598 mortuus
1164 5547 1247 5596 est
1294 5553 1388 5610 pro
1419 5543 1688 5598 omnibus.
1740 5543 1877 5610 Quid
1930 5552 2040 5596 tum

464 5639 640 5687 autem
662 5672 682 5701 ,
709 5633 752 5689 si
783 5648 890 5690 non
920 5648 1110 5690 omnes
1133 5631 1475 5688 crediderunt
1497 5633 1523 5687 ?
1553 5634 1674 5706 ipse
1709 5634 1856 5705 quod.
1890 5649 2044 5690 suum

2159 345 2274 393 erat
2319 333 2580 406 implevit.
2627 331 2695 386 Et
2737 327 2954 400 proprie
3003 323 3180 389 dixit,
3237 315 3338 375 I’ro
3370 318 3600 374 omnibus
3639 333 3728 387 gu~

2159 437 2315 485 staret
2343 435 2572 480 mortem.
2597 423 2713 478 Non
2739 420 2892 485 dixit,
2926 416 3222 472 Moreretur
3255 429 3268 465 :
3299 426 3423 466 nam
3458 418 3513 462 ut
3538 408 3626 478 qui
3656 422 3727 462 re-

2161 534 2284 574 vera
2311 527 2540 574 mortem
2563 521 2849 585 gustasset,
2878 523 3000 563 cum
3027 507 3078 561 in
3103 520 3164 561 ea
3192 502 3329 559 adeo
3363 514 3526 572 parvo
3555 499 3744 553 luisset

2165 610 2448 667 intervallo
2478 650 2493 674 ,
2526 606 2708 662 statim
2735 603 2992 658 surrexit.
3030 601 3204 668 Atque
3240 592 3469 650 dicendo
3499 588 3740 661 quidem,

2163 703 2268 759 Per
2296 704 2585 773 passionem
2611 697 2786 750 mortis
2811 735 2826 760 ,
2873 705 3054 746 veram
3101 685 3420 758 signiﬁcavit
3467 689 3695 736 mortem
3726 695 3740 732 :

2162 792 2388 850 dicendo
2418 801 2618 855 autem,
2641 786 2823 840 Melior
2847 783 3062 854 angelis,
3107 776 3342 834 ostendit
3387 773 3743 829 resurrectio-

2165 901 2306 941 nem.
2335 883 2486 938 Sicut
2505 881 2648 935 enim
2671 877 2932 939 medicus,
2951 887 3073 927 cum
3103 886 3208 924 non
3235 867 3304 922 sit
3333 880 3552 920 necesse
3576 873 3745 932 utgu-

2165 987 2269 1034 stet
2287 976 2434 1031 cibos
2455 981 2658 1045 aegroto
2684 977 2895 1040 paratos
2916 1007 2929 1031 ,
2957 972 3176 1036 propter
3191 974 3373 1016 curam
3406 957 3556 1012 illius
3583 970 3742 1026 quam

2164 1073 2319 1146 gerit,
2345 1071 2457 1142 ipse
2484 1067 2628 1138 prior
2648 1071 2846 1136 gustat,
2867 1069 2922 1116 ut
2949 1056 3266 1130 persuadeat
3281 1061 3480 1146 aegroto
3503 1060 3558 1104 ut
3578 1049 3744 1146 conii-

2165 1140 2575 1220 deutcr'audcat
2600 1156 2777 1211 cibum
2808 1165 3022 1209 sumere
3055 1166 3070 1203 :
3091 1149 3165 1202 ita
3185 1145 3430 1201 Christus
3454 1183 3468 1207 ,
3493 1140 3742 1211 quoniam

2165 1271 2356 1311 omnes
2384 1251 2624 1308 homines
2651 1255 2875 1301 mortem
2905 1242 3284 1305 cxtimuerant,
3318 1237 3395 1292 eis
3417 1230 3746 1304 persuadens

2167 1357 2223 1402 ut
2252 1348 2302 1402 in
2330 1359 2446 1400 eam
2483 1349 2664 1397 essent
2701 1335 2950 1400 audaces,
2988 1333 3100 1402 ipse
3124 1341 3334 1400 quoque
3351 1339 3469 1380 eam
3494 1321 3745 1392 gustavit,

2165 1457 2285 1496 cum
2332 1453 2435 1492 non
2481 1444 2621 1490 esset
2655 1433 2703 1488 ei
2735 1443 2976 1486 necesse.
3007 1424 3152 1480 Venit
3181 1423 3322 1476 enim
3345 1461 3358 1485 ,
3389 1419 3577 1490 inquit,
3605 1416 3751 1483 priu-

2167 1534 2283 1588 ceps
2308 1519 2486 1573 mundi
2511 1519 2683 1586 huius,
2714 1518 2830 1571 etin
2856 1533 2934 1569 me
2955 1515 3083 1569 nihil
3103 1516 3284 1570 invenit
3304 1513 3480 1583 (Joan.
3506 1514 3594 1568 14.
3622 1514 3741 1582 50).

2169 1611 2255 1666 Sic
2286 1620 2339 1665 et
2368 1610 2509 1681 quod
2540 1608 2703 1674 dicit,
2739 1607 2917 1662 Gratia
2943 1648 2961 1672 ,
3002 1615 3050 1661 et
3085 1606 3213 1660 illud
3240 1647 3254 1672 ,
3293 1605 3360 1660 Ut
3387 1621 3480 1675 pro
3519 1604 3748 1660 omnibus

2171 1712 2379 1754 mortem
2424 1708 2683 1771 gustaret,
2731 1699 2832 1753 hoe
2874 1700 3169 1752 constituit.
3215 1697 3300 1752 10.
3352 1696 3570 1752 Docebat
3615 1697 3750 1751 enim

2169 1809 2284 1845 eum
2315 1800 2517 1860 promer
2554 1806 2696 1857 quem
2741 1790 2952 1853 omnia,
3000 1797 3045 1841 et
3075 1804 3165 1857 per
3207 1803 3352 1858 quem
3395 1786 3564 1839 omnia
3594 1828 3610 1852 ,
3658 1787 3748 1854 qui

2171 1885 2354 1935 multos
2395 1882 2530 1951 filios
2567 1882 2618 1934 in
2653 1881 2869 1951 gratiam
2896 1880 3179 1935 adduxerat
3205 1922 3222 1948 ,
3269 1888 3525 1933 auctorem
3569 1878 3751 1933 salutis

2172 1988 2340 2024 eorum
2372 1987 2460 2041 per
2484 1971 2769 2042 ραωίοιιεηι
2809 1987 3172 2024 consummare.

2241 2062 2294 2116 ὅ.
2340 2061 2414 2116 De
2445 2061 2599 2116 Patre
2630 2061 2714 2115 hic
2740 2060 2890 2115 dicit.
2947 2061 3108 2116 Vides
3162 2062 3431 2130 quomodo
3472 2081 3656 2121 rursus
3697 2068 3750 2122 ei

2169 2150 2384 2222 adaptat
2416 2152 2570 2218 illud,
2596 2150 2696 2205 Per
2717 2167 2861 2218 quem
2886 2150 3039 2228 ?iio.e
3063 2168 3167 2206 non
3193 2151 3431 2220 fecisset,
3456 2157 3505 2212 si
3528 2158 3580 2213 id
3606 2167 3751 2214 esset

2169 2243 2557 2309 dim-inutionis,
2585 2253 2640 2298 et
2667 2241 2799 2296 Filio
2829 2242 3004 2296 solum
3029 2245 3358 2301 conveniret.
3390 2247 3544 2315 Quod
3571 2262 3753 2305 autem

2170 2335 2299 2391 dicit
2327 2345 2409 2390 est
2435 2335 2697 2405 ejusmodi
2728 2353 2741 2389 :
2779 2334 2962 2400 Fecit,
3009 2335 3214 2406 inquit,
3260 2353 3378 2408 quzc
3405 2339 3561 2410 digna
3595 2353 3750 2396 erant

2167 2443 2263 2481 sua
2307 2427 2632 2498 benignitate
2657 2469 2670 2492 ,
2715 2427 2856 2497 quod
2895 2428 3142 2482 omnibus
3172 2427 3518 2486 illustriorem
3568 2431 3752 2488 fecerit

2171 2519 2608 2589 Primogcnitum,
2653 2527 2706 2572 et
2737 2529 2791 2572 ιιι
2819 2529 3088 2588 tamquam
3117 2519 3274 2576 fortis
3297 2521 3497 2576 athleta
3527 2533 3581 2578 et
3605 2523 3742 2578 alios

2169 2626 2497 2681 exsuperans
2523 2653 2537 2677 ,
2585 2610 2706 2666 aliis
2733 2618 2877 2666 esset
2919 2611 3214 2680 exemplar.
3257 2612 3525 2666 Auctorem
3567 2615 3756 2671 salutis

2168 2718 2341 2756 eorum
2372 2702 2448 2769 (a)
2478 2718 2490 2754 :
2528 2701 2630 2756 hoc
2655 2712 2735 2755 est
2757 2742 2772 2766 ,
2820 2716 3035 2755 causam
3063 2703 3270 2760 salutis.
3306 2703 3466 2758 Vides
3492 2716 3748 2774 quantum

2169 2792 2410 2848 intersit?
2439 2803 2490 2847 et
2519 2791 2605 2846 hic
2627 2803 2708 2847 est
2731 2791 2916 2856 Filius,
2947 2803 2999 2847 et
3022 2809 3119 2849 nos
3143 2794 3256 2859 lilii;
3281 2794 3370 2849 sed
3397 2795 3507 2866 ipse
3533 2795 3748 2866 quidem

2167 2893 2375 2951 servat,
2407 2897 2505 2937 nos
2533 2898 2831 2938 servamur.
2870 2883 3058 2938 Vidisti
3090 2883 3358 2954 quomodo
3388 2901 3486 2940 nos
3515 2887 3749 2956 conjun-

2165 2984 2253 3044 gat
2277 2984 2329 3029 et
2355 2975 2620 3038 conciliet,
2651 2982 2707 3028 et
2733 2973 3024 3044 distinguat
3051 2991 3113 3030 ac
3141 2977 3389 3045 separet?
3414 2977 3514 3042 Qui
3540 2982 3748 3045 multos,

2169 3065 2357 3135 inquit,
2410 3067 2545 3134 ﬁlios
2595 3067 2648 3118 in
2679 3065 2894 3136 gloriam
2920 3066 3227 3121 adduxerat.
3275 3067 3373 3124 Hic
3399 3069 3704 3124 conciliavit
3731 3089 3746 3125 :

2172 3159 2437 3212 Auctorem
2483 3159 2666 3212 salutis
2713 3174 2885 3212 eorum
2918 3175 2937 3212 :
2965 3167 3018 3214 et
3061 3174 3246 3215 rursus
3276 3159 3519 3216 distinxit
3550 3172 3604 3217 ct
3633 3161 3749 3216 dis-

2160 3249 2354 3318 junxit.
2379 3247 2484 3302 Per
2505 3250 2767 3319 passiones
2781 3266 3146 3304 consummare.
3169 3251 3453 3306 Passiones
3475 3268 3603 3323 ergo
3629 3261 3753 3308 sunt

2168 3339 2427 3409 perfectio
2474 3348 2529 3394 et
2566 3354 2727 3394 causa
2773 3341 2980 3396 salutis.
3027 3340 3216 3397 Viden’
3254 3342 3395 3411 quod
3443 3344 3582 3398 male
3626 3358 3754 3399 esse

2174 3448 2411 3504 passum,
2444 3447 2549 3487 non
2578 3434 2645 3488 sit
2676 3449 2861 3488 eorum
2895 3435 2982 3503 qui
3007 3443 3133 3489 sunt
3155 3435 3446 3490 derelicti?

2251 3524 2541 3579 lncarnatio
2581 3535 2628 3579 et
2658 3525 2838 3580 Passio
2867 3525 3062 3582 Christi
3107 3528 3274 3593 major
3317 3525 3749 3582 creatione.—Si

2164 3631 2291 3687 ergo
2311 3617 2449 3671 Deus
2477 3617 2649 3686 primo
2668 3616 2857 3671 Filium
2877 3617 3177 3681 honoravit,
3200 3618 3340 3687 qtmd
3365 3633 3457 3686 per
3476 3620 3752 3688 passiones

2163 3707 2469 3773 deduxerit;
2493 3723 2709 3764 carnem
2733 3709 3056 3778 suscepisse,
3081 3726 3250 3780 caque
3268 3720 3511 3780 suscepta
3537 3724 3749 3778 passum

2165 3816 2305 3866 esse,
2333 3801 2488 3871 longe
2513 3809 2599 3856 est
2624 3801 2795 3870 majus
2807 3816 2991 3856 revera
3011 3817 3167 3871 quam
3197 3800 3452 3856 mundum
3482 3801 3670 3855 iecisse
3696 3808 3752 3855 et

2165 3907 2232 3948 ex
2273 3893 2437 3947 nihilo
2479 3893 2816 3962 produxisse.
2849 3892 2922 3947 Et
2967 3892 3075 3947 hoc
3120 3893 3333 3962 quidem
3383 3892 3750 3962 benignitatis.

2167 3984 2300 4040 illud
2341 4000 2470 4039 vero
2518 3985 2676 4055 longe
2721 3984 2970 4054 amplius.
3021 3983 3087 4039 Et
3130 3985 3231 4039 hoe
3261 3986 3431 4054 ipsum
3467 3983 3580 4053 ipse
3615 4000 3751 4054 quo-

2166 4090 2270 4145 que
2298 4074 2589 4128 ostendens
2612 4114 2625 4137 ,
2655 4074 2782 4128 dicit
2814 4089 2829 4128 :
2865 4073 2930 4128 Ut
2958 4077 3238 4128 ostenderet
3267 4075 3318 4128 in
3345 4075 3546 4128 sarculis
3571 4091 3750 4145 super-

2170 4167 2478 4222 venientibus
2501 4165 2816 4220 abundantes
2843 4167 3042 4220 divitias
3064 4168 3243 4237 gratim
3268 4183 3390 4231 sure,
3416 4177 3462 4220 et
3487 4183 3753 4220 conresus-

2159 4249 2326 4302 citavit
2350 4261 2398 4304 et
2421 4253 2688 4308 consedere
2707 4270 2821 4308 eum
2848 4272 2906 4310 eo
2929 4255 3046 4326 fecit
3072 4258 3124 4310 in
3149 4259 3429 4315 celestibus
3455 4261 3507 4316 in
3545 4261 3745 4318 Christo

2158 4336 2302 4394 Iesu.
2337 4340 2555 4397 Derebat
2596 4346 2730 4399 enim
2760 4363 2904 4413 eum,
2942 4359 3149 4419 propter
3182 4369 3328 4422 quem
3359 4356 3550 4423 omnia,
3582 4365 3629 4410 et
3655 4370 3747 4420 per

2159 4447 2304 4500 quem
2331 4435 2502 4488 omnia
2520 4480 2535 4500 ,
2564 4437 2650 4506 qui
2691 4439 2882 4494 multos
2909 4441 3045 4510 ﬁlios
3085 4443 3137 4496 in
3180 4445 3398 4514 gratiam
3425 4447 3737 4511 adduxerat,

2161 4532 2415 4577 auctorem
2464 4527 2646 4581 salutis
2694 4545 2867 4583 eorum
2919 4548 3008 4600 per
3060 4535 3347 4602 passionem
3392 4555 3746 4594 consummare

2161 4612 2374 4683 (Ep/tes.
2408 4615 2464 4670 2.
2507 4617 2560 4672 7.
2606 4619 2684 4689 6).
2715 4620 3008 4692 Oportebat
3039 4625 3178 4680 enim
3201 4669 3216 4694 ,
3252 4628 3464 4699 inquit,
3495 4647 3616 4687 eum
3648 4635 3737 4702 qui

2163 4719 2346 4760 curam
2391 4709 2560 4777 gerit,
2594 4720 2648 4765 et
2682 4714 2860 4768 omnia
2901 4724 2957 4770 ut
2999 4727 3180 4773 essent
3217 4721 3496 4790 produxit,
3534 4726 3745 4782 tradere

2163 4795 2357 4852 Filium
2387 4815 2483 4868 pro
2509 4801 2681 4858 salute
2709 4804 3058 4876 reliquorum,
3091 4827 3252 4866 unum
3282 4827 3377 4883 pro
3406 4817 3604 4872 multis.
3637 4817 3744 4874 Sed

2161 4904 2266 4945 non
2295 4891 2373 4946 sic
2399 4891 2553 4956 dixit,
2582 4896 2700 4962 sed,
2734 4896 2838 4952 Per
2862 4902 3122 4970 passiones
3149 4921 3532 4973 consummare;
3562 4920 3746 4966 ostcn—

2159 4981 2238 5036 dit
2285 4984 2424 5053 quod
2466 4988 2557 5056 qui
2591 5003 2686 5058 pro
2733 4991 2912 5063 aliquo
2941 5002 3026 5049 est
3078 5011 3286 5066 passus,
3321 5014 3433 5055 non
3466 5002 3638 5058 solum
3666 5003 3746 5058 illi

2162 5075 2404 5143 prodest,
2427 5079 2520 5132 sed
2552 5081 2712 5136 etiam
2758 5081 2872 5154 ipse
2913 5085 2972 5140 ﬁt
3013 5090 3323 5158 pr.relarior
3349 5103 3402 5148 et
3434 5093 3744 5164 perfectior.

2163 5167 2273 5223 [ioc
2289 5179 2465 5224 autent
2487 5171 2616 5227 dicit
2657 5173 2918 5242 ﬁdelibus,
2942 5179 3020 5233 eis
3037 5181 3271 5236 animum
3285 5183 3509 5252 addens,
3532 5197 3586 5241 et
3613 5188 3746 5242 red-

2160 5256 2856 5320 densaudaciores.Etenim
2874 5266 3118 5324 Christus
3139 5279 3262 5326 tunc
3283 5273 3376 5328 l'uit
3393 5277 3741 5346 gloriﬁcatus,

2159 5350 2372 5419 quando
2389 5362 2469 5407 est
2485 5367 2694 5424 passus.
2719 5356 2942 5422 Quando
2961 5373 3138 5416 autem
3164 5361 3303 5429 dico,
3331 5364 3453 5420 Fuit
3476 5368 3746 5436 gloriﬁca-

2165 5449 2264 5505 tus,
2287 5458 2352 5497 ne
2371 5445 2644 5499 existimes
2659 5447 2726 5501 ab
2740 5462 2806 5504 eo
2820 5463 2997 5503 assum
3005 5459 3144 5518 ptam
3167 5467 3286 5508 esse
3301 5457 3524 5523 gloriam
3545 5475 3561 5513 :
3589 5459 3737 5515 illam

2163 5535 2305 5588 enim
2333 5545 2534 5590 natum
2553 5539 2775 5607 gloriam
2818 5555 3034 5611 semper
3065 5543 3249 5600 habuit
3273 5547 3404 5601 nihil
3440 5562 3740 5622 assumpto.

2243 5649 2316 5713 (tt)
2340 5649 2429 5700 Hic
2450 5651 2608 5703 hiatus
2631 5666 2834 5716 magnus
2859 5665 2933 5707 est
2957 5657 3003 5707 in
3027 5658 3304 5714 (‘olbertino
3327 5661 3520 5718 Codice.
