4036 6206
512 275 584 329 Ἠ
1168 267 1224 324 S.
1267 267 1556 327 JOANNIS
1586 268 2081 328 ‘CIHWSOSTOMI
2112 268 2431 330 ARCIIIEP.
2473 274 3026 338 CONSTANTINOP.
3687 286 3759 342 6!

507 389 968 460 ἐπαισχύνεται,
1001 389 1271 444 δείκνυσιν
1299 393 1358 444 οὐ
1387 393 1486 463 τῆς
1513 393 1605 446 τοῦ
1637 393 1962 464 πράγματος
1989 391 2090 460 φύ-

520 491 678 540 σεως,
707 473 838 528 ἀλλὰ
870 473 968 544 τῆς
993 473 1370 546 φιλοστοργίας
1397 477 1492 530 τοῦ
1523 477 1597 548 μὴ
1628 475 2089 546 ἐπαισχυνομένου

519 561 579 613 16
612 560 718 612 πᾶν
762 557 858 623 δν,
902 558 996 611 καὶ
1032 559 1133 626 τῆς
1179 560 1683 631 ταπεινοφροσύνης
1723 559 1823 631 τῆς
1865 558 2087 626 πολλῆς.

519 644 580 695 1οΣί
613 643 724 713 γὰρ
752 641 847 694 καὶ
885 639 945 704 ἐξ
981 640 1128 704 ἐνὸς,
1179 641 1292 694 ἀλλ’
1338 645 1366 695 6
1405 643 1501 712 μὲν
1537 642 1789 710 ἁγιάζει,
1836 642 1996 712 ἡμεῖς
2032 641 2090 695 δὲ

521 725 878 796 άγιαζόμεθα.
923 724 1063 778 Πολύ
1108 724 1166 777 δέ
1202 724 1263 779 16
1306 725 1507 795 μέσονο
1544 725 1641 779 καὶ
1683 728 1710 779 6
1748 725 1846 796 μὲν
1891 727 1956 777 ἐκ
1994 724 2088 776 τοῦ

520 807 753 878 Πατρός,
793 806 866 863 ὡς
905 806 1032 868 Υἰδς
1069 808 1309 876 γνήσιος,
1346 809 1644 874 τουτέστιν,
1675 810 1738 860 ἐκ
1769 810 1868 877 τῆς
1902 806 2090 868 οὐσίας

519 891 682 944 αὐτοῦ
704 908 717 922 ·
750 890 912 960 ἡμεῖς
960 888 1017 941 δὲ
1053 889 1128 952 ὡς
1173 890 1396 960 κτίσμα,
1429 891 1731 954 τουτέστιν,
1768 890 1830 954 ἐξ
1858 890 1956 942 οὐκ
2003 889 2092 941 όν-

517 993 644 1028 των.
679 974 840 1026 Ὥστε
884 972 1018 1025 πολύ
1057 973 1115 1025 16
1162 973 1357 1041 μέσον.
1387 974 1476 1026 Διό
1517 990 1682 1043 φησιν
1705 989 1718 1004 ο
1764 976 1885 1027 Οὐκ
1921 972 2088 1024 ἐπαι-

517 1059 807 1126 σχύνεται
832 1055 1136 1123 ἀδελφοὺς
1157 1055 1378 1121 αὐτοὺς
1395 1055 1624 1119 καλεῖν,
1646 1054 1818 1122 λέγων
1835 1072 1850 1086 ο
1885 1056 2088 1124 Ἄπαγε

516 1139 672 1210 τελῶ
713 1139 778 1193 τό
816 1137 1004 1206 ὄνομά
1035 1154 1151 1192 σου
1185 1137 1308 1203 τοῖς
1339 1137 1626 1206 ἀδελφοῖς
1652 1155 1793 1206 μου.
1838 1137 1947 1207 Τήν
1980 1137 2088 1208 γὰρ

520 1224 697 1293 σάρκα
735 1223 1114 1292 ἐνδυσάμενος,
1163 1221 1448 1274 ἐνεδύσατο
1487 1220 1583 1273 καὶ
1618 1219 1718 1290 τήν
1757 1218 2088 1290 ἀδελφότητα

517 1308 612 1360 καὶ
654 1305 1002 1376 συνεισῆλθεν
1056 1305 1192 1376 όμοῦ
1231 1307 1298 1373 τῇ
1343 1303 1507 1373 σαρκὶ
1561 1302 1655 1356 καὶ
1694 1303 1727 1372 ή
1767 1301 2085 1371 ἀδελφότης.

530 1389 690 1444 Ἀλλά
738 1389 897 1443 τοῦτο
938 1389 1038 1459 μὲν
1091 1387 1315 1449 εἰκότως
1353 1386 1629 1456 παράγειν
1681 1384 1742 1438 τὸ
1792 1384 1870 1451 δὲ,
1942 1384 2089 1453 Ἐγὼ

509 1474 728 1542 ’ἔσομαι
767 1471 1061 1537 πεποιθὼς
1100 1470 1190 1523 ἐπ’
1228 1469 1424 1535 αὐτῷ,
1471 1470 1523 1521 τί
1565 1468 1850 1540 βούλεταις
1884 1469 1990 1521 Καὶ
2027 1468 2087 1520 16

521 1556 660 1629 μετά
683 1554 852 1609 ταῦτα
881 1556 935 1608 δὲ
961 1556 1185 1619 εἰκότως
1204 1571 1218 1585 ⁶
1267 1553 1422 1608 ’ἰδοὺ
1451 1553 1566 1624 ἐγὼ
1601 1553 1700 1607 καί
1724 1554 1796 1607 τὰ
1823 1552 2028 1606 παιδία
2051 1551 2088 1606 ἅ

513 1659 614 1710 μοι
657 1639 882 1693 ἔδωκεν
925 1641 958 1692 ό
1005 1638 1167 1702 Θεός.
1211 1636 1424 1707 ’Ὠσπερ
1461 1639 1568 1707 γὰρ
1597 1635 1832 1690 ἐνταῦθα
1876 1636 2088 1705 πατέρα

499 1723 788 1776 δείκνυσιν
820 1720 1028 1785 ἐαυτὸν,
1065 1719 1236 1782 οὕτως
1263 1720 1382 1772 ἐκεῖ
1410 1719 1636 1786 ἀδελφόν
1658 1735 1673 1749 ·
1720 1717 2083 1788 Ἀπαγγελῶ,

515 1807 649 1877 φησὶ
669 1845 684 1872 ,
714 1805 781 1860 τὸ
825 1803 1012 1872 ὄνομά
1043 1817 1160 1856 σου
1195 1801 1319 1869 τοῖς
1347 1801 1462 1873 [44]
1494 1801 1779 1871 ἀδελφοῖς
1799 1819 1920 1870 μου
1941 1818 1956 1833 ·
1991 1801 2086 1854 καὶ

515 1888 679 1943 πάλιν
701 1890 801 1959 τὴν
829 1885 1101 1955 ὑπεροχὴν
1125 1885 1390 1946 δείκνυσι,
1421 1885 1516 1936 καὶ
1539 1885 1673 1937 πολὺ
1698 1885 1759 1936 τὸ
1783 1884 1968 1954 μέσον,
1999 1883 2086 1938 διὰ

513 1971 622 2025 τῶν
657 1971 814 2040 ἐξῆν
848 1968 1002 2020 Ἐπεὶ
1028 1963 1142 2021 οὖν
1171 1971 1240 2020 τὰ
1277 1965 1505 2031 παιδία,
1550 1967 1703 2036 φησὶ,
1730 1963 2085 2032 κεκοινώνη-

515 2071 624 2108 κεν
645 2055 891 2122 αἵματος
923 2051 1020 2104 καί
1049 2049 1298 2116 σαρκός.

584 2136 646 2190 δ’.
687 2136 853 2206 Ὁρᾷς
883 2133 1008 2199 ποῦ,
1048 2133 1201 2202 φησὶ,
1239 2133 1301 2185 τὺ
1332 2132 1550 2203 ὅμοιον;
1589 2130 1728 2187 κατά
1759 2131 1854 2202 τὴν
1886 2131 2083 2203 σάρκα.

518 2219 960 2288 Παραπλησίως
982 2218 1079 2270 καί
1103 2215 1286 2282 αὐτὸς
1309 2217 1566 2286 μετέσχε
1595 2215 1716 2269 τῶν
1744 2211 1963 2269 ᾰύτῶν.
1991 2216 2085 2267 Αἰ-

517 2301 899 2372 σχυνέσθωσαν
930 2301 1131 2362 πάντες
1162 2300 1209 2351 οἱ
1241 2301 1528 2371 αίρετικοὶ,
1563 2298 2086 2368 ὲγκαλυπτέσθωσαν

505 2387 565 2438 ὀί
599 2386 820 2454 δοκήσει
867 2382 1118 2450 λέγοντες
1162 2381 1326 2434 αὐτόν
1373 2380 1816 2450 παραγενέσθαι,
1857 2380 1951 2433 καὶ
1986 2380 2087 2432 οὐκ

510 2467 766 2536 ἀληθείᾳ.
791 2465 866 2517 Οὐ
897 2464 1006 2533 γάρ
1031 2457 1205 2524 εἶπεν,
1238 2463 1319 2515 ὅτι
1341 2462 1608 2530 Μετέσχε
1631 2463 1876 2525 τούτων,
1903 2461 2083 2530 μόνον,

517 2550 610 2603 καὶ
636 2550 862 2616 ἐσίγησε
886 2561 902 2576 '
933 2547 1112 2600 καίτοι
1151 2545 1246 2598 καὶ
1270 2547 1318 2597 εἰ
1351 2545 1525 2608 οὕτως
1549 2542 1727 2609 εἶπεν,
1764 2545 1948 2600 ἰκανὸν
1975 2540 2043 2616 ἦν
2067 2560 2083 2576 ο

516 2631 629 2687 ἀλλ’
679 2631 864 2702 ἕτερόν
893 2647 948 2682 τι
993 2629 1174 2700 μεῖζον
1209 2628 1453 2697 ἐνέφηνε,
1499 2628 1583 2693 16,
1622 2628 2082 2695 Παραπλησίως,

509 2706 792 2788 προσθείς.
826 2714 898 2766 Οὐ
933 2710 1204 2782 φαντασίᾳ
1229 2711 1351 2764 οὐδὲ
1373 2711 1558 2775 εἰκόνι,
1596 2712 1781 2781 φησὶν,
1805 2710 1919 2764 ἀλλ’
1952 2709 2084 2781 άληο

513 2799 637 2870 θείᾳ
662 2817 676 2832 σ
702 2797 826 2850 ἐπεὶ
852 2796 933 2861 τὸ,
959 2794 1420 2863 Παραπλησίως,
1447 2795 1506 2846 οὐ
1542 2793 1793 2860 σώζεται.
1820 2790 1955 2848 Εἶτα
1981 2793 2086 2848 δεί-

517 2883 612 2947 ξας
650 2880 748 2951 τὴν
779 2877 1115 2946 ἀδελφότητα
1136 2919 1151 2943 ,
1179 2876 1272 2929 καὶ
1300 2877 1399 2948 τὴν
1428 2875 1602 2930 αἰτίαν
1624 2886 1650 2916 α
1669 2877 1853 2947 τίθησι
1875 2878 1975 2948 τῆς
2005 2879 2086 2930 οἰ-

507 2965 774 3037 κονομίας
790 2980 802 2994 ’
824 2962 1022 3025 Ὅπως
1035 2959 1129 3014 διὰ
1147 2960 1252 3014 τοῦ
1267 2959 1549 3025 θανάτου,
1565 2961 1720 3033 φησὶ,
1735 2959 2083 3031 καταργήσῃ

509 3049 622 3100 τὸν
642 3047 708 3099 τὸ
740 3043 956 3112 κράτος
980 3043 1198 3109 ἔχοντα
1222 3042 1326 3097 τοῦ
1352 3042 1631 3105 θανάτου,
1662 3042 1958 3109 τουτέστι,
1982 3045 2088 3097 τὸν

515 3129 814 3183 διάϐολον.
853 3125 1116 3179 Ἐνταῦθα
1146 3126 1203 3179 16
1241 3125 1553 3196 θαυμαστὸν
1583 3126 1875 3193 δείκνυσιν,
1905 3127 1987 3180 ὅτι
2018 3127 2086 3182 δι’

507 3205 575 3266 οὐ
610 3213 912 3283 ἐκράτησεν
958 3209 985 3260 6
1022 3207 1304 3274 διάϐολος,
1347 3207 1434 3262 διὰ
1473 3207 1662 3262 τούτου
1709 3208 1953 3279 ἡττήθη,
1993 3212 2086 3266 καὶ

514 3298 651 3367 ὅπερ
684 3293 901 3364 ἰσχυρόν
923 3289 989 3362 ἦν
1012 3290 1161 3361 αὐτῷ
1193 3291 1354 3344 ὅπλον
1388 3290 1529 3344 κατὰ
1555 3292 1656 3361 τῆς
1685 3294 2031 3365 οἰκουμένης,
2058 3298 2087 3349 ό

517 3378 779 3438 θάνατος,
832 3375 1007 3444 τούτῳ
1041 3373 1201 3427 αὐτὸν
1239 3372 1471 3445 ἔπληξεν
1515 3375 1543 3426 6
1585 3375 1820 3444 Χριστός
1843 3391 1857 3406 ·
1896 3378 1991 3430 καὶ
2027 3378 2088 3430 16

515 3459 648 3515 πολύ
675 3461 773 3526 τῆς
799 3457 1082 3526 δυνάμεως
1116 3457 1208 3510 τοῦ
1246 3459 1567 3528 νικήσαντος
1607 3458 1880 3526 ἐμφαίνει.
1925 3460 2086 3532 Ὁρᾷς

514 3547 637 3598 ὅσον
671 3545 699 3596 6
741 3543 965 3608 θάνατος
1005 3542 1299 3615 εἰργάσατο
1341 3541 1538 3607 καλόν;
1579 3542 1688 3596 Καί
1732 3541 2083 3611 ἀπαλλάξῃ,

515 3628 671 3697 φησὶ,
698 3627 968 3692 τούτους,
995 3626 1127 3680 ὅσοι
1145 3626 1306 3695 φόϐῳ
1331 3623 1592 3679 θανάτου
1614 3623 1712 3678 διὰ
1735 3625 1961 3689 παντὸς
1980 3626 2084 3680 τοῦ

515 3709 622 3778 ζῇν
644 3708 848 3778 ἔνοχοι
888 3706 1050 3780 ἦσαν
1079 3708 1382 3773 δουλείας.
1410 3707 1567 3769 Τίνος
1596 3706 1784 3760 ἕνεκεν
1811 3708 2082 3777 φρίττετε,

515 3792 670 3865 φησὶ,
701 3793 750 3846 τί
771 3792 1046 3846 δεδοίκατε
1067 3793 1158 3844 τὸν
1183 3789 1631 3861 καταργηθέντα;
1650 3791 1834 3844 οὐκέτι
1858 3791 2085 3862 φοϐερός

514 3879 683 3942 ἑστιν,
697 3877 832 3930 ἀλλὰ
848 3877 1179 3946 πεπάτηται,
1201 3874 1706 3946 καταπεφρόνηται,
1727 3874 1950 3945 εὐτελής
1970 3876 2085 3928 ἐστι

515 3963 609 4014 καὶ
643 3961 854 4023 οὐδενὸς
879 3959 1048 4024 ἄξιος.
1072 3958 1138 4011 Τί
1166 3958 1222 4011 δέ
1253 3960 1424 4022 ἐστιν,
1453 3957 1615 4010 Ὅσοι
1641 3959 1806 4027 φόϐῳ
1827 3959 2085 4014 θανάτου

514 4043 610 4095 διὰ
629 4044 854 4106 παντὸς
871 4040 976 4094 τοῦ
992 4039 1099 4107 ζῆν
1112 4041 1314 4108 ἔνοχοι
1332 4036 1494 4108 ἦσαν
1509 4039 1816 4107 δουλείαςς
1832 4041 1886 4093 τί
1905 4041 2081 4105 τοῦτο,

518 4124 714 4193 φησίν;
745 4125 866 4175 Ὅτι
891 4125 918 4175 6
937 4122 1028 4176 16v
1055 4122 1284 4174 θάνατον
1309 4120 1582 4183 δεδοικὼς,
1615 4123 1798 4186 δοῦλός
1815 4124 1954 4188 ἐστι,
1989 4125 2084 4177 καὶ

515 4207 694 4261 πάντα
727 4205 1017 4275 ὑφίσταται
1046 4204 1184 4274 ὐπὲρ
1221 4203 1316 4257 τοῦ
1355 4203 1430 4273 μὴ
1456 4203 1747 4256 ἀποθανεῖν
1767 4219 1781 4234 ⁸
1819 4205 1852 4275 ἢ
1881 4207 2080 4271 ἐκεῖνο,

514 4292 596 4345 ὅτι
627 4290 826 4352 πάντες
852 4287 1030 4341 δοῦλοι
1069 4283 1210 4358 ἦσαν
1247 4286 1340 4340 τοῦ
1385 4287 1638 4352 θανάτου,
1681 4289 1836 4358 φησὶ,
1867 4289 1961 4343 καὶ
2007 4291 2085 4361 τῷ

518 4371 740 4444 μηδέπω
782 4370 943 4425 αὐτὸν
991 4369 1248 4423 λελύσθαι
1289 4368 1653 4442 ἐκρατοῦντο·
1710 4371 1766 4441 ἢ,
1811 4364 1838 4405 δ
1889 4370 1960 4443 [εἰ
2007 4374 2082 4445 μὴ

511 4454 717 4526 τοῦτο,]
740 4456 820 4509 ὄτι
849 4453 998 4524 φόϐῳ
1029 4454 1266 4524 διηνεκεῖ
1299 4451 1535 4515 συνέζων
1558 4453 1606 4506 οί
1633 4451 1930 4522 ἄνθρωποι.
1973 4456 2084 4508 ’Δεὶ

512 4541 622 4612 γὰρ
654 4535 1113 4607 ἀποτεθνήξεσθαι
1146 4533 1575 4607 προσδοκῶντες,
1609 4536 1822 4590 καὶτὸν
1855 4538 2084 4591 θάνατον

509 4623 832 4687 δεδοικότες,
849 4619 1106 4691 οὐδεμιᾶς
1127 4618 1318 4689 ἡδονῆς
1333 4616 1586 4686 αἴσθησιν
1603 4617 1784 4672 λαϐεῖν
1801 4619 2081 4690 ἠδύναντο,

512 4707 606 4760 τοῦ
633 4705 800 4776 φόϐου
821 4703 1008 4758 τούτου
1035 4701 1300 4771 παρόντος
1321 4701 1505 4760 αὐτοῖς
1521 4714 1534 4728 ⁸
1560 4701 1716 4755 τοῦτο
1743 4702 1850 4773 γὰρ
1867 4701 2085 4773 ᾐνίξατο

512 4788 705 4843 εἰπών’
742 4789 844 4842 Διὰ
871 4785 1097 4852 παντὸς
1123 4783 1230 4838 τοῦ
1254 4782 1379 4852 ζῇν.
1402 4784 1683 4837 Δείκνυσιν
1705 4783 1936 4838 ἐνταῦθα
1957 4787 2084 4848 τοὺς

513 4861 883 4940 θλιϐομένους,
915 4871 1040 4932 τοὺς
1071 4866 1486 4938 ἐλαυνομένους,
1523 4868 1648 4930 τούς
1696 4867 2082 4936 διωκομένους,

509 4954 637 5016 τούς
661 4954 757 5006 καὶ
776 4954 1032 5024 πατρίδος
1057 4953 1147 5006 καὶ
1173 4951 1360 5014 οὐσίας
1381 4950 1475 5006 καὶ
1499 4949 1608 5004 τῶν
1631 4949 1803 5005 ἄλλων
1827 4950 2083 5005 ἁπάντων

510 5037 1036 5106 ἀποστερουμένους.
1049 5037 1200 5108 ἥδιον
1223 5035 1506 5103 διάγοντας
1524 5033 1620 5088 καὶ
1634 5032 2082 5105 ἐλευθεριώτερον

511 5117 737 5172 ἐκείνων
765 5117 872 5169 τῶν
910 5119 967 5170 ἐν
997 5121 1176 5190 τρυφῇ
1221 5119 1282 5172 16
1334 5117 1500 5172 πάλαι
1546 5116 1955 5187 τυγχανόντων,
1972 5116 2082 5170 τῶν

514 5201 678 5274 μηδὲν
705 5199 963 5253 τοιοίτων
993 5201 1295 5265 παθόντων,
1328 5201 1436 5254 τῶν
1462 5198 1874 5270 εὐθηνουμένων
1892 5214 1907 5230 °
1941 5201 1992 5252 εἴ
2017 5216 2080 5268 γε

512 5288 707 5339 ἐκεῖνοι
744 5282 843 5354 μὲν
873 5281 960 5335 διὰ
998 5285 1196 5347 παντὸς
1234 5285 1328 5339 τοῦ
1365 5283 1464 5354 ζῇν
1491 5283 1596 5337 ὐπὸ
1627 5283 1705 5354 τῷ
1736 5282 1889 5351 φόϐῳ
1907 5281 2082 5352 τούτῳ

571 5481 590 5506 ⁸
613 5485 852 5548 Cqmmgl.
877 5485 929 5530 el
960 5481 1140 5548 3333..
1243 5483 1461 5548 601173011
1508 5484 1630 5532 ἀλλά
1664 5483 1859 5548 ἀληθεία
1898 5485 2079 5543 δεικνὺς

507 5544 594 5601 τὴν
623 5545 936 5605 ἀδελφότητα.
964 5544 1079 5605 Εἶτα
1103 5545 1182 5590 καὶ
1205 5545 1290 5602 τὴν
1322 5545 1494 5605 αἰτίαν.

575 5605 619 5670 b_
634 5603 810 5670 verba,
834 5603 1487 5670 el_pﬁ__1051o,q_uaa_absum_
1503 5606 1553 5654 in
1574 5606 1730 5670 Regg.
1753 5613 1804 5656 el
1822 5606 2075 5669 Commcl.,

512 5666 701 5717 uncinis
724 5673 834 5728 post
861 5664 1096 5717 Sin'ilium
1121 5664 1420 5716 inélusimus.
1455 5665 1586 5716 Εωτ.

2197 385 2338 460 ἦσαν
2365 391 2480 467 [45]
2514 397 2608 450 καὶ
2630 396 2826 463 δοῦλοι,
2851 400 3003 453 αὐτοὶ
3038 399 3096 453 δὲ
3128 399 3318 454 τούτου
3349 401 3488 456 είσὶν
3515 401 3764 472 ἀπηλλα-

2190 474 2403 543 γμένοι,
2425 478 2516 530 καὶ
2537 479 2800 546 γελῶντες
2819 481 2996 545 τοῦτο,
3015 484 3150 554 ὅπερ
3173 484 3369 536 ἐκεῖνοι
3400 486 3758 554 πεφρίκασιν.

2195 555 2365 610 ’Ὠσπε
2373 575 2403 629 ρ
2420 559 2491 626 γά
2499 576 2529 630 ρ
2551 562 2600 614 εί
2616 578 2699 624 τις
2714 562 3001 634 δεσμώτην
3026 565 3287 634 μέλλοντα
3305 567 3405 636 τήν
3426 569 3520 620 ἐπὶ
3534 568 3763 625 θάνατον

2193 638 2289 707 ἄγε
2300 640 2444 707 σθαι,
2481 642 2574 695 καὶ
2596 644 2684 696 ἀεὶ
2715 645 2873 698 τοῦτο
2896 648 3298 717 προσδοκῶντα,
3326 649 3567 706 λιπαίνοι
3589 651 3760 721 πολλῇ

2190 723 2256 791 τῇ
2274 725 2454 793 τρυφῇ
2479 740 2492 754 ·
2512 724 2753 777 τοιοῦτόν
2769 744 2820 778 τι
2839 723 2906 798 ἦν
2927 729 2986 780 16
3003 728 3233 783 παλαιὸν
3255 732 3283 783 6
3305 730 3557 796 θάνατος.
3575 733 3690 786 Νῦν
3705 734 3764 786 δὲ

2189 805 2384 856 ταυτὸν
2419 805 2660 874 γέγονεν,
2679 801 2792 860 οἷον
2814 811 2880 862 ἂν
2903 811 2956 862 εί
2973 827 3058 874 τις
3081 812 3172 866 τὸν
3194 813 3358 882 φόϐον
3379 817 3586 868 ἐκεῖνον
3609 815 3770 870 ἐκϐα·

2193 884 2318 949 λὼν,
2359 890 2495 958 μετὰ
2533 893 2631 958 τῆς
2679 893 2894 961 τρυφῆς
2949 892 3130 947 ἀθλεῖν
3173 898 3494 965 προτρέποι,
3525 896 3620 950 καὶ
3672 896 3766 949 τὸν

2191 971 2379 1037 ἀγῶνα
2427 973 2726 1041 προτιθεὶς,
2770 976 3130 1043 ἐπαγγέλοιτο
3177 979 3372 1047 μηκέτι
3403 981 3482 1041 εἰς
3511 979 3764 1041 θάνατον.

2190 1052 2304 1106 ἀλλ’
2337 1055 2415 1117 είς
2452 1055 2729 1125 βασιλείαν
2775 1058 3026 1126 ἀγαγεῖν.
3055 1059 3229 1113 Τίνων
3267 1057 3358 1114 οῦν
3390 1060 3665 1131 ἠθέλησας
3697 1063 3765 1116 σὺ

2189 1136 2464 1202 γενέσθαι,
2493 1139 2601 1190 τῶν
2631 1143 2687 1192 ὲν
2720 1139 2794 1209 τῷ
2815 1140 3173 1213 δεσμωτηρίῳ
3197 1141 3596 1212 λιπαινομένων
3626 1145 3766 1214 μετὰ

2189 1217 2284 1270 τοῦ
2326 1219 2448 1273 καθ’
2484 1221 2722 1291 ἐκάστην
2752 1223 2968 1294 ἡμέραν
3004 1223 3100 1294 τήν
3126 1225 3404 1294 ἀπόφασιν
3433 1227 3762 1298 προσδοκᾷν,

2189 1299 2222 1371 ἢ
2245 1302 2354 1356 τῶν
2379 1303 2687 1358 ἀθλούντων
2716 1306 2910 1371 πολλὰ,
2936 1310 3031 1361 καὶ
3061 1308 3364 1362 πονούντων
3387 1309 3588 1374 ἑκοντὶ,
3617 1309 3760 1362 ὥστε

2189 1385 2250 1437 16
2279 1386 2517 1456 διάδημα
2554 1389 2653 1458 τῆς
2690 1389 2970 1458 βασιλείας
3003 1391 3410 1462 άναδήσασθαι;
3447 1391 3610 1463 Ὁρᾷς
3651 1393 3763 1457 πῶς

2187 1467 2370 1519 αὐτῶν
2415 1464 2516 1540 ἦρε
2561 1469 2660 1539 τὴν
2699 1471 2898 1543 ψυχὴν,
2928 1472 3025 1524 καὶ
3077 1471 3384 1544 μετεώρους
3433 1473 3761 1544 είργάσατος

2189 1551 2438 1604 Δείκνυσι
2475 1553 2531 1605 δὲ
2565 1555 2626 1606 οὐ
2657 1555 2747 1608 τὸν
2771 1556 3002 1608 θάνατον
3033 1557 3194 1625 μόνον
3221 1556 3592 1625 πεπαυμένον,
3627 1556 3766 1609 ἀλλὰ

2185 1631 2276 1685 διὰ
2307 1633 2496 1688 τούτου
2527 1637 2779 1690 κάκεῖνον
2806 1638 2897 1690 τὸν
2933 1637 3196 1692 ἄσπονδον
3228 1638 3366 1708 πρὸς
3396 1639 3542 1708 ἡμᾶς
3566 1639 3651 1692 ἀεὶ
3670 1639 3766 1692 τὸν

2189 1716 2423 1787 πόλεμον
2443 1719 2858 1791 ἐπανῃρημένον
2881 1722 2976 1774 καί⁵
2992 1721 3459 1792 ἐπιδεικνύμενον,
3480 1723 3574 1775 τὸν
3591 1722 3766 1777 διάϐο-

2189 1798 2279 1852 λον
2311 1799 2454 1868 λέγω
2477 1803 2894 1874 καταργηθέντα
2910 1820 2924 1834 ο
2945 1804 2974 1856 ό
2994 1803 3104 1873 γὰρ
3127 1804 3354 1857 θάνατον
3387 1804 3462 1875 μὴ
3490 1804 3763 1868 δεδοικὼς.

2189 1881 2298 1946 ἔξω
2321 1882 2424 1952 τῆς
2457 1885 2773 1955 τυραννίδος
2799 1885 2917 1938 ἐστὶ
2945 1884 3040 1939 τοῦ
3066 1885 3341 1940 διαϐόλου.
3373 1887 3435 1940 Εἰ
3457 1888 3565 1958 γὰρ
3585 1886 3766 1958 δέρμα

2188 1964 2330 2038 ὐπέρ
2362 1967 2649 2037 δέρματος,
2676 1969 2772 2022 καὶ
2798 1969 2974 2022 πάντα
2999 1968 3114 2038 δοίη
3137 1970 3214 2023 σάν
3244 1986 3329 2034 τις
3361 1969 3504 2040 ὐπέρ
3530 1973 3631 2041 τῆς
3655 1969 3764 2039 ψυ-

2187 2050 2290 2120 χῆς
2311 2052 2505 2105 αὐτοῦ·
2541 2053 2671 2106 ὅταν
2705 2052 2800 2105 καὶ
2829 2051 3034 2123 ταύτης
3067 2053 3232 2126 κρίνῃ
3259 2071 3342 2116 τις
3376 2055 3761 2125 καταφρονεῖν.

2185 2134 2330 2196 τίνος
2375 2134 2527 2188 ἔσται
2555 2133 2740 2199 δοῦλος
2782 2133 3008 2200 λοιπόν;
3041 2135 3246 2189 υύδένα
3285 2135 3542 2202 δέδοικεν,
3573 2135 3765 2192 οὐδένα

2188 2217 2450 2288 φοϐεῖται,
2480 2221 2694 2272 πάντων
2721 2218 2866 2270 ἐστὶν
2886 2218 3054 2270 ἀνὼτε
3064 2235 3174 2288 ρος,
3197 2218 3294 2271 καὶ
3312 2218 3529 2272 πάντων
3549 2217 3765 2274 ἐλευθε-

2189 2297 2349 2372 ριώτε
2358 2317 2467 2372 ρος.
2505 2301 2564 2354 '0
2589 2301 2697 2371 γὰρ
2716 2301 2815 2371 τῆς
2835 2300 3016 2371 ψυχῆς
3031 2303 3128 2372 τῆς
3150 2300 3346 2354 ἐαυτοῦ
3377 2303 3758 2376 καταφρονῶν,

2188 2383 2367 2452 πολλῷ
2398 2383 2598 2452 μᾶλλον
2656 2383 2766 2437 τῶν
2815 2383 3013 2439 ἄλλων.
3051 2385 3222 2438 Ὅταν
3277 2384 3335 2438 δέ
3385 2383 3526 2458 εὐρῃ
3579 2387 3761 2457 ψυχήν

2185 2465 2448 2536 τοιαύτην
2479 2467 2507 2517 ό
2533 2466 2800 2530 διάϐολος,
2828 2467 2981 2521 οὐδὲν
3011 2468 3351 2540 ἐργάσασθαι
3381 2470 3674 2540 δυνήσεται
3702 2474 3762 2522 ἐν

2187 2549 2323 2618 αὐτῇ
2347 2547 2455 2600 τῶν
2487 2547 2700 2600 ἑαυτοῦ.
2737 2549 2802 2600 Τί
2848 2550 2978 2620 γάρ,
3013 2551 3134 2604 εἰπέ
3167 2568 3256 2620 μοι
3283 2593 3299 2614 ,
3328 2553 3626 2623 χρημάτων
3664 2553 3761 2622 ζηο

2191 2630 2322 2700 μίαν
2350 2630 2635 2701 ἀπειλήσει
2655 2632 2750 2685 καὶ
2789 2633 3012 2702 ἀτιμίαν
3035 2634 3129 2686 καὶ
3156 2634 3414 2706 πατρίδος
3444 2635 3757 2701 έκπτωσιν;

2209 2712 2371 2767 Ἀλλὰ
2398 2714 2572 2767 ταῦτα
2612 2713 2784 2785 μικρὰ
2815 2714 2894 2784 τῷ
2919 2714 3053 2784 μηδέ
3079 2716 3176 2787 τὴν
3199 2715 3375 2787 ψυχὴν
3394 2717 3581 2785 τιμίαν
3607 2717 3760 2770 τιθεσι

2190 2799 2355 2868 μένῳ,
2393 2799 2535 2851 κατά
2576 2799 2666 2852 τὸν
2709 2799 2979 2869 μακάριον
3027 2799 3260 2854 Παῦλον.
3315 2800 3476 2870 Ὁρᾷς
3528 2801 3614 2854 ὅτι
3661 2801 3757 2854 τοῦ

2187 2879 2417 2934 θανάτου
2451 2879 2548 2950 τὴν
2585 2881 2877 2950 τυραννίδα
2928 2879 3194 2946 ἐκϐαλὼν,
3233 2881 3608 2950 συγκατέλυσε
3662 2885 3760 2938 καὶ

2185 2961 2279 3016 τοῦ
2326 2962 2574 3016 διαϐόλου
2622 2964 2719 3034 τὴν
2772 2962 2954 3033 ίσχύν;
3013 2965 3042 3016 6
3083 2964 3190 3031 γὰρ
3249 2961 3378 3031 περί
3417 2964 3762 3028 ἀναστάσεως

2189 3045 2358 3116 μυρία
2389 3046 2700 3114 φιλοσοφεῖν
2729 3046 2916 3110 εἰδὼς,
2950 3045 3067 3109 πῶς
3095 3045 3297 3099 δέδοικε
3327 3046 3590 3112 θάνατον;
3644 3045 3760 3108 πῶς

2186 3128 2395 3198 φρίττει
2421 3128 2607 3180 λοιπόν
2623 3147 2636 3193 ;
2654 3128 2746 3199 Μὴ
2764 3128 2946 3181 τοίνυν
2963 3128 3257 3198 ἀσχάλλετε
3285 3127 3559 3196 λέγοντες,
3591 3128 3688 3182 Διά
3706 3129 3760 3181 τί

2184 3209 2255 3264 τὰ
2282 3211 2375 3264 καὶ
2398 3211 2466 3264 τὰ
2492 3211 2870 3280 πεπόνθαμεν;
2902 3209 3044 3264 οὐτω
3067 3211 3175 3282 γὰρ
3201 3211 3558 3282 λαμπροτέρα
3578 3214 3611 3282 ή
3633 3211 3759 3283 νίκη

2186 3294 2418 3362 γίνεται·
2451 3295 2551 3346 οὐκ
2583 3294 2649 3348 ἂν
2671 3294 2726 3347 δὲ
2755 3291 2824 3364 ἦν
2851 3294 3099 3364 λαμπρὰ,
3131 3295 3178 3345 εί
3211 3294 3285 3362 μὴ
3314 3293 3527 3365 θανάτῳ
3550 3295 3641 3346 τὸν
3665 3293 3762 3348 θά-

2185 3393 2344 3432 νατον
2398 3376 2575 3430 ἔλυσε.
2636 3377 2708 3429 T6
2756 3377 2813 3430 δὲ
2872 3375 3184 3446 θαυμαστὸν
3234 3375 3393 3428 τοῦτό
3438 3377 3620 3442 ἐστιν,
3676 3379 3760 3430 δτι

2183 3460 2254 3512 δι’
2277 3461 2459 3514 αὐτῶν
2486 3461 2649 3513 αὐτὸν
2680 3459 2898 3530 ἐνίκησε
2919 3502 2934 3525 ,
2987 3459 3054 3512 δι’
3077 3453 3151 3511 ὧν
3183 3459 3370 3528 ἴσχυσε
3392 3501 3406 3524 ,
3441 3459 3503 3513 16
3527 3459 3760 3530 εὔπορον

2186 3541 2351 3596 αὐτοῦ
2403 3542 2686 3613 πανταχοῦ
2738 3545 2832 3597 καὶ
2882 3545 3189 3613 εὐμήχανον
3242 3543 3476 3607 δεικνύς.
3554 3544 3648 3616 Μὴ
3695 3544 3759 3614 δὴ

2188 3623 2476 3693 προδῶμεν
2519 3626 2619 3693 τὴν
2658 3625 2902 3681 δοθεῖσαν
2932 3628 3062 3695 ήμῖν
3089 3625 3320 3697 δωρεάν.
3373 3629 3455 3680 Οὐ
3477 3626 3586 3695 γὰρ
3615 3625 3757 3687 ἐλάτ-

2189 3708 2398 3774 ϐομεν,
2448 3708 2619 3775 φησὶ,
2675 3700 2908 3777 πκεῦμα
2956 3707 3228 3774 δειλίαςο
3250 3747 3266 3772 ,
3315 3709 3474 3762 ἀλλὰ
3526 3708 3762 3776 πνεῦμα

2187 3789 2494 3858 δυνάμεως
2526 3789 2623 3843 καί
2648 3790 2884 3859 ἀγάπης
2917 3791 3015 3845 καί
3043 3790 3488 3861 σωφρονισμοῦ.
3538 3790 3760 3862 Στῶμεν

2188 3868 2279 3927 οῦν
2305 3874 2568 3940 γενναίως
2595 3874 3002 3942 καταγελῶντες
3029 3874 3122 3927 τοῦ
3154 3874 3410 3930 θανάτου.

2259 4033 2375 4106 [46]
2401 4041 2459 4086 ε’.
2481 4035 2641 4089 Ἀλλὰ
2659 4033 2766 4105 γὰρ
2786 4035 2984 4104 ἐπῆλθέ
3018 4051 3108 4103 μοι
3131 4033 3381 4099 στενάξαι
3411 4036 3628 4106 πικρὸν,
3651 4034 3757 4089 ποῦ

2191 4117 2288 4186 μὲν
2314 4118 2341 4167 ό
2376 4117 2608 4184 Χριστὸς
2654 4118 2802 4185 ἡμᾶς
2842 4117 3116 4185 ἀνήγαγε,
3172 4115 3274 4168 ποῦ
3311 4117 3367 4169 δὲ
3409 4118 3637 4180 ἐαυτούς
3661 4135 3762 4171 κα-

2186 4197 2522 4268 τηγάγομεν.
2545 4197 2714 4250 Ὅταν
2747 4198 2853 4267 γὰρ
2878 4195 2971 4249 ῐδω
2998 4198 3126 4260 τούς
3155 4199 3422 4261 κοπετοὺς
3457 4200 3582 4257 τούς
3615 4201 3759 4253 κατά

2186 4282 2284 4352 τὴν
2309 4279 2536 4350 ἀγοράν,
2571 4280 2670 4334 τὰς
2701 4281 2970 4349 οἰμωγὰς,
3003 4278 3068 4342 ἃς
3100 4279 3193 4333 ἐπὶ
3230 4282 3342 4344 τοῖς
3377 4279 3760 4352 ὲξερχομένοις

2186 4363 2464 4418 ποιοῦνται
2496 4363 2591 4418 τοῦ
2627 4363 2766 4434 βίου,
2798 4364 2896 4426 τὰς
2928 4362 3208 4432 όλολυγὰς,
3242 4363 3341 4428 τὰς
3373 4360 3761 4438 ἀσχημοσύνης

2185 4450 2283 4511 τὰς
2331 4447 2499 4511 ἄλλας
2523 4488 2539 4514 ,
2598 4445 2924 4500 πιστεύσατε
2947 4490 2962 4513 ,
3011 4446 3342 4521 αἰσχύνομαι
3374 4451 3468 4504 καὶ
3495 4449 3761 4522 Ἕλληνας

2185 4531 2282 4584 καί¹
2317 4529 2599 4594 Ἰουδαίους
2626 4530 2720 4584 καὶ
2747 4530 3060 4601 αίρετικοῦς
3085 4534 3211 4598 τοὺς
3231 4533 3496 4603 ὁρῶντας,
3514 4533 3610 4586 καὶ
3632 4533 3762 4586 πάν-

2183 4630 2284 4678 τας
2344 4613 2532 4678 ἀπλῶς
2582 4615 2708 4678 τούς
2762 4613 2854 4668 διὰ
2896 4615 3058 4670 τοῦτο
3107 4616 3525 4684 καταγελῶντας
3567 4614 3758 4686 ήμῶν·

2184 4699 2284 4752 ὅσα
2316 4699 2426 4770 γὰρ
2458 4699 2523 4752 ἄν
2553 4700 2691 4752 είπω
2717 4697 2926 4762 λοιπὸν,
2957 4701 3080 4772 εἰκῇ
3110 4699 3219 4769 ἐρῶ
3251 4701 3379 4769 περὶ
3409 4699 3761 4761 ἀναστάσεως

2187 4782 2514 4851 φιλοσοφῶν.
2573 4782 2638 4834 Τί
2691 4781 2936 4853 δήποτε;
2998 4783 3120 4835 Ὅτι
3175 4784 3237 4835 οὐ
3284 4784 3397 4843 τοῖς
3443 4780 3760 4850 λεγομένοις

2184 4866 2315 4936 παρ’
2347 4864 2483 4936 ἐμοῦ
2515 4867 2877 4938 προσέχουσιν
2901 4864 3194 4935 Ἕλληνες,
3230 4863 3365 4917 ἀλλὰ
3396 4865 3508 4926 τοῖς
3536 4863 3756 4932 γινομέ-

2187 4963 2298 5010 νοις
2336 4947 2466 5020 παρ*
2486 4949 2640 5020 ὐμῶν
2665 4962 2681 4977 ⁶
2740 4947 2948 5011 εὐθέως
2976 4947 3086 5016 γὰρ
3118 4945 3306 5017 ἐροῦσι
3331 4963 3345 4977 ο
3382 4946 3520 4999 Πότε
3550 4947 3756 5000 τούτων

2183 5045 2267 5092 τις
2301 5031 2714 5101 καταφρονῆσαι
2748 5029 2980 5083 θανάτου
3011 5029 3339 5098 δυνήσεται,
3405 5030 3538 5100 μηδὲ
3571 5029 3756 5100 ἕτερον

2181 5113 2456 5167 τεθνεῶτα
2506 5113 2804 5184 δυνάμενος
2849 5113 3013 5177 ἰδεῖν;
3075 5111 3231 5165 Καλά
3261 5111 3326 5166 τὰ
3357 5112 3620 5184 εἰρημένα
3650 5113 3755 5164 ὐπὸ

2181 5195 2276 5250 τοῦ
2308 5195 2544 5259 Παύλου,
2599 5195 2762 5260 καλὰ,
2808 5195 2903 5248 καὶ
2931 5194 3038 5247 τῶν
3068 5194 3311 5265 οὐρανῶν
3340 5195 3486 5261 ἄξια,
3534 5193 3629 5247 καλ⁵
3657 5195 3753 5262 τῆς

2181 5277 2274 5331 τοῦ
2301 5277 2433 5331 Θεοῦ
2464 5276 2894 5348 φιλανθρωπίας·
2925 5277 2978 5328 τί
3006 5277 3115 5347 γάρ
3146 5294 3312 5348 φησι;
3340 5278 3449 5332 Καί
3477 5276 3752 5332 ἀπαλλά-

2179 5362 2272 5426 ξει
2322 5361 2612 5428 τούτους,
2672 5359 2803 5413 ὅσοι
2854 5360 3016 5427 φόϐῳ
3066 5361 3324 5415 θανάτου
3381 5362 3478 5414 διὰ
3526 5358 3754 5425 παντὸς

2179 5443 2286 5498 τοῦ
2330 5440 2438 5510 ζῇν
2474 5443 2677 5512 ἔνοχοι
2721 5438 2884 5512 ἦσαν
2927 5443 3227 5509 δουλείας.
3278 5443 3418 5496 Ἀλλ’
3441 5443 3540 5496 οὐκ
3565 5441 3752 5511 ἀφίετε

2243 5618 2266 5647 ο
2297 5616 2445 5682 Marg.
2473 5616 2851 5682 Savil.,15vaB;+a
2890 5621 3124 5682 δουλείας,
3137 5620 3483 5671 consentiente
3512 5618 3747 5680 Mugiano,

2182 5679 2280 5728 imo
2305 5685 2364 5728 el.
2387 5678 2494 5741 ipso
2516 5685 2658 5730 textu
2682 5678 2838 5729 Pauli.
