4088 6212
338 328 403 384 Η

345 436 435 489 li.
469 435 574 499 Qui
594 434 732 488 enim
773 435 1074 503 sanctiﬁcat,
1108 445 1154 489 et
1181 437 1265 506 qui
1289 438 1687 507 sanctificantur,
1745 458 1810 496 ex
1834 460 1933 497 uno

347 544 543 583 omnes.
578 526 800 597 Propter
824 545 976 597 quam
1018 545 1224 584 causam
1256 546 1358 584 non
1386 533 1720 604 confunditur-
1750 539 1933 605 fratres

344 635 435 679 eos
474 633 670 671 vocare.
722 616 862 671 Ecce
913 631 1100 673 rursus
1146 619 1415 690 quomodo
1444 637 1539 677 eos
1580 625 1829 680 conciliat
1871 641 1934 682 ac

345 707 629 778 caujungit
658 717 714 763 et
758 707 1031 762 bonorans
1073 716 1129 763 et
1172 711 1466 767 consolans
1502 722 1556 768 et
1601 728 1699 769 eos
1737 715 1938 772 faciens

351 798 549 854 fratres
575 798 797 865 Christi,
828 814 896 855 ex
922 815 988 855 eo
1016 799 1160 868 quod
1186 801 1295 856 sint
1324 818 1389 857 ex
1419 819 1547 859 uno.
1581 805 1786 863 Deinde
1814 824 1938 864 rur-

350 904 449 949 sus
481 905 595 946 rem
625 891 1020 955 communiens,
1058 900 1113 947 et
1142 893 1433 949 ostendens
1470 909 1530 951 56
1559 895 1739 954 dicere
1767 898 1835 955 d6
1873 916 1940 955 60

353 980 498 1049 quod
541 989 628 1037 est
675 980 972 1037 secundum
1014 997 1254 1046 carnem,
1300 984 1622 1055 subjunxit:
1668 988 1765 1055 Qui
1807 993 1942 1046 enim

352 1073 668 1141 sanctiﬁcat,
692 1082 740 1127 et
765 1074 852 1143 qui
877 1074 1281 1141 sanctificantur.
1309 1073 1474 1131 Vides
1494 1087 1746 1147 quantum
1774 1081 1942 1137 inter-

356 1162 471 1218 sit?
501 1162 591 1218 ille
623 1163 840 1232 quidem
871 1162 1192 1230 sanctificat,
1232 1178 1331 1218 nos
1356 1180 1485 1221 vero
1526 1168 1940 1227 sanetitlcamur.

358 1253 429 1309 Et
472 1254 726 1323 superius
774 1268 897 1309 eum
946 1252 1081 1307 dixit
1126 1262 1401 1311 auctorem
1450 1258 1658 1314 salutis.
1693 1260 1837 1318 Unus
1870 1272 1945 1318 est

356 1347 492 1401 enim
522 1343 684 1409 Deus,
715 1360 780 1398 ex
811 1360 911 1414 quo
943 1344 1131 1399 omnia.
1162 1343 1385 1413 Propter
1425 1363 1576 1418 quam
1600 1366 1805 1405 causam
1844 1370 1945 1409 non

360 1439 611 1495 erubescit
648 1453 734 1493 eos
779 1453 957 1491 vocare
999 1441 1202 1506 fratres.
1251 1437 1409 1493 Vides
1441 1442 1713 1509 quomodo
1758 1460 1945 1503 rursus

362 1528 620 1585 ostendat
646 1526 1059 1584 excellentiam?
1084 1526 1272 1583 Dicere
1314 1528 1480 1594 enim,
1520 1530 1640 1585 Non
1668 1536 1944 1605 erubescit,

361 1619 608 1677 Ostendit
651 1628 814 1671 totum
861 1632 986 1673 esse
1032 1632 1136 1672 non
1188 1618 1263 1673 rei
1311 1628 1536 1685 naturae,
1568 1623 1661 1678 sed
1693 1625 1809 1695 ejus
1856 1629 1945 1698 qui

370 1728 485 1767 non
540 1710 804 1766 erubescit
852 1708 1241 1765 benevolentia:
1286 1718 1341 1765 et
1385 1713 1567 1769 multae
1612 1714 1945 1777 humilitatis.

362 1804 496 1859 Nam
541 1802 753 1857 etiamsi
795 1802 964 1856 simus
993 1816 1057 1855 ex
1087 1815 1216 1864 uno,
1250 1800 1338 1856 ille
1376 1804 1591 1873 quidem
1628 1811 1945 1879 sanctificat,

374 1901 484 1943 nos
505 1896 688 1944 autem
735 1891 1149 1947 sanetificamur.
1201 1894 1424 1951 Multum
1477 1899 1718 1955 interest.
1762 1904 1825 1959 Et
1873 1906 1963 1962 ille

379 1979 593 2050 quidem
643 1996 710 2037 ex
753 1981 933 2047 Patre,
990 1995 1254 2056 tamquam
1293 2003 1454 2044 verus
1493 2000 1543 2045 et
1590 1995 1834 2063 proprius
1868 1996 1961 2053 Fi-

376 2071 500 2137 lius,
530 2069 634 2127 hoc
663 2082 768 2141 est,
803 2088 869 2129 ex
898 2075 1016 2145 ejus
1046 2083 1275 2133 essentia
1301 2096 1316 2145 ;
1356 2094 1455 2135 nos
1483 2091 1660 2138 autem
1692 2092 1957 2157 tamquam

371 2172 645 2231 el'eawra,
675 2164 779 2220 hoc
806 2174 912 2231 est,
946 2181 1011 2222 ex
1043 2168 1234 2224 nihilo.
1257 2170 1478 2226 Multum
1510 2173 1686 2244 itaque
1710 2177 1954 2234 interest.

373 2256 735 2322 Quamobrem
765 2257 913 2323 dicit,
944 2257 1068 2314 Non
1092 2262 1336 2317 erubescit
1376 2265 1513 2335 ipsos
1539 2283 1717 2322 vocare
1746 2269 1952 2339 fratres,

370 2346 606 2401 dicens:
656 2347 744 2403 12.
790 2346 1056 2404 Nuntiabo
1102 2367 1285 2406 nomen
1329 2362 1471 2407 tuum
1515 2358 1759 2426 fratribus
1811 2361 1951 2415 meis.

376 2436 517 2492 Nam
550 2452 714 2493 carne
753 2439 986 2509 indutus,
1056 2442 1226 2498 induit
1266 2445 1425 2500 etiam
1449 2445 1855 2518 fraternitatem,
1900 2461 1954 2507 et

373 2528 548 2582 simul
579 2529 739 2582 etiam
770 2528 999 2599 ingressa
1028 2542 1109 2586 est
1139 2548 1261 2589 cum
1288 2550 1450 2592 carne
1478 2536 1804 2595 fraternitas.
1845 2541 1951 2599 Sed

380 2615 490 2671 hoc
532 2617 744 2687 quidem
778 2622 963 2676 merito
1001 2622 1261 2680 adducit:
1292 2625 1421 2681 illud
1466 2637 1678 2693 autem,
1708 2631 1794 2686 15.
1841 2632 1950 2705 Ego

376 2727 470 2765 cro
504 2713 762 2780 conﬁdens
798 2718 850 2768 in
879 2732 1011 2780 eum,
1044 2717 1168 2786 quid
1214 2718 1313 2773 sibi
1353 2720 1503 2774 vult?
1527 2721 1657 2777 Nam
1713 2734 1768 2779 et
1808 2728 1950 2795 quod

362 2804 554 2865 postea
603 2797 817 2865 quidem
848 2800 1113 2869 sequitur,
1155 2808 1346 2858 merito
1379 2823 1392 2860 :
1424 2804 1554 2860 Ecce
1599 2825 1689 2879 ego
1727 2819 1772 2864 et
1804 2815 1947 2880 pueri

362 2902 492 2954 quos
522 2887 645 2939 mihi
670 2887 807 2941 dedit
841 2888 999 2943 Deus.
1034 2889 1183 2946 Sicut
1213 2892 1355 2948 enim
1389 2893 1474 2950 hic
1502 2897 1737 2966 scipsum
1765 2912 1947 2957 osten-

366 2976 449 3032 dit
482 2976 707 3043 Patrem,
738 2979 811 3033 ita
839 2979 949 3035 illic
987 2980 1203 3037 fratrem
1238 3000 1251 3037 :
1279 2983 1628 3052 Annuntiabo,
1656 2991 1823 3057 enim,
1852 2992 1947 3057 in—

361 3066 501 3136 quit,
536 3084 710 3123 nomcn
759 3079 903 3123 tuum
928 3071 1169 3139 fratribus
1196 3074 1338 3128 meis.
1370 3075 1437 3130 Et
1478 3093 1663 3133 rursus
1706 3083 1943 3139 ostendit

360 3158 587 3213 multam
618 3160 1016 3229 excellentiam,
1044 3175 1100 3218 et
1140 3163 1279 3233 quod
1318 3166 1540 3222 multum
1580 3170 1817 3239 intersit,
1847 3188 1943 3244 per

356 3264 419 3309 ea
446 3264 566 3319 qua:
592 3250 846 3322 deinceps
874 3264 1169 3322 sequuntur
1190 3272 1204 3308 :
1224 3257 1311 3310 14.
1338 3256 1469 3322 Quia
1495 3275 1614 3330 ergo
1637 3263 1782 3332 pueri
1804 3279 1940 3320 como

356 3343 739 3399 mutticat'crunt
766 3346 909 3398 carni
939 3354 986 3399 et
1013 3347 1272 3417 sanguini.

424 3434 481 3487 4.
530 3432 694 3488 Vides
745 3434 835 3488 ubi
887 3435 956 3490 sit
1005 3438 1337 3494 similitudo?
1390 3456 1584 3512 nempe
1640 3448 1934 3506 secundum

352 3539 596 3579 carnem.
631 3523 695 3577 Et
746 3527 856 3595 ipse
879 3528 1115 3583 similiter
1141 3532 1459 3604 participavit
1486 3536 1695 3594 eisdem.
1731 3540 1937 3599 Erube-

352 3625 502 3687 scant
530 3630 721 3671 omnes
741 3616 999 3686 lucretici,
1032 3635 1141 3690 pra:
1172 3623 1372 3691 pudore
1398 3640 1457 3681 se
1486 3628 1819 3688 abscondant
1844 3637 1933 3705 qui

352 3708 534 3765 dicunt
563 3724 687 3764 eum
731 3710 1011 3767 advenisse
1040 3729 1136 3785 per
1161 3718 1395 3785 speciem
1425 3718 1525 3792 (a),
1560 3737 1664 3779 non
1707 3726 1820 3795 ipsa
1852 3731 1931 3786 rei

350 3801 597 3857 veritate.
639 3800 756 3856 Non
789 3803 964 3859 solum
1001 3807 1143 3860 enim
1185 3808 1339 3874 dixit,
1379 3810 1479 3866 llis
1505 3816 1847 3885 participavit,
1877 3830 1933 3877 et

349 3892 551 3957 tacuit;
594 3909 945 3966 quamquam,
974 3897 1181 3953 etiamsi
1210 3901 1291 3955 sic
1319 3901 1564 3972 dixisset,
1597 3908 1727 3962 satis
1756 3921 1929 3980 esset;

356 3985 453 4039 sed
503 3986 699 4056 aliquid
742 3987 885 4041 aliud
928 3988 1101 4058 majus
1147 3992 1339 4060 posuit,
1393 4009 1605 4065 nempe,
1655 3998 1927 4060 Similiter.

354 4074 477 4135 Non
526 4090 623 4146 per
665 4076 896 4145 speciem
928 4087 982 4132 et
1009 4069 1313 4149 imaginem,
1342 4082 1532 4152 inquit,
1566 4087 1661 4141 sed
1706 4091 1931 4149 veritate

354 4166 647 4224 ostendens
675 4183 793 4223 esse
820 4169 1200 4227 fraternitatem
1228 4190 1241 4225 :
1269 4174 1506 4245 alioquin
1536 4177 1690 4246 illud,
1723 4181 1922 4237 Simili-

361 4270 456 4326 ter,
494 4277 602 4315 non
626 4270 811 4320 staret.
844 4265 1041 4321 Deinde
1068 4265 1218 4322 affert
1257 4268 1415 4323 etiam
1450 4284 1664 4326 causam
1706 4272 1924 4342 dispert-

338 4352 563 4407 sationis
593 4370 608 4406 :
638 4350 709 4409 Ut
733 4370 830 4424 per
866 4366 1084 4411 mortem
1111 4358 1387 4413 destrueret
1428 4377 1561 4426 eunt,
1601 4362 1685 4431 qui
1713 4363 1925 4418 habebat

335 4444 518 4496 mostis
576 4444 877 4514 imperium,
929 4448 1025 4501 hoc
1071 4457 1163 4516 est,
1211 4450 1487 4505 diabolum.
1543 4451 1641 4506 Hic
1687 4454 1922 4509 ostendit

334 4532 483 4596 quod
531 4543 615 4589 est
639 4536 907 4601 mirabile,
935 4555 1124 4609 nempe
1153 4541 1292 4611 quod
1322 4558 1415 4611 per
1443 4558 1599 4612 quam
1638 4545 1759 4598 vicit
1794 4544 1912 4599 dia-

335 4622 517 4686 holus.
556 4639 654 4695 per
696 4642 814 4682 eam
859 4628 1031 4687 victus
1078 4630 1195 4697 fuit,
1239 4639 1293 4685 et
1318 4648 1434 4703 qua:
1479 4644 1633 4688 erant
1686 4635 1734 4689 ei
1769 4650 1918 4690 arma

336 4713 516 4768 valida
552 4716 806 4773 adversus
839 4722 1021 4775 orbem
1053 4731 1229 4785 terrai,
1263 4739 1454 4794 nemm
1485 4740 1648 4793 mors,
1684 4742 1779 4797 per
1806 4743 1922 4782 eam

331 4800 491 4857 illum
512 4804 754 4863 Christus
778 4807 920 4864 feriit
942 4830 954 4865 :
974 4811 1112 4881 quod
1140 4812 1256 4882 ejus
1284 4815 1371 4887 qui
1392 4815 1513 4869 vicit
1534 4831 1777 4886 magnam
1799 4817 1927 4872 indi-

332 4904 423 4947 cat
457 4899 771 4963 potentiam.
824 4900 985 4957 Vides
1014 4914 1269 4971 quantum
1303 4905 1499 4960 bonum
1530 4922 1673 4962 mors
1702 4907 1937 4965 fecerit!

334 4985 424 5039 15.
472 4984 537 5038 Et
560 4988 795 5044 liberaret
817 5007 928 5057 cos,
953 4994 1035 5062 qui
1058 4994 1235 5047 timore
1263 4996 1437 5048 mortis
1466 5013 1555 5066 per
1586 5006 1741 5051 totam
1772 5001 1924 5053 vitam

329 5076 544 5129 obnoxii
590 5090 732 5132 erant
762 5083 1013 5136 servituti.
1039 5083 1166 5150 Cur,
1198 5085 1387 5154 inquit,
1417 5085 1689 5142 horretis?
1715 5089 1838 5158 quid
1857 5089 1924 5143 ti-

329 5161 495 5214 metis
512 5176 651 5228 cam,
677 5181 795 5234 qua:
814 5168 1101 5221 estabolita
1124 5170 1385 5238 planeque
1405 5181 1455 5224 et
1475 5171 1645 5225 inanis
1661 5181 1714 5225 et
1729 5174 1924 5227 otiosa?

329 5246 449 5305 Non
475 5261 559 5307 est
583 5256 813 5335 amplius
855 5258 1129 5324 terribilis,
1187 5262 1278 5315 sed
1320 5272 1400 5315 est
1438 5266 1765 5330 conculcata,
1797 5280 1925 5321 con-

331 5352 560 5412 tempta,
590 5346 713 5400 vilis
741 5357 793 5401 et
815 5347 1035 5416 objecta,
1064 5359 1116 5404 et
1152 5352 1303 5419 plane
1336 5353 1532 5408 nullius
1565 5357 1739 5425 pretii.
1788 5358 1922 5427 Quid

327 5445 410 5487 cst
430 5445 635 5501 autem,
657 5437 761 5491 Eos
780 5441 867 5509 qui
887 5442 1065 5495 timore
1081 5444 1255 5496 mortis
1282 5462 1371 5512 per
1388 5456 1542 5499 totam
1561 5448 1711 5500 citant
1724 5450 1924 5504 obnoxii

324 5538 478 5579 erant
500 5531 753 5585 servituti?
780 5533 904 5603 quid
933 5535 1033 5589 hoc
1061 5535 1169 5590 est?
1197 5536 1349 5603 Quod
1382 5538 1467 5608 qui
1500 5550 1721 5595 mortem
1752 5541 1920 5609 timet,

418 5776 497 5836 (ri)
524 5776 598 5828 De
621 5778 707 5828 hac
733 5776 909 5828 heresi
934 5781 1093 5828 actum
1122 5782 1197 5825 est
1221 5776 1265 5845 in
1288 5776 1589 5831 I‘rzc‘ationc.
1662 5826 1665 5829 .

1240 335 1303 392 ΙΝ
1344 336 1555 393 EPIST.
1604 338 1701 393 AD
1733 334 2092 392 liEBRA‘IOS.
2133 333 2286 391 CAP.
2310 333 2379 389 Il.
2418 336 2740 394 HOMILJV.

3560 334 3636 391 η

2037 459 2118 504 est
2145 464 2353 514 servus,
2384 457 2438 503 et
2472 449 2696 501 sustinet
2723 446 2900 500 omnia
2935 460 2999 499 ne
3039 444 3297 499 moriatur
3329 465 3340 499 λ
3374 456 3466 501 aut
3492 448 3615 501 illud

2037 537 2178 609 quod
2218 553 2404 593 omnes
2431 546 2584 592 erant
2622 535 2762 590 servi
2790 535 2999 601 mortis,
3031 543 3083 588 et
3115 533 3255 604 quod
3289 550 3350 590 ea
3382 534 3615 590 nondum

2038 638 2182 685 esset
2208 629 2427 695 abolita,
2459 628 2574 698 ejus
2600 626 2879 682 dominatu
2892 626 3247 681 tenebantur:
3277 634 3387 691 aut,
3409 626 3619 696 quodin

2042 731 2296 793 perpetuo
2324 730 2473 776 metu
2504 719 2744 774 viverent
2772 718 3038 783 homines,
3071 732 3285 788 semper
3309 729 3621 787 exspectan-

2042 822 2123 868 tes
2151 827 2208 868 se
2236 812 2546 874 morituros,
2569 819 2625 865 et
2640 818 2871 864 mortem
2898 807 3266 874 formidantes,
3305 808 3498 863 nullius
3526 824 3621 863 vo-

2043 905 2257 974 luptatis
2276 919 2492 959 scnsum
2515 903 3036 973 poterantaccipere,
3054 916 3177 955 cum
3205 901 3292 956 hic
3319 916 3532 972 semper
3544 903 3624 957 eis

2045 997 2448 1053 adessetmetus
2476 1014 2490 1049 :
2518 996 2772 1051 hocenim
2801 995 3178 1061 subindicavit,
3205 995 3409 1061 dicens,
3422 994 3523 1049 Per
3542 1005 3623 1049 to-
3684 1016 3687 1019 λ

2045 1100 2149 1147 tam
2176 1090 2345 1143 vitam.
2366 1088 2464 1144 Hic
2485 1087 2719 1144 ostendit
2747 1102 2840 1143 eos
2860 1088 2949 1156 qui
2973 1087 3300 1155 afﬂiguntur,
3330 1088 3422 1157 qui
3441 1089 3629 1157 cxpelc

2047 1183 2340 1253 luntur,qui
2364 1182 2639 1252 privamur
2651 1180 2815 1252 patria
2831 1189 2885 1235 et
2899 1180 3123 1234 fortunis
3144 1188 3199 1235 ct
3213 1179 3331 1235 aliis
3358 1180 3625 1240 omnibus,

2042 1274 2328 1345 jucundius
2348 1289 2409 1330 ac
2432 1274 2649 1330 liberius
2666 1273 3046 1344 degere,quam
3062 1272 3199 1342 iiqui
3220 1272 3345 1326 olim
3368 1272 3628 1344 degebant

2051 1366 2105 1421 in
2134 1365 2341 1421 deliciis
2361 1408 2376 1431 ,
2408 1381 2565 1437 quam
2598 1364 2632 1419 ii
2663 1364 2854 1435 quibus
2885 1364 3013 1418 nihil
3037 1363 3308 1420 acciderat
3330 1364 3590 1433 ejusmodi
3612 1407 3626 1430 ,

2049 1470 2206 1525 quam
2241 1455 2429 1523 quibus
2457 1462 2611 1509 erant
2648 1470 2735 1510 res
2778 1453 3028 1509 secunda:
3062 1472 3074 1508 :
3105 1454 3367 1524 siquidem
3401 1454 3475 1508 illi
3507 1459 3637 1524 quis

2050 1547 2171 1600 dem
2223 1560 2317 1615 per
2355 1555 2516 1599 totam
2552 1545 2715 1599 vitam
2759 1555 2914 1599 erant
2953 1544 3078 1600 huic
3126 1543 3290 1599 metui
3321 1544 3536 1600 olmoxii
3578 1558 3633 1600 et

2048 1638 2212 1702 servi;
2238 1638 2335 1708 ipsi
2359 1648 2536 1694 autem
2563 1648 2686 1694 sunt
2712 1638 2780 1693 ab
2807 1654 2873 1696 eo
2898 1639 3130 1703 liberati,
3158 1648 3213 1695 et
3236 1641 3458 1697 irrident
3485 1642 3629 1711 quod

2048 1727 2122 1783 illi
2152 1728 2491 1787 horruerant.
2526 1731 2670 1787 Idem
2716 1732 2857 1785 enim
2890 1747 3030 1786 nunc
3049 1741 3163 1797 est;
3206 1740 3265 1785 ut
3292 1732 3334 1785 si
3367 1730 3637 1802 quispiam

2047 1833 2167 1874 cum
2221 1820 2311 1889 qui
2345 1820 2553 1875 vinctus
2591 1820 2865 1875 ducendus
2910 1830 2993 1875 est
3031 1821 3097 1875 ad
3150 1831 3400 1887 mortem,
3428 1831 3485 1877 et
3529 1821 3633 1875 hoc.

2046 1923 2261 1977 semper
2314 1919 2610 1979 exspectat,
2664 1912 2843 1965 multis
2884 1912 3178 1981 impinguet
3218 1913 3427 1967 deliciis
3468 1931 3481 1966 :
3523 1914 3632 1967 talo

2046 1999 2319 2069 quidpiam
2358 2016 2505 2055 mors
2544 2011 2659 2056 erat
2707 2001 2856 2056 olim.
2900 2002 3050 2056 Nunc
3091 2011 3267 2057 autem
3305 2012 3364 2058 ut
3392 2006 3435 2059 si
3477 2005 3625 2074 quis,

2048 2100 2193 2145 metu
2236 2091 2328 2146 illo
2376 2092 2569 2162 ejecto,
2601 2108 2722 2149 cum
2776 2093 2984 2148 deliciis
3026 2094 3304 2148 denuntiet
3346 2108 3467 2149 esse
3512 2109 3631 2149 cer-

2049 2183 2289 2251 tandum,
2337 2193 2391 2239 et
2431 2194 2696 2255 proponat
2736 2195 3029 2249 certamen,
3058 2194 3116 2240 ut
3141 2201 3247 2240 non
3287 2186 3515 2255 amplius
3557 2186 3633 2242 ad

2047 2287 2314 2340 mortem,
2370 2276 2466 2331 sed
2515 2276 2583 2330 ad
2618 2291 2839 2346 regnum
2878 2276 3126 2343 adducat,
3181 2292 3248 2331 ex
3304 2277 3633 2346 quibusnam

2045 2386 2163 2426 esse
2206 2368 2476 2424 volucris?
2504 2382 2567 2422 ex
2615 2368 2750 2423 iisne
2791 2368 2883 2439 qui
2925 2373 2978 2423 in
3026 2382 3242 2424 carcere
3287 2369 3626 2439 impinguan-

2048 2473 2149 2526 tur,
2183 2462 2385 2517 interea
2424 2461 2661 2531 quotidie
2693 2459 3067 2530 proferendam
3109 2471 3482 2530 exspectantes
3505 2476 3630 2516 seu-

2048 2555 2402 2611 tentiamzan
2456 2568 2525 2608 ex
2573 2552 2636 2607 iis
2673 2552 2761 2621 qui
2816 2553 3039 2606 multum
3095 2551 3393 2619 decertant,
3435 2561 3489 2607 et
3541 2553 3625 2607 lu-

2050 2649 2239 2702 bentes
2269 2645 2517 2699 laborant
2565 2652 2622 2698 ut
2664 2646 2772 2697 sint
2814 2642 3046 2697 redimiti
3090 2644 3238 2714 regni
3285 2644 3629 2701 diademate?

2050 2739 2208 2794 Vides
2248 2736 2518 2807 quomodo
2558 2750 2746 2791 eorum
2789 2737 2961 2791 erexit
2990 2736 3249 2804 animum,
3280 2752 3481 2807 eosque
3510 2753 3630 2792 sus-

2047 2846 2241 2900 penses
2268 2829 2435 2884 tenuit
2459 2838 2512 2884 et
2537 2829 2822 2883 excitavit?
2847 2827 3093 2884 Ostendit
3120 2837 3297 2883 autem
3324 2845 3430 2884 non
3455 2829 3624 2884 solam

2043 2937 2286 2978 cessasse
2314 2930 2566 2985 mortem,
2600 2919 2692 2974 sed
2728 2935 2822 2990 per
2848 2935 2968 2975 eam
2999 2920 3145 2975 illum
3174 2936 3386 2991 quoque
3413 2936 3503 2991 qui
3533 2921 3629 2975 ad-

2044 3027 2256 3068 versum
2306 3027 2406 3067 nos
2452 3026 2667 3080 seraper
2705 3012 2898 3065 bellum
2939 3012 3077 3081 gerit
3117 3012 3475 3081 implacabile,
3505 3013 3626 3067 dia-

2044 3105 2245 3169 bolum,
2276 3104 2513 3173 inquam,
2538 3117 2660 3158 esse
2690 3103 2913 3157 fractum
2932 3114 2986 3158 et
3017 3086 3360 3173 prostFatnm.
3380 3104 3511 3159 Nam
3536 3107 3625 3175 qui

2045 3206 2272 3251 mortem
2302 3210 2406 3249 non
2439 3196 2611 3261 timet,
2646 3203 2729 3251 est
2760 3204 2914 3250 extra
2948 3195 3143 3249 diaboli
3177 3196 3534 3266 tyrannidem.
3566 3196 3623 3253 Si
3672 3229 3685 3237 ι

2042 3272 2185 3344 enim
2234 3287 2428 3358 pellem
2480 3302 2575 3356 pro
2627 3286 2788 3357 pelle,
2831 3295 2884 3341 et
2933 3287 3111 3341 omnia
3159 3287 3309 3342 dabit
3359 3289 3479 3355 quis
3529 3302 3626 3356 pro

2042 3383 2219 3437 anima
2263 3396 2357 3437 sua
2394 3379 2512 3453 (Job
2551 3383 2604 3433 2.
2659 3379 2714 3450 4)
2746 3396 2759 3432 :
2789 3379 3001 3450 quando
3044 3379 3205 3434 etiam
3251 3380 3418 3450 ipsam
3463 3394 3626 3437 altsus

2043 3473 2200 3528 fuerit
2232 3471 2533 3542 despicere,
2564 3472 2844 3541 cujusnam
2881 3470 2990 3539 jam
3020 3471 3122 3525 erit
3148 3472 3374 3529 servus?
3412 3471 3623 3527 Nullum

2044 3566 2215 3631 timet,
2261 3564 2466 3618 nullum
2517 3563 2769 3618 formidat
2802 3582 2816 3618 :
2854 3572 2938 3618 est
2980 3563 3231 3618 onmibus
3272 3565 3537 3634 superior,
3569 3575 3626 3620 et

2043 3655 2290 3710 omnibus
2338 3654 2512 3725 magis
2542 3654 2698 3709 liber.
2729 3656 2829 3721 Qui
2870 3654 3012 3708 enim
3057 3656 3289 3709 animam
3332 3668 3483 3707 suam
3529 3654 3627 3709 de-

2040 3747 2220 3819 spicit,
2257 3746 2625 3815 multomagis
2663 3744 2788 3799 alia.
2820 3744 3046 3813 Quando
3091 3756 3272 3800 autem
3322 3746 3479 3800 talem
3510 3748 3626 3801 ani-

2041 3851 2181 3890 mam
2212 3836 2476 3890 invenerit
2501 3835 2764 3897 diabolus,
2797 3833 2928 3888 nihil
2957 3851 3020 3889 ex
3052 3835 3117 3889 iis
3143 3851 3261 3905 quae
3288 3851 3384 3890 sua
3410 3845 3539 3891 sunt
3566 3840 3628 3891 in

2040 3941 2099 3982 ea
2136 3926 2333 3997 poterit
2362 3924 2597 3980 efficere.
2628 3923 2764 3991 Quid
2791 3923 2956 3988 enim,
2992 3925 3304 3993 pecnnimnc
3337 3927 3632 3981 minabitur.

2041 4019 2447 4083 detrimentum,
2482 4027 2536 4072 et
2563 4017 2831 4071 infamiam
2860 4029 2915 4073 et
2943 4018 3189 4074 exsilium
3221 4033 3249 4072 a
3279 4019 3487 4089 patria?
3512 4018 3639 4078 Sed.

2041 4111 2155 4166 haec
2196 4126 2356 4181 parva
2383 4120 2511 4165 sunt
2548 4109 2687 4180 apud
2714 4125 2858 4175 eum,
2885 4112 2975 4182 qui
3019 4126 3087 4166 ne
3124 4112 3358 4167 animam
3403 4112 3642 4183 quidem.

2039 4219 2189 4259 suam
2234 4204 2395 4259 habet
2436 4204 2743 4274 pretiosam,
2778 4212 2835 4260 ut
2873 4204 2947 4260 ait
2986 4205 3171 4260 beatus
3203 4206 3420 4261 Paulus.
3457 4206 3619 4261 Vides

2038 4296 2180 4369 quod
2212 4297 2397 4354 mortis
2425 4296 2642 4369 expulsa
2673 4297 2973 4370 tyrannide,
3005 4298 3162 4354 simul
3190 4299 3351 4357 etiam
3399 4298 3620 4356 confre-

2038 4391 2113 4456 git
2140 4389 2279 4443 vires
2311 4390 2544 4443 diaboli?
2573 4390 2705 4444 Nam
2731 4390 2821 4458 qui
2852 4391 2920 4445 de
2952 4393 3348 4447 resurrectione
3375 4392 3476 4445 scit
3508 4393 3623 4459 plu-

2030 4480 2222 4535 rimum
2260 4479 2650 4552 philosophari,
2677 4482 2963 4553 quomodo.
2982 4484 3165 4537 timeat
3196 4493 3446 4543 mortem,
3477 4498 3611 4551 quo-

2025 4570 2185 4624 modo
2212 4571 2428 4627 horreat
2448 4572 2515 4626 de
2539 4573 2766 4627 cancro?
2786 4572 2862 4627 Ne
2884 4587 3015 4643 ergo
3040 4572 3252 4627 tristitia
3275 4571 3607 4635 afficiamini,

2024 4660 2266 4716 dicentes
2294 4679 2307 4715 :
2336 4660 2443 4717 Cur
2470 4663 2585 4716 haec
2614 4673 2668 4718 et
2700 4663 2785 4716 illa
2828 4664 2968 4733 passi
2999 4664 3221 4719 sumus?
3257 4664 3335 4718 sic
3371 4661 3518 4716 enim
3553 4662 3611 4717 fit

2024 4750 2225 4805 clarior
2266 4753 2521 4816 victoria;
2554 4768 2651 4807 nec
2690 4754 2878 4809 fuisset
2915 4756 3080 4818 clara,
3114 4754 3212 4807 nisi
3245 4761 3416 4807 morte
3458 4766 3609 4805 mor-

2026 4848 2131 4894 tem
2164 4841 2430 4896 solvisset.
2477 4843 2591 4898 Hoc
2632 4854 2714 4899 est
2753 4852 2932 4900 autem
2977 4844 3312 4908 admirabile,
3341 4842 3483 4912 quod
3514 4858 3611 4914 per

2024 4946 2084 4986 ea
2116 4933 2291 5002 ipsum
2321 4934 2510 4989 vicerit
2542 4950 2637 5004 per
2666 4952 2784 5005 qua:
2810 4946 2924 4992 erat
2968 4936 3122 4989 fortis
3161 4945 3214 4989 et
3246 4946 3458 5005 poti-ns,
3488 4938 3607 4991 nbi-

2022 5036 2125 5090 que
2165 5024 2462 5079 ostendens
2510 5035 2706 5095 quanta
2744 5028 2845 5081 sibi
2888 5035 3132 5095 suppetat
3165 5026 3413 5090 facultas,
3448 5036 3503 5082 et
3540 5028 3607 5080 ad

2023 5126 2111 5164 res
2154 5113 2415 5182 gerendas
2463 5117 2703 5171 solertia.
2756 5116 2834 5170 Ne
2882 5116 3170 5185 prodamus
3218 5117 3416 5172 donum
3464 5118 3606 5186 quod

2024 5203 2177 5258 nobis
2206 5202 2305 5258 fuit
2336 5204 2516 5260 datum
2549 5226 2560 5261 :
2592 5205 2713 5259 Non
2739 5208 2869 5261 enim
2896 5209 3201 5278 accepimus,
3231 5209 3423 5278 inquit,
3455 5208 3608 5277 spiri-

2024 5307 2127 5348 tum
2156 5296 2369 5360 timoris,
2402 5298 2489 5351 sed
2516 5299 2749 5367 spiritum
2776 5300 2970 5355 virtutis
2982 5311 3044 5354 ﬂet
3074 5302 3299 5355 caritatis
3337 5309 3384 5354 et
3435 5298 3610 5351 modca

2022 5386 2322 5455 stia:(liom.
2350 5387 2404 5441 8.
2433 5389 2519 5444 15.
2550 5388 2740 5442 coll.2.
2776 5390 2906 5445 Tim.
2936 5392 2986 5446 1.
3016 5393 3091 5462 7).
3116 5392 3332 5448 Stemus
3358 5405 3487 5462 ergo
3511 5389 3619 5444 for.-

2025 5478 2150 5533 titer
2180 5491 2408 5533 mortem
2432 5478 2736 5534 irridentes.
2952 5534 2955 5535 ν

2082 5568 2147 5623 ,5.
2178 5565 2449 5638 Exsequite
2471 5566 2761 5624 Graecorum
2790 5587 2931 5625 more
2963 5581 3079 5625 tunc
3108 5570 3159 5624 in
3196 5587 3290 5624 usu
3318 5573 3609 5643 vituperan-

2023 5670 2125 5713 tur.
2146 5690 2215 5698 —-
2231 5659 2335 5716 Sed
2363 5661 2489 5715 mihi
2521 5663 2663 5716 venit
2687 5664 2738 5717 in
2760 5673 2990 5719 mentem
3014 5664 3206 5719 acerbe
3231 5664 3607 5736 ingemiscere,

2023 5752 2319 5822 reputando
2346 5769 2574 5827 quonam
2610 5754 2855 5814 Christus
2895 5770 2992 5813 nos
3032 5757 3333 5823 adduxerit,
3382 5768 3434 5814 et
3475 5774 3606 5829 quo-
