4088 6212
444 288 510 340 .55
1188 297 1244 354 S.
1287 297 1565 354 JOANNIS
1600 297 2072 354 CIIRYSOSTOSH
2117 301 2428 356 AliClllEP.
2471 303 2999 362 CONSTANTINOP.
3654 312 3723 370 Η

455 414 577 452 ram
609 413 706 454 nos
735 397 1135 453 demiserimus.
1163 399 1296 452 Nam
1325 399 1541 469 quando
1588 398 1744 453 video
1789 399 1879 469 qui
1913 398 2046 453 ﬁunt

453 493 504 545 iu
542 490 661 546 foro
693 491 958 560 planctus,
986 499 1040 545 et
1069 491 1300 560 ejulatus
1332 500 1550 560 propter
1569 507 1600 546 e
1625 491 1757 546 vivis
1779 489 2043 545 exceden—

455 594 553 647 tes,
587 582 924 652 ululatusque
954 591 1010 638 et
1059 582 1470 638 lamentationes
1501 592 1555 639 et
1596 584 1700 638 alia
1749 597 1868 652 qua:
1911 582 2043 637 fiunt

452 675 712 730 indecore
744 693 756 728 :
789 675 1018 743 credite,
1048 691 1134 730 me
1185 675 1347 743 pudet
1375 674 1705 742 Graecorum,
1736 675 2042 731 Judaaorum

453 777 506 819 et
537 765 915 821 btereticorum
945 767 1036 836 qui
1060 766 1262 833 vident,
1286 776 1341 822 et
1364 780 1462 822 nos
1487 777 1766 837 propterea
1795 766 2040 822 irrident.

454 855 588 912 Nam
619 857 878 928 quidquid
907 857 980 914 de
1000 867 1202 914 caetero
1243 859 1454 923 dixero,
1485 857 1676 914 frustra
1721 859 1894 914 dicam
1930 859 2046 930 phi-

457 947 752 1018 1050phans
763 948 828 1003 de
847 949 1262 1004 resurrectione.
1285 948 1498 1018 Quare?
1514 948 1777 1016 Quoniam
1797 965 1901 1004 non
1923 965 2044 1019 qua:

457 1057 487 1096 a
516 1057 604 1097 me
633 1040 882 1097 dicuntur
925 1041 1211 1098 attendunt
1235 1040 1409 1097 ϐπ·ωεί
1437 1083 1452 1108 ,
1504 1041 1598 1096 sed
1649 1057 1771 1112 qua:
1821 1057 1850 1095 a
1893 1042 2045 1097 vobis

459 1135 594 1190 ﬁunt
627 1153 640 1188 :
670 1135 850 1189 statim
894 1134 1038 1190 enim
1086 1133 1314 1189 dicent:
1357 1131 1581 1200 Quando
1621 1133 1817 1204 poterit
1856 1147 1922 1188 ex
1963 1131 2045 1188 his

457 1228 739 1298 quisquam
770 1233 998 1281 mortem
1028 1224 1333 1294 despicere,
1377 1223 1468 1294 qui
1500 1239 1566 1280 ne
1611 1232 1790 1293 potest
1827 1222 2042 1294 quidem

457 1318 621 1374 alium
643 1318 828 1373 videre
855 1317 1164 1373 mortuum?
1195 1315 1422 1370 Pulchra
1451 1325 1576 1370 sunt
1603 1330 1723 1385 qua:
1752 1314 1892 1370 dicta
1919 1324 2047 1370 sunt

458 1425 489 1464 a
529 1409 717 1474 Paulo,
770 1418 824 1464 et
861 1408 1018 1479 digna
1074 1407 1221 1464 ctelis
1260 1406 1462 1476 Deique
1503 1406 1830 1477 benignitate
1862 1423 1876 1461 :
1918 1405 2045 1476 quid

459 1501 603 1556 enim
623 1500 788 1556 dicit?
813 1499 876 1554 Et
903 1498 1130 1554 liberabit
1156 1515 1240 1552 eos
1268 1499 1355 1570 qui
1384 1498 1563 1552 timore
1590 1498 1764 1552 mortis
1785 1513 1874 1568 per
1891 1507 2047 1553 totam

458 1595 614 1649 sitam
641 1594 844 1648 obiioxii
874 1603 1018 1648 erant
1047 1592 1292 1646 servituti.
1325 1590 1432 1646 Sed
1459 1605 1563 1645 non
1591 1590 1767 1646 sinitis
1807 1605 1906 1646 nos
1933 1590 2047 1648 lucc

457 1686 700 1756 credere,
735 1702 830 1760 per
862 1686 979 1758 ipsa
1003 1685 1138 1742 facta
1181 1684 1454 1741 vobiscum
1488 1693 1782 1756 pugnantes
1813 1700 1826 1738 :
1859 1700 2045 1758 quam-

460 1797 619 1852 quam
654 1783 792 1836 Deus
829 1780 1086 1835 adversus
1117 1779 1219 1833 hoc
1261 1779 1427 1833 multa
1456 1777 1665 1833 dederit
1693 1779 2044 1849 munimenta,

465 1877 524 1922 ut
551 1868 689 1926 hanc
723 1885 944 1940 pravam
993 1871 1210 1926 tolleret
1261 1871 1725 1927 consuetudinem.
1775 1872 1931 1939 Nam,
1958 1872 2048 1928 dic

464 1960 617 2027 mihi,
667 1961 794 2030 quid
833 1962 935 2018 sibi
977 1962 1161 2018 volunt
1200 1963 1359 2018 clarae
1405 1963 1714 2033 lampades?
1741 1980 1920 2020 annon
1955 1980 2051 2021 eos

464 2062 736 2122 tamquam
777 2054 1006 2108 athletas
1033 2053 1387 2110 deducimus?
1424 2055 1550 2124 quid
1591 2066 1771 2111 autem
1811 2056 2048 2127 hymni?

461 2157 644 2199 ωηιοη
668 2144 831 2199 Deum
852 2144 1211 2216 glorificamus
1231 2155 1285 2201 et
1300 2147 1498 2218 gratias
1517 2147 1744 2218 agimus,
1761 2147 1904 2219 quod
1921 2162 2046 2204 eum

461 2237 552 2306 qui
583 2238 817 2293 excessit
849 2238 959 2308 jam
990 2240 1350 2306 coronaverit,
1379 2239 1522 2310 quod
1551 2255 1582 2294 a
1612 2239 1883 2296 laboribus
1909 2241 2045 2296 libe-

461 2330 680 2395 raverit,
709 2330 851 2401 quod
887 2330 1062 2399 ejecta
1088 2341 1232 2386 metu
1269 2346 1391 2386 eum
1419 2330 1558 2400 apud
1586 2345 1647 2386 se
1683 2330 1912 2386 habeat?
1937 2347 2044 2386 non

463 2419 588 2473 ideo
627 2429 752 2474 sunt
798 2419 1024 2490 hymni?
1051 2435 1156 2474 non
1186 2421 1306 2476 ideo
1329 2420 1678 2491 psalmodiae?
1711 2421 1837 2477 Hrc
1862 2423 2042 2478 omnia

460 2520 584 2564 sunt
613 2511 906 2565 hetantium
941 2528 955 2565 :
981 2510 1074 2565 Est
1100 2512 1231 2566 enim
1257 2512 1528 2582 quispiam,
1563 2513 1754 2583 inquit,
1783 2514 1901 2568 lteto
1926 2515 2043 2568 ani-

460 2601 580 2654 mo?
618 2599 805 2668 psallat
855 2599 1018 2672 (Jac.
1058 2601 1115 2656 5.
1159 2599 1283 2673 15).
1329 2600 1436 2658 Sed
1479 2604 1576 2658 hos
1607 2618 1713 2658 non
1759 2603 2043 2660 attendunt

460 2692 656 2746 Graeci.
687 2691 763 2746 Ne
810 2691 938 2746 mihi
968 2691 1110 2746 enim
1131 2733 1146 2758 ,
1177 2692 1383 2763 inquit,
1411 2691 1612 2749 dixeris
1648 2709 1802 2761 cum,
1853 2694 1944 2765 qui
1972 2694 2041 2752 ab

457 2784 622 2838 animi
649 2792 792 2838 metu
821 2794 1060 2839 remotus
1108 2783 1542 2854 philoSOphatur;
1586 2784 1689 2840 hoc
1719 2786 1864 2840 enim
1903 2785 2039 2841 nihil

456 2885 814 2948 estmagnum
842 2891 943 2932 nec
970 2876 1286 2932 admirabile
1311 2893 1327 2944 ;
1374 2876 1598 2932 ostende
1642 2877 1772 2933 mihi
1800 2894 1922 2934 eum
1947 2879 2037 2949 qui

456 2969 510 3022 in
539 2965 723 3024 dolore
751 2969 866 3038 ipso
895 2967 1330 3038 philosophetur,
1373 2976 1427 3024 et
1455 2969 1830 3036 tunc,credam
1855 2984 2037 3026 resur-

454 3059 706 3114 rectioni.
739 3053 808 3115 Et
831 3059 973 3130 quod
1003 3059 1104 3115 hoc
1143 3058 1342 3115 faciant
1366 3061 1582 3131 quidem
1633 3062 1887 3118 mulieres
1915 3077 2036 3133 qua:

454 3152 508 3207 in
538 3153 694 3222 hujus
724 3153 846 3208 vita:
868 3153 1013 3209 curis
1033 3162 1332 3221 versantur,
1363 3170 1468 3209 non
1496 3163 1578 3210 est
1605 3155 1819 3220 mirum,
1848 3171 2036 3226 quam-

452 3260 610 3316 quam
637 3245 741 3300 hoc
765 3261 977 3318 quoque
1016 3245 1086 3300 sit
1116 3246 1314 3300 malum
1355 3255 1410 3300 et
1446 3262 1608 3315 grave
1635 3263 1649 3300 :
1673 3260 1796 3300 nam
1848 3247 1917 3303 ab
1970 3247 2036 3303 iis

452 3353 665 3408 quoque
713 3338 900 3392 eadem
953 3338 1182 3408 exigitur
1233 3338 1568 3408 philosophia
1625 3357 1641 3392 :
1685 3340 2032 3410 quamobrem

453 3431 650 3486 Paulus
679 3445 892 3500 quoque
916 3429 1044 3486 dicit
1077 3447 1090 3484 :
1124 3429 1203 3484 De
1226 3430 1590 3485 dormientibus
1609 3441 1778 3485 autem
1807 3433 1922 3487 nolo
1949 3450 2032 3488 vos

449 3524 704 3594 ignorare,
735 3523 940 3590 fratres,
969 3531 1022 3576 ut
1069 3539 1171 3577 non
1212 3523 1594 3590 contristemini,
1625 3524 1753 3578 sicut
1789 3533 1836 3578 et
1865 3525 2034 3579 ceteri

448 3616 536 3686 qui
559 3631 698 3684 spem
719 3630 820 3667 non
846 3613 1028 3668 habent
1049 3614 1068 3684 (
1091 3615 1139 3668 1.
1175 3614 1350 3669 Thess.
1373 3615 1426 3669 4.
1457 3613 1524 3670 12
1546 3615 1588 3685 ).
1607 3614 1723 3669 Non
1752 3613 1867 3670 hac
1892 3615 2032 3670 scri-

447 3707 609 3762 bebat
637 3708 945 3774 monachis,
985 3721 1087 3763 nec
1128 3708 1192 3762 iis
1216 3723 1336 3778 qua:
1373 3722 1586 3777 semper
1614 3719 1739 3762 sunt
1768 3709 2030 3779 virgines,

448 3797 543 3854 sed
565 3798 634 3852 iis
660 3798 820 3853 etiam
849 3813 968 3868 quae
1007 3807 1288 3853 versantur
1313 3797 1366 3852 in
1390 3798 1609 3862 mundo,
1640 3815 1758 3869 qua:
1781 3798 2033 3854 dicuntur

446 3887 754 3944 saeculares.
787 3887 892 3943 Sed
932 3901 1039 3943 non
1079 3897 1157 3944 est
1203 3887 1306 3942 hoc
1330 3887 1465 3944 adeo
1503 3889 1700 3944 malum
1724 3899 1778 3945 et
1818 3905 1979 3960 grave
2012 3907 2026 3944 :

445 3981 662 4050 quando
685 3989 864 4036 autem
893 3981 978 4035 vel
1011 3981 1204 4036 mulier
1221 3981 1420 4051 aliqua,
1446 3981 1532 4036 vel
1555 3983 1636 4036 vir
1658 3982 1920 4052 quispiam
1949 3983 2032 4038 di-

446 4086 574 4125 cens
594 4086 652 4125 se
672 4086 800 4125 esse
814 4069 1012 4124 mundo
1035 4070 1370 4138 cruciﬁxum,
1405 4071 1491 4126 hic
1517 4071 1731 4140 quidem
1761 4072 1910 4128 vellit
1938 4088 2030 4128 ea-

447 4162 625 4231 pillos,
655 4161 743 4215 illa
769 4175 904 4216 vero
927 4161 1082 4217 valde
1105 4161 1306 4231 ejulat:
1338 4161 1464 4232 quid
1491 4171 1577 4218 est
1615 4163 1718 4218 boc
1745 4165 1949 4232 turpius
1975 4174 2030 4220 ct

444 4255 618 4324 magis
662 4253 1014 4308 indecorum?
1049 4251 1265 4308 Credite
1310 4251 1440 4307 mihi
1481 4253 1721 4310 dicenti:
1753 4265 2028 4326 oporteret

441 4362 536 4401 eos
562 4342 652 4415 qui
675 4352 799 4398 sunt
820 4341 1152 4413 hujusmodi,
1173 4341 1332 4412 longo
1360 4351 1600 4413 tempore
1627 4346 1794 4400 arceri
1823 4361 1852 4399 a
1884 4347 2026 4401 litui-

441 4437 596 4491 nibus
622 4435 886 4491 ecclesite.
927 4434 1025 4502 Qui
1053 4434 1196 4490 enim
1236 4443 1360 4490 sunt
1395 4433 1540 4505 digni
1593 4444 1652 4490 ut
1705 4437 1776 4492 ita
1807 4437 2026 4508 lugean-

440 4537 546 4591 tur,
581 4526 617 4580 ii
644 4534 771 4581 sunt
794 4525 886 4594 qui
913 4533 1138 4580 mortem
1165 4522 1339 4580 adhuc
1366 4523 1557 4580 timent
1580 4535 1635 4582 et
1661 4525 1900 4593 horrent,
1931 4529 2022 4599 qui

436 4631 543 4672 non
567 4617 798 4673 credunt
817 4615 1218 4673 resurrectioni.
1242 4615 1310 4672 At
1333 4630 1439 4672 non
1464 4632 1604 4682 sum,
1633 4619 1823 4690 inquit,
1856 4635 1958 4692 ego
1978 4622 2024 4677 is

436 4711 524 4778 qui
555 4725 660 4764 non
688 4709 904 4766 credam
932 4707 1335 4776 resurrectioni,
1367 4709 1460 4766 sed
1489 4711 1702 4781 requiro
1730 4725 2020 4770 consuetu-

436 4801 641 4858 dinem.
665 4802 775 4858 Cur
803 4817 953 4870 vero,
985 4803 1074 4858 dic
1096 4802 1244 4869 mihi,
1268 4803 1482 4874 quando
1510 4805 1658 4859 vadis
1686 4821 1908 4876 peregre
1927 4848 1942 4874 ,
1967 4816 2022 4864 et

438 4893 652 4962 longam
678 4895 906 4965 suscipis
947 4894 1450 4966 peregrinationem,
1481 4911 1588 4951 non
1632 4896 1820 4952 eadem
1850 4897 2021 4953 facis?

434 4985 541 5040 Sed
572 4994 697 5041 tunc
724 5001 936 5057 quoque
961 4987 1083 5053 lico,
1117 4988 1307 5059 inquit,
1335 4997 1390 5044 et
1421 4990 1686 5044 lamentor
1715 4992 2014 5062 requirens.

435 5075 543 5133 Sed
572 5076 700 5131 illud
723 5076 945 5147 quidem
957 5093 1148 5134 revera.
1163 5090 1245 5134 est
1265 5095 1454 5135 eorum
1475 5081 1563 5150 qui
1588 5085 1868 5152 requirunt
1885 5103 2016 5144 con-

424 5170 797 5237 suetudinem;
839 5170 942 5228 hoc
990 5183 1169 5230 autem
1209 5182 1295 5230 est
1334 5174 1451 5243 ejus
1483 5189 1608 5244 qua:
1657 5180 1907 5244 desperat
1943 5176 2010 5233 de

424 5261 622 5318 reditu.
655 5261 838 5334 Cogita
869 5264 996 5335 quid
1026 5266 1224 5336 psallas
1258 5265 1348 5319 illo
1372 5273 1614 5334 tempore
1645 5283 1658 5320 :
1689 5264 2006 5336 Convertere,

426 5354 619 5426 inquit,
637 5356 810 5410 anima
829 5372 962 5424 mea,
987 5357 1042 5411 iu
1068 5358 1287 5427 requiem
1305 5365 1473 5423 tuam,
1493 5356 1611 5427 quia
1640 5355 1890 5412 Dominus
1921 5359 2006 5412 be-

426 5447 610 5517 nefecit
641 5450 765 5514 tibi;
802 5459 858 5504 et
883 5463 1088 5516 rursus,
1123 5447 1244 5503 Non
1289 5447 1471 5504 timebo
1497 5449 1656 5515 mala,
1686 5451 1926 5520 quoniam
1953 5459 2008 5501 tu

427 5555 622 5594 mecum
648 5557 736 5608 es;
763 5551 818 5597 et
852 5557 1067 5606 rursus,
1094 5541 1175 5596 Tu
1202 5557 1252 5595 es
1286 5541 1410 5594 nti/ti
1456 5541 1709 5613 refugium
1738 5559 1771 5596 ιι
1799 5540 2010 5595 tribula-

429 5629 566 5684 tione
617 5647 732 5700 qua:
770 5648 850 5684 me
899 5633 1182 5686 circumdat
1233 5631 1418 5702 (Psal.
1476 5632 1600 5687 114.
1633 5633 1686 5686 7.
1731 5642 1779 5686 et
1827 5629 1919 5686 2'2.
1953 5631 2006 5685 4.

430 5730 475 5773 ct
503 5722 592 5778 51.
621 5720 708 5793 9).
738 5723 922 5794 Cogita
945 5721 1072 5792 quid
1094 5723 1194 5780 sibi
1222 5723 1405 5778 volunt
1445 5721 1494 5778 lti
1529 5723 1736 5795 psalmi.
1768 5722 1872 5778 Sed
1906 5735 2008 5777 nou

2151 399 2401 465 attendis,
2461 416 2646 458 verum
2674 418 2734 460 es
2760 419 2788 460 a
2838 406 2983 462 luctu
3013 407 3214 465 ebrius.
3256 406 3354 466 Vel
3400 409 3453 466 in
3501 409 3726 467 aliorum

2149 493 2419 560 exsequiis
2458 494 2744 565 diligenter
2771 501 3054 556 considera
3079 543 3094 568 ,
3139 512 3196 557 ut
3251 502 3303 557 in
3349 504 3451 558 tuis
3489 501 3729 559 invenias

2152 581 2622 641 medicamentum.
2655 587 2970 658 Cottvertere,
2998 593 3169 646 anima
3221 610 3352 662 mea,
3403 594 3456 649 in
3510 593 3678 666 requie

2151 683 2286 727 tuam
2305 716 2321 741 ,
2347 677 2584 744 quoniam
2613 677 2862 734 Daminus
2887 681 3128 754 benefacit
3155 684 3261 750 tibi,
3286 685 3441 752 dicis,
3475 695 3530 740 et
3555 687 3728 759 lacry-

2150 765 2346 819 maris?
2371 781 2547 823 annon
2570 768 2685 830 inec
2705 781 2832 826 sunt
2847 772 3004 830 ludus
3023 783 3076 828 et
3093 774 3399 834 histrionica
3420 778 3729 834 simulatio?

2149 856 2280 914 Nam
2312 859 2356 912 si
2407 875 2594 915 revera
2643 863 2819 918 credis
2861 865 2926 920 iis
2972 882 3091 936 qua:
3121 867 3282 935 dicis,
3326 884 3729 938 supervacanee

2150 951 2298 1021 luges
2323 960 2376 1006 et
2404 953 2712 1010 lamentaris
2739 975 2750 1016 ;
2781 957 2824 1011 si
2851 967 3028 1013 autem
3058 959 3196 1014 ludis
3214 969 3268 1014 et
3289 961 3508 1016 simulas
3532 971 3586 1018 et
3613 961 3730 1020 have

2151 1051 2303 1112 putas
2326 1057 2448 1100 esse
2467 1045 2691 1108 fabulas,
2722 1062 2818 1102 cur
2847 1049 3064 1118 psallis?
3090 1065 3187 1105 cur
3213 1052 3370 1107 etiam
3397 1067 3492 1108 eos
3513 1054 3602 1124 qui
3629 1055 3716 1109 ad-

2149 1142 2273 1188 sunt
2297 1135 2533 1204 pateris?
2555 1151 2652 1190 cur
2675 1152 2779 1193 non
2800 1153 2894 1194 eos
2916 1141 3007 1210 qui
3035 1142 3266 1211 psallunt
3286 1144 3489 1214 abigis?
3512 1149 3581 1199 At
3603 1145 3727 1212 hoc,

2151 1225 2338 1294 inquit,
2371 1236 2456 1281 est
2481 1226 2787 1284 furcnlitun.
2832 1230 2964 1288 Illud
3008 1242 3186 1288 autem
3218 1235 3388 1288 multo
3418 1237 3606 1306 magis.
3633 1240 3731 1292 At-

2149 1331 2252 1385 que
2291 1315 2498 1375 interim
2563 1320 2780 1389 quidem
2833 1321 3127 1389 admoneo;
3179 1325 3501 1393 procedente
3547 1337 3729 1382 autem

2151 1418 2395 1478 tempore
2447 1409 2584 1465 hanc
2641 1427 2753 1469 rem
2804 1428 3095 1484 persequar
3126 1417 3543 1471 vehementius:
3577 1419 3732 1474 valde

2150 1501 2291 1555 enim
2321 1503 2482 1558 timeo
2510 1518 2578 1558 nc
2597 1502 2698 1559 hoc
2719 1506 2876 1560 modo
2891 1507 3067 1576 gravis
3093 1507 3284 1577 aliquis
3305 1509 3520 1564 morbus
3540 1509 3732 1564 subeat

2153 1592 2466 1648 Ecclesium.
2501 1596 2674 1666 Atque
2695 1596 2939 1666 planctus
2964 1597 3181 1668 quidem
3212 1608 3397 1669 postea
3423 1600 3727 1670 corrigam;

2151 1683 2362 1737 interim
2409 1692 2586 1738 autem
2618 1684 2899 1751 denuntio,
2944 1686 3243 1758 divitesque
3285 1697 3339 1744 et
3387 1704 3646 1758 pauperes
3675 1701 3728 1746 et

2150 1774 2403 1830 mulieres
2431 1775 2676 1844 virosque
2709 1775 2862 1831 valde
2894 1777 3150 1832 obtestor.

2222 1869 2460 1936 Prw/ica:
2486 1868 2540 1921 in
2585 1867 2841 1938 funeribus
2879 1879 3114 1923 arcentur
3168 1886 3200 1923 a
3253 1868 3629 1943 Chrysostomo.
3659 1904 3730 1918 —-

2150 1958 2436 2030 Contingat
2460 1961 2674 2030 quidem
2716 1962 2869 2016 vobis
2893 1963 3144 2018 omnibus
3195 1975 3250 2019 ut
3293 1966 3496 2036 absque
3527 1967 3670 2024 luctu
3693 1985 3730 2026 e

2150 2055 2256 2108 vita
2283 2053 2573 2118 excedatis,
2602 2061 2656 2108 et
2677 2067 2736 2108 ea
2760 2069 2861 2124 qua
2889 2069 2986 2125 par
3005 2065 3088 2110 est
3114 2057 3250 2127 lege,
3285 2067 3460 2128 patres
3485 2062 3574 2131 qui
3599 2076 3730 2118 eon-

2150 2153 2445 2201 senuerunt
2471 2143 2804 2200 deducantur
2831 2161 2862 2199 a
2903 2145 3046 2213 filiis,
3080 2155 3133 2201 et
3165 2156 3360 2204 matres
3387 2165 3415 2203 a
3447 2151 3652 2207 filiabus
3677 2164 3730 2211 et

2150 2235 2434 2307 nepotibus
2461 2246 2516 2291 et
2546 2236 2926 2306 pronepOtibus
2958 2238 3008 2291 in
3036 2237 3173 2292 bona
3202 2249 3256 2294 et
3283 2239 3540 2310 profunda
3569 2259 3730 2300 seue-

2150 2335 2324 2393 ctute,
2355 2336 2409 2382 et
2431 2341 2689 2396 nusquam
2709 2327 2778 2381 sit
2799 2342 2947 2382 mors
2974 2329 3274 2384 immatura.
3303 2331 3412 2387 lloc
3441 2348 3570 2404 ergo
3597 2350 3729 2389 eon-

2153 2421 2339 2490 tingat,
2370 2429 2425 2474 et
2451 2420 2553 2474 hoc
2590 2427 2719 2490 opto
2757 2429 2812 2474 et
2853 2436 3044 2490 precor
3075 2439 3088 2475 :
3123 2423 3485 2494 praesidesque
3535 2435 3589 2481 et
3634 2442 3730 2483 vos

2149 2525 2339 2568 omnes
2367 2526 2496 2582 rogo
2517 2520 2569 2566 et
2590 2509 2775 2565 hortor
2799 2520 2856 2566 ut
2884 2514 3046 2566 Deum
3068 2515 3202 2568 alter
3223 2530 3318 2584 pro
3344 2516 3516 2571 altero
3541 2521 3726 2585 oretis,

2151 2615 2207 2660 et
2230 2617 2514 2658 commune
2535 2601 2636 2656 hoc
2661 2601 2730 2656 sit
2753 2611 2989 2656 vestrum
3017 2613 3196 2658 votum
3225 2622 3238 2657 :
3268 2605 3313 2658 si
3359 2616 3557 2675 autem,
3586 2610 3729 2679 quod

2150 2694 2291 2750 absit
2317 2707 2490 2763 neque
2529 2692 2756 2759 accidat,
2804 2693 2996 2748 acerba
3042 2708 3187 2748 mors
3235 2695 3413 2766 aliqua
3487 2697 3728 2753 evenerit

2152 2783 2404 2856 (acerba,
2427 2783 2666 2852 inquam,
2699 2796 2805 2836 non
2835 2791 3020 2837 natura
3044 2799 3215 2853 neque
3245 2786 3385 2840 enim
3415 2797 3498 2842 est
3525 2787 3591 2843 de
3617 2805 3728 2844 ca:-

2153 2888 2267 2934 tero
2293 2890 2438 2932 mors
2463 2875 2652 2931 acerba
2676 2891 2692 2942 ;
2716 2891 2745 2929 a
2777 2890 2966 2929 somno
2993 2877 3134 2929 enim
3165 2876 3293 2931 nihil
3325 2877 3506 2935 dill‘ert
3526 2896 3541 2945 ;
3565 2882 3660 2936 sed
3682 2882 3729 2936 si

2151 2979 2333 3030 nostra
2365 2975 2634 3037 spectetur
2661 2965 2896 3037 allectio)
2925 2985 2939 3021 :
2964 2966 3008 3020 si
3048 2967 3206 3036 igitur
3221 2969 3411 3024 acerba
3436 2985 3580 3025 mors
3601 2987 3726 3027 eve-

2157 3066 2330 3130 nerit,
2378 3071 2433 3117 et
2487 3061 2676 3131 aliquis
2707 3059 2805 3116 has
2855 3075 2973 3130 qua:
3004 3059 3364 3116 Iamentcntur
3389 3061 3735 3128 conduxerit,

2157 3153 2287 3208 mihi
2310 3152 2511 3208 credite
2532 3152 2728 3208 dicenti
2754 3170 2766 3204 :
2792 3167 2896 3206 non
2917 3150 3071 3206 aliter
3096 3153 3237 3206 enim
3263 3152 3404 3220 dico,
3429 3167 3586 3224 quam
3616 3168 3736 3208 sum

2155 3243 2412 3309 allectus;
2442 3244 2530 3314 qui
2559 3244 2682 3298 velit
2709 3245 2967 3297 irascatur
2993 3260 3006 3296 :
3035 3259 3156 3298 eum
3196 3243 3354 3313 longo
3384 3252 3624 3314 tempore
3648 3260 3738 3299 ar-

2155 3336 2395 3390 ecbimus
2424 3335 2490 3389 ab
2519 3335 2765 3399 ecclesia,
2805 3343 3072 3405 tamquam
3114 3335 3448 3391 idelolatram
3494 3335 3642 3408 (Col.
3675 3337 3730 3391 5.

2159 3424 2248 3494 li).
2280 3423 2410 3478 Nam
2440 3427 2483 3478 si
2516 3423 2710 3478 Paulus
2731 3440 2949 3478 avarum
2980 3435 3134 3479 vocat
3158 3425 3491 3480 idololatram
3517 3443 3532 3480 :
3563 3426 3733 3482 multo

2156 3515 2324 3584 magis
2347 3529 2469 3567 eum
2516 3513 2606 3583 qui
2635 3529 2796 3585 super
2821 3515 3030 3570 fidelem
3058 3530 3120 3570 ea
3147 3516 3432 3572 introducit
3458 3533 3578 3587 qua:
3606 3525 3733 3572 sunt

2156 3605 2573 3660 idololatrarum.
2606 3605 2845 3672 Quanam
2870 3606 3014 3662 enim
3044 3607 3112 3662 de
3150 3623 3306 3663 causa
3331 3648 3348 3674 ,
3399 3607 3483 3664 dic
3511 3623 3692 3679 quaeso
3711 3648 3728 3672 ,

2154 3709 2316 3750 vocas
2355 3695 2698 3767 presbyteros
2745 3706 2801 3751 et
2836 3712 2930 3753 eos
2971 3699 3063 3768 qui
3091 3699 3488 3768 psallunt?non
3515 3709 3571 3754 ut
3594 3715 3728 3754 con-

2152 3787 2383 3844 soleris?
2413 3803 2517 3843 nou
2547 3797 2603 3843 ut
2643 3805 2765 3844 eum
2793 3789 3025 3846 honores
3047 3791 3136 3862 qui
3165 3792 3434 3846 excessit?
3457 3791 3566 3847 Cur
3599 3807 3728 3863 ergo

2152 3897 2274 3939 eum
2303 3883 2620 3939 contumelia
2641 3883 2841 3939 amcis?
2866 3899 2962 3939 cur
2987 3884 3255 3940 traducis?
3275 3901 3370 3941 cur
3393 3893 3569 3942 autem
3589 3885 3730 3940 ludis

2154 3985 2422 4046 tamquam
2466 3977 2519 4030 in
2565 3976 2769 4030 scena?
2815 3974 2927 4030 Nos
2974 3976 3219 4046 venimus
3245 3977 3311 4032 de
3338 3978 3730 4034 resurrectione

2151 4067 2608 4137 philosophantes,
2637 4081 2825 4122 omnes
2840 4065 3338 4130 erudientcs.etiam
3361 4083 3454 4124 eos
3478 4069 3568 4138 qui
3597 4083 3732 4123 non-

2150 4157 2276 4212 dum
2316 4167 2440 4211 sunt
2490 4158 2614 4224 icti,
2665 4171 2759 4226 per
2805 4156 3067 4212 honorem
3123 4159 3211 4228 qui
3253 4159 3326 4213 illi
3378 4159 3639 4225 habetur,
3669 4167 3730 4214 ut

2149 4251 2192 4304 si
2223 4248 2348 4319 quid
2375 4248 2636 4317 ejusmodi
2667 4247 2968 4318 contigerit,
2994 4249 3203 4304 fortiter
3227 4249 3438 4304 ferant:
3473 4260 3525 4306 tu
3547 4260 3726 4305 autem

2148 4356 2242 4396 eos
2297 4339 2558 4406 adducis,
2603 4340 2727 4411 qui,
2767 4339 2910 4410 quod
2952 4339 3019 4396 ad
3066 4341 3212 4412 ipsos
3261 4349 3500 4412 spectat,
3544 4349 3728 4396 nostra

2148 4433 2458 4489 destruunt?

2215 4643 2266 4697 6.
2301 4641 2437 4710 Quid
2481 4640 2580 4696 hoc
2622 4642 2730 4697 risu
2759 4651 2814 4699 et
2859 4643 2956 4699 hac
3005 4643 3366 4699 luditicatione
3405 4653 3488 4700 est
3534 4643 3728 4716 pejus?

2143 4733 2269 4805 quid
2293 4743 2375 4788 est
2392 4734 2608 4804 gravius
2627 4733 3124 4805 hacinzequalitale?
3142 4734 3452 4790 Erubescite
3480 4744 3536 4790 et
3561 4733 3724 4805 pudo—
3775 4758 3778 4760 ν

2143 4841 2202 4880 re
2229 4824 2594 4879 sulfuudimini
2627 4840 2642 4882 ;
2675 4824 2719 4879 si
2743 4840 2849 4880 non
2880 4828 3062 4890 vultis,
3084 4839 3180 4879 nos
3211 4824 3541 4894 perniciosos
3571 4823 3719 4893 ejus-

2141 4917 2283 4970 modi
2307 4930 2484 4970 mores
2512 4932 2617 4970 non
2640 4917 2864 4972 sinimus
2879 4915 2931 4970 in
2949 4916 3238 4972 Ecclesium
3255 4916 3509 4971 inducere
3541 4934 3554 4970 :
3587 4914 3720 4970 Pec-

2139 5016 2306 5061 cantes
2326 5005 2490 5072 enim,
2521 5007 2710 5076 inquit,
2737 5024 2908 5062 coram
2936 5007 3166 5062 omnibus
3196 5022 3352 5076 argue
3377 5007 3451 5075 (1.
3487 5005 3622 5060 Tim.
3653 5007 3710 5063 5.

2136 5095 2250 5167 28).
2278 5094 2389 5150 lllis
2413 5106 2593 5150 autem
2625 5096 2929 5153 infelicibus
2956 5107 3010 5153 et
3039 5098 3251 5153 miseris
3278 5098 3590 5152 mulieribus
3620 5114 3718 5169 per

2134 5205 2230 5244 vos
2261 5188 2624 5260 prohibemus,
2643 5205 2710 5245 ne
2727 5205 2974 5261 umquam
3006 5190 3373 5260 ingrediantur
3394 5191 3445 5244 in
3477 5191 3714 5246 fidelium

2135 5279 2321 5335 funera
2349 5295 2468 5352 qua:
2515 5280 2831 5344 elferuntur,
2861 5295 2928 5335 ne
2955 5295 3139 5336 revera
3171 5281 3314 5352 ipsas
3339 5297 3594 5352 cogamus
3618 5297 3714 5336 sua

2134 5375 2272 5427 mala
2295 5372 2514 5439 deﬂere,
2567 5383 2621 5429 et
2660 5374 2969 5428 erudiamus
3017 5388 3108 5430 eas
3148 5390 3254 5428 non
3301 5375 3352 5430 iu
3393 5375 3583 5430 alienis
3614 5375 3715 5431 hoc

2136 5463 2329 5529 facere,
2353 5465 2444 5520 sed
2465 5479 2586 5519 suas
2607 5465 2782 5533 potius
2812 5464 3096 5534 deplorare
3116 5465 3468 5520 calamitates.
3499 5465 3712 5521 Etenim

2132 5565 2283 5626 pater
2309 5571 2520 5626 quoque
2547 5556 2860 5622 benevolus,
2883 5555 3095 5627 quando
3124 5555 3286 5610 habet
3310 5555 3629 5611 insolentem
3657 5563 3712 5610 ct

2135 5647 2511 5703 immodestum
2545 5647 2728 5714 filium,
2762 5663 2867 5703 non
2915 5648 2988 5702 illi
3017 5649 3113 5703 soli
3157 5648 3345 5703 suadet
3384 5665 3451 5703 ne
3479 5663 3710 5703 consue-

2133 5739 2368 5798 tudinem
2393 5739 2586 5796 habeat
2613 5755 2732 5796 cum
2767 5740 3056 5812 improbis,
3087 5740 3180 5798 sed
3223 5740 3323 5797 bos
3351 5749 3565 5811 quoque
3595 5748 3705 5796 ter-
