4036 6206
312 289 382 347 ΔΞ
1236 282 1304 340 IN
1342 281 1555 340 EPIST.
1594 277 1686 336 AD
1720 275 2280 339 IIEBRASOS..CAP.
2318 278 2384 336 ll.
2427 278 2659 338 llOMIL.
2691 282 2784 339 IV.
3494 285 3562 341 ιι

296 405 473 459 ταῦτα
505 390 861 458 πιστεύεσθαι
893 403 1084 474 ὑμεῖς,
1134 401 1432 474 μαχόμενοι
1459 398 1549 454 διά
1575 396 1682 452 τῶν
1706 397 1885 469 εργων

298 491 483 553 αὐτοῖς
506 504 523 520 ·
584 487 764 544 καίτοι
814 488 985 544 πολλά
1032 488 1467 559 ἐπιτειχίσαντας
1511 485 1605 540 τοῦ
1631 483 1767 538 Θεοῦ
1795 484 1885 552 γί-

297 577 484 631 νεσθαι
533 577 676 649 πρὸς
719 576 908 642 τοῦτο,
964 576 1054 631 ἵνα
1089 577 1256 648 ἀνέλῃ
1285 575 1385 647 τὴν
1413 574 1660 647 πονηρὰν
1681 573 1887 643 ταύτην

302 664 616 736 συνήθειαν.
670 665 807 720 Εἰπὲ
836 665 948 737 γάρ
981 681 1092 734 μοι,
1121 664 1177 718 τί
1208 664 1490 736 βούλονται
1519 664 1575 719 αί
1603 661 1887 733 λαμπάδες

302 754 359 806 αί
389 750 649 822 φαιδραίς
697 752 798 823 οὐχ
841 751 919 817 ὡς
945 751 1189 823 ἀθλητὰς
1221 751 1419 815 αὐτοὺς
1447 751 1883 823 προπέμπομενς

300 838 355 893 τί
381 839 441 893 δὲ
471 839 521 892 οί
551 836 755 908 ῦμνοις
805 838 926 907 οὐχὶ
955 837 1048 890 τὸν
1078 836 1211 891 Θεδν
1238 835 1556 907 δοξάζομεν,
1597 835 1691 889 καὶ
1720 835 1885 904 εὐχα-

304 922 597 995 ριστοῦμεν
627 923 711 977 ὅτι
737 923 926 977 λοιπὸν
954 921 1302 992 ἐστεφάνωσε
1334 922 1427 975 τδν
1452 920 1776 989 ἀπελθόντα,
1805 920 1887 975 ὃτι

303 1010 410 1064 τῶν
441 1012 626 1065 πόνων
658 1009 990 1083 ἀπήλλαξεν,
1023 1012 1106 1065 ὅτι
1136 1010 1236 1081 τῆς
1264 1008 1468 1072 δειλίας
1499 1008 1746 1063 ἐκϐαλὼν
1772 1007 1884 1079 ἔχει

303 1098 433 1168 παρ’
455 1095 667 1168 ἐαυτῷς
701 1096 764 1150 ού
792 1097 888 1152 ,διὰ
911 1096 1069 1150 τοῦτο
1094 1095 1283 1167 ὕμνοις
1317 1097 1377 1150 ού
1404 1095 1494 1149 διά
1519 1095 1674 1150 τοῦτο
1697 1094 1885 1165 ψαλμ-

302 1184 486 1254 ῳδίαι;
534 1185 726 1239 Ταῦτα
744 1184 923 1241 πάντα
944 1185 1244 1256 χαιρόντων
1266 1183 1433 1238 ἐστίν·
1460 1181 1727 1253 Εὐθυμεῒ
1752 1180 1885 1253 γὰρ,

304 1272 457 1343 φησι,
490 1271 616 1338 dc;
665 1269 969 1341 ψαλλέτω.
1013 1270 1152 1325 Ἀλλ’
1176 1270 1239 1324 ού
1283 1269 1494 1335 τούτοις
1529 1269 1886 1341 προσέχουσιν

305 1359 590 1429 Ἕλληνες.
639 1358 733 1429 Μὴ
759 1359 867 1429 γάρ
896 1374 1008 1429 μοι,
1051 1357 1248 1428 φησὶν,
1297 1358 1456 1430 εῖπῃς
1487 1356 1579 1411 τὸν
1607 1356 1766 1421 έκτδς
1791 1355 1885 1410 τοῦ

308 1447 522 1511 πάθους
573 1445 968 1514 φιλοσοφοῦντα
992 1486 1007 1508 ,
1063 1444 1225 1498 τοῦτο
1256 1445 1365 1516 7&9
1399 1444 1550 1498 οὐδὲν
1581 1443 1723 1515 μέγα
1764 1443 1887 1497 οὐδὲ

308 1534 625 1605 θαυμαστὸν
647 1571 665 1599 ,
713 1532 856 1588 ἀλλά
902 1532 1070 1599 δεῖξόν
1098 1549 1190 1604 μοι
1231 1532 1322 1587 τὸν
1354 1532 1414 1586 ἐν
1443 1529 1592 1601 αύτῷ
1620 1529 1700 1601 τῷ
1724 1530 1889 1585 πάθει

304 1623 718 1694 φιλοσοφοῦντα,
750 1622 846 1678 καὶ
868 1621 990 1676 τότε
1017 1620 1297 1676 πιστεύσω
1325 1623 1392 1693 τῇ
1419 1620 1735 1676 ἀναστάσει.
1771 1618 1885 1675 Καὶ

304 1710 366 1764 τὸ
399 1709 503 1780 μιν
549 1707 808 1779 βιωτικάς
836 1710 1103 1777 γυναίκας
1133 1707 1294 1761 τοῦτο
1319 1709 1493 1762 ποιεῖν
1516 1746 1532 1772 ,
1568 1706 1884 1777 θαυμαστὸν

304 1796 475 1851 οὐδέν·
510 1795 691 1850 καίτοι
714 1811 779 1864 γε
815 1796 910 1850 καὶ
935 1794 1066 1848 αὐτὸ
1092 1793 1267 1848 δεινόν
1287 1811 1301 1825 ’
1341 1794 1435 1849 καὶ
1460 1792 1570 1863 γὰρ
1602 1792 1698 1848 καὶ
1725 1784 1887 1848 αὗται

306 1884 404 1955 τήν
429 1883 601 1953 αὐτὴν
640 1881 1000 1938 ἀπαιτοῦνται
1025 1880 1345 1951 φιλοσοφίαν
1370 1896 1385 1912 ·
1438 1879 1520 1933 διὸ
1553 1880 1649 1933 καὶ
1676 1878 1887 1944 Παῦλός

308 1986 437 2039 φησι
464 1986 478 1998 ·
535 1967 677 2037 Περὶ
715 1967 786 2024 δέ
830 1967 951 2022 τῶν
986 1966 1431 2037 κεκοιμημένων
1456 1967 1529 2022 οὐ
1559 1964 1710 2021 θέλω
1734 1963 1889 2034 ὑμᾶς

307 2054 545 2125 ἀγνοεῖν
567 2094 583 2120 ,
639 2056 744 2110 ῖνα
776 2052 866 2125 μὴ
894 2052 1208 2123 λυπῆσθε,
1255 2053 1452 2119 καθὼς
1480 2052 1579 2107 καί
1607 2053 1662 2107 οι
1686 2050 1887 2107 λοιποί

308 2145 361 2196 οί
403 2142 492 2212 μὴ
543 2141 794 2212 ἔχοντες
837 2140 1075 2196 ἐλπίδα.
1128 2140 1264 2213 Οὐχὶ
1312 2140 1637 2213 μονάζουσιν
1678 2138 1890 2212 ἔγραφε

307 2229 478 2283 ταῦτα
503 2229 628 2282 οὐδὲ
658 2227 1065 2301 ἀειπαρθένοις,
1109 2225 1247 2282 ἀλλά
1275 2227 1376 2281 καὶ
1403 2228 1695 2298 κοσμικαῖς
1723 2226 1889 2298 γάμῳ

303 2315 672 2386 δμιλησάσαις
690 2356 706 2382 ,
761 2315 857 2369 καὶ
904 2315 1197 2386 βιωτικοῖς.
1255 2313 1405 2386 Πλὴν
1453 2314 1568 2368 ἀλλ’
1603 2314 1704 2385 οὐχ
1745 2312 1891 2368 οὕτω

305 2402 483 2456 δειν’;ν
507 2401 671 2456 τοῦτο
689 2419 706 2435 ·
749 2404 877 2457 ὅταν
897 2402 954 2455 δέ
982 2418 1090 2468 τις,
1119 2402 1153 2471 ἢ
1184 2401 1345 2472 γυνή,
1380 2401 1413 2473 ἢ
1438 2401 1579 2473 ἀνὴρ
1609 2401 1889 2473 ἐσταυρῶ-

311 2488 444 2542 σθαι
477 2482 598 2560 [ιη
625 2489 703 2559 τῷ
727 2488 911 2560 κόσμῳ
933 2488 1128 2557 λέγων,
1162 2490 1192 2542 ό
1217 2489 1319 2560 μὶν
1345 2489 1540 2560 τρίχας
1562 2488 1739 2563 τίλλῃ,
1774 2491 1808 2561 ή
1830 2490 1888 2545 δὲ

314 2576 509 2648 κωκύῃ
539 2576 784 2647 μεγάλα,
815 2576 868 2630 τί
895 2576 1086 2630 τούτου
1119 2575 1621 2648 ἀσχημονέστερον;
1660 2577 1888 2631 Πιστεύ-

313 2663 444 2718 σατέ
470 2679 562 2735 μοι
589 2663 801 2732 λέγοντι
820 2680 837 2696 ·
870 2664 988 2732 εῖγε
1017 2665 1094 2729 ὼς
1116 2665 1285 2735 ἐχρῆν
1309 2663 1548 2733 ἀγίνετο,
1584 2664 1756 2720 πολὺν
1779 2664 1887 2719 ἔδει

307 2753 496 2825 χρόνον
536 2754 664 2816 τοὺς
696 2751 971 2816 τοιούτους
1003 2751 1282 2824 εἴργεσθαι
1313 2751 1422 2806 τῶν
1448 2751 1621 2807 αὐδῶν
1650 2752 1761 2807 τῶν
1788 2753 1888 2824 τῆς

307 2839 621 2910 ἐκκλησίας.
664 2841 729 2893 Ol
759 2839 869 2909 γὰρ
896 2840 1067 2905 ὅντως
1096 2840 1235 2905 ἄξιοι
1269 2839 1519 2905 πένθους,
1552 2834 1698 2895 οὗτοί
1727 2841 1884 2907 είσιν,

308 2927 359 2979 οῖ
402 2925 494 2979 τὸν
534 2926 760 2980 θάνατον
788 2925 1091 2991 δεδοικότες
1138 2926 1218 2981 ἔτι
1246 2927 1341 2981 καὶ
1371 2927 1706 2999 φρίττοντες,
1739 2927 1789 2980 οί
1819 2929 1885 2997 τῇ

309 3012 597 3067 ἀναστάσει
623 3011 1050 3076 διαπιστοῦντες.
1086 3012 1225 3067 Ἀλλ’
1259 3014 1321 3067 ού
1352 3017 1420 3085 τῇ
1463 3012 1756 3068 ἀναστάσει
1806 3012 1887 3067 δι-

306 3100 539 3165 απιστῶ,
570 3099 739 3171 φησιν
757 3140 772 3165 ,
808 3098 945 3154 ἀλλά
973 3100 1071 3173 τὴν
1101 3101 1392 3174 συνήθειαν
1424 3100 1687 3171 ἐπιζητῶ.
1711 3098 1811 3154 Διά
1833 3099 1887 3154 τί

308 3183 419 3251 οὖν,
446 3188 569 3240 είπέ
593 3204 711 3257 μοι,
737 3189 868 3243 ὅταν
890 3187 1167 3261 ἀποδημῇ,
1191 3189 1286 3244 καὶ
1308 3189 1620 3260 ἀποδημίαν
1645 3188 1885 3259 μακρὰν,

304 3275 365 3327 οῦ
400 3275 464 3328 τά
492 3275 637 3330 αύτά
665 3277 879 3341 ποιεῖς;
915 3274 1074 3330 Ἀλλά
1106 3275 1276 3331 κλαίω
1304 3276 1400 3331 καὶ
1425 3277 1566 3342 τότε,
1598 3276 1754 3348 φησὶ,
1790 3275 1885 3330 καὶ

309 3361 488 3432 θρηνῶ
514 3360 880 3433 ἐπιζητοῦσα.
917 3360 1053 3419 Ἀλλ’
1076 3363 1253 3418 έκεῖνο
1280 3361 1377 3433 μὲν
1401 3361 1570 3427 ὅντως
1596 3363 1885 3435 συνήθειαν

309 3448 673 3519 ἐπιζητούσης
717 3450 870 3518 ἐστὶ,
924 3449 1080 3504 τοῦτο
1105 3449 1162 3505 δὲ
1192 3450 1576 3519 ἀπεγνωκυίας
1598 3449 1696 3519 τήν
1720 3451 1887 3505 ὲπάν·

308 3536 442 3590 οδον.
474 3535 761 3607 Ἐννόησον
789 3535 842 3589 τί
875 3535 1097 3607 ψάλλεις
1123 3536 1265 3590 κατὰ
1293 3536 1385 3589 τὸν
1414 3536 1606 3608 καιρὸν
1635 3538 1843 3592 ἐκεῖνον
1866 3555 1880 3569 ·

324 3622 747 3691 Ἐπίστρεψον,
773 3621 944 3692 ψυχή
963 3639 1103 3693 μου,
1129 3625 1216 3690 εις
1238 3623 1352 3692 τὴν
1372 3623 1721 3678 ἀνάπαυσιν
1744 3641 1881 3689 σου,

312 3709 400 3763 ὄτι
423 3711 638 3779 Κύριος
662 3709 1026 3779 εὐηργέτησέ
1050 3727 1144 3765 σε·
1183 3712 1273 3765 καὶ
1302 3711 1486 3777 πάλιν,
1519 3714 1601 3766 Οὐ
1628 3711 1886 3782 φοϐηθή-

308 3814 489 3865 σομαι
521 3795 698 3860 κακὰ,
735 3797 823 3850 ὅτι
856 3796 938 3851 σὺ
975 3798 1105 3867 μετ’
1128 3798 1273 3868 ἐμοῦ
1302 3794 1394 3853 εί·
1452 3800 1546 3853 καῖ
1582 3799 1764 3866 πάλιν,
1799 3800 1882 3855 Σύ

301 3900 423 3952 μου
468 3879 524 3938 εί
574 3882 891 3954 καταφυγή
939 3884 1057 3938 ἀπὸ
1106 3885 1367 3954 θλίψεως
1414 3885 1526 3955 τῆς
1577 3887 1885 3955 περιεχού-

306 3990 424 4041 σης
464 3992 565 4045 με.
606 3974 890 4046 Ἐννόησον
940 3975 990 4028 τί
1035 3974 1315 4045 βούλονται
1365 3971 1510 4032 οὗτοι
1563 3978 1613 4030 οί
1654 3976 1881 4048 ψαλμοί.

319 4063 460 4117 Ἀλλ’
490 4064 552 4117 ού
586 4063 904 4134 προσέχεις,
955 4063 1090 4117 ἀλλά
1123 4061 1343 4134 μεθύεις
1374 4064 1481 4118 ὑπὸ
1505 4064 1599 4119 τοῦ
1627 4066 1879 4130 πένθους.

304 4150 425 4205 Κᾶν
449 4152 512 4204 ὲν
536 4153 648 4215 τοῖς
677 4150 880 4223 ἑτέρων
903 4150 1207 4223 κηδεύμασι
1247 4151 1584 4223 κατανόησον
1612 4153 1878 4225 ἀκριϐῶς,

308 4240 397 4292 ἵνα
442 4237 577 4310 ἔχῃς
622 4237 911 4311 φάρμακον
960 4241 1019 4293 ὲν
1066 4242 1183 4303 τοῖς
1238 4242 1373 4302 σοῖς.
1440 4241 1881 4311 Ἐπίστροφον,

304 4326 476 4396 ψυχή
526 4344 675 4396 μου,
730 4330 819 4394 είς
863 4327 978 4396 τὴν
1000 4327 1353 4383 ἀνάπαυσιν
1376 4341 1514 4395 σου,
1548 4328 1638 4384 ὅτι
1667 4332 1885 4401 Κύριος

300 4412 672 4483 εὐηργέτησέ
702 4430 797 4481 σε,
845 4414 1044 4484 λέγεις,
1095 4416 1192 4469 καὶ
1216 4414 1507 4485 δακρύεις;
1555 4416 1678 4488 οὐχὶ
1709 4417 1883 4492 σκηνή

301 4500 478 4554 ταῦτά
531 4503 717 4568 ἐστιν,
770 4502 871 4573 οὐχ
917 4502 1236 4573 ύπόκρισιςς
1299 4503 1362 4556 El
1413 4501 1513 4574 μὲν
1555 4503 1666 4574 γάρ
1715 4504 1884 4570 ὅντως

301 4586 580 4652 πιστεύεις
607 4582 689 4653 οἷς
714 4588 915 4658 λέγεις,
939 4589 1210 4660 περιττῶς
1232 4589 1470 4653 πενθεῖς·
1504 4593 1551 4644 εἰ
1576 4591 1634 4645 δὲ
1662 4592 1883 4656 παίζεις

299 4676 398 4727 καὶ
448 4673 718 4748 ὑποκρίνῃ
768 4678 862 4731 καὶ
896 4676 1100 4746 μύθους
1150 4676 1292 4730 αύτά
1324 4671 1467 4730 εἶναι
1496 4676 1775 4746 νομίζεις,
1827 4683 1882 4739 τι

297 4762 397 4816 καὶ
445 4761 701 4831 ψάλλεις;
758 4764 812 4816 τί
866 4763 960 4816 καὶ
1007 4762 1178 4834 ἀνέχῃ
1227 4763 1338 4819 τῶν
1388 4765 1881 4835 παραγινομένωνς

298 4849 387 4903 διά
429 4851 485 4903 τί
540 4848 616 4921 μὴ
661 4848 986 4914 ἀπελαύνεις
1018 4850 1145 4913 τοὺς
1176 4849 1512 4919 ψάλλονταςς
1552 4850 1719 4905 ’Δλλά
1753 4869 1882 4922 μαι-

296 4937 543 5010 νομένων
569 4936 749 5004 τοῦτο,
781 4937 936 5010 φησί.
986 4937 1222 4991 Κάκεῖνο
1253 4937 1437 5009 πολλῷ
1467 4937 1690 5009 μᾶλλον.
1727 4939 1876 5004 Τέως

299 5027 402 5097 μὲν
441 5022 538 5081 οὖν
577 5026 826 5098 παραινῶ
849 5042 864 5057 ·
915 5027 1010 5081 τοῦ
1039 5027 1233 5098 χρόνον
1254 5026 1314 5080 δὲ
1344 5025 1627 5098 προϊόντος
1653 5027 1881 5097 σφοδρό-

296 5130 457 5184 τερον
507 5110 586 5183 τῷ
632 5113 922 5183 πράγματι
971 5114 1289 5184 χρήσομαι·
1344 5113 1440 5166 καὶ
1469 5112 1578 5184 γὰρ
1613 5112 1879 5183 μειζόνως

294 5200 530 5268 δέδοικα,
569 5199 645 5271 μὴ
670 5199 847 5270 τούτῳ
874 5199 951 5270 τῷ
971 5200 1158 5271 τρόπῳ
1187 5199 1402 5271 χαλεπή
1427 5216 1512 5263 τις
1537 5201 1693 5264 νόσος
1722 5202 1781 5253 ὲν
1806 5203 1873 5273 τῇ

310 5286 608 5360 Ἐκκλησία
641 5287 953 5362 ὑπεισέλθῃ.
1014 5288 1215 5341 Τοῦτον
1250 5287 1351 5358 μὲν
1385 5282 1478 5341 οὖν
1515 5288 1607 5341 τὸν
1644 5288 1876 5343 κοπετὸν

294 5374 537 5448 ὕστερον
581 5375 1131 5448 ἐπανορθωσώμεθα·
1197 5374 1334 5438 τέως
1388 5373 1446 5428 δὲ
1503 5375 1874 5447 παραγγέλλω

295 5465 389 5519 καὶ
441 5464 890 5537 διαμαρτύρομαι
951 5466 1044 5519 καὶ
1090 5464 1363 5530 πλουσίοις
1398 5464 1494 5519 καὶ
1520 5465 1739 5537 πένησι,
1777 5466 1871 5520 καὶ

293 5556 507 5622 γυναιξὶ
539 5555 637 5609 καὶ
665 5555 917 5626 ἀνδράσι.

1993 394 2233 461 ἐξελθεῖν
2259 434 2275 459 ,
2328 396 2424 450 καὶ
2470 397 2611 451 κατά
2642 397 2804 468 νόμον
2837 397 2926 452 τὸν
2952 400 3297 470 προσήκοντα
3325 400 3567 474 πατέρας

1993 482 2099 536 ὑπὸ
2144 482 2253 536 τῶν
2301 483 2436 537 υίῶν
2464 486 2847 555 γεγηρακότας
2876 484 3298 556 προπίμψεσθαι
3339 487 3434 540 καὶ
3463 504 3569 557 μη-

1992 569 2157 641 τέρας
2185 569 2290 623 ὑπὸ
2317 569 2629 642 θυγατέρων
2681 571 2774 626 καὶ
2810 573 3051 640 ὶγγόνων
3098 573 3194 627 καὶ
3226 572 3569 642 μετεγγόνων

1992 658 2050 712 ὲν
2075 657 2291 728 λιπαρῷ
2315 659 2394 731 τῷ
2414 661 2581 732 γήρᾳ,
2608 660 2706 714 καὶ
2730 661 2985 733 μηδαμοῦ
3005 660 3259 731 γενέσθαι
3280 660 3462 732 ἀωρον
3478 661 3572 716 6&-

1992 761 2171 800 νατον.
2230 746 2447 799 Γένοιτο
2496 747 2597 817 μὲν
2619 744 2714 801 οῦν
2758 747 2918 801 τοῦτο
2938 788 2953 813 ,
3002 747 3285 801 καὶτοῦτο
3310 745 3567 819 εὔχομαι,

1994 830 2087 885 καὶ
2128 832 2254 895 τοὺς
2283 830 2579 903 προέδρους
2607 832 2665 885 δὲ
2696 834 2791 887 καὶ
2821 834 3030 898 πάντας
3054 832 3199 906 ύμάς
3229 833 3372 905 ὑπὲρ
3399 833 3567 905 ἀλλή-

1992 918 2099 971 λων
2125 917 2426 988 παρακαλῶ
2448 919 2709 990 δεηθῆναι
2738 920 2834 973 τοῦ
2862 920 3001 975 Θεοῦ
3030 961 3045 986 ,
3108 921 3205 976 καὶ
3237 920 3353 994 [48]
3386 921 3571 990 κοινήν

1995 1006 2323 1076 ποιήσασθαι
2351 1008 2555 1080 ταύτην
2585 1007 2752 1080 εὐχήν
2774 1024 2789 1039 ·
2826 1010 2876 1062 εί
2905 1009 2982 1074 δὲ,
3018 1010 3156 1081 ὅπερ
3210 1009 3375 1080 ἀπείη
3433 1010 3570 1082 μηδὲ

1995 1092 2236 1164 συμϐαίη
2264 1137 2279 1160 ,
2336 1095 2533 1165 πικρός
2576 1111 2661 1159 τις
2715 1096 2938 1169 γένηται
2984 1096 3214 1163 θάνατος
3255 1098 3484 1170 (πικρὸς
3511 1099 3570 1154 δι

1992 1178 2157 1247 λέγω,
2188 1182 2249 1234 οὐ
2277 1184 2344 1253 τῇ
2369 1182 2553 1252 φύσει·
2581 1183 2702 1238 οὐδὲ
2724 1185 2833 1255 γάρ
2858 1186 2976 1238 ἐστι
3000 1183 3188 1240 λοιπὸν
3210 1187 3406 1258 πικρὸς
3425 1188 3453 1240 ό
3473 1186 3570 1240 θά-

1992 1282 2171 1330 νατος·
2205 1265 2376 1323 ὕπνου
2400 1269 2511 1341 γὰρ
2534 1271 2686 1327 οὐδὲν
2714 1271 3048 1343 διενήνοχεν·
3094 1272 3231 1327 ἀλλά
3260 1274 3459 1346 πικρὸς
3478 1273 3568 1327 λέ-

1992 1369 2103 1419 γω,
2159 1355 2296 1424 πρὸς
2348 1357 2449 1429 τήν
2495 1359 2771 1431 ἡμετέραν
2824 1359 3117 1433 διάθεσιν)·
3169 1364 3218 1415 εῖ
3267 1357 3359 1418 οὖν
3411 1354 3570 1429 οὗτος

1995 1440 2239 1514 συμϐαίη
2266 1482 2283 1508 ,
2345 1445 2437 1498 καί
2487 1463 2634 1510 τινες
2678 1446 2773 1509 τὰς
2799 1445 3103 1520 θρηνούσας
3129 1449 3333 1513 ταύτας
3360 1450 3568 1520 μισθώ-

1995 1545 2198 1597 σαιντο,
2236 1530 2563 1586 πιστεύσατέ
2593 1549 2684 1602 μοι
2714 1532 2949 1603 λέγοντι,
2975 1534 3075 1587 ούκ
3099 1534 3274 1600 ἄλλως
3297 1535 3407 1608 7&9
3434 1536 3564 1609 ἐρῶ,

1994 1617 2109 1672 ἀλλ’
2136 1618 2213 1684 ὡς
2238 1617 2348 1689 ἔχω
2370 1637 2384 1650 ·
2422 1620 2451 1673 ό
2481 1619 2806 1701 βουλόμενος
2833 1620 3136 1692 όργιζέσθω
3155 1639 3168 1654 ·
3208 1623 3377 1678 πολὺν
3407 1624 3569 1679 αὑτὸν

1992 1704 2182 1776 χρόνον
2211 1706 2309 1777 τῆς
2335 1707 2629 1779 ἐκκλησίας
2660 1708 2910 1781 ἀπείρξω
2933 1710 3011 1774 ὡς
3031 1710 3126 1765 τὸν
3150 1710 3566 1784 είδωλολάτρην.

1993 1793 2056 1846 Εἰ
2083 1792 2189 1864 γὰρ
2213 1793 2307 1848 τδν
2330 1794 2659 1867 πλεονέκτην
2686 1795 3079 1870 είδωλολάτρην
3104 1798 3260 1854 καλεῖ
3282 1800 3311 1854 ό
3334 1797 3566 1865 Παῦλος,

1994 1879 2173 1951 πολλῷ
2203 1880 2404 1951 μᾶλλον
2444 1881 2537 1936 τὸν
2582 1885 2676 1936 ἐπὶ
2702 1882 2894 1936 πιστοῦ
2934 1885 3006 1939 τὰ
3037 1883 3141 1939 τῶν
3166 1884 3568 1957 είδωλολατρῶν

1993 1967 2408 2039 ἐπεισφέροντα.
2440 1968 2599 2032 Τίνος
2624 1968 2733 2039 γὰρ
2754 1968 2963 2036 ἕνεκεν,
2989 1971 3111 2023 είπέ
3136 1988 3249 2040 μοι,
3270 1973 3569 2043 πρεσϐυτέ-

1996 2071 2121 2127 ρους
2152 2053 2341 2119 καλεῖς
2364 2093 2380 2117 .
2432 2054 2527 2108 καὶ
2565 2056 2693 2118 τοὺς
2722 2054 3054 2126 ψάλλοντας;
3089 2057 3187 2127 οὐχ
3215 2056 3359 2111 ὥστε
3387 2075 3568 2130 παρα-

1997 2143 2342 2216 μυθήσασθαι
2367 2187 2383 2212 ,
2439 2143 2538 2215 οὐχ
2583 2143 2727 2201 ὥστε
2752 2144 2986 2215 τιμῆσαι
3017 2145 3110 2208 τὸν
3136 2146 3466 2212 ἀπελθόντας
3500 2147 3567 2201 Τί

1993 2232 2173 2287 τοίνυν
2197 2232 2362 2288 αὑτὸν
2389 2232 2665 2304 θϐρίζειςς
2694 2233 2747 2287 τί
2770 2232 2826 2287 δὲ
2854 2233 3404 2305 παραδειγματίζειςς
3433 2235 3485 2288 τί
3506 2236 3565 2291 δὲ

1995 2317 2211 2385 παίζεις
2230 2358 2247 2385 ,
2278 2318 2470 2392 ῶσπερ
2499 2321 2557 2373 ὲν
2585 2322 2792 2392 σκηνῇς
2826 2320 3017 2391 Ἡμεῖς
3045 2321 3318 2393 ἐρχόμεθα
3343 2323 3412 2377 τά
3436 2323 3566 2397 περὶ⁴

1994 2408 2343 2474 ἀναστάσεως
2397 2407 2814 2480 φιλοσοφοῦντες
2836 2450 2852 2474 ,
2917 2410 3126 2474 πάντας
3178 2410 3523 2476 παιδεύοντες
3546 2451 3563 2473 .

1995 2498 2088 2552 καὶ
2119 2498 2247 2561 τοὺς
2277 2496 2501 2568 μηδέπω
2533 2498 2975 2569 πεπληγμένους,
3009 2496 3097 2552 διά
3123 2498 3224 2568 τῆς
3252 2500 3331 2563 είς
3357 2497 3569 2553 ἐκεῖνον

1992 2589 2179 2660 τιμῆς,
2208 2586 2262 2640 εί
2282 2603 2409 2640 ποτε
2439 2586 2681 2659 συμϐαίη
2709 2605 2763 2640 τι
2788 2587 3049 2654 τοιοῦτον,
3074 2587 3264 2658 φέρειν
3284 2584 3564 2656 γενναίως·

1995 2675 2060 2729 σὺ
2105 2674 2163 2729 δὲ
2211 2672 2368 2742 ἀγεις
2410 2675 2536 2738 τοὺς
2579 2673 2647 2728 τά
2689 2674 2931 2746 ἡμέτερα
2965 2673 3385 2745 καθαιροῦντας,
3416 2674 3480 2728 τό
3502 2690 3567 2744 γε

1993 2761 2171 2817 αὐτῶν
2203 2762 2397 2834 μέρος;

2064 2937 2139 3004 ς’.
2161 2936 2227 2990 Τί
2247 2934 2435 2990 τούτου
2453 2934 2547 2989 τοῦ
2563 2934 2799 3005 γέλωτος
2816 2935 2910 2989 καὶ
2928 2934 3028 3005 τῆς
3052 2935 3339 3006 χλευασίας
3354 2937 3535 3007 χεῖρον
3550 2950 3567 3000 ;

1992 3024 2045 3079 τί
2072 3023 2278 3094 ταύτης
2316 3023 2416 3093 τῆς
2462 3021 2779 3094 ἀνωμαλίας
2833 3020 3170 3094 βαρύτερον;
3228 3021 3566 3094 Αἰσχύνθητε

1993 3112 2089 3166 καὶ
2117 3110 2423 3183 ὲντράπητε
2457 3126 2472 3139 ·
2508 3110 2558 3162 εί
2590 3108 2647 3162 δὲ
2685 3108 2761 3180 μὴ
2800 3107 3076 3175 βούλεσθε,
3108 3110 3269 3182 ἡμεῖς
3312 3111 3413 3164 οὐκ
3469 3111 3565 3165 ἀνο

1994 3198 2232 3270 εχόμεθα
2263 3197 2362 3269 ἔθη
2380 3196 2605 3264 τοιαῦτα
2630 3194 2852 3267 ὀλέθρια
2880 3197 2947 3267 τῇ
2980 3195 3247 3267 ἐκκλησίᾳ
3271 3198 3565 3267 ἐπεισαγα-

1992 3289 2142 3357 γεῖν·
2184 3285 2329 3352 Τοὺς
2388 3283 2513 3355 γὰρ
2554 3281 3025 3353 ἁμαρτάνοντας,
3069 3282 3255 3353 φησὶν,
3308 3283 3566 3340 ἐνώπιον

1992 3375 2232 3429 πάντων
2251 3371 2485 3442 ἔλεγχε.
2526 3369 2825 3434 Κάκείναις
2845 3368 2903 3425 δὲ
2922 3371 3044 3434 ταῖς
3068 3369 3437 3443 ταλαιπώροις
3472 3376 3566 3431 καὶ

1991 3460 2204 3524 ἀθλίαις
2232 3459 2301 3513 δι’
2341 3456 2496 3530 ὑμῶν
2530 3455 2968 3530 ἀπαγορεύομεν,
2993 3457 3263 3529 μηδέποτε
3295 3461 3417 3523 ταῖς
3453 3460 3577 3515 τῶνι

1994 3548 2200 3603 πιστῶν
2229 3547 2490 3618 ἐκφοραῖς
2509 3545 2831 3608 ἐπεισιέναι,
2860 3545 2947 3599 ἵνα
2975 3545 3050 3617 μὴ
3101 3546 3273 3611 ὅντως
3292 3547 3361 3602 τὰ
3385 3550 3565 3606 οίκεῖα

1990 3635 2161 3700 αύτάς
2191 3636 2590 3705 ἀναγκάσωμεν
2621 3632 2837 3704 θρηνεῖν
2864 3635 3029 3699 κακὰ,
3055 3634 3150 3688 καὶ
3179 3634 3565 3705 παιδεύσωμεν

1994 3726 2068 3796 μὴ
2105 3726 2161 3777 ὲν
2216 3722 2518 3793 ἀλλοτρίοις
2558 3719 2733 3775 ταῦτα
2783 3723 2987 3786 ποιεῖν,
3030 3720 3167 3775 ἀλλά
3205 3722 3305 3786 τάς
3351 3724 3565 3790 οἰκείας

1995 3812 2278 3882 συμφοράς
2326 3807 2525 3877 μᾶλλον
2568 3806 2855 3875 ὀδύρεσθαι
2889 3823 2902 3836 ·
2934 3807 3029 3860 καὶ
3070 3806 3181 3877 7&9
3238 3809 3330 3861 καὶ
3378 3812 3563 3884 πατὴρ

1993 3897 2344 3967 φιλόστοργος
2367 3933 2382 3960 ,
2434 3895 2561 3947 ὅταν
2606 3892 2721 3945 υίδν
2765 3891 2998 3945 ἄτακτον
3058 3892 3176 3966 ἔχῃ,
3225 3893 3327 3947 ούκ
3370 3896 3563 3967 ἐκείνῳ

1993 3986 2154 4056 μόνον
2193 3983 2452 4054 παραινεῖ
2487 3979 2565 4052 μή
2593 3977 2918 4050 πλησιάζειν
2950 3982 3063 4042 τοῖς
3101 3984 3383 4052 πονηροῖς,
3424 3983 3563 4044 ἀλλά

1990 4072 2085 4128 καὶ
2111 4070 2352 4134 ἐκείνους
2369 4069 2523 4140 φοϐεῖ
2549 4082 2597 4124 ι.
2643 4060 2773 4124 Ἰδοὺ
2800 4066 2977 4121 τοίνυν
3000 4068 3092 4122 καὶ
3121 4068 3253 4139 ύμῖν
3278 4070 3562 4137 κάκείναις

1990 4160 2056 4215 δι.
2111 4159 2265 4230 ὑμῶν
2322 4156 2593 4229 παραινῶ,
2643 4155 2784 4211 ὥστε
2845 4155 2985 4227 μήτε
3038 4155 3183 4228 ὑμᾶς
3235 4156 3418 4212 καλεῖν
3461 4161 3562 4225 τὰς

1989 4249 2262 4312 τοιαύτας,
2300 4246 2438 4318 μήτε
2461 4245 2677 4309 ὲκείνας
2710 4244 3133 4316 παραγίνεσθαι.
3202 4246 3312 4299 Καὶ
3352 4248 3563 4315 γένοιτο

1993 4337 2096 4407 μὲν
2120 4335 2213 4389 τὸν
2246 4332 2403 4403 λόγον
2434 4350 2487 4387 τι
2519 4330 2857 4405 ἐργάσασθαι
2883 4330 3044 4384 πλέον
3070 4330 3162 4387 καὶ
3207 4330 3306 4404 τήν
3334 4333 3562 4406 ἀπειλὴν

1992 4424 2209 4495 ίσχῦσαι
2233 4440 2248 4455 ’
2280 4425 2331 4478 εί
2350 4422 2429 4487 δὲ,
2464 4423 2602 4492 ὅπερ
2630 4420 2822 4488 ἀπείη,
2849 4418 3374 4493 καταφρονηθῶμεν,
3403 4422 3564 4491 ἀναγ.

1990 4510 2383 4583 κασθησόμεθα
2420 4508 2610 4564 λοιπδν
2641 4508 2720 4572 είς
2746 4505 2909 4579 ἔργον
2933 4507 3162 4574 ἀγαγεῖν
3184 4503 3284 4576 τήν
3305 4506 3557 4579 ἀπειλὴν,

1991 4601 2136 4670 ὑμᾶς
2171 4599 2269 4671 μὲν
2291 4600 2403 4663 τοῖς
2432 4598 2619 4667 νόμοις
2656 4594 3006 4658 παιδεύοντες
3034 4597 3145 4658 τοῖς
3170 4593 3558 4666 ἐκκλησιαστι-

1990 4689 2128 4750 κοῖς,
2158 4686 2370 4748 ὲκείνας
2396 4686 2454 4740 δὲ
2477 4685 2553 4749 ὡς
2586 4682 2824 4747 ἐκείναις
2863 4679 3141 4752 προσῆκόν
3175 4682 3345 4735 ἐστιν.
3405 4683 3467 4736 Εἰ
3501 4683 3558 4738 δέ

1987 4791 2074 4838 τις
2102 4772 2645 4842 ἀπαυθαδιαξόμενος
2670 4770 3023 4841 καταφρονεῖ,
3058 4765 3174 4840 [49]
3197 4767 3443 4823 ἀκουέτω
3461 4772 3556 4825 τοῦ

1988 4857 2224 4929 Χριστοῦ
2281 4858 2532 4926 λέγοντος
2573 4858 2669 4911 καὶ
2724 4855 2824 4909 νῦν
2853 4870 2867 4883 ·
2916 4852 3053 4908 Ἐὰν
3078 4856 3112 4907 ό
3137 4852 3401 4924 ἀδελφός
3439 4872 3573 4929 σου,

1986 4944 2298 5015 ἁμαρτήσῃ
2328 4946 2416 5010 εις
2443 4943 2539 5007 σὲ,
2586 4942 2797 5012 ὕπαγε,
2828 4940 3079 5010 ἔλεγξον
3111 4940 3299 4996 αὑτὸν
3326 4944 3556 5013 μεταξὺ

1986 5033 2103 5088 σοῦ
2132 5033 2230 5087 καί
2269 5031 2458 5087 αὐτοῦ
2485 5031 2713 5100 μόνου·
2761 5030 2815 5082 ει
2845 5025 2915 5080 δὲ
2939 5027 3026 5095 μὴ
3060 5028 3340 5091 πείθοιτο,
3363 5032 3553 5100 παρά-

1983 5121 2130 5174 ,ιασε
2161 5119 2312 5189 μετά
2348 5114 2609 5171 σεαυτοῦ
2651 5114 2761 5169 ἕνα
2792 5113 2832 5181 ἢ
2867 5111 2980 5167 δύο
3011 5128 3025 5143 ·
3055 5113 3196 5168 εἰδὲ
3230 5116 3329 5171 καί
3366 5118 3554 5186 οὕτως

1983 5206 2312 5276 ἀντιλέγοι,
2358 5206 2488 5259 εἰπὲ
2518 5201 2590 5270 τῇ
2653 5199 3018 5268 Ἐκκλησία·
3069 5202 3123 5258 εί
3176 5200 3246 5256 δὲ
3288 5202 3387 5257 καί
3443 5203 3553 5271 τῆς

1995 5294 2351 5362 Ἐκκλησίας
2393 5291 2865 5360 παρακούσειεν,
2916 5288 3073 5346 ἔστω
3103 5304 3200 5344 σοι
3230 5290 3307 5352 ὡς
3333 5292 3365 5343 ό
3390 5289 3549 5344 ἐθνι-

2041 5491 2067 5521 “
2092 5491 2277 5542 (ἰδίει-ο
2300 5500 2456 5551 usque
2480 5486 2538 5551 ad
2564 5487 2934 5551 [inemhomjlim
2952 5484 3551 5551 deﬁciuntinpollgcrlinp

1977 5553 2164 5610 codice,
2185 5558 2239 5600 et
2257 5546 2475 5612 sequ'cns
2497 5549 2697 5612 humilia
2749 5548 2918 5612 quinta
2949 5548 3142 5598 omissis
3176 5546 3464 5612 quibusdam
3489 5549 3555 5598 ab

1978 5613 2119 5680 milia
2140 5615 2303 5680 ιίιιεὶε,
2347 5611 2520 5674 incipit
2551 5612 2611 5662 ab
2634 5611 2709 5662 his
2731 5611 2896 5662 verbis
2923 5626 2933 5659 :
2963 5612 3027 5672 μή
3048 5612 3136 5677 γὰρ
3159 5611 3320 5667 ἁπλῶς
3338 5616 3553 5680 ageam

359 5667 573 5727 Γένοιτο
605 5669 706 5742 μὲν
734 5663 828 5723 οὖν
861 5667 1063 5733 πάντας
1100 5669 1241 5740 ὑμᾶς
1270 5668 1604 5743 ἀπενθήτους
1640 5669 1729 5725 τὸν
1757 5671 1869 5742 βίον
1975 5663 2296 5741 τσῖίλεγαθέντιζ
