4036 6206
480 319 555 378 τις
1185 319 1243 377 S..
1285 318 1576 377 JOANNIS
1614 314 2475 374 CIIRYSOSTOBI'ARCHIEP.
2518 318 3078 379 CONS'I‘ANTIN'OP.
3684 317 3756 376 46

479 435 589 501 κὸς
605 434 704 488 καί
733 436 765 489 ό
794 434 1081 501 τελώνης.
1111 436 1174 487 Εἰ
1203 435 1260 488 δὲ
1290 436 1385 489 τὸν
1409 438 1489 498 είς
1516 434 1616 505 ἐμὲ
1660 432 2071 503 ἁμαρτάνοντα,

480 518 700 572 ἐπειδᾶν
732 515 806 587 μὴ
843 517 1103 581 πείθοιτο,
1136 517 1312 581 οὕτως
1355 515 1798 588 ἀποστρέφεσθαι
1823 514 2070 569 κελεύετ’

485 602 568 654 τὸν
605 604 685 663 εἰς
723 601 916 653 ἑαυτὸν
955 601 1371 672 ἁμαρτάνοντα·
1408 601 1504 654 καί¹
1533 603 1616 663 είς
1644 599 1738 652 τὸν
1775 599 1908 652 Θεὸν
1953 597 2072 663 πῶς

479 685 624 756 ἔχειν
655 683 877 754 ὀφείλω,
909 683 1070 754 ὑμεῖς
1107 683 1353 754 κρίνατε*
1386 684 1546 754 ὑμεῖς
1575 683 1684 752 γάρ
1710 681 1868 752 ήμῶν
1899 697 2072 734 κατα-

475 771 772 837 γινώσκετε
811 768 874 822 06
913 767 1176 838 μαλακῶς
1209 780 1236 808 ι
1298 765 1758 838 προσφερομένων
1800 767 1954 836 ἡμῖν.
2010 766 2071 819 Εἰ

473 852 530 904 δέ
560 869 647 916 τις
678 853 1016 924 καταφρονεῖ
1043 850 1152 906 τῶν
1185 850 1408 921 δεσμῶν
1445 849 1556 903 τῶν
1589 851 1718 920 παρ’
1749 847 1929 920 ήμῶν,
1963 849 2070 903 πά-

473 935 562 990 λιν
609 937 775 990 αὑτὸν
819 937 847 989 6
897 934 1136 1007 Χριστὸς
1197 933 1505 987 παιδευέτω
1551 932 1749 1000 λέγων.
1802 931 1955 986 Ὅσα
1994 931 2072 986 ἂν

474 1020 704 1088 δήσητε
746 1019 844 1072 ἐπὶ
878 1017 991 1087 τῆς
1035 1015 1170 1086 γῆς,
1203 1015 1378 1070 ἔσται
1415 1014 1705 1085 δεδεμένα
1743 1015 1813 1069 ἐν
1844 1014 1923 1081 τῷ
1967 1017 2069 1068 οὐ-

467 1100 635 1171 ρανῷ
653 1119 665 1132 ·
698 1101 793 1155 καὶ
819 1101 939 1154 ὅσα
965 1100 1042 1154 ἂν
1061 1101 1298 1167 λύσητε
1333 1098 1431 1152 ἐπὶ
1464 1097 1573 1167 τῆς
1603 1097 1738 1169 τῆς,
1767 1098 1938 1152 ἔσται
1970 1101 2070 1152 λε-

474 1186 709 1257 λυμένα
753 1185 826 1239 ἐν
854 1183 938 1250 τῷ
979 1181 1238 1251 οὐρανῷ.
1277 1183 1340 1236 EE
1383 1183 1494 1252 γὰρ
1536 1183 1632 1235 καὶ
1672 1183 1835 1252 ἡμεῖς
1878 1180 2070 1236 ταλαίο

475 1286 654 1341 πωροι
697 1269 792 1322 καὶ
827 1267 1110 1337 οὑδαμινοὶ
1142 1266 1238 1320 καὶ
1268 1263 1363 1319 τοῦ
1397 1263 1866 1335 καταφρονεῖσθαι
1901 1263 2062 1330 ἄξιοι,

474 1354 664 1426 ῶσπερ
699 1348 793 1407 οῦν
827 1351 924 1406 καὶ
955 1350 1122 1418 ἄξιοι,
1158 1349 1276 1403 ἀλλ’
1309 1350 1410 1421 οὑχ
1445 1349 1675 1412 ἑαυτοὺς
1715 1347 2064 1418 ἐκδικοῦμεν,

472 1439 593 1492 οὖδέ
621 1439 792 1510 ὀργὴν
824 1435 1170 1507 ἀμυνόμεθα,
1205 1431 1339 1487 ἀλλά
1359 1432 1458 1502 τῆς
1484 1432 1758 1504 ὑμετέρας
1794 1433 2069 1503 σωτηρίας

471 1522 857 1595 φροντίζομεν.
886 1517 1200 1590 Αίδέσθητε,
1227 1516 1558 1589 παρακαλῶ,
1587 1516 1683 1570 καί
1721 1517 2033 1587 ἐντράπητε
2052 1533 2066 1547 ο

471 1607 521 1660 εί
549 1606 658 1676 γὰρ
697 1605 852 1676 φίλον
881 1621 966 1667 τις
998 1601 1154 1676 φέρει
1184 1600 1544 1672 σφοδρότερον
1567 1599 1661 1653 τοῦ
1701 1599 1918 1663 δέοντος
1946 1600 2070 1652 ἐπι-

472 1673 792 1760 φερόμενον,
823 1687 914 1742 τδν
959 1673 1162 1740 σκοπὸν
1208 1683 1500 1751 ἐξετάζων,
1534 1683 1630 1738 καὶ
1658 1685 1742 1737 ὅτι
1784 1681 2066 1747 εὐνοϊκῶς,

469 1774 587 1830 ἀλλ’
625 1774 726 1828 οὑκ
750 1769 1214 1841 ἀλαζονευόμενος
1237 1767 1398 1822 τοῦτο
1421 1769 1568 1821 ποιεῖ
1595 1783 1614 1799 ο
1645 1764 1827 1835 πολλῷ
1867 1764 2068 1836 μᾶλλον

469 1857 793 1912 διδάσκαλον
824 1853 1255 1924 ἐπιπλήττοντα,
1274 1852 1371 1904 καὶ
1402 1848 1731 1904 διδάσκαλον
1752 1848 1878 1901 οὑδέ
1902 1847 2068 1902 αὑτὸν

471 1941 531 2006 ἐξ
561 1939 846 2001 αὑθεντίας
869 1936 1044 1990 ταῦτα
1074 1934 1327 2003 λέγοντα,
1359 1933 1485 1986 οὑδέ
1511 1933 1588 1997 ὡς
1605 1933 1664 1986 ἐν
1685 1931 1842 1996 τάξει
1867 1932 2067 2002 ἄρχον-

468 2039 583 2084 τος,
606 2019 722 2074 ἀλλ’
739 2019 816 2083 ώς
837 2021 896 2072 ἐν
923 2017 1079 2084 τάξει
1101 2017 1420 2088 κηδεμόνος.
1449 2015 1524 2068 O6
1548 2014 1658 2084 γάρ
1678 2014 1932 2080 ἐξουσίαν
1953 2015 2069 2068 ἐπι-

468 2103 747 2169 δείξασθαι
785 2101 1134 2172 βουλόμενοι,
1178 2100 1355 2152 ταῦτα
1396 2098 1661 2168 λέγομεν·
1701 2096 1828 2160 Πῶς
1869 2096 1978 2170 γάρ
2016 2099 2066 2150 οἱ

473 2187 610 2258 μηδέ
642 2187 722 2250 είς
749 2188 948 2256 πεῖραν
980 2181 1160 2237 αὑτῶν
1197 2182 1378 2236 ἐλθεῖν
1409 2182 1731 2252 εὑχόμενοι;
1771 2179 1888 2234 ἀλλ’
1923 2181 2066 2251 ὑπὲρ

470 2270 628 2344 ὑμῶν
664 2270 961 2340 ἀλγοῦντες
1002 2267 1099 2320 καὶ
1126 2267 1478 2338 κοπτόμενοι.
1517 2264 1805 2334 Σύγγνωτε
1845 2264 1932 2335 δὴ,
1971 2265 2066 2316 καὶ

473 2356 664 2427 μηδεὶς
689 2351 1106 2423 καταφρονείτω
1135 2348 1244 2402 τῶν
1277 2348 1494 2419 δεσμῶν
1529 2347 1641 2401 τῶν
1675 2346 2065 2427 ἐκκλησιαστι-

469 2426 582 2492 κῶν
605 2453 621 2468 ·
650 2437 712 2490 06
742 2435 850 2504 γὰρ
882 2431 1170 2503 ἄνθρωπός
1205 2433 1355 2486 ἐστιν
1386 2431 1415 2482 6
1452 2427 1689 2498 δεσμῶν,
1727 2426 1842 2480 ἀλλ’
1871 2428 1900 2479 6
1925 2427 2062 2497 Χρι-

471 2521 593 2584 στὸς
615 2521 644 2572 6
663 2520 761 2589 τὴν
787 2513 1035 2581 ἐξουσίαν
1055 2511 1261 2582 ταύτην
1277 2513 1408 2582 ἡμῖν
1427 2509 1698 2574 δεδωκὼς,
1717 2509 1812 2562 καὶ
1833 2509 2065 2579 κυρίους

469 2603 643 2658 ποιῶν
673 2599 996 2672 ἀνθρώπους
1040 2597 1141 2664 τῆς
1179 2595 1451 2665 τοσαύτης
1488 2595 1679 2664 τιμῆς.
1729 2592 1924 2662 Ἡμεῖς
1961 2591 2062 2661 μὲν

467 2687 579 2758 γάρ
604 2687 684 2749 είς
718 2684 780 2738 τὸ
803 2681 969 2736 ’λύειν
1001 2679 1307 2750 βουλόμεθα
1329 2676 1779 2747 κατακεχρῆσθαι
1812 2677 1877 2746 τῇ
1911 2675 2062 2758 ἐξου-

472 2771 599 2842 σίᾳ·
651 2768 854 2840 μᾶλλον
893 2765 949 2818 δὲ
999 2763 1124 2818 οὑδὲ
1168 2763 1383 2824 τούτου,
1434 2761 1682 2842 ἀνάγκην
1735 2759 1880 2842 ἔχειν
1935 2757 2058 2842 βουτ

467 2839 672 2924 λόμεθα
694 2869 708 2882 ·
735 2849 928 2904 οὑδένα
957 2847 1066 2919 γὰρ
1096 2845 1401 2917 βουλόμεθα
1422 2841 1563 2897 εἶναι
1596 2840 1883 2913 δεσμώτην
1926 2839 2059 2911 παρ’

468 2923 600 3011 ἡμῖν
631 2953 645 2966 ·
677 2936 777 3005 οὑχ
805 2933 980 2995 οὕτως
997 2931 1163 3001 ἐσμὲν
1179 2928 1352 2987 ἄθλιοι
1379 2930 1473 2982 καὶ
1489 2925 1851 2996 ταλαίπωροι,
1884 2925 1932 2976 εί
1960 2923 2056 2978 καὶ

470 3007 677 3093 σφόδρα
706 3017 989 3089 οὑδαμινοί
1017 3015 1163 3080 τινές
1196 3016 1384 3084 ἐσμεν.
1446 3013 1508 3064 EE
1551 3011 1608 3066 δὲ
1645 3007 2050 3093 ἀναγκασθείης

471 3090 591 3176 μεν,
612 3090 892 3173 σύγγνωτε
915 3119 927 3131 ·
953 3101 1016 3154 06
1039 3098 1147 3170 γὰρ
1175 3098 1396 3160 ἑκόντες
1416 3095 1536 3151 οὐδὲ
1557 3090 1894 3176 βουλόμενοι,
1916 3091 2053 3176 ἀλλά

471 3173 674 3260 μᾶλλον
718 3189 746 3240 6
756 3185 875 3258 μῶν
903 3184 1012 3237 τῶν
1061 3181 1362 3253 δεδεμένων
1392 3177 1711 3260 ἀλγοῦντες,
1761 3178 1831 3229 τά
1881 3173 2059 3260 δεσμά

469 3257 894 3344 περιϐάλλομειι.
927 3265 1061 3320 Είδέ
1077 3283 1162 3330 τις
1178 3262 1550 3336 καταφρονοίη
1575 3259 1802 3326 τούτων,
1835 3257 2060 3329 ἐπιστή-

531 3426 559 3454 ⁸
586 3425 763 3486 Regg.,
798 3419 1033 3486 Comme}.
1071 3422 1125 3466 et
1146 3429 1300 3486 mqg'g.
1327 3415 1504 3486 Savil.2
1524 3415 1676 3486 ἡμῶν.
1695 3414 1749 3462 o6
1769 3430 1891 3486 Δκαι-τ.
1928 3413 2058 3486 οὕτω

471 3477 858 3542 μαλακῶῖοιιιε
907 3479 1150 3542 scriptura
1209 3480 1448 3528 υυιιωιιιιι
1489 3477 1682 3526 induxit
1733 3481 1787 3524 ιιι
1836 3478 2057 3538 legeret,

468 3548 602 3611 ὑμεῖς
629 3546 682 3596 δὲ
707 3541 845 3606 ἡμῶν
865 3559 973 3592 κατ.
1001 3541 1129 3590 οὕτω
1163 3555 1214 3602 μ.

486 3752 503 3759 ο
514 3755 528 3758 _
542 3755 570 3758 __
579 3743 986 3760 ..ψέλια-...σα-
997 3740 1310 3749 σο--η-ο--αη

2175 449 2328 488 σεται
2353 437 2381 487 6
2411 435 2509 505 τῆς
2535 435 2773 504 κρίσεως
2804 436 2995 508 καιρὸς
3029 439 3060 491 ἁ
3088 435 3358 491 διδάσκων
3382 432 3569 488 αὑτόν.
3601 431 3676 487 Τδ
3704 431 3765 487 δὲ

2173 515 2358 569 λοιπὸν
2408 517 2470 568 06
2521 515 2784 588 βούλομαι
2809 521 3005 583 εἰπεῖν,
3048 519 3137 572 ἵνα
3182 519 3258 589 μὴ
3289 516 3477 588 πλήξω
3510 517 3612 588 τὴν
3647 516 3766 572 διά-

2172 616 2324 654 νοιαν
2341 598 2457 671 [50]
2487 600 2660 671 ὑμῶν.
2711 601 2904 671 ⁹Ημεῖς
2945 603 3047 672 μὲν
3087 603 3204 674 ιγάρ
3231 600 3453 673 πρῶτον
3481 599 3584 669 μέν
3608 601 3767 671 εὐχό-

2176 683 2318 755 μεθα
2345 686 2426 748 είς
2440 684 2689 755 ἀνάγκην
2708 683 2783 755 μὴ
2800 685 2976 738 ἐλθεῖν
2997 701 3012 716 ⁸
3045 688 3094 739 εἰ
3121 687 3177 739 δέ
3192 684 3538 754 ἐλθοιμεν,τὸ
3553 686 3767 739 ἑαυτῶν

2173 766 2512 839 πληροῦμεν,
2549 768 2951 840 περιϐάλλομεν
2983 768 3052 822 τά
3080 769 3276 840 δεσμά.
3307 768 3371 822 Εἰ
3407 767 3465 821 δέ
3494 785 3580 832 τις
3609 768 3763 839 διαρ-

2174 852 2354 923 ρήξειε
2385 851 2581 917 ταῦτα,
2607 851 2718 920 ἐγὼ
2739 852 2800 905 τὸ
2832 851 3074 922 ἐμαυτοῦ
3117 853 3415 924 πεποίηκα,
3454 851 3548 905 καὶ
3593 850 3763 909 ἁνεύοέ

2173 937 2332 1001 θυνός
2362 939 2478 1008 είμι
2509 936 2716 1003 λοιπὸν,
2750 937 2778 988 6
2799 937 2856 989 δὲ
2877 936 3033 1006 λόγος
3067 936 3223 990 ἔσται
3246 954 3328 990 σοι
3359 936 3495 1007 πρὸς
3521 936 3614 989 τὸν
3644 938 3772 1006 ἐμοι

2175 1020 2513 1074 κελεύσαντα
2548 1020 2732 1090 δῆσαι.
2767 1019 2903 1073 Οὑδὲ
2933 1019 3042 1090 γάρ
3077 1022 3147 1083 εί,
3179 1019 3445 1090 βασιλέως
3482 1020 3768 1091 προκαθηο

2175 1103 2362 1174 μένου,
2385 1103 2492 1156 τῶν
2513 1102 2828 1173 δορυφόρων
2845 1102 2955 1157 τῶν
2978 1103 3346 1175 παρεστώτων
3363 1120 3448 1167 τις
3465 1102 3765 1174 ἐκελεύσθη

2171 1185 2331 1255 δῆσαί
2364 1203 2485 1238 τινα
2517 1184 2628 1238 τῶν
2649 1186 2707 1238 ἐν
2731 1187 2796 1256 τῇ
2824 1184 2974 1250 τάξει
3006 1187 3100 1240 καὶ
3124 1186 3194 1239 τά
3221 1184 3397 1256 δεσμά
3427 1183 3766 1256 περιϐαλεῖν,

2172 1271 2382 1332 ἐκεῖνος
2411 1269 2466 1322 δὲ
2489 1269 2552 1322 06
2587 1268 2747 1338 μόνον
2776 1268 3058 1323 ἀπώσαιτο
3094 1269 3306 1335 τοῦτον,
3343 1268 3480 1322 ἀλλά
3508 1268 3601 1322 καὶ
3636 1285 3766 1322 συν·
3844 1278 3850 1283 ’

2170 1351 2380 1422 τρίψειε
2413 1351 2481 1406 τά
2514 1351 2711 1423 δεσμά,
2751 1353 2779 1405 6
2799 1353 3094 1423 δορυφόρος
3124 1354 3273 1407 ἐστὶν
3293 1355 3321 1406 6
3351 1352 3453 1424 τήν
3482 1351 3641 1422 ὕϐριν
3668 1370 3769 1405 πε-

2171 1434 2404 1498 πονθώς,
2451 1434 2568 1488 ἀλλ’
2608 1437 2636 1491 6
2678 1434 2933 1505 βασιλεὺς
2959 1435 3140 1506 πολλῷ
3177 1435 3378 1507 μᾶλλον
3412 1436 3442 1488 6
3475 1433 3762 1499 κελεύσας.

2173 1519 2235 1573 EE
2264 1520 2332 1589 γά
2340 1537 2371 1590 ρ
2385 1520 2454 1573 τά
2481 1521 2560 1584 είς
2582 1520 2707 1584 τοῦς
2739 1521 2966 1586 πτστοὺς
2987 1522 3246 1592 γινόμενα
3263 1520 3428 1584 αὑτὸς
3443 1519 3764 1582 οἰκειοῦται,

2170 1605 2300 1658 ὅταν
2315 1606 2444 1667 τοὺς
2470 1605 2554 1668 ἐίς
2577 1604 2638 1657 τὸ
2655 1604 2927 1660 διδάσκειν
2943 1605 3311 1673 τεταγμένους
3336 1603 3615 1674 ὑϐρίζητε,
3636 1601 3766 1656 πολ-

2173 1687 2251 1759 λῷ
2283 1687 2483 1758 μᾶλλον
2517 1687 2594 1750 ὡς
2625 1687 2791 1752 αὑτὸς
2822 1689 3180 1758 ὑϐριζόμενος
3208 1686 3563 1741 διακείσεται.
3601 1685 3766 1739 Ἀλλά

2175 1772 2252 1843 μὴ
2280 1771 2491 1840 γένοιτό
2520 1787 2641 1824 τινα
2683 1770 2792 1826 τῶν
2847 1771 2942 1824 ἐπὶ
2985 1772 3088 1842 τῆς
3115 1769 3416 1840 ἐκκλησίας
3449 1769 3654 1840 ταύτης
3679 1771 3765 1834 είς

2171 1855 2420 1926 ἀνάγκην
2455 1853 2567 1907 τῶν
2590 1853 2806 1926 δεσμῶν
2833 1853 3040 1908 τούτων
3070 1853 3267 1908 ἐλθεῖν.
3314 1854 3528 1924 Ὥσπερ
3565 1853 3675 1924 γὰρ
3699 1853 3764 1906 τδ

2175 1938 2250 2010 μὴ
2282 1937 2620 2009 ἁμαρτάνειν
2663 1937 2830 1992 καλόν
2855 1954 2870 1971 ⁶
2907 1937 3050 1991 οὕτω
3098 1939 3159 1994 τὸ
3207 1937 3400 2009 φέρειν
3440 1937 3762 2009 ἐπιτίμησιν

2170 2024 2464 2096 Χρήσιμον.
2543 2022 2808 2094 Φέρωμεν
2868 2022 3052 2076 τοίνυν
3108 2021 3207 2093 τὴν
3280 2021 3599 2090 ὲπίπληξινγ
3669 2022 3762 2076 καὶ

2169 2104 2565 2177 σπουδάζωμεν
2598 2105 2662 2158 τὸ
2695 2106 2769 2177 μὴ
2806 2105 3147 2177 ἁμαρτάνειν
3168 2121 3182 2135 ’
3208 2105 3258 2157 εί
3291 2105 3348 2158 δὲ
3388 2105 3758 2176 ἁμάρτοιμεν,

2169 2190 2426 2263 φέρωμεν
2467 2188 2567 2259 τὴν
2612 2188 2950 2260 ἐπιτίμησιν.
3011 2189 3223 2258 Ὥσπερ
3274 2188 3388 2257 γὰρ
3445 2187 3612 2241 καλὸν
3664 2189 3762 2257 μὲν

2166 2276 2227 2326 τὸ
2282 2274 2358 2344 μὴ
2417 2271 2775 2342 πλήττεσθαι,
2832 2274 2882 2324 εί
2934 2272 2990 2324 δέ
3019 2271 3181 2325 τοῦτο
3219 2269 3462 2340 γένοιτο,
3510 2270 3570 2324 τὺ
3621 2271 3763 2341 φάρο

2169 2375 2344 2426 μακον
2386 2357 2705 2427 ἐπιτεθῆναι
2751 2359 2817 2427 τῇ
2871 2356 3054 2427 πληγῇ
3091 2356 3365 2426 χρήσιμον
3399 2371 3415 2387 ·
3469 2353 3616 2409 οὑτω
3663 2357 3760 2408 καὶ

2166 2439 2420 2494 ἐνταῦθα.
2500 2439 2664 2492 Ἀλλά
2696 2437 2770 2509 μὴ
2795 2438 3008 2506 γένοιτό
3035 2456 3156 2492 τινα
3194 2439 3305 2492 τῶν
3338 2437 3600 2492 τοιούτων
3633 2438 3758 2509 δεη-

2165 2523 2326 2594 θῆναι
2385 2523 2729 2594 φαρμάκων·
2778 2523 3160 2593 Πεπείσμεθα
3205 2522 3274 2576 δὲ
3309 2523 3444 2591 περὶ
3481 2521 3649 2592 ὑμῶν
3689 2523 3758 2578 τὰ

2164 2609 2496 2676 κρείττονα,
2523 2606 2623 2660 καὶ
2643 2607 2900 2674 ἐχόμενα
2922 2607 3244 2674 σωτηρίας,
3276 2608 3330 2660 εί
3346 2605 3445 2660 καί
3476 2600 3630 2660 οὕτω
3649 2609 3758 2660 λα-

2162 2690 2412 2759 λοῦμεν.
2465 2689 2834 2760 Σφοδρότερον
2861 2687 2919 2740 δέ
2945 2687 3302 2759 διελέχθημεν
3333 2689 3473 2760 ὑπὲρ
3510 2689 3753 2754 πλείονος

2163 2773 2483 2842 ἀσφαλείας.
2535 2772 2752 2825 Βέλτιον
2780 2771 2893 2842 γάρ
2925 2773 3025 2841 ἐμὲ
3058 2771 3264 2841 θρασύν
3292 2789 3414 2824 τινα
3445 2771 3537 2825 καὶ
3568 2772 3753 2843 ἀπηνῆ

2163 2858 2260 2909 καὶ
2286 2856 2492 2926 αὐθάδη
2526 2854 2932 2908 ὑποπτεύεσθαι
2963 2855 3093 2926 παρ’
3119 2855 3293 2926 ὑμῶν,
3325 2855 3357 2926 ἢ
3389 2855 3532 2925 ὑμᾶς
3565 2856 3634 2909 τά
3675 2858 3756 2928 τῷ

2163 2940 2283 3010 Θεῷ
2313 2940 2388 3010 μὴ
2419 2937 2683 2992 δοκοῦντα
2717 2941 2913 2992 ποιεῖν.
2957 2938 3299 3008 Πιστεύομεν
3324 2937 3380 2990 δὲ
3397 2937 3474 3007 τῷ
3503 2937 3643 3008 Θεῷ,
3672 2938 3755 2992 ὅτι

2162 3024 2262 3076 οὑκ
2309 3023 2569 3094 ἀνόνητος
2617 3023 2747 3092 ύμῖν
2788 3021 2928 3092 αῦτη
2971 3023 3004 3093 ή
3047 3021 3369 3092 ἐπιτίμησις
3422 3021 3598 3089 ἔσται,
3639 3020 3754 3075 ἀλλ’

2161 3105 2304 3162 οὕτω
2338 3104 2842 3176 μεταϐληθήσεσθε,
2895 3105 2971 3168 ώς
3020 3103 3244 3168 τούτους
3285 3107 3413 3167 τοὺς
3442 3105 3633 3173 λόγους
3675 3108 3756 3170 είς

2159 3188 2228 3244 τὰ
2268 3189 2513 3261 ὑμέτερα
2556 3187 2807 3258 ἐγκώμια
2859 3187 3287 3254 ἀναλίσκεσθαι,
3344 3191 3439 3242 καὶ
3494 3191 3571 3252 είς
3627 3191 3756 3254 τοὺς

2161 3273 2441 3336 ἐπαίνους.
2503 3271 2716 3326 Γένοιτο
2754 3271 2812 3324 δὲ
2871 3272 3016 3342 ὑμᾶς
3063 3271 3212 3342 βιοῦν
3259 3271 3405 3326 κατὰ
3454 3271 3517 3325 τὺ
3562 3271 3754 3325 δοκοῦν

2158 3354 2238 3426 τῷ
2291 3353 2432 3426 Θεῷ,
2493 3355 2580 3409 ἵνα
2633 3351 3059 3424 καταξιωθῶμεν
3123 3354 3366 3416 ἅπαντες
3406 3357 3590 3426 τυχεῖν
3644 3355 3754 3409 τῶν

2159 3435 2402 3504 ἀγαθῶν,
2420 3429 2496 3490 ὧν
2517 3436 2886 3508 ἐπηγγείλατο
2907 3439 2936 3490 6
2960 3437 3091 3501 Θεὸς
3114 3440 3227 3501 τοῖς
3254 3438 3544 3507 ἀγαπῶσιν
3565 3438 3750 3500 αὑτὸν,

2160 3521 2217 3572 ἐν
2246 3520 2464 3592 Χριστῷ
2507 3521 2685 3591 Ἰησοῦ
2719 3519 2800 3591 τῷ
2830 3521 3022 3591 Κυρίῳ
3051 3521 3232 3592 ἡμῶν.

2491 3732 3732 3746 Μ--ῆΜ-ψῇ

1914 3882 2157 3936 ΟΜΙΛΙΑ
2194 3881 2272 3938 E’.

471 4073 586 4147 [5|]
621 4073 703 4147 Q6
723 4070 831 4138 γὰρ
857 4071 1056 4147 δήπου
1074 4069 1360 4147 ,ἀγγέλων
1373 4061 1876 4147 ῥιζιλαμόαξνεὶταιι
1895 4061 2058 4147 ἀλλὰ

538 4131 875 4208 ᾰπέριίαὲος
894 4131 1634 4208 ’Ᾰόραίιμ’έπιλαμ6ἁνετὶιι.
1652 4135 1822 4208 ζοθεν
1843 4131 2059 4199 ὤφειλε

539 4201 917 4266 κατὲίπιίνὲα
955 4201 1398 4275 ἑοῖς-’ἀδελφοῖς
1427 4201 1810 4275 ὁμοιωθῆναι.

539 4397 608 4455 α’.
639 4397 751 4468 Τὴν
783 4392 982 4464 πολλὴν
1005 4389 1099 4444 τοῦ
1141 4387 1275 4443 Θεοῦ
1307 4386 1722 4458 φιλανθρωπίαν
1768 4387 1796 4440 6
1845 4385 2058 4450 Παῦλος

467 4483 638 4551 δεῖξαι
674 4480 1019 4553 βουλόμενος,
1052 4475 1149 4530 καὶ¹
1186 4474 1284 4544 τὴν
1310 4473 1534 4543 ἀγάπην
1555 4471 1622 4542 ἢν
1657 4471 1787 4540 περὶ
1814 4470 1875 4524 τὸ
1901 4471 2057 4539 γένος

469 4571 596 4641 ἔσχε
620 4567 682 4621 τὸ
723 4563 1086 4636 ἀνθρώπινον,
1134 4558 1272 4630 μετά
1303 4557 1362 4610 τὸ
1397 4558 1591 4610 εἰπεῖν’
1639 4554 1802 4609 Ἐπεὶ
1830 4553 1944 4608 οὖν
1985 4556 2058 4609 τὰ

470 4638 676 4707 παιδία
700 4646 1136 4711 κεκοινώνηκεν
1151 4642 1405 4711 αἵματος
1431 4639 1531 4693 καί
1557 4639 1804 4706 σαρκὸς,
1828 4638 1925 4693 καὶ
1951 4639 2055 4692 αὐ-

472 4735 572 4801 τὸς
589 4723 1288 4801 παραπλησίως-μετέσχε
1313 4720 1432 4776 τῶν
1463 4720 1683 4785 αὐτῶν,
1702 4719 2057 4792 ἐπεξέρχεται

469 4817 643 4886 τούτῳ
684 4813 761 4885 τῷ
791 4810 998 4884 χωρίῳ,
1029 4807 1121 4861 καί
1151 4821 1351 4878 φησιν’
1392 4807 1473 4860 οὐ
1504 4805 1615 4874 γὰρ
1651 4802 1850 4871 δήπου
1887 4804 2058 4875 ἀγγέ-

470 4906 598 4955 λων
647 4893 1111 4967 ἐπιλαμϐάνεται
1137 4907 1149 4922 ⁸
1189 4890 1265 4962 μὴ
1304 4889 1415 4961 γάρ
1467 4888 1656 4954 ἀπλῶς
1695 4887 1939 4960 πρόσχῃς
1979 4887 2057 4959 τῷ

469 4982 734 5054 λεχθέντι,
761 4981 895 5052 μηδὲ
918 4979 1072 5049 ψιλόν
1097 4993 1151 5030 τι
1182 4976 1418 5046 πρᾶγμα
1440 4972 1602 5028 τοῦτο
1633 4968 1776 5028 εἶναι
1804 4973 2053 5044 νομίσῃς»

470 5069 532 5120 τὸ
551 5065 650 5138 τήν
676 5063 734 5129 ἐξ
766 5063 924 5134 ήμῶν
963 5064 1144 5134 σάρκα
1172 5060 1336 5114 αὑτὸν
1365 5056 1657 5112 ἀναλαϐεῖν
1677 5073 1692 5088 ·
1722 5057 1782 5112 06
1818 5056 1928 5129 γάρ
1957 5058 2056 5126 ἀγ-

472 5150 650 5219 γέλοις
680 5146 840 5200 τοῦτο
879 5145 1205 5216 ἐχαρίσατοο
1238 5143 1319 5196 διὸ
1345 5142 1440 5197 καὶ
1460 5140 1634 5206 οὑτως
1663 5141 1888 5212 εἴρηκεν
1912 5157 1930 5173 ·
1972 5143 2055 5196 οὺ

473 5234 583 5304 γὰρ
600 5229 796 5298 δήπου
815 5227 1088 5297 ἀγγέλων
1107 5225 1590 5297 ἐπιλαμϐάνεται,
1608 5223 1768 5279 ἀλλὰ
1789 5222 2054 5293 σπέρμα..

472 5335 575 5385 τος
610 5311 885 5384 Ἀϐραάμ.
922 5312 988 5364 Τί
1019 5313 1164 5364 ἐστιν
1192 5312 1222 5364 δ
1254 5327 1453 5382 φησιν;
1484 5310 1600 5363 Οὐκ
1626 5306 1862 5376 ἀγγέλου
1893 5306 2056 5377 φύσιν

470 5400 777 5467 ἀνεδέξατο,
828 5397 943 5452 ἀλλ’
991 5395 1303 5467 ἀνθρώπου.
1355 5395 1420 5449 Τί
1458 5393 1515 5447 δέ
1553 5393 1722 5457 ἐστιν,
1778 5392 2058 5461 Ἐπιλιιμ-

474 5483 744 5550 ῖὰνεται;
804 5480 919 5536 Οὑκ
949 5478 1187 5551 ἐκείνης,
1221 5478 1408 5549 φησὶν,
1430 5476 1693 5549 ἐδράξατο
1715 5477 1816 5546 τῆς
1844 5473 2058 5545 φύσεως

474 5567 581 5620 τῶν
613 5567 885 5636 ἀγγέλων,
927 5565 1064 5619 ἀλλά
1106 5562 1205 5632 τῆς
1255 5559 1552 5630 ἡμετέρας.
1625 5558 1724 5613 Διά
1762 5556 1814 5612 τί
1857 5559 1914 5612 δὲ
1958 5558 2058 5612 οὑκ

473 5646 648 5720 εἶπεν,
683 5649 976 5705 ἀνέλαϐεν·
1011 5645 1148 5704 ἀλλά
1188 5642 1362 5716 ταύτῃ
1389 5646 1456 5712 τῇ
1487 5642 1628 5708 λέξει
1670 5642 1941 5715 ἐχρήσατο
1969 5644 2056 5713 τῇ,

2173 4055 2704 4124 Ἐπιλαμϐιίνεται;
2749 4054 2883 4107 Ἀπὸ
2931 4056 3245 4125 μεταφορᾶς
3285 4054 3397 4107 τῶν
3441 4052 3750 4110 διωκόντων

2159 4140 2285 4202 τοὺς
2309 4137 2820 4206 ἀποστρεφομένους
2845 4137 3063 4200 αὐτοὺς,
3092 4138 3187 4190 καὶ
3220 4137 3396 4189 πάντα
3423 4136 3748 4207 ποιούντων,

2160 4221 2300 4274 ὥστε
2332 4219 2660 4273 καταλαϐεῖν
2685 4218 2985 4286 φεύγοντας
3019 4219 3112 4271 καὶ
3139 4217 3494 4271 ἐπιλαϐέσθαι
3526 4220 3749 4293 ἀποπη-

2159 4304 2392 4357 δώντων.
2456 4301 2768 4368 Φεύγουσαν
2795 4301 2904 4372 γὰρ
2923 4301 3018 4353 ἀπ’
3054 4298 3219 4353 αὑτοῦ
3252 4298 3352 4370 τὴν
3393 4299 3748 4372 ἀνθρωπίνην

2161 4386 2344 4456 φύσιν,
2397 4383 2492 4438 καὶ
2530 4385 2720 4456 πόρρω
2751 4384 3061 4454 φεύγουσαν
3093 4379 3298 4454 (Ἦμεν
3328 4382 3436 4450 γὰρ
3459 4384 3565 4438 τοῦ
3595 4386 3746 4438 Θεοῦ

2157 4469 2414 4540 μακρὰν,
2441 4469 2625 4539 φησὶν,
2660 4467 3228 4536 ἀπηλλοτριωμένοι,
3256 4465 3353 4519 καί
3384 4465 3544 4520 ἄθεοι
3576 4466 3747 4535 ὄντες

2158 4554 2229 4608 ἐν
2255 4550 2336 4619 τῷ
2373 4554 2631 4622 κόσμῳ),
2677 4552 2838 4615 αὑτὸς
2881 4549 3223 4616 καταδιώξας
3263 4550 3582 4606 κατέλαϐεν.
3631 4549 3750 4604 Ἐν-

2159 4641 2350 4696 τεῦθεν
2429 4641 2703 4695 δείκνυται
2777 4641 2859 4694 ὅτι
2951 4639 3330 4710 φιλανθρωπία
3411 4638 3548 4711 μόνη
3651 4641 3748 4693 καὶ

2159 4725 2350 4796 ἀγάπη
2398 4725 2495 4779 καὶ
2553 4724 2850 4796 κηδεμονία
2910 4724 3068 4778 τοῦτο
3126 4722 3448 4794 πεποίηκεν.
3534 4723 3746 4794 Ὠσπερ

2159 4805 2252 4862 οὑν
2313 4809 2443 4862 ὅταν
2488 4807 2642 4881 λέγῃ,
2704 4807 2852 4876 Οὐχί
2915 4805 3137 4872 πάντες
3203 4806 3323 4861 εἰσὶ
3369 4807 3748 4877 λειτουργικὰ

2159 4891 2472 4960 πνεύματα
2489 4892 2573 4958 είς
2597 4891 2911 4944 διακονίαν
2931 4891 3432 4958 ἀποστελλόμενα
3459 4888 3558 4942 διὰ
3604 4889 3746 4955 τοὺς

2151 4975 2495 5044 μέλλοντας
2534 4973 2930 5045 κληρονομεῖν
2970 4974 3308 5048 σωτηρίαν;
3353 4972 3415 5026 τὸ
3443 4972 3743 5042 περισπούο

2157 5057 2353 5112 δαστον
2411 5057 2562 5129 αὑτῷ
2608 5057 2710 5128 τῆς
2777 5056 3127 5128 ἀνθρωπίνης
3187 5055 3407 5125 φύσεως
3477 5054 3742 5121 δείκνυσι,

2158 5142 2254 5196 καὶ
2279 5141 2382 5196 γὸτι
2418 5140 2587 5204 πολὺς
2627 5139 2706 5210 τῷ
2735 5140 2857 5210 Θεῷ
2883 5142 2912 5193 6
2945 5139 3104 5208 λόγος
3134 5139 3335 5210 αὑτῆςο
3359 5137 3503 5193 οὕτω
3531 5137 3626 5190 καὶ
3653 5138 3744 5190 ἐν·

2156 5223 2332 5278 ταῦθα
2354 5223 2416 5278 τὸ
2439 5223 2572 5277 πολὺ
2595 5221 2782 5294 μεῖζον
2796 5221 3010 5292 τίθησιν
3041 5221 3152 5276 ἀπὸ
3179 5223 3518 5293 συγκρίσεως
3534 5220 3705 5289 λέγων
3726 5237 3744 5251 ο

2161 5309 2243 5362 Οὐ
2277 5307 2387 5377 γὰρ
2423 5306 2694 5377 ἀγγέλων
2733 5304 3217 5374 ἐπιλαμϐάνεται.
3292 5305 3401 5359 Καὶ
3437 5302 3543 5375 γὰρ
3575 5303 3744 5365 ὅντως

2158 5391 2304 5462 μέγα
2350 5392 2446 5444 καὶ
2478 5389 2792 5460 θαυμαστὸν
2817 5389 2914 5443 καὶ
2948 5388 3264 5460 ἐκπλήξεως
3318 5390 3509 5460 γέμον,
3554 5386 3653 5459 τὴν
3684 5386 3747 5452 ἐξ

2156 5472 2315 5545 ήμῶν
2339 5474 2518 5544 σάρκα
2559 5472 2672 5527 ἄνω
2716 5472 3009 5542 καθῆσθαι,
3048 5473 3140 5526 καὶ
3183 5469 3607 5542 προσκυνεῖσθαι
3651 5467 3744 5523 ὑπ’

2157 5556 2411 5625 ἀγγέλων
2457 5559 2552 5611 καὶ
2577 5557 2934 5628 ἀρχαγγέλων
2969 5557 3066 5610 καὶ
3103 5556 3209 5610 τῶν
3241 5555 3491 5627 Σεραφῖμ
3519 5552 3744 5607 καὶτῶν

2156 5640 2457 5714 Χερουϐίμ.
2534 5639 2709 5696 Τοῦτο
2766 5641 3027 5706 πολλάκις
3085 5643 3164 5707 είς
3210 5641 3334 5697 νοῦν
3375 5639 3488 5709 ἐγὼ
3537 5635 3744 5702 λαϐὼν,
