4088 6212
358 300 433 358 l3

364 424 446 468 ret
481 412 582 484 (α).
612 408 754 467 Fere
785 426 912 482 ergo
942 424 1060 465 nos-
1084 425 1299 480 quoque
1317 420 1372 464 et
1401 425 1495 465 vos
1520 420 1575 465 et
1602 409 1720 465 illas
1743 426 1840 481 per
1861 425 1958 465 vos

365 502 671 568 hortamur,
700 513 757 557 ut
782 517 881 557 nec
908 517 1005 557 vos
1059 501 1175 556 illas
1202 503 1426 574 vocetis,
1460 517 1631 572 neque
1669 502 1774 556 illa:
1805 516 1959 557 acce-

376 601 536 652 dant.
569 597 636 651 Et
667 598 798 652 faxit
828 600 1045 669 quidem
1077 600 1217 654 Deus
1243 609 1301 655 ut
1324 616 1505 657 sermo
1536 601 1735 673 aliquid
1766 602 1963 657 efficiat

374 690 628 759 amplius,
671 698 725 744 et
751 692 963 745 valeant
993 692 1153 746 minae
1184 709 1198 744 :
1230 692 1312 746 sin
1362 702 1564 759 autem,
1616 693 1758 762 quod
1799 692 1961 758 absit,

375 783 707 851 contemptui
741 784 911 839 simus
941 783 1130 848 habiti,
1151 798 1372 839 necesse
1399 785 1658 839 habemus
1671 784 1739 838 de
1764 792 1962 839 caetero

378 876 553 929 minas
582 874 851 930 deducere
873 875 937 928 ad
976 875 1247 941 eli'eetum,
1289 891 1386 930 vos
1410 875 1625 946 quidem
1651 875 1959 930 erudientes

380 967 587 1037 legibus
613 966 1029 1032 ecclesiasticis,
1077 967 1195 1021 illas
1244 974 1421 1020 autem
1454 974 1513 1020 ut
1553 965 1659 1020 illis
1690 964 1950 1020 convenit.

374 1059 432 1114 Si
463 1060 583 1129 quis
606 1068 783 1113 autem
812 1068 1127 1128 arroganter
1152 1066 1205 1112 et
1243 1058 1537 1112 insolenter
1565 1073 1622 1112 se
1649 1072 1841 1127 gerens
1862 1054 1961 1110 dc-

374 1151 559 1219 spicit,
590 1151 772 1205 audiat
818 1149 1090 1206 Christum
1125 1167 1268 1205 nunc
1317 1166 1530 1221 quoque
1560 1150 1823 1205 dicentem
1858 1166 1871 1204 :
1903 1148 1965 1204 Si

377 1242 660 1309 peccaverit
686 1242 736 1293 in
766 1251 812 1294 te
836 1241 993 1311 frater
1020 1250 1155 1307 tuus,
1183 1241 1328 1307 vade,
1354 1258 1513 1311 argue
1538 1258 1649 1295 eum
1684 1242 1815 1294 inter
1839 1251 1886 1293 te
1920 1249 1965 1294 et

375 1331 549 1400 ipsum
572 1331 736 1386 solum
764 1346 785 1385 :
813 1332 860 1385 si
882 1339 1049 1384 autem
1067 1348 1167 1385 non
1198 1340 1390 1402 pareat,
1422 1332 1594 1401 accipe
1614 1339 1777 1384 tecum
1805 1346 1965 1384 unum

379 1435 475 1477 aut
498 1424 621 1477 duos
644 1439 662 1477 :
682 1425 727 1477 si
747 1431 913 1477 autem
938 1422 1089 1477 etiam
1115 1424 1191 1476 sic
1219 1422 1550 1487 contradicat,
1579 1424 1659 1477 dic
1680 1421 1922 1477 Ecclesia:
1947 1436 1966 1475 :

385 1517 435 1569 si
462 1524 623 1569 autem
653 1514 935 1568 Ecclesium
963 1530 1160 1584 quoque
1186 1531 1286 1567 non
1321 1514 1535 1579 audiat,
1589 1514 1652 1568 sit
1708 1514 1800 1568 tibi
1836 1522 1967 1566 tant-

382 1622 543 1675 quam
574 1605 794 1658 ethnicus
823 1613 870 1659 et
897 1604 1200 1675 publicanus
1226 1604 1244 1675 (
1268 1604 1456 1657 Matth.
1488 1604 1574 1659 18.
1606 1605 1671 1658 iii
1699 1634 1728 1646 -
1756 1605 1874 1671 l7),
1906 1603 1962 1658 Si

378 1705 565 1751 autem
593 1712 711 1750 eum
740 1695 829 1765 qni
863 1696 913 1748 in
948 1710 1033 1749 me
1065 1703 1270 1764 peccat,
1298 1710 1418 1749 cum
1442 1711 1546 1749 non
1593 1694 1854 1764 paruerit,
1887 1695 1966 1749 sic

376 1789 531 1858 jubet
557 1786 791 1842 aversari
824 1806 837 1841 :
867 1787 919 1840 in
952 1802 1097 1851 eum,
1119 1786 1208 1857 qni
1236 1787 1287 1840 in
1313 1801 1371 1841 se
1394 1794 1577 1856 peccat
1604 1786 1731 1841 etin
1772 1786 1963 1849 Deum,

382 1877 654 1949 quomodo
680 1893 769 1932 me
794 1892 983 1948 gerere
1018 1876 1243 1932 debeam
1268 1874 1368 1931 vos
1390 1876 1630 1947 judicate
1655 1895 1667 1930 :
1690 1890 1786 1930 vos
1820 1876 1964 1931 enim

384 1985 485 2026 nos
509 1969 904 2034 condemnatis,
950 1968 1041 2039 qui
1072 1984 1177 2023 non
1206 1968 1442 2024 molliter
1470 1978 1524 2024 et
1553 1969 1747 2024 leniter
1789 1967 1968 2024 vobis-

380 2078 505 2118 cum
555 2062 784 2133 agimus.
835 2060 892 2115 Si
936 2061 1055 2131 quis
1097 2069 1277 2115 autem
1330 2061 1629 2116 contemnit
1677 2075 1795 2128 quae
1842 2068 1963 2113 sunt

382 2154 523 2225 apud
550 2169 648 2209 nos
672 2152 907 2215 vincula,
941 2168 1062 2208 eum
1112 2167 1297 2209 rursus
1321 2151 1573 2207 Christus
1603 2149 1854 2216 erudiat,
1888 2150 1969 2203 di~

380 2256 514 2301 ‘cens
546 2262 561 2297 :
598 2244 941 2314 Quacumque
966 2243 1245 2313 ligaveritis
1278 2259 1434 2313 supra
1460 2251 1667 2307 terram,
1707 2251 1850 2295 erunt
1901 2241 1967 2293 li-

381 2346 505 2409 gata
526 2346 572 2391 ct
598 2338 653 2389 in
682 2336 807 2390 calo
836 2350 855 2389 :
883 2344 927 2389 et
952 2350 1282 2406 quiscumque
1300 2333 1551 2388 solveritis
1578 2349 1734 2402 supra
1757 2342 1967 2396 terram,

380 2437 537 2483 erant
564 2429 733 2483 soluta
750 2437 794 2482 et
817 2428 872 2480 in
904 2426 1029 2480 cwlo
1054 2425 1271 2493 (Matth.
1304 2425 1392 2480 16.
1433 2423 1545 2493 l9).
1580 2422 1711 2479 Nam
1758 2423 1968 2479 etiamsi

384 2534 497 2573 nos
519 2519 689 2572 simus
719 2518 890 2572 miseri
916 2526 973 2572 et
996 2516 1174 2585 nihili,
1198 2524 1253 2570 et
1294 2516 1439 2585 digni
1470 2516 1560 2586 qui
1590 2515 1967 2585 desliiciamur,

390 2613 541 2667 sicut
566 2625 746 2665 revera
774 2609 907 2680 digni
938 2625 1148 2675 sumus,
1170 2624 1275 2663 non
1302 2618 1480 2664 tamen
1508 2622 1605 2662 nos
1633 2606 1966 2674 ulciscimur,

385 2717 571 2773 neque
605 2702 738 2756 iram
760 2702 1061 2768 referimus,
1091 2700 1184 2754 sed
1207 2699 1393 2754 salutis
1425 2709 1620 2754 vestra:
1658 2714 1838 2753 curam
1875 2715 1969 2769 ge-

380 2795 573 2850 rimus.
628 2792 959 2854 Erubescite,
1008 2808 1211 2862 quaeso,
1253 2800 1306 2847 et
1332 2791 1538 2861 pudore
1586 2791 1971 2846 suffundimini.

381 2884 520 2941 Nam
544 2886 587 2937 si
611 2884 727 2952 quis
753 2882 853 2937 fert
874 2884 1100 2937 amicum
1130 2884 1217 2952 qui
1245 2881 1624 2937 vehementius
1664 2896 1823 2949 quam
1875 2896 1973 2950 par

384 2977 462 3031 sit
492 2975 776 3039 invehitur,
817 2974 1133 3029 examinans
1159 2974 1276 3042 ejus
1303 2987 1527 3042 scepum
1559 2982 1612 3027 et
1643 2971 1968 3038 institutum,

382 3076 443 3124 et
467 3066 604 3137 quod
628 3067 727 3121 hoc
757 3067 939 3120 animo
962 3065 1091 3120 facit
1114 3066 1399 3130 benevolo,
1429 3079 1537 3120 non
1584 3080 1681 3135 per
1710 3079 1972 3133 arrogan-

385 3159 516 3211 tiam
547 3174 563 3209 :
594 3157 764 3211 multo
792 3157 962 3226 magis
993 3155 1136 3211 ferre
1181 3155 1392 3210 debetis
1422 3154 1739 3224 magistrum
1794 3153 1969 3208 incre-

386 3258 630 3319 pantem,
657 3258 710 3303 et
738 3250 1048 3318 magistrum
1075 3248 1164 3318 qui
1192 3263 1292 3303 nec
1316 3248 1435 3318 ipse
1483 3247 1598 3302 hinc
1621 3246 1751 3300 dicit
1790 3261 1854 3301 ex
1886 3260 1971 3300 au-

382 3340 656 3403 ctoritate,
675 3355 849 3409 neque
876 3341 1042 3393 instar
1067 3339 1344 3409 principis,
1365 3338 1460 3393 sed
1497 3338 1668 3394 instar
1686 3336 1968 3392 curatoris.

382 3429 569 3500 Neque
598 3429 742 3485 enim
774 3430 887 3485 haec
912 3430 1141 3484 dicimus
1164 3430 1405 3485 volentes
1428 3436 1701 3484 ostentare
1736 3434 1969 3496 potesta-

387 3533 499 3580 tem
523 3545 537 3578 :
566 3522 846 3594 Quomodo
871 3523 1038 3588 enim,
1083 3521 1172 3591 qui
1202 3529 1448 3591 optamus
1479 3528 1539 3574 ut
1568 3534 1667 3574 nec
1692 3519 1758 3573 ad
1788 3534 1976 3574 eorum

388 3616 615 3673 veniatis
690 3613 1125 3686 experientiam?
1175 3612 1271 3667 sed
1315 3611 1385 3667 de
1436 3612 1592 3666 vobis
1641 3611 1888 3667 dolentes
1924 3619 1978 3665 et

387 3708 727 3780 plangentes.
783 3705 1084 3775 Ignoscite,
1126 3712 1181 3759 et
1212 3718 1372 3759 nemo
1403 3704 1612 3757 vincula
1668 3711 1979 3757 contemnat

384 3798 752 3856 ecclesiastica
786 3812 801 3851 :
825 3811 932 3850 non
960 3804 1043 3850 est
1067 3795 1210 3850 enim
1234 3794 1395 3849 homo
1413 3792 1501 3864 qui
1521 3792 1675 3863 ligat.
1693 3792 1785 3847 sed
1816 3790 1976 3846 Chri-

387 3898 532 3955 stus,
559 3889 646 3959 qui
667 3887 822 3942 nobis
850 3887 998 3942 dedit
1025 3886 1165 3941 hanc
1195 3885 1390 3956 ligandi
1420 3892 1762 3955 potestatem,
1781 3893 1832 3937 et
1861 3882 1979 3937 eiii-

386 3981 546 4035 eicns
575 3988 633 4033 ut
660 3978 907 4033 homines
940 3978 1011 4032 in'
1042 3992 1136 4031 sua
1186 3985 1451 4046 potestate
1499 3975 1732 4029 habeant
1772 3982 1975 4028 tantum

390 4075 678 4129 honorem.
701 4071 835 4126 Nam
866 4086 964 4125 nos
986 4069 1202 4141 quidem
1234 4070 1314 4123 uti
1342 4069 1590 4123 volumus
1617 4077 1881 4138 potestate
1909 4065 1975 4121 ad

498 4274 571 4333 (at)
606 4270 713 4321 Huc
730 4268 905 4317 desinit
930 4264 1135 4315 Humilia
1158 4270 1325 4326 quarta
1347 4262 1393 4309 in
1412 4260 1692 4311 Colbertino
1714 4259 1905 4311 Codice.

1253 294 1322 353 IN
1359 291 1575 350 EPIST.
1620 291 1708 346 Ᾱυ
1747 285 2112 346 illiilli/EOS.
2151 283 2306 339 CAP.
2366 281 2431 338 il.
2477 279 2707 336 IIOMIL.
2748 277 2815 332 Ἴ.
3580 279 3661 335 ιδ

2070 391 2383 446 solvendum
2415 407 2428 443 :
2462 388 2571 443 imo
2601 402 2726 442 vero
2753 384 3012 443 vellemus
3041 398 3108 439 ne
3138 382 3239 438 hoc
3256 382 3473 453 quidem
3499 383 3655 438 nobis

2070 498 2193 540 esse
2236 496 2456 537 necesse
2489 497 2503 534 :
2543 478 2745 532 nullum
2771 477 2916 532 enim
2946 474 3191 529 volumus
3214 487 3333 528 esse
3363 472 3502 543 apud
3551 488 3656 527 nos

2070 577 2343 639 vinctum;
2371 587 2475 629 non
2500 570 2636 626 adeo
2674 583 2859 624 sumus
2882 568 3121 623 infelices
3148 575 3204 621 et
3222 565 3425 629 miseri,
3443 564 3655 620 etiamsi

2067 672 2235 728 simus
2264 670 2416 740 plane
2440 667 2613 721 nihili.
2637 664 2742 721 Sed
2762 664 2805 719 si
2837 677 3060 717 necesse
3086 660 3461 724 habuerimus,
3498 658 3656 729 igno-

2066 765 2244 819 scite:
2276 778 2381 816 non
2420 760 2566 815 enim
2602 757 2846 812 lnbentes
2891 770 2992 810 nec
3042 754 3309 816 volentes,
3339 750 3434 808 sed
3483 751 3655 820 magis

2067 871 2227 927 quam
2259 868 2358 909 vos
2388 852 2549 907 vincti
2572 850 2837 911 dolentes,
2872 845 3082 900 vincula
3117 844 3410 913 injicimus.
3446 842 3499 897 Si
3528 840 3655 910 quis

2065 958 2247 1004 autem
2280 962 2342 1002 ea
2373 950 2725 1004 contemnat,
2756 938 3006 993 adveniet
3060 945 3271 1004 tempus
3296 933 3489 1003 judiciiv
3510 932 3654 1002 quod

2068 1046 2242 1114 ipsum
2268 1040 2477 1094 doceat.
2507 1034 2658 1101 Quod
2686 1040 2851 1088 restat
2902 1031 3028 1084 nolo
3067 1028 3272 1091 dicere,
3303 1041 3370 1080 ne
3417 1036 3652 1079 vestram

2066 1143 2299 1191 mentem
2334 1130 2541 1185 feriam.
2568 1127 2702 1182 Nam
2730 1139 2828 1179 nos
2855 1123 3073 1193 quidem
3103 1120 3334 1190 primum
3366 1132 3651 1187 precamur

2067 1238 2126 1284 ut.
2174 1241 2279 1282 non
2325 1237 2550 1279 necesse
2596 1219 2939 1275 habeamus:
2973 1214 3066 1270 sed
3114 1214 3157 1269 si
3211 1226 3436 1266 necesse
3467 1210 3650 1273 fuerit,

2064 1329 2310 1375 nostrum
2330 1311 2849 1381 munusimplemns,
2882 1306 3104 1361 vincula
3124 1303 3415 1374 injicimus.
3448 1301 3514 1357 Si-
3533 1302 3653 1371 quis

2062 1422 2244 1466 autem
2275 1422 2339 1464 ea
2384 1404 2725 1478 perfregerit,
2757 1416 2858 1471 ego
2912 1398 3055 1469 quod
3086 1412 3268 1453 meum
3296 1404 3378 1451 est
3426 1394 3565 1460 feci,
3601 1403 3656 1447 et

2064 1518 2185 1557 sum
2214 1500 2283 1556 de
2310 1508 2510 1554 cancro
2549 1495 2680 1550 nulli
2708 1493 2884 1561 culpa:
2913 1490 3094 1545 affinis
3120 1508 3135 1544 :
3159 1488 3225 1543 de
3248 1502 3315 1541 eo
3344 1495 3521 1541 autem
3550 1484 3655 1539 erit

2067 1593 2161 1648 tibi
2192 1588 2601 1661 disceptandum
2624 1602 2743 1641 cum
2768 1600 2835 1640 eo
2859 1585 2947 1655 qui
2973 1598 3061 1638 me
3075 1582 3236 1653 jussit
3255 1581 3439 1651 ligare.
3470 1577 3655 1645 Neque

2068 1680 2210 1733 enim
2244 1678 2289 1732 si
2322 1693 2445 1746 rege
2490 1675 2815 1746 pratsidcnte
2836 1717 2851 1741 ,
2884 1690 2947 1729 ex
2982 1672 3285 1728 astantibus
3328 1666 3652 1724 satellitibus

2062 1766 2246 1840 jussus
2276 1770 2344 1823 sit
2369 1768 2632 1838 quispiam
2653 1767 2858 1821 vincire
2883 1765 3115 1836 aliquem
3146 1779 3213 1818 ex
3242 1763 3488 1823 cohorte,
3522 1767 3578 1812 et
3601 1757 3651 1811 ei

2069 1861 2281 1915 vincula
2307 1860 2545 1928 injicere,
2572 1858 2662 1912 ille
2692 1866 2869 1911 autem
2894 1871 3000 1910 non
3020 1855 3194 1909 solum
3218 1867 3343 1907 eum
3370 1847 3653 1918 rettulerit.

2069 1950 2165 2007 sed
2193 1952 2352 2005 etiam
2380 1938 2588 2003 vincula
2618 1947 2955 2011 contriverit,
2984 1954 3066 2000 est
3086 1944 3301 1999 satelles
3325 1941 3412 2010 qui
3434 1939 3657 1994 allectus

2071 2053 2155 2098 cst
2198 2040 2545 2103 contumelia,
2576 2037 2673 2093 sed
2703 2038 2871 2091 multo
2919 2036 3089 2105 magis
3120 2048 3213 2087 rex
3244 2032 3332 2100 qui
3379 2029 3556 2100 jussit.
3600 2027 3658 2081 Si

2073 2137 2220 2193 enim
2248 2151 2369 2205 qua:
2396 2133 2529 2187 fiunt
2555 2133 2607 2186 in
2655 2130 2861 2196 fideles,
2916 2130 3030 2198 ipse
3082 2127 3184 2180 sibi
3234 2124 3369 2179 facta
3397 2128 3654 2191 reputat:

2078 2227 2294 2298 quando
2340 2222 2665 2281 contumelia
2695 2220 2913 2275 aflicitis
2954 2234 3070 2283 eos,
3120 2217 3316 2286 quibus
3349 2211 3657 2281 impositum

2076 2319 2179 2374 fttit
2206 2332 2398 2374 munus
2427 2312 2676 2376 ducendi,
2702 2311 2873 2365 multo
2900 2309 3068 2377 magis
3098 2305 3363 2361 afﬁcietur
3392 2314 3659 2372 tamquam

2084 2413 2197 2482 ipse
2226 2406 2602 2464 contumeliam
2624 2402 2913 2472 acceperit.
2944 2399 3049 2455 Sed
3079 2398 3221 2452 absit
3247 2439 3262 2464 ,
3298 2406 3354 2450 ut
3392 2394 3660 2463 quispiam

2078 2520 2145 2558 ex
2188 2501 2253 2556 iis
2275 2499 2366 2567 qui
2394 2506 2519 2552 sunt
2540 2496 2593 2550 in
2621 2495 2721 2548 hac
2750 2491 2997 2553 ecclesia,
3027 2489 3094 2543 ad
3123 2489 3258 2541 hanc
3277 2487 3453 2540 veniat
3476 2498 3663 2539 neces-

2079 2597 2293 2651 sitatem
2328 2587 2649 2658 suscipiendi
2682 2583 2913 2639 vincula.
2960 2581 3092 2636 Nam
3124 2588 3179 2632 ut
3205 2579 3402 2633 bonum
3432 2585 3515 2631 est
3552 2590 3662 2630 non

2079 2700 2318 2758 peccare,
2346 2683 2417 2737 ita
2442 2690 2524 2736 est
2552 2678 2680 2733 utile
2710 2675 2849 2731 ferre
2875 2670 3370 2742 reprehensionem.
3401 2667 3662 2721 Feramus

2082 2755 2210 2849 ergo
2234 2773 2648 2842 increpationem
2668 2810 2683 2833 ,
2713 2777 2766 2822 et
2793 2763 3107 2821 Studeamus
3136 2776 3241 2815 non
3273 2772 3526 2828 peccare;
3557 2755 3653 2812 sed

2076 2870 2119 2923 si
2153 2847 2570 2937 peccaverimns,
2588 2859 2821 2913 feramus
2833 2848 3484 2923 reprehensionem.Sicut
3509 2847 3651 2902 enim

2084 2962 2281 3015 bonum
2313 2954 2527 3025 quidem
2558 2960 2640 3006 est
2668 2964 2774 3004 non
2817 2946 2962 3002 feriri
2988 2961 3003 3008 ;
3036 2942 3131 2997 sed
3160 2942 3203 2995 si
3235 2940 3341 2995 hoc
3386 2938 3661 3003 acciderit,

2079 3047 2458 3122 imponendum
2485 3046 2652 3114 plagae
2678 3040 3126 3095 medicamentum
3149 3052 3161 3087 :
3183 3033 3253 3088 ita
3284 3042 3338 3087 et
3359 3031 3446 3085 hic
3472 3029 3667 3085 facien-

2078 3120 2226 3199 dum.
2264 3139 2458 3195 V’crum
2488 3134 2648 3197 absit,
2682 3140 2741 3184 ut
2788 3130 2907 3199 quis
2940 3126 3134 3180 talibus
3166 3138 3302 3193 opus
3334 3120 3526 3175 habeat
3554 3135 3668 3175 me-

2078 3229 2397 3291 die-mentis
2420 3246 2432 3280 :
2458 3222 2773 3293 Conﬁdimus
2796 3217 2939 3273 enim
2964 3216 3024 3269 de
3052 3214 3187 3268 vobis
3215 3212 3450 3275 meliora,
3474 3218 3520 3263 ct
3542 3227 3668 3265 con-

2080 3334 2320 3380 sentanea
2364 3316 2561 3378 saluti,
2604 3309 2805 3367 etiamsi
2847 3308 2919 3362 sic
2965 3306 3221 3374 loquimur
3270 3300 3458 3373 (Hebr.
3502 3299 3554 3354 li.
3587 3299 3667 3371 9).

2082 3415 2275 3473 Acrius
2292 3420 2470 3465 autem
2499 3415 2555 3461 et
2581 3399 2961 3459 vehementius
2988 3410 3174 3451 sumus
3200 3392 3409 3462 loquuti
3436 3406 3531 3460 pro
3558 3407 3671 3444 ma-

2080 3507 2185 3577 jori
2217 3503 2482 3561 cautione.
2509 3497 2696 3553 Melius
2724 3501 2807 3547 est
2831 3492 2975 3547 enim
3000 3496 3059 3543 ut
3085 3500 3183 3541 vos
3208 3499 3295 3540 me
3320 3482 3671 3553 suSpicemini

2084 3574 2362 3658 audacem,
2389 3605 2589 3647 saevum
2612 3596 2670 3645 et
2685 3593 3044 3657 arrogantem,
3072 3597 3232 3652 quam
3275 3590 3333 3635 ut
3361 3593 3458 3633 vos
3496 3574 3665 3629 facia-

2082 3687 2156 3742 tis
2191 3697 2256 3739 ea
2277 3697 2398 3754 quas
2427 3680 2536 3735 Deo
2566 3693 2669 3732 non
2701 3677 2929 3746 placent.
2964 3674 3072 3727 Deo
3105 3680 3284 3725 autem
3311 3666 3659 3732 confidimus,

2086 3779 2223 3833 hanc
2265 3772 2740 3845 reprehensionem
2783 3782 2887 3823 non
2934 3765 3161 3819 futuram
3209 3761 3362 3816 vobis
3387 3759 3656 3823 inutilem,

2085 3871 2178 3925 sed
2205 3883 2301 3922 vos
2341 3868 2410 3920 ita
2440 3862 2741 3920 mutandos.
2763 3868 2819 3913 ut
2861 3858 2911 3910 hi
2942 3869 3217 3909 sermones
3243 3853 3295 3906 in
3319 3852 3514 3905 vestris
3535 3864 3665 3902 cou-

2079 3959 2359 4008 sumantur
2391 3947 2653 4004 eneomiis
2696 3953 2750 3998 et
2802 3940 3065 3997 laudibus.
3108 3938 3322 3993 Utinam
3376 3947 3663 3989 autemse-

2075 4042 2309 4099 cundum
2336 4039 2435 4094 Dei
2484 4035 2737 4107 placitum
2782 4032 3048 4095 vivamus,
3082 4037 3141 4082 ut
3187 4042 3376 4082 omnes
3403 4026 3541 4080 bona
3570 4026 3659 4079 illa

2073 4145 2491 4204 consequamur,
2522 4143 2639 4198 qua!
2662 4123 2906 4195 promisit
2935 4123 3078 4177 Deus
3119 4118 3468 4191 diligentibus
3493 4131 3580 4185 se,
3608 4118 3661 4172 in

2078 4224 2292 4282 Christo
2318 4221 2444 4277 Jesu
2476 4216 2698 4273 Domino
2742 4220 2947 4269 nostro.

2384 4388 2693 4397 m

1792 4441 2127 4504 ΗαιιωΑ
2174 4442 2251 4503 ν.

402 4573 535 4629 Cu.
577 4571 632 4625 2.
687 4587 739 4624 γ.
772 4569 861 4627 l6.
901 4569 1171 4640 Nusquam
1209 4569 1343 4623 enim
1382 4564 1590 4637 angelos
1624 4564 1991 4635 apprehendit,

479 4665 569 4719 sed
595 4681 761 4719 semen
788 4662 1007 4716 Abrahae
1030 4659 1381 4731 apprehendit.
1420 4658 1503 4711 l7.
1539 4655 1687 4710 Unde
1711 4654 1877 4709 debuit
1903 4671 1995 4725 per

482 4755 651 4809 omnia
680 4754 924 4825 fratribus
953 4752 1191 4807 similari.

484 4849 533 4903 1.
578 4846 671 4901 Dei
700 4863 819 4915 erga
844 4861 1001 4917 genus
1023 4844 1299 4899 humanum
1324 4850 1515 4912 quanta
1542 4840 1994 4908 muniﬁcentia.—

405 4938 609 4993 Vulens
647 4937 848 4992 Paulus
895 4934 1183 4990 ostendere
1226 4932 1447 4987 multum
1489 4930 1579 4985 Dei
1610 4928 1991 4999 benignitatem

396 5040 457 5086 et
484 5030 762 5085 caritatem
795 5041 952 5097 quam
984 5024 1175 5081 habuit
1216 5023 1268 5077 in
1292 5036 1461 5092 genus
1503 5020 1817 5085 humanum,
1848 5026 1995 5089 post-

396 5137 563 5194 quam
588 5120 747 5185 dixit,
784 5120 917 5187 Quia
937 5135 1058 5189 ergo
1083 5116 1231 5187 pueri
1261 5114 1754 5168 connnunicaverunl
1779 5112 1923 5165 carni
1948 5121 1995 5166 et

394 5215 680 5286 sanguini,
732 5223 780 5267 et
822 5214 930 5282 ipse
971 5211 1205 5265 similiter
1231 5208 1551 5279 participavit
1580 5206 1765 5261 eisdem
1805 5206 1991 5277 (llebr.

390 5306 458 5359 2.
488 5307 598 5375 ιρι),
632 5304 780 5359 hunc
807 5305 982 5358 locum
1010 5302 1244 5373 explicat
1288 5311 1342 5357 et
1371 5300 1731 5369 persequitur,
1763 5298 1949 5355 dicens
1980 5319 1993 5355 :

401 5398 678 5468 Nusquam
715 5398 848 5450 enim
867 5397 1079 5468 angelos
1121 5394 1475 5465 apprehendit.
1508 5393 1585 5449 Ne
1630 5394 1773 5449 enim
1806 5394 1996 5449 leviter

396 5490 649 5544 attendas
676 5490 725 5545 ei
758 5489 899 5560 quod
930 5490 1132 5544 dictum
1183 5497 1284 5551 est,
1319 5502 1495 5556 neque
1532 5500 1645 5540 rem
1676 5486 1848 5541 levem
1874 5500 1995 5541 esse

398 5580 700 5647 existimes,
727 5580 870 5652 quod
898 5581 1015 5650 ipse
1036 5594 1251 5633 carnem
1271 5586 1508 5632 nostram
1529 5577 1829 5647 susceperit
1850 5598 1862 5631 :
1889 5592 1993 5633 non

402 5673 548 5726 enim
581 5673 685 5728 hoc
712 5674 933 5729 donavit
962 5671 1189 5742 angelis.
1218 5669 1340 5725 Ideo
1367 5670 1441 5724 ait
1460 5684 1471 5719 :
1490 5668 1611 5723 Non
1642 5669 1771 5723 enim
1788 5670 1995 5740 angelos

405 5764 757 5833 apprehendit,
787 5765 874 5820 sed
903 5780 1073 5819 setncn
1109 5761 1339 5817 Abiu/ne.
1377 5760 1513 5829 Quid
1545 5760 1794 5838 cst_quod
1832 5760 1995 5817 dicit?

2093 4562 2207 4617 Non
2238 4561 2433 4633 angeli.
2468 4555 3038 4631 inquit,apprehendit
3065 4563 3333 4617 naturam,
3367 4552 3461 4607 sed
3497 4553 3674 4606 homi-

2093 4653 2340 4722 nis.Quid
2360 4660 2445 4709 est
2465 4662 2662 4715 autem,
2688 4649 3031 4719 Apprehendit
3046 4649 3069 4701 ?
3085 4647 3201 4702 Non
3218 4644 3359 4701 enim
3373 4642 3681 4713 apprchen-

2092 4748 2190 4812 dit,
2224 4746 2416 4816 inquit,
2449 4745 2595 4799 illam
2637 4742 2950 4813 angelorum
2983 4749 3247 4800 naturam,
3270 4737 3364 4790 sed
3414 4746 3676 4789 nostram.

2092 4838 2202 4893 Cur
2230 4846 2408 4893 autem
2442 4850 2546 4890 non
2577 4833 2730 4895 dixit,
2771 4830 3038 4897 Suscepit,
3068 4826 3159 4881 sed
3193 4840 3320 4877 usus
3350 4834 3435 4878 est
3462 4825 3561 4878 hac
3591 4825 3677 4878 di-

2093 4928 2292 4992 ctione,
2330 4924 2714 4999 Apprehendit?
2736 4924 2778 4975 A
2813 4917 3126 4987 metaphora
3155 4929 3341 4969 eorum
3370 4913 3461 4984 qui
3495 4929 3681 4983 persc-

2095 5029 2331 5090 quuntur
2357 5031 2595 5080 aversos,
2636 5025 2689 5071 et
2714 5012 2892 5068 omnia
2924 5009 3121 5063 faciunt
3151 5016 3207 5061 ut
3234 5006 3499 5075 fugientes
3526 5020 3679 5059 com-

2098 5109 2452 5179 prehendant,
2468 5118 2521 5163 et
2540 5106 2842 5162 resilientes
2858 5098 3282 5171 apprehendant.
3304 5098 3384 5152 Ab
3407 5097 3521 5167 ipso
3535 5098 3680 5150 enim

2098 5201 2386 5272 fugientem
2418 5200 2702 5254 humanam
2758 5203 3003 5251 naturam
3046 5202 3100 5247 et
3150 5192 3333 5263 procul
3391 5191 3681 5260 fugientem

2098 5291 2244 5361 (nam
2294 5292 2514 5345 Ernmus
2559 5306 2591 5341 a
2638 5286 2773 5351 Deo,
2819 5283 2990 5353 inquit
3038 5283 3285 5346 alienati,
3340 5290 3387 5335 et
3426 5281 3534 5334 sine
3570 5276 3682 5331 Deo

2097 5383 2148 5437 in
2195 5382 2381 5436 mundo
2426 5378 2661 5452 (Ep/tes.
2701 5376 2755 5429 2.
2804 5374 2937 5447 12),
2983 5374 3097 5443 ipse
3138 5382 3507 5443 persequutus,
3531 5385 3683 5424 cont-

2098 5474 2399 5545 prehendit.
2456 5468 2702 5526 Ostendit
2770 5483 2892 5524 eum
2952 5466 3003 5521 id
3059 5466 3249 5520 fecisse
3312 5462 3426 5517 sola
3477 5470 3682 5516 motum

2081 5569 2437 5639 benignitate,
2461 5567 2705 5631 caritate,
2753 5573 2808 5620 et
2845 5579 3007 5634 quam
3040 5560 3209 5615 nostri
3238 5561 3377 5632 gerit
3413 5575 3562 5616 cura.
3597 5562 3668 5618 Ut

2081 5676 2229 5731 ergo,
2265 5658 2480 5728 quando
2510 5658 2660 5721 dicit,
2689 5654 2875 5710 Nonne
2899 5669 3071 5709 omnes
3095 5662 3212 5706 sunt
3244 5652 3663 5706 administratorii

2084 5752 2290 5823 spiritus
2316 5750 2366 5803 in
2409 5749 2740 5803 ministerium
2773 5746 2909 5800 missi
2937 5754 3141 5815 propter
3170 5760 3249 5799 eos
3281 5743 3364 5815 qui
3408 5743 3662 5797 heredita-
