4088 6212
451 273 522 334 ιγ
1161 284 1217 340 S.
1260 275 1537 342 JOANNIS
1571 279 2046 339 CIIRYSOSTOIII
2084 281 2400 340 ARClllEl’.
2441 285 2973 344 CONSTANTINOP.
3641 285 3711 343 48

462 393 559 434 tem
589 381 797 452 capiunt
820 377 1001 438 salutis
1033 384 1220 457 (Hebr.
1259 389 1311 443 1.
1341 391 1431 461 14)
1453 390 1478 443 ?
1503 392 1737 448 ostendit
1764 395 1813 450 ei
1837 411 2040 467 magna:

461 489 582 529 esse
610 487 758 528 curre
785 474 1068 530 humanam
1100 487 1364 544 naturam,
1395 490 1451 536 et
1479 482 1644 538 Deum
1673 485 1790 554 ejus
1819 487 2037 541 multam

463 566 662 621 habere
709 568 1012 622 rationem:
1055 569 1122 622 ita
1162 570 1320 624 etiam
1363 571 1449 628 hic
1493 574 1723 630 ostendit
1773 577 1911 646 quod
1958 588 2041 633 est

465 659 632 712 inulto
657 659 830 728 majus
856 673 883 711 a
902 661 1321 728 comparatione.
1357 661 1478 717 Non
1510 665 1665 730 enim,
1693 667 1882 737 inquit,
1927 685 2027 740 ap-

455 750 719 819 prehendit
743 751 973 821 angelos.
1004 751 1100 805 Est
1124 753 1266 807 enim
1292 769 1477 809 revera
1499 771 1770 828 magnum,
1803 760 2036 817 admira-

420 852 424 856 ‘
461 840 567 894 bile
595 848 648 894 et
677 840 890 908 plenum
917 852 1154 911 stupore,
1183 845 1324 911 quod
1353 862 1472 916 quae
1497 857 1580 902 est
1609 864 1674 904 ex
1725 851 1880 905 nobis
1909 867 2036 908 caro

452 931 639 985 sedeat
683 931 821 999 apud
871 947 1117 1001 superos,
1151 944 1206 988 et
1249 935 1503 991 adoretur
1542 939 1610 992 ab
1645 942 1849 1011 angelis
1870 952 1921 996 et
1949 958 2037 997 ar-

448 1021 724 1091 changelis
749 1032 804 1076 ct
823 1023 1101 1093 Seraphim
1125 1033 1181 1078 ct
1208 1025 1518 1083 Cherubim.
1548 1029 1662 1085 lloc
1687 1046 1830 1101 sa‘pe
1856 1043 2034 1089 mente

451 1129 692 1179 versans,
722 1123 912 1184 stupeo
943 1125 995 1169 et
1021 1125 1197 1171 mente
1227 1117 1454 1184 excedo,
1503 1129 1558 1174 et
1602 1136 1790 1192 magna
1823 1126 1890 1179 de
1933 1140 2030 1195 ge-

449 1220 579 1260 nere
612 1203 846 1259 humano
869 1206 1168 1276 imaginor:
1199 1208 1354 1264 video
1385 1211 1527 1264 enim
1578 1228 1764 1284 magna
1807 1223 1861 1270 et
1892 1232 2029 1285 prte-

447 1298 590 1350 ciara
619 1297 860 1365 praemia,
890 1306 944 1352 et
978 1307 1215 1351 nostram
1255 1307 1501 1355 naturam
1535 1303 1644 1358 Deo
1686 1319 1806 1361 esse
1836 1321 2030 1376 magno

445 1386 643 1440 studio.
679 1387 744 1440 Et
797 1403 901 1441 non
931 1387 1066 1442 dixit
1112 1389 1308 1454 solum,
1358 1391 1612 1448 Homines
1638 1397 2027 1466 apprehendit;

444 1479 540 1534 sed
572 1479 755 1533 volens
781 1479 927 1548 ipsos
951 1481 1229 1545 extollere,
1271 1489 1326 1536 et
1359 1485 1644 1541 ostendere
1669 1488 1904 1558 ipsorum
1932 1506 2029 1560 ge-

445 1585 546 1623 nus
566 1583 687 1624 esse
715 1584 962 1640 magnum
994 1579 1048 1624 et
1097 1570 1491 1638 honorandum,
1519 1575 1649 1630 dicit
1679 1594 1692 1630 :
1728 1579 1835 1633 Sed
1857 1597 2027 1637 semen

443 1662 662 1716 Abraha:
705 1663 1058 1730 apprehendit.
1093 1663 1241 1719 Unde
1268 1665 1435 1719 debuit
1467 1685 1556 1734 per
1582 1671 1753 1723 omnia
1782 1673 2027 1739 fratribus

442 1754 677 1807 similari.
707 1753 845 1820 Quid
886 1763 988 1821 est,
1045 1754 1150 1810 Per
1196 1759 1402 1811 omnia?
1439 1757 1582 1827 Fuit,
1636 1762 1823 1832 inquit,
1871 1775 2026 1834 partu

441 1843 638 1908 editus,
663 1854 717 1898 et
742 1847 992 1908 nutritus,
1013 1856 1065 1899 et
1089 1848 1277 1913 crevit,
1307 1858 1360 1902 et
1387 1865 1575 1919 passus
1604 1863 1683 1906 est
1706 1856 1882 1908 omnia
1906 1872 2024 1926 qua:

439 1937 695 2004 oportuit,
722 1945 776 1990 et
799 1936 1011 1990 tandem
1035 1948 1118 1990 est
1143 1947 1386 1994 mortuus
1420 1957 1434 1994 :
1469 1941 1570 1996 hoc
1599 1953 1704 2009 est,
1735 1945 1834 1998 Per
1850 1949 2020 2002 omnia

437 2024 774 2078 assimilatum
795 2041 901 2079 esse
922 2028 1183 2096 fratribus.
1206 2027 1338 2083 Nam
1356 2033 1606 2099 quoniam
1631 2038 1796 2090 multa
1812 2036 2022 2094 dixitde

452 2115 568 2184 ejus
597 2115 875 2182 majestate
903 2125 955 2171 et
971 2130 1199 2186 superna
1220 2118 1409 2189 gloria,
1434 2122 1500 2175 de
1529 2133 1726 2180 cancro
1752 2127 1911 2182 verba
1940 2127 2017 2184 fa.

437 2208 515 2262 cit
543 2207 611 2261 de
661 2207 1082 2278 dispensatione.
1115 2209 1249 2264 Vide
1274 2221 1453 2268 autem
1497 2230 1617 2269 cum
1660 2227 1854 2286 quanta
1886 2235 2014 2289 pru-

435 2298 616 2353 dentia
645 2308 699 2352 et
728 2299 800 2363 vi,
849 2299 1118 2369 quomodo
1160 2302 1330 2371 ipsum
1356 2304 1602 2360 ostendat
1644 2322 1892 2377 magnum
1923 2309 2020 2364 ad-

455 2398 641 2452 hibere
673 2397 908 2452 studium
957 2409 1010 2456 ut
1051 2397 1204 2454 nobis
1245 2400 1601 2455 assimiletur:
1627 2399 1767 2469 quod
1814 2399 2028 2468 quidem

451 2497 570 2544 erat
597 2503 800 2558 magna:
827 2504 970 2543 cura:
997 2498 1051 2544 et
1079 2490 1444 2558 providentite.
1476 2490 1607 2544 Nam
1645 2505 1767 2545 cum
1796 2490 2029 2546 dixisset

454 2580 721 2649 superius,
742 2581 874 2648 Quia
893 2582 1038 2652 pueri
1053 2583 1539 2636 communicaverunt
1555 2584 1698 2637 carni
1708 2593 1754 2637 et
1773 2583 2030 2653 sanguini,

456 2679 504 2723 et
533 2671 642 2740 ipse
665 2672 897 2726 similiter
927 2673 1248 2742 participavit
1276 2672 1502 2738 eisdem;
1525 2673 1612 2728 hic
1637 2689 1848 2744 quoque
1877 2673 2026 2737 dicit,

458 2763 556 2816 Per
587 2765 758 2819 omnia
782 2766 1062 2820 similatum
1090 2783 1198 2820 esse
1225 2766 1486 2837 fratribus,
1537 2767 1924 2836 propemodum
1949 2765 2030 2820 di-

449 2871 580 2911 cens
605 2874 617 2910 :
643 2857 741 2924 Qui
767 2867 848 2913 est
880 2858 1016 2914 adeo
1043 2873 1287 2929 magnus,
1318 2859 1406 2928 qui
1435 2867 1516 2912 est
1537 2857 1789 2927 splendor
1816 2856 2025 2927 gloriae,

449 2948 653 3016 quiest
695 2949 979 3004 character
1018 2950 1352 3013 substantiae,
1393 2949 1481 3017 qui
1532 2947 1654 3003 fecit
1689 2950 1903 3012 smcula,
1937 2950 2026 3017 qui

450 3036 598 3091 sedet
620 3038 686 3092 ad
709 3038 980 3094 dexteram
1015 3041 1209 3105 Patris,
1249 3040 1293 3095 is
1315 3041 1482 3094 voluit
1509 3051 1564 3096 et
1585 3040 1817 3095 studium
1850 3040 2026 3110 posuit

449 3136 504 3179 ut
545 3125 710 3182 frater
742 3139 926 3184 noster
962 3131 1113 3186 fieret
1159 3131 1210 3186 in
1248 3132 1525 3196 omnibus;
1567 3141 1622 3186 et
1662 3131 1785 3185 ideo
1823 3131 2025 3186 dimisit

446 3217 666 3287 angelos
695 3229 746 3274 et
778 3235 1040 3290 supernas
1063 3232 1377 3291 poli-states,
1413 3231 1467 3276 ct
1490 3222 1558 3276 ad
1600 3236 1699 3276 nos
1722 3221 2022 3288 descendit,

445 3317 500 3362 et
553 3324 649 3363 nos
695 3313 1070 3380 apprehendit.
1116 3314 1395 3382 Perpende
1435 3322 1611 3368 autem
1653 3331 1668 3369 :
1712 3313 1848 3368 bona
1897 3312 2026 3369 fecit

444 3399 872 3469 innumerabilia,
924 3414 1148 3459 mortem
1192 3406 1372 3476 fregit,
1428 3422 1458 3460 a
1501 3406 1695 3460 diaboli
1745 3407 2023 3478 tyrannide

443 3503 541 3542 nos
580 3493 795 3559 eripuit,
842 3508 871 3547 a
924 3495 1181 3548 servitute
1232 3511 1328 3549 nos
1379 3496 1800 3552 liberavit:non
1848 3498 2019 3552 solum

442 3579 775 3638 fraternitate
803 3584 1103 3649 honoravit,
1133 3588 1226 3642 sed
1257 3589 1418 3642 etiam
1447 3588 1566 3643 aliis
1613 3588 2019 3643 innumerabili-

438 3669 560 3727 bus.
591 3665 771 3728 Voluit
811 3690 931 3731 esse
961 3686 1144 3731 noster
1175 3678 1409 3747 pontifex
1443 3679 1581 3749 apud
1615 3680 1856 3744 Patrem;
1886 3681 2016 3736 sub-

434 3762 604 3833 jungit
629 3767 772 3820 enim
804 3788 817 3822 :
853 3767 918 3823 Ut
947 3769 1231 3824 misericors
1261 3771 1402 3838 fieret
1417 3780 1463 3825 ct
1489 3772 1654 3839 ﬁdelis
1685 3769 1924 3842 Pontifex
1949 3773 2017 3824 ad

437 3852 622 3908 Deum.
663 3855 973 3926 Propterea,
1020 3859 1208 3929 inquit,
1245 3875 1459 3914 carnem
1492 3871 1726 3916 nostram
1757 3862 2012 3932 suscepit,

434 3957 651 4017 propter
675 3948 1054 4020 benignitatem
1082 3952 1252 4006 solum
1281 3962 1335 4006 ct
1367 3953 1730 4018 clementiam,
1763 3963 1817 4008 ut
1843 3954 2012 4009 nostri

436 4036 802 4091 misereretur.
829 4039 946 4092 Non
987 4051 1069 4094 est
1097 4042 1239 4094 enim
1269 4043 1370 4095 alia
1402 4042 1822 4110 dispensationis
1851 4059 2012 4100 causa

431 4141 588 4194 quam
622 4127 735 4181 lucc
763 4128 877 4182 sola
907 4147 918 4182 :
957 4130 1091 4184 vidit
1117 4131 1312 4200 quippe
1332 4146 1430 4186 uos
1459 4133 1604 4188 humi
1627 4135 1887 4203 abjectos,
1913 4151 2012 4205 pe-

431 4229 669 4281 reuntes,
698 4225 752 4272 et
775 4234 802 4271 a
837 4220 1025 4274 mortis
1051 4235 1338 4289 oppressos
1358 4224 1656 4293 tyrannide,
1681 4234 1734 4278 et
1760 4227 2010 4281 misertus

427 4317 532 4363 est.
564 4308 631 4362 Ut
656 4311 1032 4380 repropitiaret,
1063 4313 1253 4382 inquit,
1287 4314 1472 4367 delicta
1500 4317 1695 4386 populi.
1727 4317 1793 4371 Ut
1811 4319 2010 4373 miseri-

424 4414 540 4451 cors
561 4399 702 4467 ﬁeret
725 4411 771 4454 et
796 4402 962 4469 ﬁdelis
983 4403 1231 4474 pontifex.
1257 4403 1393 4471 Quid
1419 4415 1522 4470 est,
1557 4405 1791 4461 Fidelis?
1815 4408 2004 4474 Verus,

426 4502 618 4558 potens
642 4509 655 4545 :
686 4493 921 4562 pontifex
946 4497 1087 4549 enim
1117 4495 1264 4550 solus
1289 4493 1460 4551 fidelis
1489 4507 1570 4551 est
1593 4496 1777 4560 Filius,
1802 4501 1888 4567 qui
1916 4516 2006 4569 p0-

426 4589 532 4634 test
560 4581 789 4637 libcrare
815 4598 842 4635 a
871 4585 1102 4651 peccatis
1131 4600 1246 4651 eos,
1287 4601 1510 4656 quorum
1540 4597 1622 4641 est
1650 4587 1882 4658 pontifex
1903 4590 2002 4659 (a).

426 4669 491 4724 Ut
513 4686 642 4742 ergo
666 4672 858 4726 offerat
886 4673 1119 4728 hostiam
1152 4691 1271 4742 quae
1313 4677 1483 4745 possit
1513 4694 1610 4731 nos
1660 4678 1918 4733 mundare
1951 4688 2006 4734 et

424 4761 659 4827 expiare,
691 4772 974 4831 propterea
1007 4765 1174 4818 factus
1195 4773 1276 4818 est
1304 4763 1486 4820 homo.
1539 4766 1825 4835 Subjunxit
1851 4784 2002 4840 ergo,

423 4849 502 4904 Ad
532 4849 708 4917 Deum,
743 4853 854 4908 sive
878 4869 1003 4925 erga
1027 4855 1210 4911 Deum.
1247 4854 1496 4919 Eramus.
1540 4859 1728 4927 inquit,
1759 4858 1854 4914 Dei
1906 4861 2006 4915 iui-

423 4939 568 4999 mici,
593 4943 954 5010 condemnati,
987 4945 1187 5016 probro
1216 4957 1269 5000 et
1288 4948 1574 5018 ignominia
1603 4948 1778 5005 affecti
1803 4967 1818 5004 :
1843 4967 2003 5007 nemo

420 5037 538 5082 erat
563 5030 653 5098 qui
688 5047 783 5099 pro
805 5035 960 5090 nobis
992 5037 1270 5092 oblaturus
1315 5047 1458 5092 esset
1482 5041 1800 5096 sacrificium
1830 5058 1843 5094 :
1873 5043 2005 5098 vidit

424 5135 523 5175 nos
551 5120 600 5174 in
629 5121 731 5176 hoc
759 5139 877 5178 esse
895 5135 1056 5193 statu,
1083 5139 1137 5184 et
1160 5139 1242 5184 est
1265 5131 1536 5194 misertus,
1565 5147 1666 5187 non
1697 5133 1850 5188 nobis
1869 5151 1999 5191 con-

431 5205 662 5259 stituens
684 5205 1012 5273 pontificem,
1062 5213 1154 5267 sed
1195 5213 1310 5283 ipse
1340 5215 1510 5274 faetus
1535 5222 1773 5290 pontifex
1818 5224 2010 5285 fidelis.

438 5295 640 5350 Deinde
688 5296 981 5352 ostendens
1028 5305 1297 5369 quomodo
1353 5308 1524 5365 ﬁdelis
1545 5353 1559 5375 ,
1592 5314 1866 5384 subjunxit
1897 5337 1910 5372 :
1944 5319 2011 5375 Ut

432 5388 785 5456 repmpitiaret
819 5387 1001 5442 delicta
1030 5396 1223 5461 populi.
1273 5398 1360 5452 18.
1411 5399 1476 5454 1η
1528 5418 1584 5457 eo
1629 5406 1783 5472 enim,
1822 5409 1873 5461 in
1910 5425 2010 5478 quo

431 5493 610 5542 passus
638 5489 734 5542 est,
767 5480 872 5549 ipse
901 5489 1136 5546 tentatus,
1174 5495 1349 5552 potens
1372 5500 1444 5544 est
1475 5502 1520 5547 et
1541 5494 1612 5548 eis
1637 5498 1723 5565 qui
1753 5506 2008 5554 tentantur

430 5569 688 5623 ttrtxiliari.

494 5672 570 5736 (tt)
605 5672 693 5726 llic
718 5677 892 5738 ingens
917 5685 990 5728 est
1010 5678 1167 5729 hiatus
1184 5679 1230 5728 iu
1255 5678 1531 5731 Colbertiuo
1551 5684 1743 5737 Codire.

2180 391 2234 445 2.
2251 392 2362 448 Hoc
2376 404 2456 448 est
2473 392 2622 450 valde
2635 392 2898 450 bumileet
2910 393 3196 464 abjectnm.
3217 402 3272 450 et
3289 393 3399 449 Deo
3413 393 3710 465 indignum.

2135 481 2200 537 In
2222 501 2322 553 quo
2343 487 2474 538 enim
2501 501 2681 555 passus
2697 495 2789 551 est,
2810 485 2998 554 inquit,
3015 485 3141 554 ipse.
3162 483 3260 539 llic
3286 482 3418 539 dicit
3445 484 3512 542 de
3533 486 3710 543 incar’

2135 583 2282 628 nato.
2304 575 2370 629 Et
2397 576 2532 630 forte
2547 575 2746 631 dictum
2765 575 2930 630 estad
2945 576 3202 630 certiores
3236 573 3542 630 reddendos
3560 578 3712 638 audis

2135 673 2300 732 tores,
2331 674 2386 720 et
2415 675 2630 736 propter
2653 681 2841 720 eorum
2866 665 3262 720 imbecillatem.
3290 665 3402 720 Hoc
3430 674 3534 731 est,
3565 668 3712 723 venit

2139 772 2234 826 per
2261 757 2430 827 ipsam
2498 755 2880 826 experientiam
2908 770 3092 812 eorum
3129 772 3250 827 quae
3291 758 3435 828 passi
3474 773 3704 815 sumus:

2134 862 2274 901 nunc
2299 863 2404 902 non
2424 847 2630 916 ignorat
2648 857 2857 901 nostras
2879 848 3250 916 perpessiones
3268 864 3282 901 :
3301 863 3406 904 non
3421 849 3594 904 solum
3609 849 3712 905 scit

2132 946 2186 990 ut
2211 938 2369 1004 Deus,
2393 939 2486 993 sed
2500 939 2658 994 etiam
2681 939 2933 1010 cognovit
2953 947 3009 992 ut
3023 937 3182 992 homo
3201 953 3294 1008 per
3315 954 3431 994 eam
3451 955 3553 1010 qua
3577 955 3702 1010 pas-

2130 1043 2220 1082 sus
2241 1036 2322 1081 est
2348 1027 2731 1097 experientiam
2763 1045 2775 1081 :
2809 1027 2972 1082 multa
3003 1042 3193 1098 passus
3219 1036 3324 1095 est,
3353 1030 3454 1084 scit
3475 1032 3706 1100 compati

2129 1126 2183 1172 et
2207 1118 2466 1173 misereri.
2495 1118 2826 1188 Quamquam
2852 1119 2993 1173 Deus
3017 1127 3100 1174 est
3126 1119 3433 1190 impatibilis
3457 1139 3470 1174 :
3500 1120 3594 1176 sed
3621 1123 3709 1179 hic

2130 1220 2312 1276 narrat
2353 1225 2472 1280 qua:
2500 1219 2625 1265 sunt
2664 1210 3079 1277 incarnationis;
3124 1211 3275 1283 quasi
3313 1211 3556 1270 diceret:
3590 1213 3706 1285 Ipsa

2129 1316 2338 1372 quoque
2365 1317 2490 1356 caro
2534 1299 2731 1356 Christi
2781 1301 2944 1357 multa
2976 1318 3130 1372 passa
3171 1311 3254 1358 est
3296 1305 3499 1374 gravia.
3551 1305 3710 1365 Novit

2129 1393 2256 1462 quid
2285 1393 2355 1446 sit
2397 1392 2637 1458 afﬂictio,
2670 1393 2816 1447 novit
2862 1391 2993 1462 quid
3025 1395 3095 1447 sit
3125 1395 3370 1461 teutatio,
3405 1410 3579 1467 neque
3607 1397 3707 1452 mi-

2129 1501 2228 1540 nus
2267 1500 2423 1554 quam
2455 1499 2554 1538 nos
2581 1484 2668 1553 qui
2714 1484 2855 1553 passi
2895 1499 3120 1550 sumus;
3166 1500 3288 1539 nam
3333 1486 3447 1556 ipse
3494 1503 3710 1558 quoque

2126 1586 2209 1632 est
2239 1592 2444 1644 passus.
2475 1576 2614 1642 Quid
2645 1590 2774 1644 ergo
2799 1584 2898 1640 est,
2937 1574 3123 1630 Potens
3141 1585 3212 1631 est
3242 1585 3286 1631 et
3316 1577 3378 1631 iis
3398 1579 3482 1648 qui
3504 1588 3706 1634 tentan-

2127 1681 2208 1725 tur
2232 1667 2513 1722 auxiliari?
2540 1665 2702 1734 Quasi
2729 1665 2936 1720 dixeris
2969 1683 2982 1720 :
3025 1665 3209 1737 Magna
3239 1668 3403 1722 animi
3430 1668 3708 1726 alacritate

2127 1773 2340 1812 manum
2392 1756 2664 1826 porriget,
2729 1755 3214 1811 commiserabitur.
3277 1756 3412 1812 Nam
3453 1759 3706 1829 quoniam

2127 1864 2376 1919 magnum
2404 1845 2674 1912 volebant,
2701 1855 2756 1901 et
2780 1846 3009 1916 amplius
3033 1847 3162 1917 quid
3191 1847 3390 1904 habere
3416 1865 3574 1919 quam
3613 1853 3706 1922 qui

2125 1950 2372 1997 erantex
2401 1941 2669 2011 gentibus,
2717 1939 2951 1995 ostendit
2990 1955 3084 1996 eos
3114 1941 3167 1995 in
3207 1941 3309 1997 hoc
3349 1942 3546 1999 habere
3593 1959 3706 1999 am-

2128 2034 2283 2104 plius,
2317 2033 2369 2086 in
2392 2046 2498 2101 quo
2525 2030 2656 2085 nihil
2684 2031 2821 2086 laesit
2841 2045 2937 2086 eos
2959 2033 3048 2102 qui
3071 2041 3230 2087 erant
3251 2049 3315 2088 ex
3347 2035 3615 2104 gentibus.
3649 2035 3706 2096 In

2128 2127 2399 2196 quonam?
2428 2124 2580 2192 Quod
2610 2139 2676 2179 ex
2709 2124 2835 2194 ipsis
2858 2136 2939 2180 est
2963 2124 3127 2192 salus,
3151 2125 3290 2196 quod
3321 2127 3437 2182 illos
3477 2128 3706 2197 primum

2126 2217 2500 2287 apprehendit,
2527 2215 2668 2286 quod
2689 2232 2755 2272 ex
2796 2216 2899 2270 illis
2916 2232 3133 2274 carnem
3159 2220 3414 2288 suscepit.
3435 2218 3553 2274 Non
3573 2223 3706 2280 enim

2127 2308 2354 2380 angelos,
2363 2309 2376 2364 i
2385 2307 3012 2378 uquit,apprehendit,sed
3023 2309 3412 2364 semenAbrahte
3423 2313 3710 2382 apprehen-

2127 2403 2220 2456 dit.
2232 2402 2336 2456 Per
2351 2401 2452 2454 hoc
2467 2401 2691 2454 honorat
2703 2399 2859 2454 etiam
2875 2400 3312 2469 patriarcham,et
3328 2404 3563 2459 ostendit
3580 2405 3704 2474 quid

2127 2495 2216 2560 sit,
2243 2494 2424 2549 Semen
2453 2491 2686 2548 Abralue.
2710 2491 2800 2547 Eis
2824 2507 3053 2563 namque
3078 2503 3293 2548 revocat
3313 2494 3368 2550 in
3394 2498 3705 2554 memoriam

2129 2583 2541 2656 promissionem
2568 2598 2688 2652 qua:
2719 2583 2848 2653 ipsis
2879 2581 3015 2638 facta
3040 2592 3144 2649 est,
3170 2584 3441 2640 dicentem
3476 2604 3489 2640 :
3522 2586 3636 2641 Tibi
3659 2600 3706 2643 et

2128 2676 2306 2732 semini
2337 2684 2420 2728 tuo
2460 2673 2589 2728 dabo
2618 2682 2802 2727 terram
2827 2674 2956 2728 lianc
2991 2673 3146 2743 (Gen.
3191 2676 3280 2730 15.
3318 2675 3426 2746 15).
3453 2677 3553 2731 Per
3601 2677 3706 2734 hoc

2130 2780 2307 2826 autem
2338 2766 2617 2823 minimum
2663 2764 2896 2820 ostendit
2924 2765 3400 2836 propinquitatem,
3449 2767 3590 2838 quod
3635 2784 3700 2824 ex

2140 2873 2246 2912 uno
2271 2859 2377 2913 sint
2397 2869 2602 2911 omnes.
2622 2854 2727 2911 Sed
2753 2854 2877 2924 quia
2903 2869 3008 2909 non
3033 2869 3221 2926 magna
3247 2863 3360 2909 erat
3385 2853 3472 2907 illa
3496 2851 3717 2922 propiu-
3785 2893 3790 2895 .

2139 2947 2334 3017 quitas,
2363 2961 2551 3002 rursus
2577 2944 2720 2999 venit
2744 2943 2809 2998 ad
2833 2959 2976 3008 eam,
3005 2952 3059 2998 et
3087 2943 3154 2998 de
3178 2951 3376 2998 caetero
3405 2942 3723 2996 immoratur

2138 3043 2189 3093 lu
2214 3038 2613 3108 dispensatione
2637 3052 2758 3107 quae
2781 3045 2861 3090 est
2885 3034 3177 3090 secundum
3195 3049 3435 3100 carnem,
3457 3043 3511 3088 et
3541 3031 3669 3088 dicit
3701 3049 3717 3087 :

2141 3128 2207 3184 Ut
2236 3129 2588 3198 repropitiaret
2610 3128 2795 3181 delicta
2839 3127 3036 3196 populi.
3064 3126 3192 3180 Erat
3219 3125 3365 3180 enim
3391 3138 3595 3194 magna:
3620 3137 3717 3178 cu-

2135 3237 2210 3277 ra:
2237 3230 2292 3276 et
2319 3220 2561 3276 caritatis
2585 3219 2726 3289 quod
2755 3217 2982 3273 voluerit
3005 3217 3119 3273 ﬁeri
3144 3216 3341 3282 homo;
3370 3230 3511 3270 nunc
3537 3223 3715 3270 autem

2141 3301 2243 3367 non
2273 3312 2374 3368 hoc
2399 3322 2481 3367 est
2507 3311 2704 3378 solum,
2728 3311 2824 3368 sed
2861 3311 3021 3365 etiam
3048 3319 3173 3364 sunt
3207 3310 3343 3363 bona
3373 3306 3713 3372 immortalia,

2134 3419 2250 3473 qua:
2275 3418 2372 3474 per
2411 3402 2584 3471 ipsum
2615 3401 2770 3456 nobis
2794 3409 2918 3456 sunt
2938 3399 3194 3455 exhibita.
3227 3397 3295 3454 Ut
3333 3398 3710 3469 repmpitiaret,

2129 3496 2318 3566 inquit,
2352 3493 2535 3548 delicta
2583 3494 2781 3564 populi.
2828 3492 2937 3546 Cur
2978 3507 3084 3546 non
3133 3491 3289 3557 dixit,
3335 3490 3491 3546 Orbis
3529 3498 3706 3555 terrae,

2125 3589 2240 3653 sed,
2295 3585 2522 3657 Populi?
2563 3601 2686 3641 nam
2730 3585 2966 3640 omnium
3009 3584 3238 3656 portavit
3280 3594 3515 3654 peccata.
3561 3581 3706 3647 Quo-

2127 3681 2269 3734 niam
2300 3690 2423 3734 tunc
2449 3679 2518 3733 ab
2543 3693 2608 3734 eo
2633 3677 2700 3733 de
2721 3677 2852 3746 ipsis
2878 3676 3117 3732 Hebrazis
3141 3676 3302 3730 verba
3331 3673 3544 3728 fiebant.
3573 3672 3704 3727 Nam

2121 3772 2344 3841 angelus
2373 3784 2585 3840 quoque
2613 3768 2826 3824 dicebat
2854 3767 3089 3837 Josepho
3115 3785 3128 3823 :
3161 3765 3375 3820 Vocabis
3397 3781 3575 3820 nomen
3595 3765 3705 3833 eius

2121 3865 2297 3919 Jesum
2318 3881 2333 3922 :
2351 3865 2458 3933 ipse
2476 3861 2812 3917 enimsalvnm
2835 3862 2985 3932 faciet
3003 3857 3247 3928 populum
3264 3857 3629 3928 suum(Mattn.
3647 3857 3698 3910 1.

2123 3954 2234 4027 2|).
2263 3955 2376 4010 lloc
2404 3955 2546 4010 enim
2578 3951 2858 4022 oportebat
2888 3952 3115 4020 primum
3153 3949 3302 4016 fieri;
3335 3958 3389 4004 et
3419 3956 3699 4018 propterea

2120 4048 2266 4102 venit
2296 4057 2350 4100 ut
2381 4046 2480 4100 hos
2506 4045 2686 4099 salvos
2729 4042 2965 4106 faceret,
3012 4049 3068 4095 ct
3109 4050 3234 4096 tunc
3280 4055 3376 4110 per
3419 4039 3516 4094 hos
3556 4037 3698 4102 illos,

2118 4138 2325 4192 etiamsi
2343 4137 2670 4192 contrarium
2687 4135 2946 4191 evenerit.
2968 4133 3080 4187 Hoc
3093 4131 3318 4202 apostoli
3335 4144 3546 4200 quoque
3563 4129 3702 4183 dice-

2117 4228 2694 4285 bantabinitionobis
2714 4228 2964 4282 suscitans
3009 4225 3203 4279 Filium
3245 4221 3699 4287 suum,misiteum

2114 4322 2483 4376 benedicentem
2503 4320 2640 4374 vobis
2665 4319 2799 4392 (Act.
2834 4320 2884 4376 3.
2925 4318 3056 4385 26);
3083 4325 3138 4370 et
3167 4329 3374 4379 rursus,
3408 4312 3554 4365 Vobis
3587 4313 3697 4366 mis-

2111 4429 2222 4468 sum
2245 4422 2316 4466 est
2346 4412 2548 4466 verbum
2573 4412 2752 4466 salutis
2792 4410 2930 4480 (Act.
2960 4409 3046 4463 15.
3077 4406 3190 4478 26).
3229 4405 3574 4460 Nobilitatem
3605 4403 3692 4456 hic

2111 4502 2346 4558 ostendit
2367 4501 2662 4568 Judaicam,
2693 4501 2876 4556 dicens
2899 4541 2913 4564 ,
2958 4499 3036 4552 Ad
3079 4496 3335 4566 expianda
3369 4503 3574 4564 peccata
3601 4510 3694 4563 po-

2112 4595 2220 4664 puli
2250 4593 2438 4663 (Marc.
2468 4595 2522 4648 2.
2556 4594 2634 4665 5).
2682 4593 2898 4648 Interim
2937 4591 3014 4645 sic
3040 4590 3167 4645 dicit
3197 4605 3212 4644 :
3251 4603 3372 4642 nam
3398 4587 3538 4656 quod
3579 4585 3693 4656 ipse

2111 4691 2181 4742 sit
2210 4689 2299 4758 qui
2330 4688 2566 4740 omnium
2599 4695 2817 4756 peccata
2849 4684 3071 4748 dimisit,
3113 4681 3348 4736 ostendit
3368 4688 3422 4734 et
3449 4679 3502 4733 in
3531 4692 3691 4748 para-

2109 4781 2290 4852 lytico,
2323 4780 2506 4833 dicens
2539 4795 2554 4834 :
2594 4777 2933 4832 Dimittuntur
2963 4775 3052 4829 tibi
3082 4782 3319 4844 peccata;
3345 4783 3400 4827 et
3442 4770 3492 4824 in
3522 4769 3692 4839 bapti-

2108 4882 2281 4926 smate
2321 4870 2621 4938 discipulis,
2658 4869 2845 4922 Euutes
2871 4869 3042 4922 docete
3081 4881 3251 4920 omnes
3280 4871 3479 4932 gentes,
3527 4859 3692 4928 bapti-

2106 4972 2278 5017 zantes
2305 4977 2388 5016 eos
2425 4962 2479 5015 in
2507 4961 2711 5015 nomine
2740 4957 2914 5012 Patris
2949 4967 2996 5012 et
3022 4955 3149 5010 Filii
3177 4964 3222 5008 et
3263 4950 3491 5023 Spiritus
3529 4950 3690 5004 sancti

2107 5052 2316 5120 (Matth.
2344 5052 2398 5107 9.
2429 5052 2483 5106 5.
2520 5060 2566 5104 et
2594 5050 2685 5105 28.
2721 5048 2831 5119 19).
2862 5050 2994 5103 Cum
3025 5057 3203 5101 autem
3242 5056 3460 5098 carnem
3491 5054 3687 5110 appre-

2106 5144 2352 5199 henderit
2395 5142 2613 5208 Paulus,
2657 5141 2835 5195 omnia
2865 5139 3059 5194 deinde
3111 5136 3345 5204 loquitur
3384 5134 3588 5202 abjecta
3629 5139 3687 5186 et

2107 5235 2350 5299 humilia,
2397 5233 2528 5288 nihil
2558 5234 2757 5288 veritus
2787 5249 2801 5288 :
2835 5233 2957 5287 vide
2985 5232 3129 5286 enim
3174 5230 3305 5301 quid
3352 5231 3463 5299 jam
3507 5231 3651 5284 dicat
3680 5247 3695 5285 :

2109 5329 2261 5401 (Cap.
2306 5329 2362 5400 '5)
2404 5329 2453 5383 1.
2491 5327 2675 5394 Πηάε»,
2713 5329 2895 5398 fratres
2939 5335 3131 5388 sancti,
3177 5325 3454 5377 vocationis
3487 5320 3698 5376 celestis

2107 5423 2398 5493 participes,
2432 5419 2748 5473 considerate
2786 5418 3073 5488 apostolum
3103 5426 3150 5470 et
3187 5415 3695 5485 pontiﬁcemconfes-

2106 5513 2264 5566 sionis
2285 5520 2474 5566 nostra:
2497 5508 2672 5563 Iesum
2698 5523 2716 5560 :
2741 5505 2794 5560 2.
2822 5507 2908 5572 qui
2935 5506 3100 5574 ﬁdelis
3119 5515 3194 5560 est
3213 5505 3257 5558 ei
3271 5505 3358 5574 qui
3383 5504 3497 5570 fecit
3523 5503 3691 5569 illum,

2106 5602 2234 5655 sicut
2273 5615 2320 5655 et
2356 5598 2558 5669 Moyses
2588 5599 2639 5651 in
2670 5597 2808 5651 omni
2833 5597 2982 5649 domo
3012 5603 3142 5664 ejus.
3175 5595 3310 5650 Eum
3340 5593 3503 5664 Moysi
3550 5608 3690 5662 pra:-

2108 5693 2376 5764 positurus
2419 5706 2514 5760 per
2565 5687 3044 5760 comparationem,
3097 5686 3162 5742 ad
3197 5685 3365 5757 legem
3405 5682 3690 5740 sacerdotii
