4088 6212
384 306 456 362 49
1222 288 1284 342 ΙΝ
1326 284 1533 341 EPIST.
1578 283 1668 337 AD
1709 277 1958 335 111*ΞῦΠῶ

2058 315 2066 329 .
2110 280 2261 336 CAP.
2292 283 2380 343 Ill.
2409 286 2635 342 ΙΙΟΜΙΙ..
2674 286 2735 341 V.
3577 297 3646 351 50

377 389 604 444 deduxit
631 389 928 444 orationem
956 405 969 444 :
1002 401 1107 441 non
1133 388 1275 442 enim
1305 389 1372 445 de
1399 389 1578 461 Moyse
1613 405 1827 460 parvam
1874 392 1972 448 ha-

379 481 582 536 bebant
606 495 799 534 omnes
819 479 1150 547 Opinionem.
1188 479 1251 532 Et
1268 479 1377 548 jam
1413 481 1641 549 primum
1677 482 1858 553 dejicit
1888 497 1964 539 se-

378 575 525 628 mina
566 572 896 627 excellentia:
949 580 1155 639 :atque
1200 572 1380 640 incipit
1431 572 1646 641 quidem
1692 589 1723 628 a
1773 589 1969 639 carne;

378 665 621 721 ascendit
643 673 820 719 autem
852 661 917 717 ad
946 648 1301 728 divinitatem,
1335 663 1422 716 ubi
1456 679 1561 716 non
1590 675 1706 718 erat
1734 666 1966 735 amplius

375 756 731 826 comparatio.
770 753 973 823 lncepit
1002 753 1215 807 interim
1243 768 1271 805 a
1298 769 1461 808 carne
1510 770 1712 824 ponere
1751 757 1969 822 :nquali-

376 860 565 913 tatem,
588 859 643 904 et
667 848 799 904 dicit
824 863 839 902 :
880 846 1028 901 Sicut
1047 855 1093 900 et
1116 846 1319 915 Moyses
1339 847 1391 899 in
1421 847 1557 900 omni
1581 847 1729 900 domo
1750 848 1877 918 ejus.
1906 849 1971 902 lit

377 959 488 997 non
516 942 581 995 ab
602 940 756 995 initio
778 937 1013 992 ostendit
1035 937 1435 1003 excellentiam,
1466 952 1532 991 ne
1562 939 1792 994 resiliret
1819 938 1971 994 audi-

374 1042 485 1098 tor,
510 1042 561 1088 et
589 1045 749 1086 aures
775 1029 1021 1099 pr0tinus
1045 1027 1355 1083 obstrueret
1389 1046 1401 1080 :
1438 1043 1562 1081 nam
1593 1028 1689 1082 etsi
1725 1039 1877 1083 erant
1901 1030 1965 1083 ﬁ-

370 1125 547 1187 deles.
580 1124 634 1177 in
662 1136 847 1177 eorum
889 1128 1064 1174 tamen
1089 1119 1419 1173 conscientia
1446 1119 1625 1174 adhuc
1650 1120 1805 1175 valde
1835 1122 1967 1176 resi-

369 1215 787 1285 debatMoyses.
818 1213 919 1277 Qui
939 1221 1032 1276 est,
1063 1212 1251 1281 inquit,
1291 1211 1461 1279 ﬁdelis
1487 1212 1533 1265 ei
1554 1212 1639 1281 qui
1679 1212 1794 1280 fecit
1826 1230 1962 1270 cum.

368 1307 639 1373 Quidnam
668 1303 910 1359 fecerat?
937 1303 1251 1371 Apostolum
1279 1310 1334 1356 et
1358 1301 1681 1371 pontiﬁcem.
1713 1302 1853 1357 Nihil
1876 1303 1964 1359 hic

368 1400 511 1455 dicit
534 1400 599 1453 de
623 1397 873 1459 essentia,
900 1409 1074 1464 neque
1101 1393 1170 1449 de
1208 1392 1506 1460 divinitate,
1533 1393 1626 1449 scd
1650 1395 1862 1449 interim
1895 1396 1961 1452 de

376 1492 630 1546 humanis
652 1490 777 1544 dicit
805 1487 1175 1557 dignitatibus.
1218 1486 1368 1542 Sicut
1398 1495 1445 1539 et
1475 1485 1683 1557 Moyses
1728 1488 1780 1541 in
1823 1498 1964 1542 omnt

376 1586 536 1639 domo
560 1585 664 1652 ejus
700 1598 718 1634 :
764 1580 867 1635 hoc
917 1590 1019 1641 cst,
1066 1579 1119 1632 in
1163 1580 1380 1648 papnlo,
1409 1586 1503 1632 aut
1534 1579 1584 1632 in
1614 1580 1833 1648 templo.
1866 1581 1962 1635 llic

369 1684 555 1729 autem
584 1674 730 1735 dicit,
766 1672 831 1725 lu
859 1671 1011 1724 domo
1033 1671 1143 1738 ejus
1171 1686 1189 1723 .'
1218 1670 1441 1740 perinde
1468 1685 1531 1724 ac
1556 1671 1601 1725 si
1631 1671 1852 1737 dixeris,
1886 1672 1961 1727 De

371 1766 441 1819 iis
468 1764 558 1829 qui
588 1762 783 1817 suntin
820 1760 1000 1816 domo.
1029 1760 1323 1830 Tamquam
1353 1771 1669 1830 procurator
1691 1763 1957 1832 quispiam

371 1866 430 1912 et
456 1856 795 1925 dispensator
823 1853 1010 1907 domus
1029 1893 1043 1917 ,
1075 1852 1153 1906 sic
1179 1862 1293 1907 erat
1322 1852 1534 1923 Moyses
1578 1856 1793 1923 populo.
1826 1855 1957 1909 Nam

372 1946 516 2017 quod
564 1943 818 2014 populum
865 1942 947 1997 hic
978 1942 1121 1995 dicat
1162 1941 1401 2008 domum,
1452 1942 1768 2011 subjunxit,
1807 1944 1961 2015 Cujus

368 2039 551 2092 domus
595 2052 769 2090 sumus
796 2051 888 2088 nos
916 2050 934 2088 .'
964 2033 1065 2087 hoc
1086 2042 1188 2098 est,
1242 2032 1437 2087 Sumus
1491 2034 1542 2087 in
1594 2034 1710 2103 ejus
1751 2050 1961 2103 posses-

369 2129 541 2183 sione.
578 2124 780 2180 Deinde
805 2124 1119 2179 excellentia
1150 2122 1321 2191 major
1353 2141 1367 2177 :
1406 2124 1458 2177 5.
1514 2124 1789 2193 Amplioris
1826 2125 1959 2177 eniut

369 2219 543 2287 glorise
582 2219 675 2272 iste
712 2234 817 2289 pne
846 2219 1021 2288 Moyse
1064 2217 1245 2288 dignus
1290 2228 1360 2271 est
1392 2217 1613 2271 habitus.
1645 2219 1849 2273 Rursus
1887 2218 1955 2272 de

367 2322 574 2363 carne:
609 2308 812 2375 Quanto
846 2309 1141 2379 ampliorem
1186 2308 1428 2363 honorem
1476 2310 1623 2364 habet
1656 2310 1835 2365 domus
1860 2309 1949 2381 qui

368 2398 637 2467 fabricauit
666 2400 827 2454 illaut.

452 2490 508 2545 5.
537 2489 609 2545 Ει
640 2492 757 2561 ipse
776 2502 903 2557 erat,
934 2492 1124 2563 inquit,
1153 2492 1220 2548 de
1236 2492 1415 2549 domo.
1436 2492 1503 2547 Et
1535 2508 1643 2548 non
1667 2492 1952 2550 dixitzlste

376 2581 527 2635 enim
571 2593 685 2637 erat
711 2584 914 2653 quidem
952 2599 1163 2651 servus,
1218 2585 1305 2639 ille
1349 2599 1481 2639 vero
1518 2584 1808 2649 Dominus;
1856 2584 1951 2639 sed

383 2672 488 2726 hoc
518 2673 747 2729 latenter
791 2675 1062 2731 indicavit.
1097 2677 1153 2731 Si
1193 2676 1419 2746 populus
1447 2686 1563 2731 erat
1586 2676 1804 2742 domus,
1840 2677 1953 2745 ipse

370 2775 554 2821 autem
579 2776 695 2821 erat
724 2783 788 2822 ex
831 2770 1031 2837 populo
1060 2787 1073 2822 :
1121 2780 1174 2823 et
1204 2770 1317 2837 ipse
1357 2785 1485 2841 ergo
1515 2778 1631 2824 erat
1653 2768 1722 2823 de
1766 2768 1947 2822 domo.

372 2854 503 2908 Nam
532 2857 685 2910 nobis
710 2873 923 2927 quoque
952 2875 1067 2914 mos
1088 2869 1171 2915 est
1199 2862 1278 2914 sic
1302 2859 1504 2925 dicere,
1529 2859 1623 2912 llic
1652 2865 1737 2912 est
1762 2871 1828 2912 ex
1851 2856 1952 2910 do-

374 2962 470 3000 mo
510 2948 671 3002 illius.
706 2948 805 3003 llic
832 2960 1012 3005 autem
1040 2950 1169 3006 dicit
1213 2952 1454 3014 domum,
1506 2964 1611 3002 non
1642 2949 1896 3018 templum
1934 2965 1949 3001 :

376 3051 486 3091 non
531 3037 670 3092 enim
720 3039 860 3094 Deus
888 3041 1003 3108 ipse
1034 3042 1364 3103 construxit,
1411 3039 1507 3093 sed
1539 3039 1802 3093 homines.
1852 3036 1951 3104 Qui

373 3143 506 3183 vero
546 3128 673 3184 fecit
702 3130 897 3200 ipsum,
931 3132 1069 3186 Deus
1090 3140 1173 3187 est
1205 3149 1217 3185 :
1249 3131 1379 3185 dicit
1400 3130 1656 3199 Moysem.
1689 3127 1822 3182 Vide
1860 3142 1954 3180 au-

371 3231 480 3275 tem
528 3222 802 3291 quomodo
831 3224 1083 3279 latenter
1112 3224 1369 3293 majorem
1402 3222 1634 3277 ostendit
1681 3220 1952 3275 excellen-

369 3312 523 3367 tiam.
556 3312 776 3381 Fidelis,
802 3315 992 3384 inquit,
1021 3325 1128 3369 erat
1156 3317 1207 3369 in
1236 3324 1337 3368 tota
1354 3316 1502 3368 donto
1528 3315 1657 3383 ejus,
1688 3328 1807 3369 cum
1841 3312 1953 3381 ipse

369 3413 516 3456 esset
541 3403 608 3457 de
636 3403 820 3469 domo,
856 3404 955 3460 hoc
980 3415 1062 3460 est
1106 3405 1173 3460 de
1217 3404 1435 3475 populo.
1486 3403 1740 3473 Majorem
1795 3401 1955 3456 habet

375 3493 636 3547 honorem
685 3494 876 3549 artifex
903 3536 918 3562 ,
947 3511 1106 3563 quam
1150 3510 1310 3564 opera
1337 3534 1353 3561 ,
1398 3493 1492 3549 sed
1528 3504 1580 3548 et
1622 3493 1709 3563 qui
1736 3491 1951 3546 domum

372 3583 696 3648 tonstruxit,
720 3600 878 3652 quam
904 3584 1115 3639 domus.
1144 3584 1198 3639 4.
1231 3584 1330 3651 Qui
1351 3594 1518 3637 autent
1540 3583 1706 3637 omnia
1726 3591 1955 3636 constru-

369 3674 470 3739 xit,
493 3672 632 3729 Deus
673 3686 761 3729 est.
798 3676 957 3731 Vides
998 3677 1139 3745 quod
1169 3694 1275 3731 non
1305 3677 1450 3731 dicat
1490 3677 1557 3731 de
1603 3677 1821 3745 templo,
1859 3674 1953 3729 Sed

372 3771 487 3817 toto
514 3766 750 3836 populo?
774 3768 826 3822 5.
860 3767 926 3820 Et
963 3768 1165 3839 Moyses
1204 3770 1405 3840 quidem
1432 3769 1597 3838 ﬁdelis
1642 3779 1749 3822 erat
1777 3769 1830 3821 in
1852 3777 1955 3821 tota

374 3852 528 3908 domo
562 3858 688 3925 ejus,
741 3868 993 3926 (cuiquam
1038 3860 1279 3928 famulus,
1331 3860 1383 3913 in
1415 3860 1749 3913 testimonium
1782 3876 1955 3913 eorunt

369 3947 717 4017 quadicenda
747 3960 911 4003 erant.
946 3950 1082 4005 Ecce
1110 3951 1213 4003 alia
1253 3965 1463 4020 quoque
1505 3950 1805 4005 diﬁ'erentia
1835 3964 1954 4019 qua:

367 4045 458 4090 est
506 4052 535 4090 a
594 4036 733 4092 Filio
764 4047 818 4093 et
874 4041 1063 4095 servis.
1096 4039 1257 4094 Vides
1295 4040 1434 4109 quod
1486 4040 1644 4094 tacite
1693 4038 1955 4107 significat

371 4128 759 4197 proprietatem
796 4146 894 4202 per
935 4132 1345 4202 appellationem
1405 4132 1566 4186 Filii?
1615 4132 1669 4188 6.
1727 4132 1955 4186 Christus

367 4236 493 4274 vero
541 4230 793 4292 tamquam
825 4222 996 4278 Filius
1037 4224 1091 4277 in
1124 4225 1274 4277 doma
1317 4240 1430 4277 sua.
1456 4222 1649 4278 Vidisti
1689 4223 1955 4293 quomodo

371 4310 669 4382 distinguat
715 4328 778 4367 ac
821 4325 1036 4384 separet
1066 4329 1227 4384 opera
1270 4323 1321 4369 et
1349 4313 1592 4383 Opiﬁcem
1617 4354 1633 4379 ,
1688 4312 1955 4383 quomodo

363 4417 590 4459 servum
619 4417 675 4460 et
702 4405 934 4461 Filium?
959 4417 1013 4462 et
1041 4407 1129 4463 ille
1161 4407 1381 4477 quidem
1401 4407 1451 4459 in
1486 4421 1571 4460 res
1592 4415 1841 4475 paternas
1871 4405 1954 4458 in-

370 4496 615 4564 greditur
642 4506 699 4551 ut
721 4496 910 4565 Filius,
956 4498 1043 4553 hic
1087 4514 1215 4553 vero
1258 4506 1313 4551 ut
1340 4512 1548 4552 servus.
1575 4495 1732 4566 Cujus
1777 4497 1956 4550 domus

368 4601 548 4642 sumus
584 4604 692 4651 nos,
718 4589 765 4642 si
787 4589 1028 4657 ﬁduciam
1076 4598 1121 4643 et
1158 4589 1373 4660 gloriam
1398 4589 1505 4660 spei
1530 4603 1686 4656 usque
1713 4587 1780 4639 ad
1804 4588 1957 4654 ﬁnem

374 4678 576 4745 ﬁrmant
602 4681 925 4736 retineamus.
961 4682 1059 4737 llic
1086 4698 1269 4737 rursus
1294 4696 1390 4737 eos
1419 4682 1662 4736 hortatur
1702 4688 1759 4735 ut
1797 4679 1954 4734 forti-

379 4778 469 4822 ter
498 4770 793 4837 resistant,
821 4780 877 4826 et
906 4786 1014 4827 non
1054 4772 1269 4828 cadant.
1308 4773 1503 4827 Domus
1543 4772 1719 4836 enim,
1765 4770 1955 4841 inquit,

378 4858 583 4915 erimus
628 4860 757 4926 Dei,
786 4864 926 4917 sicut
954 4873 1072 4918 erat
1119 4864 1353 4935 Moyses,
1396 4865 1440 4919 si
1472 4864 1717 4919 fiduciam
1749 4872 1805 4919 et
1841 4863 1957 4934 spei

368 4946 748 5016 gloriationcm
798 4968 968 5023 usque
1021 4955 1087 5008 ad
1141 4954 1303 5008 [intem
1355 4953 1563 5009 ﬁrmam
1611 4954 1955 5010 retineamus.

374 5038 478 5104 Qui
511 5041 703 5098 dolore
728 5044 966 5114 quidem,
998 5047 1186 5115 inquit,
1217 5046 1447 5102 afﬁcitur
1476 5048 1525 5102 in
1552 5047 1952 5111 tentationibus,

368 5132 627 5188 etanimo
651 5134 905 5197 concidit,
940 5151 1045 5189 non
1073 5135 1331 5205 gloriatur
1363 5154 1375 5190 :
1401 5139 1489 5207 qui
1515 5138 1715 5207 pudore
1742 5136 1947 5193 suﬂ'un-

373 5221 542 5281 ditur.
595 5230 651 5276 ct
679 5238 741 5277 se
784 5223 1097 5291 abscondit,
1148 5240 1256 5283 non
1300 5227 1460 5283 habet
1502 5228 1751 5284 ﬁduciam
1812 5247 1825 5283 :
1874 5232 1963 5301 qui

374 5320 461 5367 est
508 5312 708 5381 tristis,
756 5330 864 5370 non
904 5316 1183 5385 gloriatur.
1240 5317 1441 5373 Deinde
1466 5333 1563 5374 eos
1612 5334 1825 5390 quoque
1848 5320 1964 5374 lau-

372 5402 498 5467 dat,
547 5404 733 5458 dicens
761 5422 775 5458 :
805 5406 869 5460 Si
915 5406 1157 5475 ﬁduciam
1183 5416 1230 5462 et
1266 5408 1615 5480 gloriationem
1662 5410 1769 5479 spei
1811 5427 1968 5478 usque

374 5493 444 5545 ad
483 5494 636 5560 ﬁnem
697 5495 901 5563 ﬁrmam
954 5498 1295 5561 retineamus;
1337 5500 1628 5554 ostendens
1682 5500 1795 5570 jam
1848 5502 1970 5556 illos

373 5581 626 5651 coepisse.
658 5582 794 5639 Fine
821 5595 1000 5641 autem
1029 5596 1112 5642 est
1146 5602 1302 5659 opus,
1334 5598 1387 5643 et
1416 5604 1525 5644 non
1553 5590 1728 5645 solum
1756 5599 1970 5662 oportet

378 5680 546 5741 stare,
577 5674 673 5730 sed
703 5677 868 5732 etiam
902 5676 1109 5733 ﬁrmam
1142 5689 1197 5753 et
1223 5679 1468 5761 stabilem
1499 5678 1696 5738 habere
1732 5695 1883 5753 spem
1911 5681 1965 5739 in

2057 387 2374 442 certitudine
2395 387 2536 451 ﬁdet,
2567 390 2785 443 minime
2814 390 3156 447 labefactatas
3178 407 3205 445 a
3235 393 3641 452 teut.:.|onilms.

2057 480 2133 533 Ac
2163 495 2227 531 ne
2253 480 2487 544 mireris,
2515 482 2558 534 si
2584 480 2866 535 humanius
2889 484 3038 547 illud,
3067 482 3189 554 Ipse
3214 494 3429 541 tentatus
3453 487 3640 558 (Hebr.

2056 568 2110 623 2.
2147 569 2259 639 18),
2288 570 2514 624 dicatur.
2547 570 2601 626 Si
2632 573 2773 625 enim
2818 572 2888 626 de
2938 573 3095 628 Patre
3133 576 3221 644 qni
3267 590 3483 631 carnem
3535 594 3642 633 non

2057 663 2296 729 suscepit
2336 661 2466 715 dicit
2501 662 2797 731 Scriptura,
2834 664 2913 718 De
2937 668 3061 719 cwlo
3087 668 3343 735 prospexit
3371 666 3644 738 Dominus,

2056 760 2103 803 et
2133 751 2253 803 vidit
2281 769 2451 805 omnes
2479 753 2613 820 ﬁlios
2643 754 2903 808 hominum
2935 756 3107 823 (Psal.
3139 759 3224 811 l5.
3257 757 3350 829 2);
3391 760 3493 814 hoc
3538 770 3639 826 est,

2057 843 2236 897 omnia
2266 853 2451 898 exacte
2480 854 2533 897 et
2559 850 2807 900 accurate
2833 847 3017 901 didicit
3041 864 3055 912 ;
3086 858 3138 901 et
3165 865 3348 905 rursus
3368 888 3385 918 ,
3420 851 3642 907 Descen-

2058 934 2179 987 dens
2205 935 2398 1000 videbo,
2428 952 2494 988 an
2520 938 2799 991 secundum
2839 940 3110 993 clamorem
3135 958 3306 996 eorum
3353 945 3444 1013 ﬁat
3489 944 3640 1014 (lien.

2059 1024 2145 1079 18.
2176 1025 2307 1091 2!);
2341 1035 2394 1080 et
2430 1042 2650 1094 rursus,
2696 1027 2816 1082 Non
2863 1040 3021 1100 potest
3052 1030 3189 1086 Deus
3230 1036 3363 1103 ferre
3387 1036 3506 1088 uitia
3550 1035 3642 1088 ho-

2058 1118 2251 1170 minum
2297 1134 2316 1170 :
2373 1118 2668 1189 Scriptura,
2702 1120 2941 1190 inquam,
2988 1122 3167 1176 divina
3217 1125 3309 1177 ira:
3355 1127 3645 1182 ostendens

2057 1210 2476 1279 magnitudinem
2512 1237 2526 1265 ι
2560 1214 2728 1267 multo
2776 1215 2944 1283 magis
2993 1214 3060 1268 de
3106 1215 3321 1269 Christo
3346 1218 3433 1287 qui
3475 1231 3558 1274 est
3591 1220 3644 1272 in

2058 1313 2222 1354 carne
2290 1315 2479 1370 passus
2536 1301 2650 1355 th-c
2688 1302 2958 1357 dicuntur.
3008 1303 3139 1357 Nam
3182 1307 3433 1374 quoniam
3491 1309 3645 1364 multi

2059 1390 2304 1447 homines
2326 1389 3048 1464 existimitntexperientiam
3072 1412 3195 1452 esse
3234 1400 3483 1453 omnibus
3510 1401 3643 1455 lide-

2058 1484 2247 1540 liorem
2269 1485 2345 1539 .ad
2389 1488 2774 1557 cognitionem,
2805 1489 2914 1542 vult
2942 1490 3228 1545 ostendere
3256 1505 3403 1557 eum,
3446 1496 3534 1561 qui
3564 1502 3647 1548 est

2058 1590 2268 1645 passus,
2324 1592 2484 1632 nosse
2525 1580 2651 1648 quid
2698 1580 2929 1648 patiatur
2973 1581 3203 1637 liuntana
3237 1593 3445 1639 natura.
3500 1585 3647 1639 Unde

2057 1670 2238 1739 fratres
2283 1672 2463 1725 sancti.
2514 1670 2693 1737 Unde,
2742 1671 2794 1727 id
2835 1683 2950 1739 est,
3001 1684 3303 1743 pr0ptcrea.
3362 1675 3646 1731 Vocationis

2058 1760 2267 1812 ctrleslis
2294 1761 2585 1831 participes.
2620 1761 2758 1816 Nihil
2792 1762 2877 1817 hic
2904 1766 3193 1833 qumratis,
3225 1766 3269 1820 si
3316 1767 3444 1821 illuc
3474 1768 3648 1821 vocati

2058 1850 2224 1902 estis:
2260 1850 2365 1904 illic
2407 1864 2490 1905 est
2520 1867 2761 1919 merces,
2794 1853 2903 1908 illic
2929 1856 3310 1910 remuneratio.
3342 1856 3479 1922 Quid
3517 1869 3646 1909 vero

2059 1939 2173 1991 est?
2191 1938 2513 1992 Considerate
2533 1943 2814 2010 apostolum
2828 1951 2873 1995 et
2892 1945 3179 2012 pontiﬁcem
3207 1947 3537 2015 confessionis
3552 1964 3647 2000 tta-

2058 2037 2177 2081 strue
2194 2026 2368 2081 Jesum
2401 2028 2656 2083 Christum
2689 2045 2709 2082 :
2733 2031 2821 2099 qui
2851 2032 3016 2099 ﬁdelis
3042 2042 3112 2085 est
3152 2034 3198 2085 ei
3223 2034 3307 2101 qui
3334 2036 3448 2104 fecit
3477 2035 3647 2100 illaut,

2058 2120 2189 2173 sicut
2219 2130 2264 2173 et
2298 2120 2501 2191 Moyses
2528 2122 2578 2173 in
2611 2123 2747 2176 omni
2789 2122 2940 2176 domo
2964 2124 3095 2192 ejus.
3130 2124 3263 2190 Quid
3296 2134 3398 2189 est,
3449 2125 3549 2190 Qui
3577 2136 3649 2180 est

2061 2212 2229 2280 ﬁdelis
2249 2215 2292 2266 ei
2313 2214 2398 2283 qui
2421 2215 2537 2284 fecit
2558 2215 2702 2268 illum
2719 2214 2745 2268 ἔ)
2771 2215 2869 2281 Qui
2901 2215 3163 2283 providet,
3188 2217 3273 2285 qui
3297 2217 3408 2270 suis
3433 2227 3646 2287 praeest.

2061 2313 2115 2358 et
2145 2319 2249 2358 non
2280 2306 2409 2358 sinit
2439 2315 2492 2358 ut
2524 2316 2726 2361 temere
2758 2306 2998 2360 ferantur
3032 2315 3085 2360 et
3125 2316 3369 2375 agantur.
3419 2307 3566 2363 Sicut
3602 2319 3650 2362 et

2062 2394 2266 2465 Moyses
2292 2396 2344 2447 iu
2389 2396 2527 2448 omni
2556 2395 2705 2449 domo
2735 2398 2867 2463 ejus.
2900 2396 3011 2450 Hoc
3044 2406 3161 2460 est,
3189 2396 3506 2466 Cognoscite
3529 2398 3651 2468 quis

2063 2499 2117 2543 et
2146 2488 2447 2557 cnjnsmodi
2474 2490 2542 2543 sit
2568 2488 2826 2558 pontifex,
2858 2496 2912 2542 et
2950 2503 3055 2543 non
3091 2503 3225 2558 opus
3257 2489 3520 2544 habebitis
3547 2491 3647 2543 alia

2061 2581 2449 2645 consolatione,
2500 2595 2599 2635 nec
2652 2580 3050 2634 adhortatione.
3105 2581 3419 2648 Apostolum
3470 2589 3650 2635 autem

2063 2684 2217 2729 vocat
2247 2688 2312 2728 co
2337 2672 2478 2743 quod
2524 2678 2597 2727 sit
2624 2672 2853 2736 missus;
2885 2681 2939 2725 et
2968 2670 3271 2741 pontiﬁcem
3298 2671 3652 2726 confessionis

2062 2773 2284 2825 nostra).
2316 2764 2417 2817 hoc
2461 2772 2576 2825 est,
2625 2762 2766 2816 ﬁdci.
2798 2761 2964 2816 Recte
3015 2760 3171 2824 dixit,
3221 2760 3366 2815 Sicut
3405 2760 3652 2831 Moyses;

2063 2862 2186 2902 nam
2213 2858 2264 2901 et
2293 2847 2417 2900 huic
2443 2849 2579 2900 sicut
2603 2847 2672 2900 illi
2708 2848 2806 2904 fuit
2833 2850 3120 2905 commissa
3155 2851 3332 2919 p0pnli
3359 2851 3649 2920 praefectu-

2061 2961 2117 2999 ra
2142 2952 2199 3000 et
2222 2944 2615 2999 administratio
2639 2985 2656 3012 ,
2683 2946 2777 3001 sed
2811 2947 3000 3014 utajor,
3034 2955 3089 3001 et
3139 2947 3190 3000 in
3220 2946 3379 3002 rebus
3427 2947 3649 3017 majori-

2060 3035 2176 3090 bus.
2207 3035 2419 3107 Moyses
2447 3038 2589 3091 enim
2621 3046 2678 3091 ut
2716 3038 2944 3092 famulus
2967 3046 3078 3092 erat
3105 3053 3120 3103 ;
3182 3036 3428 3093 Christus
3469 3050 3527 3093 ut
3557 3039 3648 3094 Fi-

2060 3126 2162 3181 lius
2194 3144 2210 3183 :
2243 3127 2332 3181 ille
2360 3127 2596 3192 alienos,
2631 3128 2719 3182 hic
2764 3143 2890 3183 suos
2941 3128 3179 3182 curabat.
3214 3127 3280 3181 1η
3311 3130 3649 3183 testimonium

2059 3233 2230 3270 eorum
2282 3235 2395 3288 qute
2438 3219 2653 3273 dicenda
2680 3230 2844 3273 erant.
2897 3220 3032 3286 Quid
3063 3219 3232 3273 dicis?
3286 3222 3649 3276 testimonium

2059 3309 2336 3365 hominum
2386 3312 2527 3366 Deus
2573 3312 2804 3382 accipit?
2849 3312 3097 3367 Maxime.
3157 3311 3212 3367 Si
3261 3313 3404 3366 enim
3458 3314 3649 3369 emtum

2058 3410 2285 3457 testatur
2314 3412 2367 3457 et
2394 3411 2590 3458 terram
2620 3415 2674 3458 et
2719 3404 2885 3458 colles
2904 3445 2918 3468 ,
2952 3403 3137 3458 dicens
3166 3419 3265 3474 pcr
3306 3404 3646 3474 prophetam,

2056 3493 2187 3547 Audi
2239 3494 2442 3561 celum,
2489 3505 2534 3548 et
2564 3497 2794 3549 ausculta
2821 3505 2976 3560 terra,
3001 3497 3239 3566 quoniam
3279 3495 3532 3553 Dominus
3571 3502 3650 3552 lo-

2056 3592 2239 3651 quutus
2268 3594 2380 3649 est;
2432 3595 2509 3652 et,
2541 3586 2722 3640 Audite
2748 3586 2927 3651 ualles,
2961 3587 3290 3657 fundamenta
3320 3600 3467 3642 terra:
3493 3588 3646 3658 (lsai.

2056 3673 2107 3726 l.
2139 3674 2196 3727 2.
2252 3674 2413 3729 Mich.
2445 3676 2500 3732 6.
2530 3676 2611 3746 ‘2),
2641 3693 2891 3745 quoniam
2918 3677 3181 3745 judicium
3211 3686 3295 3732 est
3322 3678 3549 3732 Domino
3578 3679 3648 3733 ad

2062 3767 2315 3836 populum
2346 3783 2500 3823 suum
2535 3785 2551 3824 :
2581 3771 2750 3825 multo
2779 3772 2946 3840 magis
2975 3770 3239 3825 homines.
3273 3770 3408 3836 Quid
3436 3779 3547 3836 est,
3579 3770 3648 3827 In

2056 3861 2444 3914 testimonium?
2476 3862 2584 3916 lloc
2616 3872 2720 3929 est,
2753 3872 2808 3916 ut
2856 3862 2963 3916 sint
2990 3872 3154 3917 testes
3174 3904 3189 3929 ,
3219 3863 3432 3932 quando
3460 3864 3556 3934 ipsi
3588 3879 3648 3919 se

2058 3948 2394 4018 impudenter
2425 3954 2692 4021 gesserint
2726 3969 2739 4005 :
2791 3952 3039 4007 Christus
3066 3969 3193 4007 vero
3243 3964 3511 4024 tamquam
3556 3956 3645 4010 Fi-

2057 4039 2181 4094 lius.
2213 4040 2344 4095 Nam
2393 4042 2483 4097 ille
2512 4043 2727 4113 quidem
2760 4053 2919 4099 curat
2947 4043 3186 4109 alienos,
3225 4044 3311 4100 hic
3340 4059 3467 4099 vero
3496 4061 3643 4103 suos.

2056 4131 2127 4187 Et
2168 4133 2519 4204 gloriationens
2546 4136 2672 4205 spei.
2722 4135 2889 4191 Recte
2932 4134 3089 4202 dixit,
3135 4136 3280 4207 Spei,
3308 4137 3560 4207 quoniam
3594 4138 3648 4192 ist

2054 4238 2151 4294 spe
2180 4225 2358 4279 omnia
2403 4235 2559 4281 erant
2587 4226 2752 4282 bona.
2783 4227 2874 4283 Sic
2903 4238 3081 4281 autem
3112 4242 3230 4282 eam
3261 4237 3476 4295 oportet
3514 4229 3645 4284 reti-

2059 4333 2208 4382 nere.
2259 4326 2317 4373 ut
2356 4318 2465 4387 jam
2495 4318 2791 4389 gloriemur
2819 4328 3090 4389 tamquam
3134 4319 3204 4373 ob
3249 4334 3310 4373 ea
3346 4334 3467 4390 quae
3512 4319 3645 4374 facta

2056 4419 2200 4465 sunt.
2233 4411 2524 4480 Propterea
2552 4411 2683 4466 dicit
2701 4413 3091 4476 ,Cloriationem
3115 4412 3242 4480 spei,
3272 4420 3326 4466 et
3352 4412 3644 4481 subjungit.

2057 4500 2135 4553 Ad
2158 4502 2308 4568 ﬁnem
2339 4502 2538 4570 ﬁrmam
2567 4503 2871 4555 retineamus
2902 4516 2921 4553 :
2948 4515 3070 4554 nam
3097 4514 3193 4569 spe
3222 4499 3359 4554 salvi
3395 4499 3520 4556 facti
3550 4516 3644 4556 ω-

2057 4609 2197 4648 mus.
2232 4592 2286 4648 Si
2317 4606 2448 4661 ergo
2469 4606 2566 4661 spe
2598 4592 2729 4647 salvi
2763 4591 2885 4646 facti
2930 4604 3137 4656 sumus,
3171 4599 3225 4644 et
3266 4606 3362 4661 per
3409 4591 3645 4647 toleran-

2058 4685 2184 4740 tiam
2211 4692 2610 4754 exspcctamus.
2646 4698 2713 4738 ne
2744 4693 2966 4754 propter
2994 4693 3278 4753 praesentia
3310 4696 3545 4741 niterore
3570 4685 3649 4739 af-

2056 4776 2319 4841 ficiamur,
2371 4790 2545 4846 neque
2592 4774 2702 4845 jam
2752 4790 3057 4845 quaeramus
3106 4791 3227 4845 quae
3278 4783 3460 4844 postea
3522 4788 3649 4832 sunt

2059 4869 2336 4939 promissa.
2370 4867 2501 4939 Spes
2540 4868 2694 4933 enim,
2728 4868 2914 4939 inquit,
2938 4884 3052 4938 quae
3075 4868 3284 4931 videtur,
3309 4885 3414 4923 non
3438 4878 3510 4925 est
3535 4888 3648 4941 spes

2058 4960 2237 5030 (llam.
2270 4961 2324 5015 8.
2354 4959 2471 5030 Ἡ).
2521 4959 2652 5014 Nam
2677 4961 2929 5030 quoniam
2964 4959 3102 5013 bona
3140 4970 3266 5014 sunt
3310 4976 3522 5033 magna,
3560 4961 3648 5017 hic

2057 5064 2120 5106 ea
2170 5065 2279 5105 non
2308 5065 2591 5121 possumus
2617 5051 2865 5121 accipere
2908 5050 2958 5104 in
2990 5050 3095 5104 vita
3120 5050 3283 5117 ﬁuxa,
3313 5062 3367 5108 et
3397 5054 3450 5108 in
3487 5069 3646 5124 quam

2056 5141 2200 5198 cadit
2222 5143 2488 5199 interitus.
2526 5142 2769 5210 Quanam
2790 5156 2919 5210 ergo
2944 5140 3012 5196 de
3042 5156 3201 5197 causa
3224 5158 3285 5199 ea
3323 5144 3478 5199 nobis
3504 5159 3646 5214 prtu-

2058 5233 2213 5301 dixit,
2238 5248 2360 5289 cum
2406 5234 2492 5289 hic
2520 5249 2583 5288 ea
2612 5247 2717 5288 non
2748 5232 2819 5286 sit
2858 5231 3128 5288 daturus?
3169 5232 3239 5289 Ut
3290 5235 3649 5305 promissione

2058 5334 2266 5382 recreet
2294 5325 2531 5390 animos,
2562 5334 2619 5379 ut
2669 5324 2833 5379 animi
2881 5324 3211 5382 alacritatem
3262 5326 3544 5381 conﬁrmet
3584 5340 3647 5379 ac

2058 5419 2374 5474 corroboret
2402 5416 2813 5486 pollicitatione,
2843 5426 2901 5472 ut
2931 5428 3166 5474 mentem
3204 5426 3443 5472 nostram
3473 5418 3651 5487 erigat

2059 5520 2113 5565 ct
2140 5512 2357 5565 excitet.
2397 5508 2689 5577 PrOpterea
2721 5508 2863 5564 enim
2892 5510 3008 5565 haec
3036 5509 3214 5564 omnia
3244 5508 3381 5563 facta
3425 5518 3572 5565 sunt.

2134 5603 2187 5657 4.
2214 5600 2445 5672 [mprobi
2473 5598 2748 5671 aliquando
2775 5615 3012 5670 prospere
3038 5606 3194 5670 agunt
3219 5599 3273 5653 in
3301 5598 3397 5654 hac
3422 5600 3547 5655 uita.
3574 5630 3644 5641 —

2064 5692 2140 5751 Ne
2167 5707 2296 5768 ergo
2337 5693 2661 5749 turbemnr:
2703 5706 2862 5750 nemo
2908 5690 3305 5763 vidensmalos
3351 5692 3491 5749 bene
3534 5708 3645 5748 rem
