4088 6212
445 287 505 341 5|
1186 285 1240 342 S.
1282 285 1558 343 JOANNIS
1594 282 2064 343 CIIRYSOSTOMI
2105 285 2418 344 ARCHIEP.
2460 291 2988 352 CONSTANTINOP.
3661 299 3731 354 {‘2

463 384 613 424 suam
661 383 850 442 gerere
893 374 1265 432 eonturbetur.
1310 379 1426 435 Non
1463 381 1552 438 hic
1589 395 1671 440 est
1702 402 1874 460 neque
1903 391 2049 460 vitii,

461 476 637 532 neque
665 462 877 520 virtutis
914 471 1278 526 remuneratio
1308 489 1319 525 :
1351 473 1395 527 si
1429 477 1641 545 quando
1669 489 1847 536 autem
1879 483 1966 538 tiat
1995 495 2052 541 et

463 553 574 608 vitii
602 563 658 610 et
684 557 893 613 virtutis
923 562 1314 628 remuneratio,
1351 579 1456 620 non
1499 577 1676 624 tamen
1709 571 1764 625 fit
1806 588 1902 643 pro
1934 591 2035 632 me.

459 646 599 709 ritis,
629 649 722 704 sed
753 650 1090 708 Solummodo
1122 664 1387 726 tamquam
1427 670 1614 729 gustus
1637 663 1842 732 jndicii,
1874 677 1932 722 ut
1959 670 2046 737 qui

459 741 842 795 resurrectioni
869 744 1046 799 minus
1071 746 1319 814 credunt,
1352 750 1438 805 hic
1462 768 1674 824 quoque
1701 760 2044 828 castigentur.

456 828 683 896 Quando
703 848 829 901 ergo
857 833 1146 892 viderimus
1168 839 1484 895 sceleratum
1509 843 1749 913 divitem,
1778 865 1843 903 ne
1868 850 2047 905 animo

453 926 841 991 concidamus;
869 930 1082 996 quando
1113 932 1402 989 viderimus
1430 935 1626 993 bonum
1659 939 1795 995 male
1837 942 2045 1012 patien-

461 1027 603 1080 tem,
635 1035 703 1072 ne
729 1022 1116 1078 conturbemur
1145 1042 1159 1078 :
1188 1041 1310 1080 nam
1356 1027 1466 1083 illic
1505 1041 1630 1085 sunt
1657 1048 1870 1089 corona:
1891 1077 1906 1102 ,
1941 1037 2045 1093 illic

453 1109 737 1179 supplicia.
767 1113 1015 1184 Alioquin
1044 1126 1222 1174 autem
1252 1121 1365 1174 fieri
1395 1138 1500 1177 non
1531 1134 1705 1194 potest
1725 1169 1738 1190 ,
1764 1137 1820 1182 ut
1853 1139 1906 1185 et
1934 1147 2045 1186 ma-

454 1199 540 1292 lus
566 1200 635 1255 sit
661 1204 805 1256 omni
835 1219 901 1259 ex
933 1216 1082 1275 parte
1121 1209 1323 1277 malus,
1360 1212 1452 1266 sed
1487 1223 1659 1283 potest
1690 1217 1804 1286 ipse
1835 1236 2046 1292 quoque

438 1291 655 1349 habere
700 1295 836 1350 bona
881 1297 1097 1368 aiiqua;
1147 1315 1320 1372 neque
1361 1314 1418 1358 ut
1462 1307 1634 1364 bonus
1677 1309 1746 1364 sit
1791 1313 1935 1366 onmi
1964 1291 2046 1369 ex

453 1395 608 1454 parte
634 1387 825 1455 bonus,
852 1391 947 1444 sed
979 1401 1154 1460 potest
1181 1394 1341 1449 etiam
1367 1395 1484 1465 ipse
1507 1375 1706 1455 habere
1725 1401 1898 1470 aliqua
1925 1419 2048 1472 pec-

423 1487 594 1532 cata.
627 1481 851 1547 Quando
878 1497 1007 1552 ergo
1031 1499 1148 1538 rem
1182 1501 1332 1540 suam
1360 1487 1503 1543 bene
1538 1491 1674 1560 gerit
1716 1493 2007 1548 sceleratus
2029 1537 2042 1561 ,

453 1569 590 1624 scito
633 1569 735 1626 hoc
781 1573 998 1628 evenire
1043 1575 1096 1630 iu
1141 1577 1340 1631 malum
1383 1578 1500 1648 eius
1541 1581 1777 1650 capitis:
1807 1593 1861 1638 ut
1902 1585 2040 1640 enim

451 1674 744 1731 paucorum
785 1663 995 1719 illorum
1033 1665 1123 1721 hic
1163 1677 1380 1738 accepta
1427 1673 1891 1738 remuneratione,
1937 1675 2045 1730 illic

449 1754 648 1810 deinde
674 1755 913 1826 perfecte
949 1760 1218 1828 puniatur,
1247 1777 1308 1815 ea
1338 1762 1404 1818 de
1431 1778 1593 1820 causa
1621 1764 1708 1822 hic
1732 1767 1946 1838 accipit.
1977 1767 2045 1823 Et

453 1848 546 1902 ille
572 1857 658 1904 est
695 1850 929 1906 maxime
969 1852 1156 1907 beatus
1191 1855 1281 1923 qui
1325 1854 1414 1910 hic
1443 1855 1680 1925 punitur,
1708 1867 1769 1912 ut
1795 1859 2044 1914 omnibus

446 1937 712 2007 depositis
741 1942 974 2010 peccatis
995 1985 1008 2008 ,
1045 1944 1298 2012 probatus
1326 1945 1452 2003 hinc
1489 1947 1678 2015 abeat,
1703 1959 1759 2004 et
1797 1966 1964 2022 purus
1993 1961 2045 2006 ct

453 2024 582 2078 nulli
608 2025 779 2094 culpa:
805 2026 1002 2082 affinis.
1028 2027 1095 2082 Et
1121 2028 1223 2084 hoc
1249 2046 1347 2086 nos
1367 2031 1565 2087 Paulus
1591 2049 1800 2104 quoque
1821 2034 2040 2100 docens,

451 2113 579 2169 dicit
600 2131 615 2170 :
633 2114 912 2187 Propterea
937 2119 990 2172 in
1018 2119 1154 2175 vobis
1176 2122 1323 2175 multi
1349 2125 1527 2194 (egroti
1549 2133 1594 2178 et
1612 2125 1827 2194 inﬁrmi,
1852 2136 1898 2180 et
1921 2126 2041 2180 dor-

447 2205 612 2259 miunt
633 2209 907 2275 permulti;
928 2220 980 2264 et
1009 2226 1214 2273 rursus,
1241 2208 1452 2267 Tradite
1478 2214 1771 2284 Itujusmodi
1790 2217 2042 2271 hominem

451 2306 667 2360 satanrt',
695 2298 747 2352 in
773 2299 1033 2354 interitum
1058 2303 1248 2364 carnis,
1281 2314 1336 2356 ut
1365 2305 1576 2374 spiritus
1601 2306 1770 2361 salvus
1793 2308 1857 2361 sit
1885 2308 1936 2361 in
1965 2309 2045 2362 die

446 2386 542 2441 illo
566 2387 652 2457 (1.
670 2387 794 2442 Cor.
823 2389 914 2444 21.
945 2389 1032 2446 50.
1063 2401 1110 2446 et
1138 2392 1192 2449 5.
1220 2393 1302 2463 5).
1331 2393 1400 2448 Et
1430 2396 1684 2465 propheta
1711 2396 1860 2463 dicit,
1884 2397 2042 2452 Acce-

453 2481 532 2549 pit
554 2495 582 2532 e
598 2494 757 2532 manu
773 2481 982 2536 Domini
1001 2483 1226 2553 duplicia
1239 2491 1451 2548 peccata
1467 2482 1624 2549 (lsai.
1639 2484 1728 2538 40.
1747 2484 1823 2556 2);
1846 2493 1900 2540 et
1918 2501 2040 2540 rutr-

457 2584 554 2624 sus
579 2568 777 2633 David,
811 2569 940 2624 Vide
965 2571 1206 2623 inimicos
1239 2587 1379 2626 meos
1408 2575 1536 2643 quia
1555 2576 2040 2645 multiplicatisunt

455 2677 613 2731 super
629 2662 854 2732 capillos
873 2663 1065 2730 capitis
1085 2665 1270 2728 mei;et
1290 2665 1410 2717 odio
1431 2666 1609 2735 iniquo
1628 2667 1852 2722 oderunt
1875 2678 2039 2734 me;et

457 2753 854 2810 dimitteomnia
863 2765 1078 2824 peccata
1098 2755 1502 2828 mea(Psal.24.
1529 2759 1610 2814 19.
1635 2761 1818 2830 l-8);et
1838 2776 2038 2819 rursus

455 2848 614 2910 alius.
643 2845 856 2901 Domine
884 2846 1017 2900 Deus
1045 2858 1236 2914 noster,
1266 2864 1440 2916 parem
1470 2851 1536 2904 da
1560 2852 1708 2908 nobis
1743 2868 1760 2907 :
1786 2869 1902 2907 nam
1929 2871 2044 2908 om-

461 2944 548 3001 nia
585 2945 846 3001 reddidisti
889 2943 1032 2998 nobis
1057 2944 1075 3013 (
1097 2941 1224 2997 Issi.
1261 2941 1349 2998 26.
1383 2941 1512 3012 12).
1543 2941 1648 2998 Sed
1681 2943 1793 2996 haec
1826 2942 2040 3014 quidem

461 3047 587 3094 sunt
609 3036 940 3093 ostendentis
971 3035 1138 3090 bonos
1163 3033 1249 3088 hic
1268 3047 1455 3104 ptenas
1478 3034 1624 3088 luere
1650 3047 1748 3102 pro
1770 3033 2038 3103 peccatis:

460 3129 605 3202 quod
630 3139 807 3184 autem
848 3127 973 3183 mali
1014 3125 1225 3197 plurimi
1265 3124 1354 3180 hic
1399 3124 1722 3194 accipientes
1759 3125 1896 3178 bona
1937 3123 2044 3178 illic

463 3221 700 3288 mdeste
730 3219 1034 3289 puniantur,
1067 3216 1192 3271 audi
1236 3215 1503 3270 Abraham
1544 3216 1808 3269 dicentem
1835 3212 1988 3268 diviti
2025 3229 2040 3267 :

465 3313 717 3384 Recepisti
742 3313 871 3366 bona
897 3321 982 3364 tua
1009 3311 1062 3362 in
1085 3312 1186 3363 vita
1211 3317 1317 3374 tua,
1339 3316 1386 3362 et
1408 3306 1634 3360 Lazarus
1658 3306 1886 3359 similiter
1906 3303 2043 3358 mala

460 3407 477 3471 (
515 3404 642 3457 Luc.
677 3404 766 3458 16.
797 3402 869 3457 25
898 3402 938 3471 ).
971 3399 1226 3468 Quaenam
1282 3398 1457 3452 bona?
1487 3397 1680 3451 Dicens
1748 3395 1858 3457 hic,
1879 3395 2042 3450 Rece-

468 3497 605 3563 pisti,
637 3510 743 3549 non
774 3503 972 3556 autem,
1001 3491 1288 3559 Accepisti,
1311 3488 1542 3545 ostendit
1569 3497 1852 3557 utrumque
1881 3486 2044 3542 fuisse

460 3588 712 3644 aifectum
735 3600 830 3656 pro
849 3583 1050 3650 debito,
1075 3591 1128 3639 et
1151 3582 1297 3636 illum
1323 3581 1407 3637 cui
1430 3579 1646 3635 fuerunt
1665 3594 1750 3634 res
1773 3577 2040 3644 secundm,

461 3690 518 3733 et
549 3681 690 3734 hunc
720 3677 805 3733 cui
833 3677 1108 3740 adversae;
1139 3684 1193 3730 et
1218 3674 1349 3730 dicit
1379 3691 1392 3728 :
1425 3673 1712 3742 Propterea
1744 3670 1843 3725 Hic
1868 3687 2045 3725 conso—

464 3771 700 3825 lationem
731 3770 812 3824 In'c
837 3769 1019 3840 accipit
1047 3784 1067 3823 :
1089 3767 1240 3822 vides
1267 3766 1409 3820 enim
1435 3779 1556 3819 eum
1587 3778 1708 3818 esse
1734 3763 1988 3817 mundum
2013 3776 2044 3815 a

463 3860 727 3932 peccatis;
753 3870 807 3914 tu
825 3877 943 3916 vero
971 3859 1232 3915 cruciaris.
1257 3857 1331 3912 Ne
1353 3872 1482 3927 ergo
1509 3855 1686 3910 tristes
1711 3855 1900 3920 simus,
1922 3868 2044 3908 cum

464 3955 756 4009 viderimus
780 3963 1091 4022 peccatores
1118 3951 1206 4006 hic
1226 3950 1380 4006 bonis
1401 3949 1543 4003 allici
1564 3965 1578 4014 ;
1601 3947 1694 4004 sed
1717 3946 1926 4017 quando
1949 3959 2044 4001 nos

463 4043 568 4112 ipsi
597 4045 734 4098 male
761 4042 1013 4111 patimur,
1044 4043 1325 4095 laetemur:
1359 4055 1421 4094 ea
1449 4039 1590 4094 enim
1619 4053 1707 4094 res
1733 4033 1817 4092 est
1856 4051 2045 4105 pecca-

465 4144 640 4188 torum
689 4131 972 4187 exsolutio.
1021 4131 1097 4184 Ne
1139 4144 1442 4199 quaeramus
1503 4129 1735 4198 quietem
1763 4126 2046 4182 :Christus

461 4227 607 4280 enim
636 4223 979 4278 afﬂictionem
1013 4221 1258 4291 promisit
1285 4219 1399 4274 suis
1429 4219 1704 4288 discipulis
1733 4237 1746 4272 :
1773 4227 1826 4272 et
1854 4217 2046 4273 Paulus

462 4317 616 4380 dicit,
647 4314 834 4369 Omnes
855 4315 939 4382 qui
967 4314 1048 4382 pie
1071 4312 1243 4366 potant
1268 4311 1431 4365 vivere
1456 4311 1511 4364 in
1540 4309 1740 4364 Christo
1763 4308 1908 4374 Iesu,
1935 4325 2047 4378 per-

464 4407 808 4478 sequutioaem
836 4405 1094 4477 patientur
1125 4401 1212 4474 (2.
1246 4401 1381 4456 Tim.
1422 4401 1474 4456 3.
1510 4401 1631 4471 12).
1673 4400 1857 4456 Nullus
1896 4400 2047 4456 fortis

463 4502 665 4557 athleta
696 4500 748 4554 in
778 4498 1073 4554 certamine
1099 4495 1292 4568 qumrit
1321 4495 1529 4551 lavacra
1552 4537 1567 4562 ,
1593 4505 1650 4551 et
1685 4509 1923 4550 mensam
1954 4509 2044 4549 re-

465 4596 662 4664 pletam
694 4591 826 4646 cibis
851 4600 906 4646 et
941 4590 1066 4644 vino
1096 4605 1109 4643 :
1142 4587 1246 4642 hoc
1273 4603 1379 4642 non
1419 4597 1502 4643 est
1531 4587 1747 4642 athletis
1768 4628 1782 4653 ,
1825 4585 1918 4641 sed
1944 4585 2046 4640 viri

463 4687 643 4742 mollis
667 4696 722 4740 et
745 4682 1035 4739 ell'eminati
1062 4699 1075 4735 :
1110 4695 1232 4735 nam
1260 4679 1458 4735 athleta
1488 4688 1688 4749 pugnat
1710 4693 1834 4734 cum
1865 4679 2048 4747 pulve-

466 4794 547 4841 re,
575 4778 719 4841 oleo,
749 4775 928 4830 calore
953 4772 1108 4835 radii,
1139 4786 1262 4826 cum
1296 4770 1462 4825 nmlto
1488 4770 1704 4837 sudore,
1733 4769 2042 4835 afﬂictione,

466 4879 522 4923 et
560 4870 798 4940 angustia
837 4864 1164 4923 certaminis.
1212 4863 1323 4918 Hoc
1364 4872 1446 4918 est
1490 4871 1700 4933 tempus
1740 4859 2045 4932 pugnandi;

468 4975 599 5030 ergo
623 4970 679 5015 et
702 4963 921 5016 vulnera
949 4957 1267 5028 accipiendi,
1296 4966 1350 5013 et
1376 4957 1689 5028 sanguinem
1715 4956 2047 5022 effuttidetidi,

469 5061 524 5106 et
547 5049 783 5107 dolendi.
812 5051 946 5105 Audi
967 5051 1092 5122 quid
1109 5049 1255 5105 dicat
1280 5049 1468 5106 beatus
1489 5049 1682 5104 Paulus
1706 5067 1718 5102 :
1745 5049 1836 5105 Sic
1855 5065 2046 5120 pugno,

470 5158 571 5197 non
603 5151 856 5209 tamquam
884 5156 1049 5195 aerem
1073 5143 1336 5197 verberans
1365 5141 1439 5214 (1.
1470 5139 1587 5196 Cor.
1616 5139 1668 5194 9.
1701 5139 1813 5209 26).
1857 5139 2053 5195 Existi-

472 5247 680 5289 memus
727 5238 892 5285 totam
924 5229 1084 5287 vitam
1122 5248 1242 5290 esse
1270 5234 1337 5289 ad
1367 5245 1636 5290 certamen
1670 5233 2042 5298 constitutam,

463 5325 520 5371 et
547 5331 834 5388 numquam
865 5331 1166 5386 quaeremus
1193 5321 1458 5392 requiem,
1489 5336 1800 5393 numquam,
1831 5323 1880 5379 si
1907 5323 2044 5379 aflli-

463 5421 672 5474 gamur,
701 5407 899 5477 aliquid
931 5407 1052 5462 novi
1078 5416 1135 5464 et
1161 5409 1320 5466 alieni
1351 5413 1504 5467 nobis
1531 5413 1791 5469 accidisse
1830 5415 2039 5484 putabi-

464 5514 581 5552 mus
607 5517 620 5554 :
645 5501 907 5570 siquidem
935 5515 1108 5572 neque
1135 5501 1279 5572 pugil
1304 5505 1501 5573 aliquid
1531 5505 1652 5561 novi
1676 5515 1730 5560 et
1759 5504 1919 5562 alieni
1941 5505 2041 5561 sibi

464 5597 615 5656 putat
653 5592 912 5647 accidisse
931 5633 947 5656 ,
975 5591 1189 5662 quando
1215 5602 1296 5648 est
1338 5592 1390 5648 in
1419 5597 1730 5651 certamine.
1775 5595 1934 5651 Aliud
1963 5606 2042 5650 est

468 5687 676 5749 tempus
700 5682 893 5751 quietis
924 5702 935 5737 :
966 5699 1062 5756 per
1085 5683 1428 5743 aiﬂictiouem
1459 5702 1558 5744 nos
1595 5698 1805 5760 oportet
1834 5686 2039 5760 perlici.

2137 400 2356 455 Etiamsi
2389 415 2495 455 non
2523 400 2592 456 sit
2618 399 2981 473 persequutio,
3004 415 3102 455 nec
3126 397 3364 466 afﬂictio,
3383 407 3507 456 sunt
3529 407 3710 454 tamen

2135 491 2252 545 alia:
2275 490 2612 557 afﬂictiones,
2641 507 2758 562 qua:
2781 491 2936 547 nobis
2961 491 3196 562 quotidie
3220 489 3467 546 accidunt
3491 507 3506 547 :
3530 489 3574 544 si
3598 489 3712 545 haec

2134 595 2310 640 autem
2339 601 2443 638 non
2472 583 2712 646 ferimus.
2746 585 2830 640 vix
2871 586 2988 640 illas
3019 585 3315 640 tulerimus.
3347 583 3596 650 Tentatio,
3626 585 3711 639 in-

2134 675 2278 744 quit,
2310 691 2397 730 vos
2425 693 2524 730 non
2553 677 2933 746 apprehendat,
2975 677 3071 730 nisi
3109 677 3330 730 humana
3359 675 3443 745 (1.
3473 675 3592 730 Cor.
3623 676 3710 732 10.

2139 767 2250 836 15).
2277 767 2443 821 Deum
2470 783 2598 837 ergo
2624 783 2860 833 oremus,
2885 785 2951 822 ne
2972 768 3230 823 intremus
3253 768 3304 821 in
3328 767 3673 822 tcntationem
3697 788 3710 822 :

2136 855 2216 909 sin
2259 865 2434 910 autem
2478 855 2851 913 intraverimus
2877 899 2892 924 ,
2928 857 3048 911 forti
3085 857 3261 912 animo
3295 856 3547 913 feramus.
3581 856 3714 913 Nam

2137 947 2264 1002 illud
2296 949 2508 1018 quidem
2536 960 2618 1003 est
2646 949 2881 1002 virorum
2910 949 3205 1018 sapientum
3238 957 3292 1002 et
3317 949 3714 1004 moderatorum

2137 1053 2196 1092 se
2226 1039 2276 1091 in
2311 1037 2542 1108 pericula
2575 1053 2679 1092 non
2711 1049 2911 1093 temere
2951 1037 3208 1107 injicere;
3246 1039 3348 1093 hoc
3386 1046 3562 1093 autem
3600 1038 3717 1093 for-

2139 1131 2269 1184 tium
2297 1139 2352 1184 et
2381 1129 2840 1199 philosophorum,
2877 1129 3102 1184 firmiter
3132 1139 3294 1194 stare,
3325 1130 3370 1184 si
3400 1129 3715 1185 incidamus.

2139 1220 2320 1290 Neque
2349 1236 2475 1291 ergo
2502 1236 2598 1275 nos
2627 1229 2827 1275 temere
2852 1220 3232 1290 projiciamus;
3264 1228 3346 1274 est
3374 1219 3517 1275 enim
3552 1221 3719 1274 auda-

2138 1314 2236 1370 cia:
2261 1324 2315 1370 et
2341 1314 2659 1370 temeritatis
2691 1331 2704 1367 :
2738 1329 2909 1386 neque
2935 1315 2981 1368 si
3010 1313 3285 1378 ducamur,
3315 1329 3414 1368 nos
3439 1314 3598 1369 rebus
3628 1329 3721 1368 m-

2140 1408 2384 1462 cantilms
2410 1407 2699 1473 cedamus;
2731 1415 2814 1463 est
2839 1407 2979 1462 enim
3009 1405 3337 1473 timiditatis;
3367 1405 3462 1462 sed
3491 1407 3534 1460 si
3569 1416 3722 1462 vocet

2141 1499 2354 1569 quidem
2401 1498 2706 1568 prazdicatio
2726 1540 2740 1562 ,
2779 1514 2885 1552 non
2914 1511 3256 1562 recusemus;
3287 1497 3332 1551 si
3360 1512 3488 1552 vero
3517 1511 3624 1550 non
3652 1497 3724 1551 sit

2143 1606 2324 1658 causa,
2349 1607 2446 1646 nec
2466 1607 2596 1647 usus
2623 1591 2876 1663 postulet,
2905 1607 3003 1647 nec
3029 1591 3319 1646 necessitas
3339 1589 3723 1646 convenienter

2144 1683 2326 1752 pietati
2350 1699 2448 1738 nos
2469 1693 2642 1750 vocet,
2675 1700 2780 1738 non
2816 1695 3016 1739 temere
3043 1699 3422 1754 procurramns
3447 1698 3461 1747 ;
3491 1698 3550 1737 ea
3579 1684 3721 1736 enim

2145 1787 2232 1828 res
2256 1781 2340 1828 est
2364 1774 2650 1828 ostentatio
2668 1815 2684 1840 ,
2715 1781 2769 1828 et
2796 1774 2969 1828 inanis
2994 1789 3055 1828 ac
3077 1787 3475 1843 supervacanea
3506 1771 3724 1826 honoris

2146 1864 2421 1934 appetitio.
2464 1865 2558 1920 Sin
2603 1875 2780 1920 autem
2826 1865 3096 1935 quidpiam
3139 1865 3334 1919 factum
3382 1865 3539 1921 fuerit
3583 1866 3725 1936 quod

2149 1956 2304 2011 hedat
2323 1958 2594 2027 pietatem,
2625 1957 2832 2012 etiamsi
2854 1966 3097 2026 oporteat
3123 1958 3269 2012 mille
3297 1966 3495 2013 mortes
3520 1957 3726 2024 subire,

2149 2050 2283 2105 nihil
2313 2066 2640 2106 recusemus.
2669 2051 2744 2106 Ne
2773 2066 3028 2121 provoces
3060 2052 3408 2116 tcntationes,
3438 2051 3480 2104 si
3509 2067 3572 2105 ex
3600 2061 3727 2105 voto

2151 2141 2244 2196 tibi
2272 2142 2522 2211 procedat
2557 2142 2724 2211 pietas
2756 2157 2887 2197 :cur
2911 2157 3306 2212 supervacanea
3336 2141 3560 2197 attrahis
3591 2144 3730 2212 peri-

2153 2235 2292 2300 cula,
2323 2249 2438 2302 qum
2467 2234 2599 2288 lucri
2633 2233 3052 2288 nibil'sfierunt?

2213 2320 2271 2377 5.
2304 2316 2408 2372 Pro
2433 2318 2617 2388 pietate
2645 2312 2813 2367 omnia
2842 2310 3179 2378 suscipienda.
3206 2335 3275 2346 —
3301 2306 3426 2362 “tce
3450 2304 3572 2360 dico
3593 2344 3608 2369 ,
3636 2316 3728 2357 vo-

2145 2412 2261 2466 lens
2303 2421 2400 2463 vos
2442 2419 2658 2461 servare
2703 2403 2847 2472 leges
2889 2397 3120 2464 Christi,
3152 2398 3244 2467 qui
3279 2397 3430 2466 jubet
3465 2409 3619 2449 orare
3657 2408 3725 2447 ne

2144 2500 2355 2556 intretis
2385 2499 2437 2554 in
2467 2496 2816 2552 tcntationern
2841 2533 2856 2559 ,
2898 2501 2951 2544 et
2989 2489 3138 2560 jubet
3173 2496 3386 2557 accepta
3416 2500 3573 2541 cruce
3603 2499 3725 2539 eum

2145 2593 2316 2665 sequi.
2339 2591 2467 2647 Hzec
2487 2589 2682 2659 quippe
2705 2601 2811 2640 non
2839 2591 2962 2639 sunt
2986 2580 3273 2645 contraria,
3304 2578 3397 2634 sed
3423 2577 3577 2632 valde
3597 2591 3730 2631 con-

2146 2693 2342 2756 gruunt
2363 2697 2425 2736 ac
2445 2679 2786 2736 conveniunt.
2815 2675 2946 2730 Nam
2971 2684 3024 2727 tu
3053 2672 3287 2742 quidem,
3313 2685 3430 2724 cum
3457 2679 3724 2738 tamquam

2147 2775 2303 2832 miles
2330 2773 2484 2828 fortis
2509 2781 2561 2826 te
2592 2769 2798 2840 pararis
2823 2775 2876 2822 et
2903 2763 3250 2829 instruxeris,
3280 2771 3395 2816 esto
3425 2759 3640 2814 assidue
3666 2758 3722 2813 iu

2147 2867 2332 2930 amns,
2359 2864 2593 2929 sobrius,
2624 2860 2868 2931 vigilans,
2902 2858 3107 2911 hostem
3139 2867 3346 2923 semper
3372 2859 3724 2921 exspectans;

2147 2957 2288 3013 bella
2313 2965 2493 3010 autem
2517 2967 2587 3007 ne
2619 2964 2866 3022 procrees
2899 2966 2912 3001 :
2945 2945 3050 3001 hoc
3086 2945 3227 3000 enim
3260 2957 3364 2998 non
3395 2950 3477 2997 est
3504 2939 3724 3005 militis,

2147 3049 2240 3106 sed
2268 3047 2529 3103 seditiosi.
2554 3045 2648 3100 Sin
2675 3051 2852 3098 autem
2880 3050 2932 3095 te
2951 3037 3298 3094 vocarittuba
3326 3035 3557 3106 pietatis,
3586 3033 3728 3088 illico

2147 3138 2403 3210 egredere
2427 3178 2442 3204 ,
2471 3145 2524 3192 et
2561 3135 2790 3188 animam
2822 3131 3037 3200 despice
3057 3170 3072 3196 ,
3099 3137 3155 3184 et
3181 3141 3304 3181 cum
3343 3139 3532 3194 magna
3563 3121 3726 3176 animi

2143 3229 2417 3285 alacritate
2447 3224 2738 3281 certamina
2771 3221 3060 3292 aggredere
3078 3259 3092 3282 ,
3135 3216 3401 3288 perfringe
3430 3213 3596 3268 aciem
3626 3210 3728 3266 ad-

2144 3319 2544 3385 versariorum,
2591 3315 2790 3371 diaboli
2842 3314 3046 3367 vultum
3094 3308 3381 3366 conscinde
3406 3349 3422 3374 ,
3469 3316 3724 3376 tropaeum

2145 3413 2311 3482 erige.
2356 3410 2450 3465 Sin
2494 3387 2670 3462 autem
2718 3405 2848 3459 nihil
2890 3403 3112 3458 laedatur
3144 3402 3346 3471 pietas,
3375 3411 3549 3468 neque
3576 3395 3724 3466 quis-

2143 3518 2303 3574 quam
2335 3509 2516 3556 nostra
2543 3495 2828 3551 labefactet
2853 3493 3119 3563 dogmata,
3149 3489 3310 3560 quod,
3340 3490 3574 3558 inquam,
3604 3484 3728 3540 atti-

2146 3602 2239 3650 net
2271 3591 2337 3647 ad
2381 3590 2642 3653 animam,
2686 3600 2857 3655 neque
2884 3584 3171 3654 quidquam
3211 3581 3419 3650 cogaris
3458 3577 3635 3632 facere
3661 3591 3727 3629 ex

2142 3683 2212 3741 iis
2237 3697 2355 3752 qua:
2381 3681 2491 3735 Deo
2516 3693 2620 3733 non
2644 3677 2875 3747 placent,
2908 3689 2976 3728 ne
3001 3684 3429 3742 supervacaneus
3467 3668 3532 3722 sit
3579 3666 3728 3720 labor

2146 3785 2289 3832 tuus.
2315 3771 2538 3844 Oportet
2563 3767 2856 3825 Christiani
2882 3767 3041 3822 vitam
3069 3779 3189 3820 esse
3215 3764 3424 3833 plenam
3447 3760 3724 3830 sanguine,

2143 3869 2423 3942 sanguine,
2453 3868 2690 3936 inquam,
2721 3878 2826 3917 non
2852 3862 2903 3914 in
2933 3857 3204 3913 fundendo
3231 3856 3423 3918 alieno,
3453 3853 3548 3908 sed
3578 3853 3630 3906 in
3661 3865 3728 3906 eo

2143 3963 2286 4033 quod
2329 3961 2403 4015 sis
2448 3965 2665 4028 paratus
2709 3963 2853 4008 tuum
2893 3949 3190 4007 effundere.
3234 3945 3366 4002 Cum
3415 3952 3558 4000 tanta
3600 3957 3727 4012 ergo

2145 4052 2310 4107 animi
2361 4049 2634 4104 alacritate
2680 4044 2952 4115 proprium
2999 4039 3309 4109 sanguinem
3358 4035 3724 4097 etl‘nndamns,

2143 4140 2358 4214 quando
2389 4139 2490 4192 hoc
2515 4137 2676 4190 fuerit
2703 4147 2798 4204 pro
2824 4131 3058 4192 Christo,
3085 4142 3206 4184 cum
3227 4133 3423 4197 quanta
3447 4125 3725 4194 quisquam

2144 4245 2335 4302 aquam
2362 4225 2613 4284 ell'nderit
2640 4223 2860 4293 (etenim
2895 4235 3030 4290 aqua
3057 4229 3142 4274 est
3172 4215 3385 4285 sanguis
3413 4214 3504 4284 qui
3533 4226 3728 4280 corpus

2144 4317 2511 4391 circumluit),
2539 4327 2736 4374 etcum
2762 4326 2905 4369 tanta
2933 4312 3184 4367 facilitate
3208 4321 3423 4363 carnem
3446 4316 3725 4366 exuamus,

2143 4429 2266 4472 eum
2306 4419 2501 4484 quanta
2545 4416 2767 4465 vestem.
2814 4405 2929 4461 Hoc
2969 4411 3146 4458 autem
3175 4399 3315 4465 erit,
3345 4397 3388 4451 si
3421 4411 3527 4451 non
3559 4395 3729 4450 simus

2143 4505 2341 4578 alligati
2374 4502 2633 4575 pecuniis,
2663 4498 2709 4555 si
2739 4513 2845 4554 non
2873 4496 3209 4551 detineamur
3231 4489 3300 4544 ab
3329 4487 3552 4552 :edibus,
3637 4499 3730 4539 vo—

2144 4577 2346 4670 luptate
2369 4639 2383 4662 ,
2421 4612 2453 4651 a
2493 4592 2844 4666 prmsentibus
2883 4588 3153 4644 omnibus.
3193 4583 3248 4640 Si
3285 4581 3428 4638 enim
3463 4579 3552 4650 qui
3592 4577 3728 4632 hanc

2147 4691 2309 4744 vitam
2337 4687 2537 4758 degunt
2563 4684 2872 4747 militarem,
2904 4677 3154 4733 omnibus
3183 4672 3512 4736 renuntiant,
3545 4679 3728 4738 etquo

2146 4782 2346 4839 bellum
2370 4757 2645 4834 vocaverit
2673 4774 2783 4829 illic
2807 4772 3001 4826 adsunt
3027 4779 3082 4824 et
3115 4769 3217 4821 iter
3243 4765 3457 4826 ineunt,
3481 4771 3536 4816 et
3563 4757 3728 4814 alacri

2142 4876 2324 4930 animo
2349 4870 2528 4927 omnia
2557 4867 2786 4922 tolerant
2815 4883 2830 4913 ε
2857 4861 3025 4917 multo
3051 4859 3221 4928 magis
3249 4870 3345 4909 nos
3370 4896 3384 4920 ,
3415 4853 3502 4924 qui
3543 4865 3729 4905 sumus

2143 4965 2340 5023 Christi
2369 4963 2587 5025 milites,
2617 4959 2688 5015 ita
2715 4966 2928 5026 paratos
2957 4962 3011 5007 et
3037 4952 3323 5006 instructos
3346 4959 3468 5001 esse
3492 4948 3726 5013 oportet,

2142 5065 2198 5114 et
2222 5058 2391 5113 aciem
2421 5063 2630 5110 struere
2666 5049 2922 5104 adversus
2959 5043 3155 5098 bellum
3191 5039 3464 5094 vitiorum.
3503 5033 3618 5088 Non
3645 5038 3729 5086 est

2143 5164 2283 5206 nunc
2322 5141 2698 5216 persequutio,
2740 5148 2796 5194 et
2823 5136 2964 5192 absit
2998 5142 3057 5189 ut
3093 5133 3180 5195 sit,
3205 5141 3488 5198 umquam;
3521 5122 3730 5216 est

2143 5239 2286 5295 aliud
2310 5213 2528 5300 bellum,
2549 5229 2852 5302 cupiditatis
2874 5224 3238 5296 pecuniarum,
3261 5220 3467 5275 bellum
3492 5213 3724 5277 invidim,

2143 5331 2344 5386 bellum
2391 5329 2614 5382 aliarum
2659 5319 2821 5376 animi
2865 5314 3341 5388 perturbationum.
3381 5309 3494 5364 Hoc
3526 5306 3723 5388 bellum

2145 5429 2370 5472 narrans
2395 5413 2525 5468 dicit
2549 5407 2781 5465 Paulus:
2807 5387 2928 5458 Non
2956 5410 3028 5455 est
3055 5397 3202 5453 nobis
3224 5393 3516 5452 colluctatio
3544 5387 3727 5444 adrer-

2143 5524 2229 5562 sns
2253 5519 2455 5560 carnem
2480 5511 2527 5556 et
2556 5495 2850 5568 sanguinem
2879 5490 3092 5563 (Ephes.
3121 5489 3177 5544 6.
3212 5486 3302 5542 12.
3330 5483 3444 5553 ιι).
3472 5481 3584 5537 Hoc
3609 5478 3728 5535 bel-

2146 5597 2256 5650 lum
2286 5607 2501 5663 semper
2541 5591 2722 5645 instat.
2766 5585 3055 5654 Propterea
3082 5578 3197 5634 vult
3225 5591 3322 5633 nos
3350 5584 3504 5663 stare
3519 5584 3733 5663 semper

2148 5661 2422 5744 armatosi
2458 5683 2602 5740 State
2638 5693 2787 5750 ergo,
2817 5673 3023 5746 inquit,
3053 5668 3295 5727 succincti
3325 5681 3343 5722 :
3368 5661 3510 5735 quod
3544 5662 3728 5732 ipsum
