4036 6206
322 281 385 347 δι
1194 278 1257 338 IN
1298 278 1512 337 EPIST.
1545 279 1634 335 AD
1670 276 1899 336 ΙΙΕΒΒΑ

2000 277 2037 334 ὃ.
2077 276 2229 334 ων.
2270 275 2354 334 Ill.
2393 278 2623 335 HOMIL.
2659 279 2723 335 Υ.
3519 281 3585 334 εει

322 394 688 461 πλουτοῦντα,
710 395 786 469 μὴ
812 395 1249 467 καταπίπτωμεν
1269 417 1282 432 ο
1304 402 1433 455 ὅταν
1465 402 1666 474 ἴδωμεν
1697 400 1904 469 ἀγαθὸν

319 482 508 546 κακῶς
537 483 840 552 πάσχοντα,
872 481 947 553 μὴ
990 481 1348 554 θορυϐώμεθα
1367 503 1382 518 ·
1418 488 1537 539 ἐκεῖ
1559 488 1668 557 γὰρ
1705 489 1752 538 οἱ
1783 486 1905 538 στέ-

319 581 500 633 φανοι,
530 567 652 618 ἐκεῖ
675 565 770 617 καὶ
800 565 856 617 αί
888 564 1160 626 κολάσεις.
1185 568 1294 620 Kal
1321 567 1497 632 άλλως
1528 569 1585 622 δὲ
1619 568 1719 622 οὐκ
1757 567 1904 620 ἐστιν

319 646 445 701 οὔτε
486 647 584 700 τὸν
635 647 830 714 κακὸν,
863 648 1041 719 πάντῃ
1072 643 1214 701 εἶναι
1257 653 1430 704 κακὸν
1477 651 1594 705 ἀλλ’
1621 652 1738 704 ἔστι
1779 651 1904 704 τινά

318 733 464 803 ἔχειν
488 732 658 785 αὐτὸν
686 733 779 786 καὶ
808 731 990 798 ἀγαθά
1011 747 1025 761 ·
1059 728 1182 785 οὐτε
1213 734 1307 787 τὸν
1335 737 1537 804 ἀγαθὸν
1564 736 1744 808 πάντῃ
1763 731 1903 788 εἶναι

316 813 544 882 ἀγαθὸν,
597 808 715 870 ἀλλ’
756 815 906 884 ἔχειν
963 815 1086 868 τινὰ
1137 817 1232 869 καὶ
1296 819 1693 890 ἁμαρτήματα.
1731 818 1903 871 Ὅταν

316 894 411 950 οὖν
444 897 701 967 εὐπραγῇ
735 897 766 948 ὀ
791 896 1051 968 πονηρὸς,
1079 897 1188 952 ῐσθι
1229 898 1312 952 δτι
1335 901 1427 954 ἐπὶ
1460 900 1619 971 κακῷ
1648 900 1748 969 τῆς
1771 900 1897 953 ἐαυο

316 980 412 1034 τοῦ
452 978 734 1049 κεφαλῆςο
771 979 856 1032 ίνα
891 980 1002 1051 γὰρ
1027 981 1256 1035 ἐκείνων
1280 982 1389 1035 τῶν
1430 982 1627 1050 ὀλίγων
1677 982 1900 1049 ἀγαθῶν

315 1063 413 1134 τὴν
443 1062 724 1116 ἀντίδοσιν
773 1061 1014 1116 ἐνταῦθα
1055 1063 1262 1130 λαϐὼν,
1311 1066 1433 1118 ἐκεῖ
1475 1066 1668 1118 λοιπὸν
1716 1063 1901 1118 τέλεον

316 1143 634 1215 κολάζηται,
668 1143 860 1198 τούτου
893 1145 1056 1216 χάριν
1091 1145 1329 1200 ἐνταῦθα
1357 1147 1755 1217 ἀπολαμϐάνει.
1792 1147 1900 1200 Kal

319 1227 591 1297 μακάριος
620 1229 834 1290 ἐκεῖνος
857 1228 1098 1298 μάλιστά
1135 1230 1286 1282 ἐστιν
1327 1231 1355 1283 6
1408 1232 1646 1285 ἐνταῦθα
1677 1230 1900 1296 κολαζόο

320 1324 500 1378 μενος,
532 1309 620 1362 ἵνα
651 1309 832 1361 πάντα
861 1311 1200 1381 ἀποθέμενος
1230 1312 1299 1365 τὰ
1327 1313 1724 1385 ἁμαρτήματα,
1757 1314 1901 1366 εὐδό·

319 1407 483 1460 κιμος
513 1391 610 1444 καὶ
648 1391 892 1460 καθαρὸς
912 1392 1070 1466 ἀπίῃ.
1103 1395 1197 1448 καὶ
1234 1395 1545 1459 ἀνεύθυνος.
1600 1397 1706 1448 Kal
1741 1395 1899 1449 τοῦτο

320 1471 590 1526 διδάσκων
612 1475 764 1544 ἡμᾶς
798 1476 827 1526 6
856 1475 1088 1538 Παῦλος,
1115 1477 1248 1547 φησί
1271 1492 1283 1504 ·
1309 1475 1412 1530 Διὰ
1455 1477 1633 1532 τοῦτο
1662 1479 1732 1532 ἐν
1756 1479 1899 1548 ὑμῖν

322 1556 544 1610 πολλοὶ
591 1556 873 1623 ἀσθενεῖς
912 1557 1013 1612 καὶ
1061 1559 1385 1627 ἀρῤωστοι,
1426 1561 1523 1614 καί
1576 1561 1896 1630 κοιμῶνται

321 1639 524 1692 ἱκανοί
545 1653 561 1670 ο
601 1641 693 1693 καὶ
739 1639 925 1705 πάλιν,
978 1641 1286 1709 Παράδοτε
1343 1642 1452 1696 τὸν
1505 1645 1778 1698 τοιοῦτον
1815 1643 1896 1710 τῷ

318 1719 560 1788 Σατανᾷ
588 1725 676 1789 είς
715 1723 967 1792 ὀλεθρον
989 1723 1098 1796 τῆς
1125 1727 1374 1793 σαρκὸς,
1413 1728 1517 1781 ἵνα
1554 1729 1618 1781 τὸ
1658 1727 1897 1797 πνεῦμα

319 1799 489 1869 σωθῇ
514 1802 588 1855 ἐν·
620 1801 694 1871 τῇ
725 1801 916 1871 ἡμέρᾳ
944 1803 1168 1870 ἐκείνῃ.
1196 1806 1308 1858 Καὶ
1335 1808 1363 1858 6
1394 1808 1682 1876 προφήτης
1707 1810 1894 1878 φησὶν,

316 1885 398 1938 δτι
450 1884 731 1950 Ἐδέξατο
747 1887 814 1940 ἐκ
838 1886 1037 1955 χειρὸς
1069 1890 1290 1956 Κυρίου
1330 1888 1518 1943 διπλᾶ
1539 1891 1610 1943 τὰ
1640 1891 1897 1959 ἁμαρτή-

310 1985 471 2036 ματα
491 1985 505 1998 ·
541 1969 639 2022 καὶ
669 1968 834 2025 πάλιν
864 1971 896 2022 6
918 1969 1103 2034 Δαυῖδ,
1137 1970 1260 2025 Ἴδε
1293 1972 1434 2039 τοὺς
1460 1973 1714 2042 ἐχθρούς
1741 1991 1894 2042 μου,

316 2051 402 2105 ὅτι
423 2052 904 2121 ἐπληθύνθησαν
923 2052 1076 2122 ὑπὲρ
1107 2053 1210 2120 τὰς
1239 2056 1444 2125 τρίχας
1474 2055 1584 2124 τῆς
1623 2055 1899 2126 κεφαλῆς

308 2153 448 2206 μου,
485 2138 588 2192 καὶ
631 2138 818 2207 μῖσος
864 2138 1078 2194 ἄδικον
1134 2139 1443 2209 ἐμίσησάν
1482 2159 1579 2210 με,
1613 2142 1712 2196 καί
1746 2142 1896 2210 ἄφες

313 2219 520 2288 πάσας
547 2222 657 2286 τὰς
675 2223 966 2292 ἁμαρτίας
996 2241 1118 2293 μου
1140 2240 1154 2253 ⁸
1178 2226 1274 2278 καὶ
1300 2225 1464 2279 πάλιν
1487 2226 1694 2296 ἕτερος,
1719 2227 1896 2294 Κύριε

313 2305 348 2356 ὀ
381 2305 529 2371 Θεὸς
550 2305 743 2374 ἡμῶν,
773 2307 1026 2374 ειρήνην
1048 2306 1155 2374 δὸς
1185 2309 1361 2377 ἡμῖν’
1419 2307 1616 2362 πάντα
1649 2309 1760 2378 γὰρ
1785 2310 1896 2364 ἀπο

314 2384 545 2454 ἔδωκας
721 2388 887 2458 ἡμῖν.
923 2388 1085 2442 Ἀλλὰ
1110 2390 1284 2443 ταῦτα
1325 2390 1424 2460 μὲν
1441 2390 1746 2456 δεικνύντος
1777 2392 1896 2445 ἐστὶ

313 2472 448 2532 τούς
505 2472 710 2534 καλοὺς
765 2472 860 2535 τὰς
919 2472 1060 2544 ὐπέρ
1099 2474 1210 2526 τῶν
1264 2475 1686 2546 ἁμαρτημάτων
1739 2475 1894 2540 δίκας

315 2551 565 2608 ἐνταῦθα
585 2553 1056 2625 ἀπολαμϐάνοντας
1081 2574 1095 2586 ·
1124 2557 1226 2610 ποῦ
1256 2556 1314 2611 δὲ
1340 2558 1411 2610 τά
1445 2557 1628 2626 ἀγαθά
1652 2560 1700 2613 οῖ
1729 2576 1896 2630 πονη-

325 2637 414 2708 ροὶ
454 2637 928 2708 ἀπολαμϐάνοντες
954 2639 1213 2705 ἐνταῦθα,
1265 2642 1385 2694 ἐκεῖ
1411 2641 1596 2695 τέλεον
1639 2641 1896 2706 κολάζον-

311 2736 445 2788 ται;
479 2722 678 2775 ’Δκουε
699 2720 792 2774 τοῦ
828 2721 1084 2794 Ἀϐραὰμ
1114 2723 1370 2792 λέγοντος
1410 2725 1549 2796 πρὸς
1599 2725 1692 2779 τὸν
1733 2726 1896 2780 πλού-

313 2819 461 2857 σοον·
527 2804 853 2872 Ἀπέλασες
905 2807 978 2860 τὰ
1022 2806 1214 2878 ἀγαθά
1253 2822 1374 2862 σου
1418 2809 1489 2861 ἐν
1511 2806 1586 2876 τῇ
1611 2809 1724 2878 ζ’ωῇ
1754 2827 1893 2876 σου,

312 2889 414 2941 καὶ
443 2883 706 2956 Λάζαρος
755 2890 974 2958 ὁμοίως
1021 2891 1096 2943 τὰ
1145 2890 1316 2944 κακά.
1377 2891 1536 2962 [Ποῖα
1587 2893 1768 2961 ἀγαθά
1801 2894 1893 2968 ας]

327 2971 600 3026 Ἐνταῦθα
623 2972 734 3044 γὰρ
785 2971 870 3036 τὸ,
929 2973 1279 3041 Ἀπέλασες,
1329 2973 1464 3028 ἀλλά
1531 2975 1625 3047 μὴ,
1681 2977 1892 3042 ἔλαϐες,

317 3056 515 3120 εἰπὼν,
547 3055 788 3110 δείκνυσι
822 3056 969 3110 κατά
1014 3057 1237 3129 ὀφειλὴν
1281 3058 1576 3131 ἑκατέρους
1602 3059 1891 3126 παθόντας,

313 3140 525 3195 καὶτὸν
557 3140 658 3211 μὲν
688 3141 747 3192 ἐν
779 3141 1079 3212 εὐπραγίᾳ,
1099 3143 1191 3195 τὸν
1222 3142 1277 3196 δὲ
1313 3145 1370 3196 ἐν
1400 3144 1712 3216 δυσπραγίᾳ
1739 3145 1894 3214 γενό-

316 3239 509 3293 μενον·
543 3225 638 3277 καί
660 3241 814 3294 φησι,
843 3223 932 3278 διά
949 3225 1107 3278 τοῦτο
1130 3221 1322 3293 οὗτος
1343 3227 1604 3281 ἐνταῦθα
1630 3243 1897 3297 παρακα-

313 3307 545 3361 λεῖται·
606 3308 742 3378 δρᾷς
773 3308 883 3378 γάρ
933 3309 1102 3362 αὐτὸν
1139 3307 1382 3382 καθαρὸν
1433 3311 1853 3382 ἁμαρτημάτων
1879 3330 1892 3344 ·

316 3390 413 3443 καί
436 3389 521 3444 σὺ
565 3383 890 3444 ὀδυνᾶσαιζ
942 3392 1035 3461 Μὴ
1075 3392 1256 3446 τοίνυν
1303 3390 1581 3463 ἀλύωμεν,
1624 3394 1754 3448 ὅταν
1803 3395 1896 3447 εὐ-

315 3473 626 3536 παθοῦντας
655 3473 872 3544 ὀρῶμεν
903 3475 1140 3528 ἐνταῦθα
1173 3477 1299 3539 τούς
1337 3476 1726 3548 ἁμαρτωλοὺς,
1777 3478 1896 3531 ἀλλ’

315 3556 443 3611 ὅταν
467 3557 657 3620 κακῶς
690 3557 991 3627 πάσχωμεν
1016 3557 1190 3622 αὐτοὶ,
1245 3559 1524 3629 χαίρωμεν
1543 3576 1559 3590 ο
1610 3561 1896 3632 ἁμαρτιῶν

319 3641 424 3710 γάρ
457 3641 576 3694 ἐστι
612 3640 674 3693 τὸ
707 3641 946 3710 πρᾶγμα
981 3639 1191 3704 ἔκτισις
1217 3658 1232 3672 ο
1267 3640 1349 3712 μὴ
1394 3642 1650 3713 ζητῶμεν
1675 3644 1858 3698 ἄνεσιν
1880 3661 1894 3675 ·

323 3723 500 3795 θλίψιν
532 3724 646 3795 γὰρ
664 3723 1038 3792 ἐπηγγείλατο
1065 3725 1178 3786 τοῖς
1204 3723 1370 3777 αὐτοῦ
1395 3726 1669 3796 μαθηταῖς
1704 3730 1732 3780 ὀ
1764 3728 1900 3797 Χρι-

328 3808 476 3870 31,6;-
503 3807 602 3860 καί
627 3824 795 3877 φησιν
826 3809 854 3860 6
883 3805 1116 3869 Παῦλοςο
1148 3805 1377 3874 Πάντες
1399 3811 1452 3862 οί
1477 3808 1759 3875 θέλοντες
1792 3808 1900 3878 (ﬁ?

323 3890 582 3957 εὐσεϐῶς
604 3893 675 3946 ἐν
695 3890 928 3960 Χριστῷ
961 3889 1182 3959 Ἰησοῦ,
1214 3889 1678 3960 διωχθήσονται.
1710 3894 1900 3958 Οὐδεὶς

321 3980 564 4047 γενναῖος
599 3975 843 4047 ἀθλητὴς
875 3975 934 4026 ἐν
970 3975 1046 4046 τῷ
1080 3975 1366 4045 σκάμματι
1396 3975 1600 4046 λουτρὰ
1626 3975 1898 4049 ἐπιζητεῖ,

323 4060 416 4114 καὶ
444 4061 731 4131 τράπεζαν
758 4057 1065 4127 πλήθουσαν
1096 4059 1287 4122 σιτίοις
1311 4059 1406 4112 καὶ
1428 4061 1556 4131 οίνῳ
1581 4077 1601 4089 '
1622 4060 1782 4116 τοῦτο
1801 4063 1902 4116 οὐκ

323 4145 465 4198 εστιν
482 4141 746 4212 ἀθλητοῦ,
775 4141 911 4195 ἀλλά
934 4140 1129 4210 βλακός
1148 4159 1162 4172 ·
1193 4144 1220 4195 6
1249 4141 1358 4212 γάρ
1392 4143 1631 4215 ἀθλητὴς
1666 4145 1900 4216 μάχεται

324 4229 488 4288 κόνει,
505 4226 691 4296 ἐλαίῳ,
709 4227 933 4288 ἀκτῖνος
945 4224 1259 4296 θερμότητι,
1284 4225 1468 4296 ἱδρῶτι
1481 4227 1681 4298 πολλῷ,
1702 4231 1903 4300 θλίψει,

324 4313 416 4366 καῖ
439 4309 776 4380 στενοχωρίᾳ
799 4308 1031 4376 ἀγῶνος.
1051 4303 1218 4372 Οὗτός
1238 4309 1467 4362 ἐστικαὶ
1489 4310 1583 4364 τοῦ
1607 4315 1902 4367 πυκτεύειν

322 4394 353 4447 6
378 4393 604 4465 καιρός·
631 4392 833 4446 οὐκοῦν
864 4393 960 4445 xal
1013 4391 1107 4445 τοῦ
1147 4391 1441 4464 τραύματα
1470 4391 1774 4462 λαμϐάνειν
1806 4397 1902 4450 καὶ

325 4475 684 4548 αἱμάττεσθαι
737 4476 833 4529 καὶ
864 4475 1070 4544 ἀλγεῖν.
1109 4477 1382 4528 Ἄκουσον
1413 4476 1466 4529 τί
1524 4495 1690 4548 φησιν
1747 4479 1774 4532 ὀ
1799 4499 1903 4550 μα-

324 4560 523 4630 κάριος
539 4557 753 4622 Παῦλος
775 4574 789 4589 ·
803 4559 970 4622 Οὕτω
989 4558 1266 4612 πυκτεύω
1285 4559 1366 4624 ὡς
1392 4559 1504 4612 οὐκ
1525 4559 1670 4626 ἀέρα
1692 4559 1898 4629 δέρων.

325 4643 514 4696 Πάντα
539 4642 633 4696 τόν
661 4641 777 4711 βίον
809 4640 1102 4710 ἐναγώνιον
1150 4639 1292 4694 εῖναι
1318 4640 1657 4712 νομίσωμεν,
1689 4643 1784 4696 καὶ
1813 4645 1903 4698 οὐ-

325 4723 517 4777 δέποτε
545 4723 854 4777 ἀνάπαυσιν
909 4723 1245 4794 ζητήσομεν,
1301 4719 1557 4776 οὐδέποτε
1592 4723 1904 4794 θλιϐόμενοι

327 4805 805 4878 ξενοπαθήσομενο
837 4805 998 4877 εἴπερ
1042 4805 1176 4876 μηδὲ
1239 4803 1473 4876 πύκτης,
1504 4806 1593 4858 ὅτε
1643 4807 1702 4860 ἐν
1733 4809 1904 4877 ἀγῶνί

326 4889 463 4953 ἐστι,
483 4889 793 4956 ξενοπαθεῖ.
823 4889 1055 4964 Ἕτερός
1070 4889 1218 4942 ἐστιν
1244 4889 1274 4940 ὀ
1297 4888 1394 4956 τῆς
1416 4888 1656 4952 ἀνέσεως
1677 4892 1868 4962 καιρός
1885 4909 1902 4923 ο

327 4973 412 5027 διὰ
441 4972 677 5042 θλίψεως
707 4974 856 5044 ἡμᾶς
883 4971 1236 5043 τελειωθῆναι
1281 4972 1383 5026 δεῖ.
1436 4971 1499 5025 El
1545 4972 1642 5026 καί
1672 4973 1746 5045 μὴ
1778 4975 1902 5028 διωο

326 5060 466 5129 γμός
495 5059 612 5113 ἐστι
633 5058 769 5129 μηδὲ
803 5057 1001 5126 θλῖψις,
1054 5056 1170 5111 ἀλλ’
1201 5057 1338 5110 εἰσὶν
1363 5055 1549 5128 ἕτεραι
1584 5055 1810 5127 θλίψεις,
1846 5061 1901 5112 al

327 5141 449 5193 καθ’
487 5140 726 5211 εκάστην
774 5142 994 5212 ἡμέραν
1043 5142 1178 5211 ἡμῖν
1241 5140 1690 5209 συμπίπτουσαν
1744 5141 1794 5194 εί
1847 5141 1906 5196 δέ

326 5224 528 5288 ταύτας
576 5225 638 5278 οὐ
675 5225 937 5296 φέρομεν,
993 5223 1156 5294 σχολῇ
1212 5239 1276 5291 γε
1321 5223 1540 5287 ἐκείνας
1584 5223 1911 5296 ἐνέγκοιμεν

329 5307 414 5360 ἀν.
455 5307 794 5377 Πειρασμός
832 5305 988 5376 ὑμᾶς
1041 5307 1153 5361 οὐκ
1201 5305 1437 5375 είληφε,
1502 5307 1690 5379 φησὶν,
1724 5311 1777 5362 εί
1817 5309 1905 5378 μὴ

328 5384 720 5452 ἀνθρώπινος.
761 5383 1064 5454 Εὐχώμεθα
1105 5385 1203 5454 μὲν
1239 5380 1332 5438 οῦν
1360 5385 1435 5456 τῷ
1468 5384 1587 5456 Θεῷ
1620 5387 1694 5456 μὴ
1736 5388 1909 5442 εἰσελ-

330 5465 442 5520 θεῖν
468 5469 549 5532 είς
596 5467 906 5536 πειρασμόν
931 5483 945 5498 ·
986 5468 1328 5529 εἰσελθόντες
1367 5468 1447 5536 δὲ,
1492 5467 1750 5540 φέρωμεν
1783 5487 1906 5539 γεν-

330 5549 519 5614 ναίως.
571 5549 781 5604 Ἐκεῖνο
837 5551 937 5624 μέν
969 5551 1077 5623 γάρ
1128 5553 1424 5622 σωφρόνων
1468 5552 1698 5624 ἀνδρῶν,
1734 5555 1800 5609 τὸν
1831 5554 1908 5627 μὴ

395 5719 424 5748 ⁸
459 5715 614 5766 Verba
641 5719 757 5767 ποῖα
791 5719 900 5780 ἀγ.;
927 5730 1022 5768 non
1042 5717 1188 5769 habet
1215 5718 1360 5769 Savil.
1465 5735 1468 5738 ’

2011 400 2277 464 κινδύνοις
2320 401 2676 472 ἐπιρῤίπτειν
2707 395 2966 462 ἑαυτούς’
3001 397 3159 452 τοῦτο
3210 398 3266 452 δὲ
3319 399 3584 464 γενναίων

2004 486 2100 536 καὶ
2139 485 2473 554 φιλοσόφων,
2502 483 2564 538 τὸ
2593 483 2844 536 ἵστασθαι
2892 481 3253 552 ἐμπεσόντας.
3305 482 3459 552 Μήτε
3488 480 3583 535 οὖν

2004 558 2424 638 ἐπιρρίπτωμεν
2483 569 2717 630 ἐαυτούς
2772 565 2989 629 ἁπλῶς·
3050 565 3390 634 θρασύτητος
3429 565 3581 634 γάρ*

2007 651 2146 720 μήτε
2205 652 2486 722 ἀγόμενοι,
2549 651 2645 704 καὶ
2689 651 2798 704 τῶν
2861 649 3207 721 πραγμάτων
3249 647 3578 710 καλούντων,

2004 732 2296 804 ἐνδιδῶμεν
2325 750 2338 764 °
2370 733 2575 797 δειλίας
2604 735 2714 804 γάρ
2741 749 2756 763 ⁸
2788 732 2903 786 ἀλλ’
2927 733 3022 785 ἐὰν
3068 732 3166 802 μὲν
3212 730 3273 784 τδ
3316 731 3581 801 κήρυγμα

2003 815 2166 886 καλῇ,
2203 817 2276 885 μὴ
2301 815 2704 886 παραιτώμεθα
2724 832 2738 846 ·
2775 815 2962 878 ἁπλῶς
2982 815 3059 878 δὲ,
3091 815 3271 878 αἰτίας
3293 813 3366 884 μὴ
3387 813 3574 884 οὔσης,

2005 900 2142 968 μήτε
2168 899 2282 970 [59]
2314 900 2523 971 χρείας,
2552 900 2688 970 μήτε
2718 900 2961 967 ἀνάγκης
2977 899 3077 966 τῆς
3099 897 3242 951 κατὰ
3267 897 3577 950 θεοσέϐειαν

2002 981 2296 1052 καλούσης,
2340 985 2414 1053 μὴ
2449 984 2867 1053 ἐπιτρέχωμεν·
2913 980 3173 1045 ἐπίδειξις
3205 980 3310 1051 γάρ
3351 982 3466 1033 ἐστι
3509 979 3572 1033 τὸ

2002 1066 2261 1134 πρᾶγμα,
2292 1065 2388 1118 καὶ
2419 1064 2701 1135 φιλοτιμία
2737 1066 2987 1136 περιττή.
3031 1063 3156 1116 Ἐὰν
3185 1063 3243 1115 δέ
3274 1081 3325 1116 τι
3345 1062 3452 1114 τῶν
3475 1062 3573 1133 την

2001 1145 2286 1201 εὐσέϐειαν
2337 1147 2846 1218 παραϐλαπτόντων
2895 1148 3136 1217 γίνηται,
3184 1145 3289 1199 κᾶν
3348 1145 3572 1215 μυρίους

2003 1229 2306 1298 ὑποστῆναι
2333 1230 2430 1302 δέῃ
2472 1231 2758 1294 θανάτους,
2815 1231 2980 1301 μηδὲν
3029 1228 3445 1300 παραιτώμεθα.
3480 1228 3574 1298 Μὴ

2001 1313 2312 1384 προσκαλοῦ
2345 1315 2470 1378 τοὺς
2499 1315 2861 1386 πειρασμοὺς,
2892 1316 3020 1367 ὅταν
3055 1330 3134 1366 σοι
3165 1313 3232 1365 τὰ
3283 1311 3424 1366 κατὰ
3472 1311 3572 1380 τὴν

1999 1396 2281 1450 εὐσέϐειαν
2313 1400 2573 1468 προχωρῇ
2607 1397 2681 1460 ὼς
2727 1397 2941 1460 ποθεῖς·
2994 1398 3045 1450 τί
3109 1396 3402 1466 περιττοὺς
3451 1397 3570 1447 ἐπι-

1999 1481 2204 1534 σπᾶσαι
2237 1480 2519 1544 κινδύνους
2549 1481 2702 1534 οὐδὲν
2732 1480 2924 1552 κέρδος
2962 1480 3185 1550 ἔχοντας
3205 1497 3222 1545 ;’

2068 1637 2128 1696 ε’.
2151 1640 2335 1696 Ταῦτα
2351 1641 2496 1709 λέγω
2516 1641 2840 1712 βουλόμενος
2863 1642 3006 1712 ὑμᾶς
3024 1641 3313 1709 φυλάττειν
3332 1641 3457 1703 τοὺς
3487 1640 3573 1694 νό-

1999 1741 2134 1794 μους
2159 1724 2252 1777 τοῦ
2287 1725 2527 1795 Χριστοῦ
2564 1725 2882 1788 κελεύοντος
2915 1722 3172 1792 εὔχεσθαι
3209 1725 3283 1794 μὴ
3311 1722 3573 1777 εἰσελθεῖν

1997 1809 2077 1869 εἰς
2107 1807 2434 1876 πειρασμξν,
2476 1809 2572 1859 καὶ
2615 1808 2934 1870 κελεύοντος
2987 1807 3151 1859 πάλιν
3202 1807 3296 1859 τὸν
3337 1806 3574 1876 σταυρὸν

1998 1889 2259 1952 λαϐόντας
2283 1889 2600 1944 ἀκολουθεῖν
2623 1890 2791 1960 αὐτῷ.
2821 1881 3007 1943 Ταῦτα
3035 1890 3132 1957 μὲν
3157 1888 3268 1958 γὰρ
3293 1890 3392 1940 οὐκ
3422 1889 3572 1940 ἔστιν

1999 1975 2238 2040 ἐναντία,
2264 1973 2399 2028 ἀλλὰ
2443 1975 2538 2027 καὶ
2588 1975 2793 2045 σφόδρα
2839 1974 3154 2044 συνᾴδοντα.
3214 1973 3286 2022 Σύ
3335 1973 3432 2040 μὲν
3475 1967 3574 2024 οῦν

1997 2057 2140 2110 οὕτω
2165 2058 2548 2128 παρεσκεύασο
2578 2057 2653 2120 ὡς
2686 2053 3030 2125 στρατιώτης
3067 2056 3334 2122 γενναῖος,
3368 2055 3425 2105 ὲν
3459 2055 3576 2116 τοῖς

1995 2141 2184 2204 ὅπλοις
2224 2141 2317 2195 ἔσο
2361 2140 2643 2213 διηνεκῶς,
2687 2140 2896 2209 νήφων,
2953 2136 3302 2210 ἐγρηγορὼς,
3347 2136 3436 2189 ἀεὶ
3479 2136 3572 2188 τὸν

1997 2224 2258 2294 πολέμιον
2299 2223 2652 2295 προσδοκῶν·
2698 2221 2968 2290 πολέμους
3020 2220 3206 2289 μέντοι
3273 2219 3345 2288 μὴ
3381 2217 3566 2270 τίκτε·

1953 2335 1957 2338 -
1995 2307 2152 2360 τοῦτο
2171 2307 2278 2376 γὰρ
2305 2307 2402 2360 οὐκ
2424 2307 2537 2360 ἐστι
2552 2305 2903 2378 στρατιώτου,
2923 2302 3058 2356 ἀλλά
3081 2302 3426 2355 στασιαστοῦ.
3446 2300 3576 2353 Ἐὰν

1994 2391 2050 2444 δὲ
2074 2393 2106 2461 ἡ
2137 2391 2237 2460 τῆς
2270 2390 2553 2453 εὐσεϐείας
2581 2387 2821 2456 σάλπιγξ
2844 2387 3008 2456 καλῇ.
3037 2385 3241 2447 εὐθέως
3273 2384 3430 2450 ἔξιθι,
3476 2383 3573 2437 καὶ

1994 2473 2411 2542 καταφρόνησον
2440 2473 2539 2541 τῆς
2561 2471 2761 2540 ψυχῆς,
2800 2470 2896 2522 καὶ
2945 2465 3144 2538 ἔμϐηθι
3177 2469 3318 2537 μετὰ
3369 2467 3572 2537 πολλῆς

1993 2557 2092 2626 τῆς
2115 2555 2430 2628 προθυμίας
2453 2557 2535 2618 είς
2563 2555 2688 2618 τούς
2717 2553 2958 2622 ἀγῶνας,
2988 2551 3152 2623 ῥῆξον
3184 2550 3283 2621 τὴν
3315 2549 3571 2619 φάλαγγα

1994 2641 2102 2694 τῶν
2128 2639 2406 2702 ἐναντίων,
2441 2637 2717 2708 σύγκοψον
2741 2638 2801 2690 τὸ
2824 2637 3115 2706 πρόσωπον
3159 2635 3254 2688 τοῦ
3297 2635 3572 2695 διαϐόλου,

1997 2723 2194 2793 στῆσον
2224 2723 2286 2775 τὸ
2310 2721 2572 2794 τρόπαιον
2593 2737 2604 2749 '
2639 2720 2734 2774 ἐὰν
2763 2720 2820 2773 δὲ
2847 2719 3012 2790 μηδὲν
3043 2720 3076 2789 ἠ
3100 2719 3352 2771 εὐσέϐεια
3389 2736 3577 2788 παρα-

1994 2804 2326 2874 ϐλάπτηται,
2365 2804 2502 2874 μηδὲ
2529 2802 2704 2874 πορθῇ
2758 2821 2840 2866 τις
2888 2802 2956 2855 τά
3009 2801 3255 2872 ἡμέτερα
3300 2801 3568 2870 δόγματα.

1991 2889 2062 2940 τά
2093 2887 2235 2941 κατά
2265 2888 2366 2957 τὴν
2396 2887 2576 2958 ψυχὴν
2598 2887 2763 2954 λέγω,
2803 2885 2940 2955 μηδὲ
2968 2885 3258 2954 ἀναγκάζῃ
3303 2901 3355 2937 τι
3395 2887 3576 2936 ποιεῖν

1993 2969 2100 3023 τῶν
2134 2969 2208 3040 μὴ
2239 2968 2540 3022 δοκούντων
2569 2969 2649 3039 τῷ
2677 2967 2821 3036 Θεῷ,
2857 2966 2932 3038 μὴ
2970 2967 3224 3033 περιττὸς
3247 2965 3359 3019 ἔσο.
3393 2967 3574 3036 Αἱμά-

1994 3069 2101 3106 των
2137 3053 2218 3106 δεῖ
2245 3053 2437 3123 γέμειν
2482 3052 2578 3105 τὸν
2617 3049 2713 3104 τοῦ
2747 3047 3082 3119 Χριστιανοῦ
3114 3047 3252 3118 βίον,
3299 3048 3572 3116 αἱμάτων,

1995 3137 2097 3189 οὐκ
2120 3137 2177 3188 ἐν
2199 3136 2278 3205 τῷ
2317 3135 2385 3189 τὰ
2410 3135 2668 3205 ἀλλότρια
2713 3135 2920 3201 ἐκχεῖν,
2978 3132 3092 3183 ἀλλ’
3145 3131 3204 3183 ἐν
3237 3130 3314 3200 τῷ
3348 3131 3574 3202 ἕτοιμον

1996 3214 2134 3272 εἶναι
2159 3217 2221 3271 τὸ
2249 3216 2447 3271 ἑαυτοῦ
2478 3219 2679 3287 ἐκχεῖν.
2696 3216 2851 3270 Μετά
2878 3215 3147 3284 τοσαύτης
3171 3213 3347 3267 τοίνυν
3375 3215 3572 3282 προθυο

2000 3303 2128 3373 μίας
2157 3302 2218 3355 τὸ
2240 3302 2370 3355 ἴδιον
2397 3297 2538 3371 αἷμα
2587 3300 2889 3370 ἐκχέωμεν,
2929 3299 3059 3352 ὅταν
3115 3299 3256 3369 ὑπὲρ
3307 3296 3404 3351 τοῦ
3437 3299 3576 3367 Χριο

2001 3387 2126 3439 στοῦ
2154 3386 2310 3440 τοῦτο
2361 3381 2418 3457 ᾖ,
2462 3385 2582 3455 μεθ’
2621 3385 2754 3453 ὅσης
2801 3381 2867 3436 ἂν
2908 3382 3054 3452 ὕδωρ
3104 3399 3191 3445 τις
3243 3382 3423 3452 ἐκχέοι
3457 3383 3576 3449 (καὶ

1999 3471 2106 3542 γὰρ
2131 3469 2276 3540 ’ὕδωρ
2292 3470 2408 3521 ἐστί
2424 3469 2486 3522 τδ
2513 3465 2655 3538 αἷμα
2672 3467 2962 3538 περιρρέον
2991 3465 3053 3518 τὸ
3072 3464 3260 3536 σῶμα)
3278 3482 3291 3495 ·
3312 3467 3408 3519 καὶ
3436 3465 3577 3533 μετὰ

1997 3553 2269 3623 τοσαύτης
2293 3553 2544 3617 εὐκολίας
2570 3552 2670 3621 τὴν
2691 3553 2871 3622 σάρκα
2896 3548 3278 3620 ἀποδυώμεθα,
3306 3550 3574 3619 μεθ’ὃσης

1998 3639 2066 3693 ἂν
2089 3638 2182 3692 καὶ
2206 3637 2268 3690 τὸ
2307 3636 2542 3709 ἱμάτιον.
2567 3635 2738 3688 Τοῦτο
2761 3635 2818 3687 δέ
2847 3634 3029 3697 ἔσται,
3058 3634 3158 3686 ἐὰν
3191 3633 3265 3703 μὴ
3295 3635 3574 3703 χρήμασιν

1999 3716 2150 3793 ὦμεν
2181 3719 2620 3791 προσδεδεμένοι,
2667 3719 2734 3771 ἂν
2768 3716 2842 3788 μὴ
2883 3717 3105 3778 οἰκίαις,
3158 3716 3224 3768 ἂν
3283 3716 3358 3785 μὴ
3406 3732 3574 3784 προσ-

2000 3803 2204 3874 παθείᾳ
2218 3801 2326 3854 τῶν
2357 3803 2642 3870 παρόντων
2661 3794 2811 3868 ὦμεν
2829 3799 2860 3837 δ’
2877 3798 3278 3866 ἀπηρτημένοι.
3311 3797 3372 3849 Εί
3396 3797 3504 3867 γὰρ
3524 3798 3574 3849 οἱ

1998 3887 2089 3938 τὸν
2115 3883 2508 3954 στρατιωτικὸν
2539 3881 2730 3934 τοῦτον
2755 3879 2868 3948 βίον
2901 3879 3104 3942 ζῶντες
3140 3881 3306 3932 πᾶσιν
3329 3880 3574 3932 ἀποτάσ-

2001 3983 2208 4026 σονται,
2243 3966 2336 4018 καὶ
2376 3965 2506 4018 ἔνθα
2537 3965 2651 4018 ἃ.νό
2691 3961 2925 4030 πόλεμος
2967 3960 3128 4034 καλῇ,
3166 3963 3285 4014 ἐκεῖ
3323 3962 3569 4033 παραγί-

2000 4065 2182 4102 νονται
2211 4049 2307 4101 καὶ
2345 4043 2712 4115 ὁδοιποροῦσι,
2748 4046 2841 4098 καὶ
2872 4043 3054 4097 πάντα
3095 4044 3233 4114 μετά
3265 4045 3578 4114 προθυμίας

2003 4130 2336 4200 ὑπομένουσι
2362 4147 2378 4161 ·
2409 4127 2593 4198 πολλῷ
2631 4127 2830 4198 μᾶλλον
2861 4127 3012 4198 ἡμᾶς
3041 4127 3166 4190 τοὺς
3195 4126 3290 4179 τοῦ
3337 4127 3585 4198 Χριστοῦ

2003 4212 2341 4285 στρατιώτας
2364 4211 2508 4266 οὕτω
2543 4210 3064 4281 παρασκευάζεσθαι
3100 4209 3226 4281 χρὴ.
3268 4211 3364 4264 καὶ
3396 4229 3588 4281 παρα-

2000 4298 2297 4352 τάττεσθαι
2325 4296 2462 4368 πρὸς
2493 4295 2586 4348 τὸν
2624 4293 2861 4363 πόλεμον
2896 4292 3007 4345 τῶν
3042 4292 3262 4345 παθῶν-
3306 4295 3421 4346 Οὐκ
3463 4293 3583 4346 ἐστι

2001 4381 2242 4452 διωγμὸς
2263 4379 2379 4447 νῦν,
2409 4379 2544 4450 μηδέ
2573 4377 2781 4446 γένοιτο
2801 4375 3052 4444 γενέσθαι
3074 4375 3361 4428 ποτέο·ἁ)ιλ’
3391 4377 3475 4428 ἒτε
3488 4393 3586 4447 ρος

2002 4463 2240 4534 πόλεμός
2263 4464 2436 4525 ἐστιν,
2459 4463 2488 4514 6
2512 4461 2613 4530 τῆς
2633 4459 2744 4512 τῶν
2765 4458 3064 4528 χρημάτων
3080 4457 3398 4528 ἐπιθυμίας,
3429 4459 3457 4510 ὁ
3478 4459 3579 4527 τῆς

2003 4546 2120 4620 [60]
2174 4544 2495 4617 βασκανίας,
2533 4545 2561 4596 ὀ
2602 4541 2710 4595 τῶν
2759 4541 2934 4595 ἀλλων
2979 4539 3190 4596 παθῶν.
3235 4539 3435 4594 Τοῦτον
3485 4541 3586 4593 τὸν

2005 4631 2237 4701 πόλεμον
2283 4628 2640 4700 διηγούμενος
2695 4628 2723 4680 ὀ
2764 4625 2972 4689 Παῦλός
3015 4643 3180 4697 φησιν
3199 4641 3221 4654 ⁶’
3247 4627 3370 4680 Οὐκ
3408 4627 3581 4680 ἐστιν

2003 4713 2150 4784 ἡμῖν
2174 4715 2212 4782 ἡ
2248 4711 2411 4780 πάλη
2449 4709 2597 4779 πρὸς
2636 4703 2782 4780 αἷμα
2826 4709 2924 4762 καὶ
2967 4708 3184 4776 σάρκα.
3229 4709 3338 4762 Ἀεὶ
3361 4702 3514 4774 οὗτος
3551 4711 3586 4761 ὀ

2005 4795 2243 4868 πόλεμος
2277 4796 2560 4864 ἐνέστηκε.
2594 4793 2693 4845 Διά
2714 4791 2876 4845 τοῦτο
2902 4793 2990 4845 ἀεὶ
3027 4791 3412 4862 ὡπλισμένους
3430 4794 3582 4864 ἡμᾶς

2005 4881 2228 4934 ἑστάναι
2266 4876 2532 4948 βούλεται.
2567 4875 2753 4943 Στῆτε
2801 4870 2936 4938 οὖν,
2976 4875 3133 4945 φησὶ,
3178 4873 3585 4944 περιζωσάμε-

2004 4979 2099 5016 νοι
2127 4978 2141 4994 ·
2191 4963 2330 5032 ὅπερ
2385 4959 2478 5014 καὶ
2513 4959 2646 5013 αὐτὸ
2690 4957 2988 5019 ἐνεστῶτός
3043 4957 3160 5008 ἐστι
3199 4955 3393 5026 καιροῦ
3425 4972 3438 4985 ·
3487 4957 3586 5010 καὶ

2006 5045 2394 5116 ἐνέφηνεντὸτι
2433 5041 2528 5095 ἀεὶ
2566 5041 2648 5094 δεῖ
2681 5040 3022 5104 ὁπλίζεσθαι.
3073 5037 3248 5102 Πολὺς
3277 5040 3386 5110 γάρ
3423 5042 3452 5092 6
3480 5041 3587 5094 πό-

2005 5129 2171 5200 λεμος
2198 5129 2286 5182 διὰ
2311 5125 2586 5197 γλώσσης,
2608 5124 2774 5188 πολὺς
2802 5123 2869 5176 δι’
2893 5122 3188 5193 ὀφθαλμῶν
3217 5139 3230 5152 ·
3261 5123 3452 5176 τοῦτον
3477 5125 3587 5175 τοί-

2006 5231 2103 5267 νυν
2126 5213 2446 5284 κατέχωμεν
2475 5227 2490 5242 °
2528 5210 2696 5272 πολὺς
2723 5210 2752 5262 ὁ
2781 5208 2888 5262 τῶν
2935 5206 3259 5277 ἐπιθυμιῶν.
3294 5205 3392 5258 Διά
3421 5205 3582 5259 τοῦτο

2005 5297 2216 5353 ἐκεῖθεν
2275 5295 2504 5367 ἄρχεται
2553 5291 2906 5356 καθοπλίξειν
2956 5290 3049 5344 τὸν
3095 5287 3446 5361 στρατιώτην
3484 5287 3592 5340 τοῦ.

2005 5380 2276 5456 Χριστοῦ.
2324 5377 2513 5446 Στῆτε
2569 5378 2699 5447 γὰρ,
2757 5375 2910 5446 φησὶ,
2961 5373 3419 5456 περιζωσάμενοι
3468 5369 3593 5438 τὴν

2007 5455 2210 5536 ὀσφὺν
2245 5460 2455 5532 ὑμῶν’
2507 5461 2603 5514 καὶ
2641 5461 2942 5530 ἐπήγαγεν,
3009 5460 3112 5512 Ἐν
3159 5455 3430 5522 ἀληθείῃ.
3481 5455 3585 5510 Διά

2069 5660 2098 5700 b
2132 5657 2314 5717 Begg.,
2356 5655 2595 5719 Cqmmel.
2626 5662 2680 5707 et
2711 5669 2866 5719 marg.
2895 5653 3146 5718 3ονὶ1.,ᾶν
3172 5651 3235 5714 μὴ
3268 5652 3587 5714 προσπαθείιιη,

2013 5722 2070 5769 ἂν
2103 5719 2166 5781 μή
2193 5719 2380 5765 πάντων
2401 5717 2543 5778 ὦμεν.
2567 5719 2570 5722 ’
