4088 6212
550 284 614 343 iiii

538 411 810 479 perierunt
836 411 885 467 in
914 411 1152 468 deserto.
1180 413 1308 468 Nam
1336 415 1500 472 David
1519 425 1723 489 postea,
1748 430 1870 492 post
1898 423 2114 482 illorum

535 506 936 572 generationem
967 507 1189 578 loquens
1210 550 1224 574 ,
1255 509 1465 564 dicebat
1489 552 1503 575 ,
1538 509 1707 567 Hodie
1731 514 1778 569 si
1809 531 1974 571 vocem
2005 520 2115 591 ejus

537 596 800 651 audieritis
824 638 840 663 ,
871 598 1065 666 inquit,
1098 598 1255 653 nolite
1284 600 1534 656 obdurare
1579 605 1736 658 corda
1766 617 1955 674 uestra,
1988 611 2118 665 sicut

545 686 603 738 in
645 687 1032 742 exacerbationc
1060 703 1081 752 ,'
1109 684 1317 758 quare?
1349 708 1414 745 uc
1459 694 1645 750 eadem
1676 698 1944 765 patiamini
1991 718 2111 771 qua:

541 777 772 847 majores
824 780 1022 843 vestri,
1074 789 1129 835 et
1173 783 1448 847 priwmitti
1508 788 1691 856 requie
1746 808 1759 842 :
1810 801 1956 846 certe
2014 792 2117 847 hnc

553 868 681 922 dicit
706 882 773 923 eo
800 869 941 938 quod
981 873 1051 925 sit
1076 887 1199 926 vere
1227 875 1453 943 requies.
1502 876 1632 932 Nam
1671 879 1714 932 si
1761 864 2117 950 accepissent,

541 961 734 1030 inquit,
758 963 1000 1031 requiem
1023 1005 1040 1026 ,
1069 979 1300 1035 quanam
1333 966 1401 1021 de
1428 982 1586 1024 causa
1613 972 1693 1025 eis
1721 989 1906 1027 rursus
1935 975 2060 1028 dicit
2097 993 2109 1028 :

554 1062 721 1118 Hodie
748 1063 824 1134 (α)
885 1064 928 1117 si
982 1080 1149 1117 uocem
1197 1054 1307 1134 ejus
1352 1066 1633 1133 mulieritis,
1672 1069 1827 1122 nolite
1875 1067 2124 1122 obdurare

545 1148 708 1209 "corda
727 1163 908 1219 vestra,
938 1156 1068 1210 sicut
1093 1158 1144 1209 in
1170 1157 1547 1212 t-‘xacerbatioue
1570 1161 1595 1213 ξ)

625 1246 907 1303 Sabbatum
927 1257 1001 1302 est
1020 1249 1162 1319 regni
1191 1249 1427 1303 (telorum
1459 1261 1632 1320 typus.
1660 1283 1729 1292 —
1759 1252 2011 1319 Quzenatn
2042 1261 2129 1307 est

557 1355 680 1410 ‘rgo
709 1341 812 1395 alia
834 1341 1045 1411 requies
1074 1358 1230 1410 quant
1261 1357 1480 1412 regnum
1511 1344 1786 1410 caelorum,
1820 1345 1969 1413 cujus
1996 1346 2128 1398 ima-

530 1447 616 1500 go
647 1442 703 1486 et
732 1441 891 1503 typus
915 1442 991 1485 est
1021 1433 1343 1486 sabbatum?
1375 1433 1572 1488 Deinde
1599 1474 1614 1497 ,
1655 1449 1776 1488 cum
1812 1435 2121 1489 universum

551 1528 820 1595 posuisset
844 1525 1211 1579 testimonium
1241 1529 1258 1592 (
1286 1525 1387 1581 hoc
1409 1536 1584 1580 autent
1615 1535 1701 1582 est
1723 1568 1736 1589 ,
1772 1526 1940 1580 Hodie
1965 1527 2006 1579 si
2039 1541 2125 1579 vo-

549 1636 655 1672 cem
684 1619 794 1687 ejus
816 1617 1099 1679 audieritis,
1124 1619 1277 1670 nolite
1300 1618 1551 1671 obdurare
1578 1619 1732 1671 corda
1763 1627 1924 1670 uestra
1947 1659 1962 1681 ,
1991 1618 2120 1672 sicut

546 1713 601 1763 in
617 1710 995 1764 exacerbatione
1014 1752 1029 1766 .
1059 1710 1332 1763 secundum
1353 1711 1484 1762 diem
1512 1704 1801 1764 tentationii
1824 1710 1875 1763 in
1895 1709 2115 1773 deserto,

546 1803 629 1855 ubi
652 1811 969 1856 tentavcrunt
991 1818 1067 1854 me
1093 1811 1264 1870 patres
1288 1802 1439 1855 vestri
1458 1820 1475 1866 ;
1502 1805 1833 1871 probauerunt
1864 1818 1942 1854 me
1970 1810 2017 1854 et
2042 1800 2118 1854 uio

546 1895 724 1945 derunt
750 1908 904 1960 opera
942 1909 1051 1944 mea
1080 1893 1419 1961 quadraginta
1449 1893 1616 1944 annis.
1640 1891 1862 1961 Propter
1884 1892 2021 1962 quod
2039 1894 2119 1961 of-
2150 1912 2175 1937 κ

546 1989 716 2053 {casus
743 1984 819 2053 fui
845 1984 1155 2052 generalioui
1180 1982 1278 2048 illi,
1296 1992 1345 2036 et
1365 1983 1494 2047 dixi,
1516 1983 1729 2053 Semper
1745 1984 2118 2038 errantcorde:

540 2077 639 2142 ipsi
677 2084 842 2129 autem
878 2092 977 2128 non
1007 2086 1342 2146 cognouerunt
1370 2076 1478 2129 uias
1505 2092 1641 2130 meas
1668 2094 1686 2140 ;
1733 2078 1912 2147 quibus
1942 2078 2118 2148 juravi

530 2168 594 2219 in
621 2168 700 2220 ira
724 2182 853 2232 mea,
886 2166 945 2219 Si
969 2166 1241 2219 introibant
1259 2166 1314 2219 in
1339 2166 1557 2235 requiem
1578 2167 1771 2237 meum)
1798 2207 1814 2233 ,
1845 2177 1967 2222 tunc
1993 2167 2122 2223 sub-

533 2257 710 2327 jungit
766 2275 779 2309 :
823 2256 909 2310 l2.
952 2254 1128 2309 Videte
1151 2296 1166 2319 ,
1194 2260 1399 2327 fratres,
1424 2272 1487 2310 ne
1507 2257 1640 2326 forte
1660 2258 1731 2311 sit
1760 2260 1813 2312 in
1839 2259 2009 2325 aliquo
2036 2274 2114 2312 ve-

536 2360 694 2402 strum
719 2364 806 2402 cor
832 2347 1021 2401 malum
1052 2348 1419 2402 incredulitatis
1451 2348 1753 2404 discedendo
1785 2367 1817 2402 a
1842 2348 1953 2403 Deo
1982 2350 2111 2403 uiuo.

537 2440 619 2494 lix
658 2438 855 2493 duritie
898 2437 1041 2494 enim
1083 2437 1144 2492 111
1185 2438 1529 2493 incredulitas
1566 2457 1579 2492 :
1617 2448 1673 2494 et
1716 2439 1855 2494 sicut
1890 2454 2115 2509 corpora

535 2548 654 2600 quae
684 2531 1046 2584 occalluerunt
1070 2539 1125 2584 et
1154 2530 1406 2586 duritiem
1434 2540 1821 2586 cantraxerunt
1842 2570 1857 2596 ,
1887 2548 1994 2585 non
2025 2547 2116 2586 ce-

534 2625 668 2676 dunt
698 2622 942 2677 manibus
969 2622 1328 2679 medicorum:
1350 2624 1421 2678 ita
1446 2623 1606 2678 etiam
1638 2623 1895 2679 indurata:
1920 2625 2113 2679 animai

535 2730 638 2769 non
666 2714 863 2769 cedunt
889 2714 1051 2769 verbo
1080 2713 1172 2767 Dei
1207 2732 1219 2768 :
1254 2723 1337 2769 est
1361 2714 1502 2768 enim
1532 2713 1823 2768 verisimile
1850 2714 2111 2785 quosdam

534 2806 637 2881 jam
665 2821 767 2861 non
800 2804 1024 2860 credere
1054 2845 1068 2865 ,
1103 2812 1373 2874 tamquam
1400 2819 1505 2858 non
1531 2819 1656 2859 vera
1688 2804 1798 2858 sint
1826 2819 1944 2875 qua:
1975 2805 2112 2860 facta

519 2906 675 2973 sunt.
708 2895 994 2966 Propterea
1020 2894 1149 2949 dicit
1172 2910 1186 2948 :
1227 2892 1400 2948 Videte
1423 2910 1484 2948 ne
1506 2894 1639 2963 forte
1661 2894 1727 2948 sit
1751 2895 1802 2949 in
1826 2895 1996 2965 aliqua
2024 2912 2105 2950 ve.

530 3002 687 3043 strum
716 3005 804 3042 cor
830 2988 1022 3043 malum
1043 2986 1413 3041 incredulitatis
1440 2987 1745 3042 discedendo
1770 3005 1803 3041 a
1841 2985 1949 3042 Deo
1976 2989 2106 3044 viro.

527 3079 659 3136 Nam
688 3080 938 3151 quoniam
965 3093 1144 3135 sermo
1170 3078 1237 3134 de
1264 3078 1452 3133 futuris
1482 3068 1585 3133 non
1615 3088 1698 3134 est
1721 3078 1855 3135 adeo
1879 3077 2111 3134 credibi-

512 3153 612 3238 lis,
648 3184 702 3227 ut
731 3174 819 3244 qui
843 3183 923 3228 est
951 3171 1019 3228 de
1053 3170 1355 3243 prrotcritis,
1390 3170 1469 3226 eis
1492 3170 1771 3225 historiam
1810 3179 2027 3227 revocat
2051 3170 2106 3227 in

510 3248 840 3322 memoriam
872 3308 888 3334 ,
922 3266 972 3321 in
999 3280 1101 3336 qna
1130 3262 1232 3319 [ide
1261 3273 1544 3334 eguerunt.
1573 3262 1705 3318 Nam
1734 3263 1777 3318 si
1800 3270 1980 3333 patres
2007 3277 2105 3319 ve-

523 3359 619 3412 stri
651 3400 665 3423 ,
713 3359 922 3428 inquit,
966 3357 1219 3427 quoniam
1247 3372 1355 3411 non
1387 3366 1740 3425 speraverant
1784 3365 1845 3410 ut
1888 3369 2109 3426 sperare

522 3436 757 3520 oportuit
780 3491 795 3512 ,
829 3449 942 3503 hmc
967 3448 1113 3520 passi
1143 3456 1268 3502 sunt
1291 3488 1306 3509 ,
1334 3448 1505 3502 multo
1533 3447 1703 3518 magis
1732 3460 1827 3502 vos
1859 3464 1875 3502 :
1906 3447 1973 3502 ad
2001 3461 2095 3504 eos

521 3550 670 3602 enim
704 3547 819 3602 hinc
842 3544 1004 3601 verba
1037 3546 1191 3601 1111111.
1235 3544 1368 3601 1111111
1398 3546 1539 3601 enim
1570 3587 1585 3609 ,
1639 3545 1806 3601 Hodie
1832 3588 1848 3612 ,
1889 3545 2101 3617 inquit,

522 3656 735 3712 semper
761 3649 843 3697 est
865 3638 1379 3711 quamdiumundus
1403 3638 1729 3694 constiterit.
1759 3638 1847 3696 i3.
1882 3638 1990 3693 Sed
2006 3638 2101 3692 ad-

523 3735 794 3788 hortomini
831 3733 1154 3804 nosmetipsos
1184 3748 1271 3802 per
1297 3730 1527 3802 singulos
1558 3729 1665 3784 dies
1696 3770 1712 3797 ,
1754 3731 1913 3784 donec
1955 3725 2105 3783 hodie

523 3829 924 3897 cognominatur.
973 3826 1086 3880 lloc
1121 3833 1237 3890 est,
1270 3822 1559 3879 .tEdillcate
1604 3838 1698 3877 vos
1741 3823 2057 3877 alterutrum
2080 3858 2098 3889 ,

522 3919 711 3989 erigite
738 3934 833 3973 vos
866 3918 1010 3989 ipsos
1033 3958 1049 3981 ,
1079 3926 1130 3970 ut
1163 3931 1269 3971 non
1305 3914 1429 3970 ﬁatut
1459 3913 1669 3970 eadem.
1706 3912 1781 3969 Ut
1809 3931 1911 3968 non
1939 3914 2100 3967 obdu-

523 4019 658 4061 retur
677 4009 788 4075 quis
811 4022 871 4060 ex
896 4007 1033 4061 vobis
1057 4006 1265 4075 fallacia
1292 4004 1502 4074 peccati.

593 4097 649 4152 9.
700 4097 863 4150 Vides
904 4096 1045 4165 quod
1095 4104 1372 4164 peccatum
1421 4095 1582 4149 iaciat
1626 4095 2101 4150 incredulitatem?

524 4186 657 4242 Nam
707 4195 765 4242 ut
803 4185 1149 4242 incredulitas
1178 4185 1373 4239 malam
1417 4186 1556 4254 parit
1596 4184 1795 4250 vitam,
1825 4185 1895 4237 ita
1940 4185 2099 4239 etiam

518 4293 720 4342 anima,
742 4292 867 4333 eum
888 4278 942 4331 in
968 4274 1298 4346 profundum
1322 4274 1585 4329 malorum
1600 4275 1835 4339 venerit,
1856 4284 2101 4327 contem-

519 4371 630 4435 nit;
660 4378 1020 4425 contemnens
1044 4378 1227 4423 autem
1250 4383 1318 4422 ne
1342 4367 1577 4422 sustinet
1598 4365 1821 4435 quidem
1849 4365 2097 4428 credere,

521 4469 581 4515 ut
605 4476 664 4517 se
683 4476 715 4514 a
744 4468 892 4516 metu
918 4460 1139 4513 liberet.
1164 4458 1427 4513 Dixerunt
1451 4457 1620 4519 enim,
1652 4455 1848 4526 inquit,
1876 4455 1991 4510 Non
2020 4473 2101 4509 m-

519 4552 655 4605 debit
677 4551 954 4615 Dominus,
977 4566 1069 4603 nec
1095 4548 1349 4620 intelliget
1369 4549 1507 4603 Deus
1522 4548 1682 4603 Iacob
1706 4546 1873 4618 (Psul.
1893 4548 1981 4603 95.
2011 4546 2094 4618 7);

512 4652 577 4696 tt
601 4657 814 4705 rursus,
840 4639 1007 4695 Labia
1035 4647 1217 4695 nostra
1250 4658 1281 4694 a
1308 4640 1450 4693 nobis
1473 4649 1630 4705 sunt;
1658 4639 1770 4710 quis
1800 4647 1975 4691 noster
1997 4637 2101 4691 Do-

521 4736 695 4788 minus
722 4742 796 4789 est
831 4730 1000 4804 (Psal.
1032 4732 1118 4786 11.
1147 4730 1236 4802 5)?
1268 4732 1596 4802 iterumque,
1619 4728 1727 4787 Cur
1751 4731 1981 4785 irritavit
2004 4730 2103 4784 im-

520 4827 637 4896 pius
661 4823 827 4882 Deum
852 4822 1021 4899 (Psal.
1049 4823 1134 4880 10.
1158 4825 1243 4880 15.
1260 4841 1365 4879 sec.
1384 4822 1606 4895 Hebr.)?
1644 4830 1702 4879 et
1726 4837 1937 4887 rursus,
1957 4821 2102 4876 Dixit

519 4915 771 4987 insipiens
795 4917 849 4994 in
870 4916 1023 4972 corde
1039 4933 1136 4972 suo
1153 4932 1171 4970 :
1188 4915 1305 4972 Non
1331 4926 1406 4970 est
1430 4915 1591 4970 Deus.
1619 4913 1866 4985 Corrupti
1888 4924 2030 4979 sunt,
2053 4928 2100 4967 et

492 5058 495 5061 ,
521 5007 899 5064 abominabiles
918 5010 1043 5081 facti
1067 5011 1265 5064 suntin
1288 5009 1473 5063 studiis
1492 5007 1601 5063 suis
1629 5004 1797 5078 (Psal.
1826 5005 1913 5060 15.
1942 5005 2014 5076 1).
2036 5005 2102 5060 Et

521 5110 733 5162 rursus,
747 5095 862 5151 Non
877 5108 952 5153 est
978 5102 1135 5155 timor
1147 5100 1242 5155 Dei
1259 5110 1382 5155 ante
1394 5098 1571 5154 oculos
1587 5113 1796 5166 eorum;
1818 5107 1875 5152 et
1889 5111 2098 5161 rursus,

522 5186 785 5253 Quoniam
814 5185 988 5243 dolose
1017 5192 1119 5262 egit
1140 5193 1195 5245 in
1212 5199 1485 5264 conspectu
1511 5190 1645 5260 ejus,
1669 5197 1726 5241 ut
1752 5187 1984 5241 inveniat
2003 5186 2104 5238 ini-

520 5276 775 5347 quitatem
788 5276 901 5349 ejus
910 5286 957 5332 et
972 5280 1138 5335 oderit
1153 5280 1322 5353 (Psal.
1344 5282 1430 5338 55.
1449 5281 1501 5340 2.
1521 5282 1600 5357 3).
1614 5282 1868 5338 Christus
1882 5298 2102 5354 quoque

518 5368 627 5426 hoc
650 5367 718 5425 ad
734 5368 914 5441 ipsum
934 5369 1095 5426 dicit:
1115 5371 1295 5428 Omnis
1313 5375 1403 5446 qui
1422 5374 1562 5429 male
1579 5374 1709 5445 agit,
1728 5376 1835 5430 odit
1852 5374 2039 5437 lucem,
2055 5384 2102 5426 et

524 5491 627 5529 non
656 5470 874 5529 cenitad
902 5465 1277 5538 lucem(.loan.
1309 5466 1364 5521 5.
1394 5463 1465 5519 20
1485 5466 1525 5535 ).
1553 5462 1754 5517 Deinde
1790 5460 2058 5530 subjungit
2086 5477 2099 5513 :

482 5612 487 5617 .
529 5569 813 5636 l‘articipes
842 5563 1031 5622 Christi
1056 5558 1221 5628 effecti
1240 5573 1433 5613 sumus.
1462 5556 1599 5624 Quid
1630 5554 1730 5609 hoc
1760 5562 1863 5618 est,
1895 5550 2103 5606 Partiri-

482 5704 489 5709 '
587 5696 774 5760 («1)ch
809 5694 983 5757 ingens
1015 5695 1093 5741 est
1122 5689 1283 5738 hiatus
1322 5680 1682 5745 in‘Colbertino
1712 5678 1931 5742 quinque
1968 5674 2106 5739 pagi-

522 5774 710 5813 natm

1216 305 1273 362 S.
1316 309 1593 369 JOANNIS
1630 312 2104 377 CIIRYSOSTOMI
2145 321 2460 384 AliCillEl‘.
2504 329 3033 395 CONSTANTINOP.
3749 339 3821 395 55

2247 460 2333 513 pes
2360 442 2549 499 Christi
2575 442 2742 511 effecti
2766 460 2942 498 sumus
2963 443 2991 499 7
3017 443 3188 501 Unum
3222 444 3395 502 cﬂ'ecti
3425 463 3612 507 sumus
3642 448 3815 511 noset

2245 535 2359 604 ipse
2388 549 2404 588 :
2436 533 2698 605 siquidem
2747 534 2861 606 ipse
2902 534 3116 605 quidem
3146 547 3342 606 caput,
3372 553 3471 595 nos
3497 550 3673 597 autem
3699 560 3820 601 cor-

2243 640 2363 696 pus,
2396 625 2692 681 coheredes
2711 666 2727 693 ,
2759 636 2816 681 et
2835 630 3269 696 concorporales.
3296 629 3469 685 Unum
3496 647 3694 703 corpus
3717 654 3813 691 su-

2241 733 2362 775 mus
2394 733 2460 774 ex
2506 733 2669 773 carne
2704 717 2821 786 ejus
2843 758 2860 783 ,
2898 719 3110 789 inquit,
3145 729 3199 774 et
3244 736 3313 776 ex
3345 723 3555 779 ossibus
3588 726 3725 796 ejus.
3755 730 3817 786 Si

2240 820 2404 865 tamen
2427 808 2629 861 initium
2656 808 2952 862 substantia:
2979 810 3089 879 ejus
3126 826 3282 880 usque
3307 813 3376 865 ad
3401 814 3554 879 ﬁnem
3591 819 3810 873 retinea-

2237 919 2370 956 mus.
2400 900 2537 969 Quid
2562 909 2647 955 est
2667 940 2682 965 ,
2730 899 2943 955 Initium
2968 901 3267 957 substantia:
3293 905 3401 974 ejus
3421 906 3447 959 7
3481 907 3667 962 Fidem
3717 927 3812 980 per

2237 1006 2399 1062 quam
2426 991 2787 1057 constitimus,
2818 1000 2873 1047 ct
2891 991 3059 1061 geniti
3089 1006 3274 1047 sumus
3293 1031 3309 1056 ,
3334 1000 3390 1046 et
3410 1000 3469 1047 ut
3497 993 3568 1048 ita
3593 994 3770 1050 dicam
3796 1034 3816 1060 ,

2237 1080 2704 1136 cnnsuhstantiati.
2735 1081 2935 1136 Deinde
2960 1080 3233 1152 subjungit
3264 1098 3279 1136 :
3321 1082 3409 1137 15.
3440 1080 3580 1137 Dum
3605 1083 3818 1152 dicitur,

2243 1171 2412 1226 Hodie
2434 1173 2479 1225 si
2507 1186 2676 1225 vocem
2714 1172 2824 1243 ejus
2850 1172 3114 1227 audieritis
3141 1214 3156 1236 ,
3188 1173 3342 1227 nolite
3365 1173 3619 1229 obdurare
3655 1176 3816 1231 corda

2234 1272 2418 1327 uestra,
2447 1263 2575 1316 sicut
2605 1263 2656 1316 in
2676 1261 3075 1317 exacerbatione.
3102 1261 3227 1318 lltec
3252 1263 3468 1318 inverso
3497 1263 3688 1320 ordine
3716 1280 3817 1336 pn-

2236 1365 2434 1409 unntur
2461 1395 2476 1421 ,
2508 1354 2706 1409 deinde
2729 1353 3013 1423 adjicitur:
3040 1354 3189 1426 (Cap.
3218 1354 3274 1425 Δ)
3309 1355 3355 1409 1.
3384 1354 3673 1411 Timeamus
3699 1373 3819 1429 ergo

2234 1464 2297 1501 ne
2321 1451 2451 1516 forte
2469 1448 2648 1501 relicta
2671 1447 3035 1517 pollicitatione
3054 1447 3344 1502 introeundi
3365 1449 3416 1502 in
3434 1449 3657 1520 requiem
3678 1450 3814 1520 ejus,

2233 1540 2544 1594 existimetur
2569 1539 2755 1608 aliquis
2783 1555 2847 1592 ea:
2871 1537 3006 1592 vobis
3026 1538 3216 1593 deesse.
3240 1538 3293 1593 2.
3316 1536 3526 1593 Etenim
3555 1540 3697 1595 nobis
3721 1558 3817 1594 an-

2233 1631 2522 1683 nuntiatum
2551 1639 2624 1684 est
2644 1669 2660 1697 ,
2689 1629 3113 1699 quemadmodum
3140 1639 3186 1682 et
3232 1630 3357 1685 illis.
3401 1629 3540 1685 Dum
3580 1632 3767 1686 dicitur
3793 1674 3811 1699 ,

2236 1720 2404 1775 lloaie
2430 1723 2474 1775 si
2500 1736 2668 1775 vocem
2694 1722 2804 1791 ejus
2827 1721 3109 1774 audieritis.
3144 1719 3275 1774 lllud
3307 1722 3450 1776 enim
3479 1720 3642 1775 Hodie
3670 1739 3816 1779 sent-

2230 1830 2328 1885 per
2356 1822 2458 1868 est.
2486 1812 2689 1868 Deinde
2713 1814 2790 1866 ait
2816 1830 2830 1866 :
2865 1811 2971 1867 Sed
2989 1830 3090 1866 non
3118 1813 3305 1883 prefuit
3336 1813 3441 1868 illis
3458 1830 3620 1868 sermo
3655 1818 3813 1869 audi-

2231 1915 2331 1970 tus,
2354 1921 2454 1959 non
2471 1904 2727 1959 admixtus
2746 1906 2865 1972 ﬁdei
2881 1920 2947 1959 ea:
2970 1905 3034 1959 iis
3058 1920 3173 1975 qua:
3189 1905 3493 1969 audierunt;
3519 1908 3812 1965 ostendens

2229 1996 2501 2067 quomodo
2548 2010 2653 2049 non
2696 1993 2895 2064 profuit
2942 2011 2960 2051 :
3005 2006 3288 2065 propterea
3339 1997 3481 2050 enim
3533 2012 3637 2052 non
3680 2014 3809 2068 pro-

2227 2086 2325 2141 luit
2378 2088 2498 2157 quia
2545 2084 2733 2141 deerat
2768 2084 2922 2141 ﬁdes.
2962 2084 3168 2141 Deinde
3209 2085 3394 2141 volens
3430 2103 3523 2143 cos
3565 2098 3766 2146 terrere
3789 2131 3806 2156 ,

2226 2176 2332 2233 hoc
2362 2179 2534 2246 ipsum
2572 2175 2809 2232 ostendit
2853 2191 2950 2245 per
2997 2189 3063 2232 ea
3107 2191 3230 2248 quas
3275 2175 3427 2233 dicit.
3461 2179 3551 2233 16.
3582 2179 3806 2248 Quidam

2224 2275 2359 2324 enim
2378 2269 2641 2323 audientes
2665 2267 3111 2334 exacerbaverunt,
3137 2266 3229 2322 sed
3249 2284 3350 2321 non
3377 2285 3549 2325 omnes
3572 2273 3659 2345 qui
3678 2291 3772 2344 pro
3797 2306 3809 2314 -

2226 2362 2342 2431 {ceti
2368 2370 2487 2414 sunt
2513 2376 2576 2414 ea:
2602 2357 2835 2429 .Egypto
2881 2374 2971 2427 per
3008 2357 3257 2429 Moysem.
3295 2360 3382 2415 17.
3418 2360 3611 2428 Quibus
3635 2373 3804 2418 autem

2222 2454 2454 2522 infensus
2483 2452 2580 2523 fuit
2609 2451 2948 2521 quadraginta
2973 2452 3121 2505 annis
3146 2451 3172 2503 ?
3196 2468 3362 2507 nonne
3376 2454 3480 2509 illis
3507 2456 3594 2525 qui
3620 2472 3803 2526 pecca-

2222 2553 2420 2609 uerunt,
2449 2559 2667 2616 quorum
2690 2542 2938 2596 cadavera
2966 2542 3194 2611 projecta
3219 2553 3338 2597 sunt
3367 2544 3421 2597 in
3448 2544 3687 2600 deserto?
3713 2546 3803 2603 l8.

2225 2636 2420 2705 Quibus
2444 2645 2614 2690 alitem
2642 2635 2842 2705 jurasit
2871 2650 2975 2688 non
3000 2635 3209 2689 introire
3252 2635 3305 2689 in
3346 2637 3571 2706 requiem
3599 2639 3758 2708 ipsius
3783 2679 3802 2705 ,

2224 2729 2324 2785 nisi
2350 2728 2416 2784 iis
2439 2728 2524 2800 qui
2545 2725 2795 2781 increduli
2818 2727 3070 2797 fuerunt?
3091 2726 3176 2781 l9.
3207 2725 3275 2779 Et
3304 2727 3527 2781 videmus
3543 2728 3681 2798 quod
3700 2747 3805 2783 non

2223 2821 2475 2895 potuerint
2500 2819 2709 2875 introire
2735 2819 2790 2873 in
2811 2818 3032 2890 requiem
3051 2818 3211 2889 ipsius
3238 2828 3443 2890 propter
3465 2820 3805 2876 incredulita-

2223 2923 2345 2969 tem.
2391 2912 2529 2967 Cum
2570 2909 2799 2966 dixisset
2839 2925 3045 2983 rursus,
3079 2910 3474 2974 testimonium,
3521 2909 3808 2980 subiungit

2221 3005 2387 3062 etiam
2426 3001 2911 3073 interrogationem
2931 3042 2947 3066 ,
2978 2999 3122 3072 quod
3155 3002 3372 3072 quidem
3414 3001 3616 3054 claram
3641 3000 3808 3055 eﬂicit

2221 3094 2548 3149 orationem.
2584 3091 2733 3145 Dixit
2776 3092 2943 3158 enim,
2975 3091 3181 3161 inquit,
3217 3090 3389 3146 Hodie
3416 3092 3463 3145 si
3491 3106 3662 3147 vocem
3688 3090 3805 3159 ejus

2210 3178 2519 3250 audieritis,
2543 3183 2702 3239 nolite
2745 3183 3003 3238 obdurare
3031 3184 3194 3237 corda
3234 3193 3406 3239 vestra
3441 3186 3575 3239 sicut
3619 3184 3672 3239 in
3711 3199 3809 3239 ex-

2210 3268 2570 3334 racerbatione.
2600 3276 3006 3343 Quorumnsm,
3048 3275 3246 3347 inquit,
3277 3278 3521 3332 meminit
3548 3275 3639 3347 qui
3673 3286 3805 3331 sunt

2222 3369 2498 3426 indurati?
2528 3382 2889 3439 quarumnam
2922 3368 3012 3438 qui
3050 3381 3159 3423 non
3199 3368 3585 3424 Crediderunt?
3609 3366 3803 3423 Nonne

2218 3459 2569 3517 Iudaeorum?
2598 3458 2753 3526 Quod
2785 3468 2964 3515 autem
2998 3459 3153 3525 dicit,
3185 3468 3269 3515 est
3306 3456 3619 3527 hujusmodi
3652 3456 3804 3511 :An-

2220 3550 2439 3607 dierunt
2463 3550 2539 3619 illi
2568 3564 2786 3622 quoque
2809 3550 2951 3606 sicut
2984 3563 3083 3603 nos
3113 3548 3387 3609 audimus,
3417 3546 3511 3601 sed
3536 3546 3666 3600 nihil
3694 3544 3806 3600 illis

2219 3643 2443 3716 proluit.
2469 3642 2546 3698 Ne
2574 3657 2705 3714 ergo
2726 3642 3051 3697 existimetis
3083 3640 3225 3711 quod
3250 3640 3490 3694 futurum
3522 3637 3594 3692 sit
3626 3647 3682 3689 ut
3708 3637 3800 3705 ju-

2221 3734 2421 3790 vemini
2470 3732 2742 3788 audiendo
2780 3730 3219 3801 praedicationem
3257 3745 3271 3782 :
3315 3746 3439 3785 nam
3474 3730 3547 3784 illi
3582 3745 3804 3800 quoque

2221 3827 2530 3891 audierunt,
2548 3825 2643 3881 sed
2671 3824 2808 3879 nihil
2838 3824 2945 3878 illis
2965 3822 3188 3894 profuit,
3212 3824 3467 3894 quoniam
3490 3838 3599 3878 non
3621 3821 3803 3876 credi-

2220 3916 2439 3974 derunt.
2458 3918 2662 3973 Chaleb
2685 3924 2865 3972 autem
2887 3923 2942 3971 et
2957 3912 3118 3972 Jesus
3149 3915 3406 3987 quoniam
3434 3932 3541 3971 non
3565 3930 3804 3969 consen-

2232 4017 2418 4065 serunt
2432 4008 2504 4063 iis
2522 4006 2611 4078 qui
2640 4021 2747 4060 non
2767 4005 3132 4068 crediderunt,
3155 4003 3258 4058 illis
3281 4004 3492 4058 illatum
3508 4002 3817 4072 eti'ugerunt

2231 4101 2570 4170 supplicium.
2599 4099 2663 4152 Et
2683 4096 2805 4152 vide
2832 4096 2958 4166 quid
2985 4095 3303 4150 admirabile
3335 4110 3349 4147 :
3383 4110 3489 4148 non
3506 4093 3667 4159 dixit,
3691 4093 3813 4148 Non

2229 4197 2637 4254 consenserunt,
2666 4188 2780 4250 sed,
2815 4185 2936 4240 Non
2961 4186 3207 4240 commisti
3232 4195 3385 4249 sunt;
3410 4185 3514 4239 hoc
3536 4193 3640 4250 est,
3675 4186 3810 4239 citra

2230 4283 2546 4338 seditionem
2577 4290 2702 4335 sunt
2732 4278 2964 4349 separati
2991 4321 3005 4343 ,
3036 4294 3162 4333 cum
3195 4278 3269 4331 illi
3293 4279 3451 4332 unius
3476 4285 3531 4332 et
3559 4277 3807 4346 ejusdem

2232 4376 2454 4430 fuissent
2481 4374 2784 4429 sententiae.
2824 4371 2920 4425 ilic
2949 4370 3076 4424 mihi
3106 4368 3315 4424 videtur
3343 4369 3504 4423 etiam
3531 4368 3691 4423 tacite
3728 4368 3811 4421 in-

2229 4481 2394 4520 nucre
2432 4466 2767 4522 seditionem.
2797 4468 2849 4523 3.
2881 4466 3208 4537 Ingredimur
3233 4467 3387 4532 enim,
3418 4465 3606 4535 inquit,
3634 4463 3691 4517 in
3731 4477 3818 4515 re-

2224 4563 2392 4630 quiem
2414 4560 2499 4628 qui
2523 4560 2849 4614 credidimus.
2873 4559 3075 4615 Deinde
3097 4559 3200 4614 hoc
3225 4556 3552 4613 conﬁrmans
3576 4554 3803 4625 subjun-

2222 4650 2299 4703 xit
2326 4670 2339 4704 :
2375 4650 2803 4717 Quemadmodum
2823 4651 2951 4704 dixit
2978 4666 2997 4704 :
3026 4650 3171 4706 Sicut
3182 4650 3357 4723 juravi
3392 4651 3446 4702 in
3483 4649 3563 4703 ira
3600 4663 3735 4713 mea,
3760 4644 3812 4701 si

2221 4741 2493 4795 introibant
2543 4743 2595 4795 in
2639 4743 2856 4813 requiem
2894 4758 3058 4796 meam
3081 4757 3100 4796 :
3132 4752 3187 4797 et
3223 4740 3441 4811 quidem
3476 4739 3732 4811 operibus
3775 4751 3808 4789 a

2222 4832 2602 4889 constitutione
2642 4832 2829 4888 mundi
2880 4832 3211 4889 constitutis:
3261 4830 3525 4900 Quoniam
3562 4830 3805 4886 dicturus

2226 4921 2363 4979 forte
2400 4923 2662 4993 quiSpiam
2709 4932 2862 4988 erat,
2894 4922 3053 4993 Atqui
3098 4922 3199 4977 hoc
3242 4937 3350 4977 non
3387 4921 3655 4992 signiﬁcat
3700 4933 3802 4975 nos

2223 5014 2581 5083 ingressurus,
2613 5013 2707 5068 scd
2738 5013 2859 5068 illos
2885 5029 2992 5068 non
3020 5028 3141 5067 esse
3172 5014 3444 5083 ingressos
3477 5031 3492 5068 :
3521 5011 3646 5081 quid
3674 5026 3815 5081 ergo

2225 5106 2345 5159 facit
2366 5103 2390 5157 ?
2413 5103 2639 5160 interim
2673 5105 2854 5160 studet
2892 5104 3180 5159 ostendere
3200 5146 3213 5169 ,
3244 5103 3387 5175 quod
3433 5107 3574 5158 sicut
3603 5103 3692 5157 illa
3719 5117 3809 5156 re-

2223 5197 2373 5265 quies
2400 5209 2507 5250 non
2529 5195 2775 5264 prohibet
2795 5195 2950 5249 aliam
2973 5194 3078 5250 dici
3104 5196 3368 5265 requiem,
3390 5197 3461 5250 ita
3489 5210 3663 5265 neque
3692 5194 3810 5249 ba‘c

2224 5285 2464 5355 requiem
2490 5287 2769 5341 cmlorum.
2798 5285 3015 5342 Interim
3055 5300 3187 5357 ergo
3225 5287 3339 5341 vult
3369 5285 3661 5341 ostendere
3687 5285 3810 5338 illos

2225 5376 2462 5444 requiem
2507 5392 2606 5432 nos
2645 5390 2963 5448 assequutos
2992 5393 3130 5434 esse.
3172 5377 3241 5435 Ut
3280 5377 3419 5433 scias
3454 5388 3633 5433 autem
3662 5377 3810 5447 quod

2225 5466 2325 5522 bac
2353 5468 2533 5531 dicat,
2562 5469 2711 5525 addit
2737 5488 2749 5524 :
2783 5470 2836 5525 4.
2870 5469 3014 5525 Dixit
3051 5473 3185 5526 enim
3234 5471 3457 5541 quodam
3487 5468 3600 5527 loro
3628 5470 3695 5524 de
3719 5470 3805 5527 die

2223 5560 2433 5630 septima
2462 5561 2533 5615 sic
2561 5577 2582 5616 :
2609 5571 2655 5614 et
2682 5560 2923 5632 requievit
2959 5560 3099 5619 Deus
3128 5564 3211 5617 die
3248 5564 3461 5633 septimo
3490 5563 3553 5616 ab
3579 5561 3811 5615 omnibus

2224 5652 2461 5722 operibus
2496 5652 2600 5706 suis
2627 5668 2646 5707 :
2675 5653 2730 5710 5.
2779 5663 2827 5708 et
2859 5654 2913 5708 in
2932 5655 3045 5709 isto
3079 5671 3285 5710 rursum
3308 5669 3327 5708 :
3346 5653 3417 5710 'Si
3444 5652 3721 5707 introibant
3756 5653 3812 5707 in

2225 5745 2442 5813 requiem
2475 5760 2654 5798 meam.
2704 5742 2868 5803 Vides
2906 5746 3175 5819 (promcdo
3216 5744 3333 5803 lmc
3375 5759 3481 5798 non
3528 5743 3810 5801 prohibeat
