  <div class='ocr_page' id='page_1' title='image "/cluster/home/n/w/nwhite01/storage/ocr_20150623/63/hvd.32044054112164/064.png"; bbox 0 0 4036 6206; ppageno 0'>
   <div class='ocr_carea' id='block_1_1' title="bbox 274 254 3519 323">
    <p class='ocr_par' dir='ltr' id='par_1_1' title="bbox 274 254 3519 323">
     <span class='ocr_line' id='line_1_1' title="bbox 274 254 3519 323; baseline -0 -4"><span class='ocrx_word' id='word_1_1' title='bbox 274 254 339 306; x_wconf 75' lang='lat'><strong>57</strong></span> <span class='ocrx_word' id='word_1_2' title='bbox 1078 266 1139 319; x_wconf 70' lang='grc' dir='ltr'><strong>ΙΝ</strong></span> <span class='ocrx_word' id='word_1_3' title='bbox 1177 267 1384 323; x_wconf 77' lang='lat' dir='ltr'><strong>EPIST.</strong></span> <span class='ocrx_word' id='word_1_4' title='bbox 1429 268 1517 320; x_wconf 81' lang='lat' dir='ltr'><strong>AD</strong></span> <span class='ocrx_word' id='word_1_5' title='bbox 1558 266 1913 322; x_wconf 63' lang='lat' dir='ltr'><strong>HEBlLEOS.</strong></span> <span class='ocrx_word' id='word_1_6' title='bbox 1957 262 2110 317; x_wconf 61' lang='lat' dir='ltr'><strong>CAP.</strong></span> <span class='ocrx_word' id='word_1_7' title='bbox 2155 262 2237 315; x_wconf 78' lang='lat' dir='ltr'><strong>IV.</strong></span> <span class='ocrx_word' id='word_1_8' title='bbox 2286 263 2516 319; x_wconf 73' lang='lat' dir='ltr'><strong>HUMIL.</strong></span> <span class='ocrx_word' id='word_1_9' title='bbox 2561 264 2669 319; x_wconf 73' lang='grc' dir='ltr'><strong>γη.</strong></span> <span class='ocrx_word' id='word_1_10' title='bbox 3451 264 3519 320; x_wconf 79' lang='lat'><strong>58</strong></span> 
     </span>
    </p>
   </div>
   <div class='ocr_carea' id='block_1_2' title="bbox 265 362 1850 457">
    <p class='ocr_par' dir='ltr' id='par_1_2' title="bbox 265 362 1850 457">
     <span class='ocr_line' id='line_1_2' title="bbox 265 362 1850 457; baseline 0.019 -45"><span class='ocrx_word' id='word_1_11' title='bbox 265 362 410 413; x_wconf 82' lang='lat' dir='ltr'><strong>illaut</strong></span> <span class='ocrx_word' id='word_1_12' title='bbox 440 375 565 415; x_wconf 81' lang='lat' dir='ltr'><strong>esse</strong></span> <span class='ocrx_word' id='word_1_13' title='bbox 596 378 643 415; x_wconf 70' lang='grc' dir='ltr'>ι’(</span> <span class='ocrx_word' id='word_1_14' title='bbox 657 363 835 432; x_wconf 84' lang='lat' dir='ltr'><strong>quiem</strong></span> <span class='ocrx_word' id='word_1_15' title='bbox 859 366 882 418; x_wconf 91' lang='lat'><strong>?</strong></span> <span class='ocrx_word' id='word_1_16' title='bbox 907 366 960 423; x_wconf 77' lang='lat'><strong>6.</strong></span> <span class='ocrx_word' id='word_1_17' title='bbox 996 369 1248 432; x_wconf 83' lang='lat' dir='ltr'><strong>Quoniam</strong></span> <span class='ocrx_word' id='word_1_18' title='bbox 1276 391 1413 445; x_wconf 78' lang='lat' dir='ltr'><strong>ergo,</strong></span> <span class='ocrx_word' id='word_1_19' title='bbox 1446 378 1639 449; x_wconf 89' lang='lat' dir='ltr'><strong>inquit,</strong></span> <span class='ocrx_word' id='word_1_20' title='bbox 1671 403 1850 457; x_wconf 82' lang='lat' dir='ltr'><strong>super-</strong></span> 
     </span>
    </p>
   </div>
   <div class='ocr_carea' id='block_1_3' title="bbox 259 453 1851 539">
    <p class='ocr_par' dir='ltr' id='par_1_3' title="bbox 259 453 1851 539">
     <span class='ocr_line' id='line_1_3' title="bbox 259 453 1851 539; baseline 0.018 -36"><span class='ocrx_word' id='word_1_21' title='bbox 259 462 331 506; x_wconf 72' lang='grc' dir='ltr'>σει</span> <span class='ocrx_word' id='word_1_22' title='bbox 360 453 580 506; x_wconf 78' lang='lat' dir='ltr'><strong>introire</strong></span> <span class='ocrx_word' id='word_1_23' title='bbox 606 456 851 521; x_wconf 80' lang='lat' dir='ltr'><strong>quosdam</strong></span> <span class='ocrx_word' id='word_1_24' title='bbox 874 459 925 511; x_wconf 90' lang='lat' dir='ltr'><strong>in</strong></span> <span class='ocrx_word' id='word_1_25' title='bbox 957 458 1120 528; x_wconf 90' lang='lat' dir='ltr'><strong>illam,</strong></span> <span class='ocrx_word' id='word_1_26' title='bbox 1153 475 1201 516; x_wconf 92' lang='lat' dir='ltr'><strong>et</strong></span> <span class='ocrx_word' id='word_1_27' title='bbox 1226 465 1265 518; x_wconf 86' lang='lat' dir='ltr'><strong>ii</strong></span> <span class='ocrx_word' id='word_1_28' title='bbox 1282 460 1461 536; x_wconf 82' lang='lat' dir='ltr'><strong>quibus</strong></span> <span class='ocrx_word' id='word_1_29' title='bbox 1485 453 1740 539; x_wconf 79' lang='lat' dir='ltr'><strong>prioribus</strong></span> <span class='ocrx_word' id='word_1_30' title='bbox 1758 494 1851 533; x_wconf 85' lang='lat' dir='ltr'><strong>an-</strong></span> 
     </span>
    </p>
   </div>
   <div class='ocr_carea' id='block_1_4' title="bbox 260 545 1851 626">
    <p class='ocr_par' dir='ltr' id='par_1_4' title="bbox 260 545 1851 626">
     <span class='ocr_line' id='line_1_4' title="bbox 260 545 1851 626; baseline 0.018 -30"><span class='ocrx_word' id='word_1_31' title='bbox 260 545 551 597; x_wconf 78' lang='lat' dir='ltr'><strong>nuntiatstm</strong></span> <span class='ocrx_word' id='word_1_32' title='bbox 572 554 648 599; x_wconf 81' lang='lat' dir='ltr'><strong>est</strong></span> <span class='ocrx_word' id='word_1_33' title='bbox 672 587 687 612; x_wconf 92' lang='lat'><strong>,</strong></span> <span class='ocrx_word' id='word_1_34' title='bbox 718 563 820 602; x_wconf 80' lang='lat' dir='ltr'><strong>non</strong></span> <span class='ocrx_word' id='word_1_35' title='bbox 848 550 1148 606; x_wconf 85' lang='lat' dir='ltr'><strong>introierunt</strong></span> <span class='ocrx_word' id='word_1_36' title='bbox 1175 568 1379 626; x_wconf 80' lang='lat' dir='ltr'><strong>propter</strong></span> <span class='ocrx_word' id='word_1_37' title='bbox 1406 562 1806 623; x_wconf 85' lang='lat' dir='ltr'><strong>incredulitatem</strong></span> <span class='ocrx_word' id='word_1_38' title='bbox 1833 587 1851 625; x_wconf 92' lang='lat'><strong><em>:</em></strong></span> 
     </span>
    </p>
   </div>
   <div class='ocr_carea' id='block_1_5' title="bbox 259 633 1848 717">
    <p class='ocr_par' dir='ltr' id='par_1_5' title="bbox 259 633 1848 717">
     <span class='ocr_line' id='line_1_5' title="bbox 259 633 1848 717; baseline 0.017 -32"><span class='ocrx_word' id='word_1_39' title='bbox 259 634 311 685; x_wconf 85' lang='lat' dir='ltr'><strong>&#39;l.</strong></span> <span class='ocrx_word' id='word_1_40' title='bbox 340 633 528 686; x_wconf 78' lang='lat' dir='ltr'><strong>iterum</strong></span> <span class='ocrx_word' id='word_1_41' title='bbox 552 637 799 690; x_wconf 86' lang='lat' dir='ltr'><strong>terminat</strong></span> <span class='ocrx_word' id='word_1_42' title='bbox 823 640 958 692; x_wconf 87' lang='lat' dir='ltr'><strong>diem</strong></span> <span class='ocrx_word' id='word_1_43' title='bbox 985 647 1257 708; x_wconf 82' lang='lat' dir='ltr'><strong>quamdam</strong></span> <span class='ocrx_word' id='word_1_44' title='bbox 1280 647 1430 703; x_wconf 75' lang='lat' dir='ltr'><strong>Itodie</strong></span> <span class='ocrx_word' id='word_1_45' title='bbox 1450 693 1464 717; x_wconf 93' lang='lat'><strong>,</strong></span> <span class='ocrx_word' id='word_1_46' title='bbox 1504 654 1555 706; x_wconf 88' lang='lat' dir='ltr'><strong>in</strong></span> <span class='ocrx_word' id='word_1_47' title='bbox 1584 653 1748 710; x_wconf 72' lang='lat' dir='ltr'><strong>David</strong></span> <span class='ocrx_word' id='word_1_48' title='bbox 1773 660 1848 712; x_wconf 87' lang='lat' dir='ltr'><strong>di-</strong></span> 
     </span>
    </p>
   </div>
   <div class='ocr_carea' id='block_1_6' title="bbox 258 725 1844 812">
    <p class='ocr_par' dir='ltr' id='par_1_6' title="bbox 258 725 1844 812">
     <span class='ocr_line' id='line_1_6' title="bbox 258 725 1844 812; baseline 0.018 -35"><span class='ocrx_word' id='word_1_49' title='bbox 258 725 417 779; x_wconf 79' lang='lat' dir='ltr'><strong>cende</strong></span> <span class='ocrx_word' id='word_1_50' title='bbox 447 744 468 780; x_wconf 90' lang='lat'><strong><em>:</em></strong></span> <span class='ocrx_word' id='word_1_51' title='bbox 499 725 630 781; x_wconf 79' lang='lat' dir='ltr'><strong>Post</strong></span> <span class='ocrx_word' id='word_1_52' title='bbox 660 741 859 784; x_wconf 86' lang='lat' dir='ltr'><strong>tantum</strong></span> <span class='ocrx_word' id='word_1_53' title='bbox 884 737 1125 803; x_wconf 83' lang='lat' dir='ltr'><strong>temporis</strong></span> <span class='ocrx_word' id='word_1_54' title='bbox 1149 779 1163 799; x_wconf 91' lang='lat'><strong>,</strong></span> <span class='ocrx_word' id='word_1_55' title='bbox 1197 740 1325 792; x_wconf 86' lang='lat' dir='ltr'><strong>sicut</strong></span> <span class='ocrx_word' id='word_1_56' title='bbox 1352 758 1510 812; x_wconf 86' lang='lat' dir='ltr'><strong>supra</strong></span> <span class='ocrx_word' id='word_1_57' title='bbox 1537 745 1726 802; x_wconf 82' lang='lat' dir='ltr'><strong>dictant</strong></span> <span class='ocrx_word' id='word_1_58' title='bbox 1754 762 1844 804; x_wconf 75' lang='lat' dir='ltr'><strong>est.</strong></span> 
     </span>
    </p>
   </div>
   <div class='ocr_carea' id='block_1_7' title="bbox 256 817 1843 910">
    <p class='ocr_par' dir='ltr' id='par_1_7' title="bbox 256 817 1843 910">
     <span class='ocr_line' id='line_1_7' title="bbox 256 817 1843 910; baseline 0.016 -39"><span class='ocrx_word' id='word_1_59' title='bbox 256 817 393 885; x_wconf 80' lang='lat' dir='ltr'><strong>Quid</strong></span> <span class='ocrx_word' id='word_1_60' title='bbox 416 828 501 872; x_wconf 87' lang='lat' dir='ltr'><strong>est</strong></span> <span class='ocrx_word' id='word_1_61' title='bbox 531 831 713 875; x_wconf 86' lang='lat' dir='ltr'><strong>autem</strong></span> <span class='ocrx_word' id='word_1_62' title='bbox 745 823 887 892; x_wconf 78' lang='lat' dir='ltr'><strong>quod</strong></span> <span class='ocrx_word' id='word_1_63' title='bbox 918 824 1085 880; x_wconf 85' lang='lat' dir='ltr'><strong>dicit?</strong></span> <span class='ocrx_word' id='word_1_64' title='bbox 1112 829 1372 894; x_wconf 80' lang='lat' dir='ltr'><strong>Quoniam</strong></span> <span class='ocrx_word' id='word_1_65' title='bbox 1401 834 1619 901; x_wconf 85' lang='lat' dir='ltr'><strong>debent,</strong></span> <span class='ocrx_word' id='word_1_66' title='bbox 1654 841 1843 910; x_wconf 88' lang='lat' dir='ltr'><strong>inquit,</strong></span> 
     </span>
    </p>
   </div>
   <div class='ocr_carea' id='block_1_8' title="bbox 256 911 1840 998">
    <p class='ocr_par' dir='ltr' id='par_1_8' title="bbox 256 911 1840 998">
     <span class='ocr_line' id='line_1_8' title="bbox 256 911 1840 998; baseline 0.016 -35"><span class='ocrx_word' id='word_1_67' title='bbox 256 911 425 981; x_wconf 74' lang='lat' dir='ltr'><strong>aliqui</strong></span> <span class='ocrx_word' id='word_1_68' title='bbox 461 912 692 967; x_wconf 77' lang='lat' dir='ltr'><strong>introire</strong></span> <span class='ocrx_word' id='word_1_69' title='bbox 721 915 964 978; x_wconf 84' lang='lat' dir='ltr'><strong>munino,</strong></span> <span class='ocrx_word' id='word_1_70' title='bbox 999 917 1074 972; x_wconf 83' lang='lat' dir='ltr'><strong>illi</strong></span> <span class='ocrx_word' id='word_1_71' title='bbox 1123 930 1301 975; x_wconf 90' lang='lat' dir='ltr'><strong>autem</strong></span> <span class='ocrx_word' id='word_1_72' title='bbox 1344 940 1451 980; x_wconf 88' lang='lat' dir='ltr'><strong>non</strong></span> <span class='ocrx_word' id='word_1_73' title='bbox 1492 927 1840 998; x_wconf 82' lang='lat' dir='ltr'><strong>introierunt,</strong></span> 
     </span>
    </p>
   </div>
   <div class='ocr_carea' id='block_1_9' title="bbox 259 1005 1847 1094">
    <p class='ocr_par' dir='ltr' id='par_1_9' title="bbox 259 1005 1847 1094">
     <span class='ocr_line' id='line_1_9' title="bbox 259 1005 1847 1094; baseline 0.016 -39"><span class='ocrx_word' id='word_1_74' title='bbox 259 1016 451 1058; x_wconf 84' lang='lat' dir='ltr'><strong>rursus</strong></span> <span class='ocrx_word' id='word_1_75' title='bbox 473 1005 694 1059; x_wconf 75' lang='lat' dir='ltr'><strong>tertiam</strong></span> <span class='ocrx_word' id='word_1_76' title='bbox 726 1008 914 1060; x_wconf 88' lang='lat' dir='ltr'><strong>statuit</strong></span> <span class='ocrx_word' id='word_1_77' title='bbox 940 1011 1204 1079; x_wconf 88' lang='lat' dir='ltr'><strong>requiem.</strong></span> <span class='ocrx_word' id='word_1_78' title='bbox 1224 1013 1378 1079; x_wconf 85' lang='lat' dir='ltr'><strong>Quod</strong></span> <span class='ocrx_word' id='word_1_79' title='bbox 1403 1028 1580 1074; x_wconf 89' lang='lat' dir='ltr'><strong>autem</strong></span> <span class='ocrx_word' id='word_1_80' title='bbox 1602 1034 1847 1094; x_wconf 81' lang='lat' dir='ltr'><strong>Oporteat</strong></span> 
     </span>
    </p>
   </div>
   <div class='ocr_carea' id='block_1_10' title="bbox 256 1094 1847 1173">
    <p class='ocr_par' dir='ltr' id='par_1_10' title="bbox 256 1094 1847 1173">
     <span class='ocr_line' id='line_1_10' title="bbox 256 1094 1847 1173; baseline 0.015 -25"><span class='ocrx_word' id='word_1_81' title='bbox 256 1094 505 1158; x_wconf 82' lang='lat' dir='ltr'><strong>introire,</strong></span> <span class='ocrx_word' id='word_1_82' title='bbox 531 1103 587 1149; x_wconf 89' lang='lat' dir='ltr'><strong>et</strong></span> <span class='ocrx_word' id='word_1_83' title='bbox 611 1098 825 1166; x_wconf 88' lang='lat' dir='ltr'><strong>aliquos</strong></span> <span class='ocrx_word' id='word_1_84' title='bbox 856 1098 1082 1153; x_wconf 90' lang='lat' dir='ltr'><strong>introire</strong></span> <span class='ocrx_word' id='word_1_85' title='bbox 1105 1115 1372 1172; x_wconf 75' lang='lat' dir='ltr'><strong>oporteat,</strong></span> <span class='ocrx_word' id='word_1_86' title='bbox 1392 1110 1679 1170; x_wconf 81' lang='lat' dir='ltr'><strong>audiamus</strong></span> <span class='ocrx_word' id='word_1_87' title='bbox 1704 1118 1847 1173; x_wconf 90' lang='lat' dir='ltr'><strong>unde</strong></span> 
     </span>
    </p>
   </div>
   <div class='ocr_carea' id='block_1_11' title="bbox 259 1186 1844 1265">
    <p class='ocr_par' dir='ltr' id='par_1_11' title="bbox 259 1186 1844 1265">
     <span class='ocr_line' id='line_1_11' title="bbox 259 1186 1844 1265; baseline 0.018 -29"><span class='ocrx_word' id='word_1_88' title='bbox 259 1186 359 1240; x_wconf 86' lang='lat' dir='ltr'><strong>hoc</strong></span> <span class='ocrx_word' id='word_1_89' title='bbox 385 1188 605 1255; x_wconf 84' lang='lat' dir='ltr'><strong>probet.</strong></span> <span class='ocrx_word' id='word_1_90' title='bbox 632 1190 901 1252; x_wconf 81' lang='lat' dir='ltr'><strong>Quoniam</strong></span> <span class='ocrx_word' id='word_1_91' title='bbox 935 1199 1056 1260; x_wconf 90' lang='lat' dir='ltr'><strong>post</strong></span> <span class='ocrx_word' id='word_1_92' title='bbox 1083 1200 1183 1257; x_wconf 90' lang='lat' dir='ltr'><strong>tot,</strong></span> <span class='ocrx_word' id='word_1_93' title='bbox 1219 1195 1413 1265; x_wconf 86' lang='lat' dir='ltr'><strong>inquit,</strong></span> <span class='ocrx_word' id='word_1_94' title='bbox 1447 1216 1619 1259; x_wconf 87' lang='lat' dir='ltr'><strong>annos</strong></span> <span class='ocrx_word' id='word_1_95' title='bbox 1653 1222 1844 1265; x_wconf 86' lang='lat' dir='ltr'><strong>rursus</strong></span> 
     </span>
    </p>
   </div>
   <div class='ocr_carea' id='block_1_12' title="bbox 254 1278 1845 1359">
    <p class='ocr_par' dir='ltr' id='par_1_12' title="bbox 254 1278 1845 1359">
     <span class='ocr_line' id='line_1_12' title="bbox 254 1278 1845 1359; baseline 0.014 -28"><span class='ocrx_word' id='word_1_96' title='bbox 254 1278 384 1332; x_wconf 81' lang='lat' dir='ltr'><strong>dicit</strong></span> <span class='ocrx_word' id='word_1_97' title='bbox 406 1278 577 1333; x_wconf 82' lang='lat' dir='ltr'><strong>David</strong></span> <span class='ocrx_word' id='word_1_98' title='bbox 609 1298 622 1332; x_wconf 90' lang='lat'>:</span> <span class='ocrx_word' id='word_1_99' title='bbox 651 1282 824 1335; x_wconf 67' lang='lat' dir='ltr'><strong>Hodie</strong></span> <span class='ocrx_word' id='word_1_100' title='bbox 847 1285 894 1336; x_wconf 85' lang='lat' dir='ltr'><strong>si</strong></span> <span class='ocrx_word' id='word_1_101' title='bbox 922 1300 1091 1337; x_wconf 85' lang='lat' dir='ltr'><strong>vocem</strong></span> <span class='ocrx_word' id='word_1_102' title='bbox 1115 1287 1229 1354; x_wconf 87' lang='lat' dir='ltr'><strong>ejus</strong></span> <span class='ocrx_word' id='word_1_103' title='bbox 1257 1292 1551 1359; x_wconf 86' lang='lat' dir='ltr'><strong>audieritis,</strong></span> <span class='ocrx_word' id='word_1_104' title='bbox 1578 1298 1737 1352; x_wconf 79' lang='lat' dir='ltr'><strong>nolite</strong></span> <span class='ocrx_word' id='word_1_105' title='bbox 1757 1302 1845 1354; x_wconf 84' lang='lat' dir='ltr'><strong>ob-</strong></span> 
     </span>
    </p>
   </div>
   <div class='ocr_carea' id='block_1_13' title="bbox 253 1374 1843 1446">
    <p class='ocr_par' dir='ltr' id='par_1_13' title="bbox 253 1374 1843 1446">
     <span class='ocr_line' id='line_1_13' title="bbox 253 1374 1843 1446; baseline 0.015 -23"><span class='ocrx_word' id='word_1_106' title='bbox 253 1374 451 1426; x_wconf 78' lang='lat' dir='ltr'><strong>durare</strong></span> <span class='ocrx_word' id='word_1_107' title='bbox 470 1376 636 1426; x_wconf 86' lang='lat' dir='ltr'><strong>corda</strong></span> <span class='ocrx_word' id='word_1_108' title='bbox 659 1386 851 1439; x_wconf 80' lang='lat' dir='ltr'><strong>restra,</strong></span> <span class='ocrx_word' id='word_1_109' title='bbox 875 1377 1009 1428; x_wconf 89' lang='lat' dir='ltr'><strong>sicut</strong></span> <span class='ocrx_word' id='word_1_110' title='bbox 1032 1377 1085 1429; x_wconf 89' lang='lat' dir='ltr'><strong>in</strong></span> <span class='ocrx_word' id='word_1_111' title='bbox 1106 1382 1499 1439; x_wconf 71' lang='lat' dir='ltr'><strong>exacerbatione</strong></span> <span class='ocrx_word' id='word_1_112' title='bbox 1521 1388 1606 1442; x_wconf 89' lang='lat'><strong>:8.</strong></span> <span class='ocrx_word' id='word_1_113' title='bbox 1629 1390 1843 1446; x_wconf 87' lang='lat' dir='ltr'><strong>Sienim</strong></span> 
     </span>
    </p>
   </div>
   <div class='ocr_carea' id='block_1_14' title="bbox 252 1462 1846 1551">
    <p class='ocr_par' dir='ltr' id='par_1_14' title="bbox 252 1462 1846 1551">
     <span class='ocr_line' id='line_1_14' title="bbox 252 1462 1846 1551; baseline 0.014 -36"><span class='ocrx_word' id='word_1_114' title='bbox 252 1462 412 1516; x_wconf 69' lang='lat' dir='ltr'><strong>Iesus</strong></span> <span class='ocrx_word' id='word_1_115' title='bbox 424 1480 510 1516; x_wconf 82' lang='lat' dir='ltr'><strong>eos</strong></span> <span class='ocrx_word' id='word_1_116' title='bbox 530 1464 738 1533; x_wconf 75' lang='lat' dir='ltr'><strong>fecisset</strong></span> <span class='ocrx_word' id='word_1_117' title='bbox 747 1466 1031 1535; x_wconf 80' lang='lat' dir='ltr'><strong>quiescere,</strong></span> <span class='ocrx_word' id='word_1_118' title='bbox 1048 1484 1148 1521; x_wconf 86' lang='lat' dir='ltr'><strong>non</strong></span> <span class='ocrx_word' id='word_1_119' title='bbox 1162 1469 1224 1523; x_wconf 88' lang='lat' dir='ltr'><strong>de</strong></span> <span class='ocrx_word' id='word_1_120' title='bbox 1240 1472 1346 1524; x_wconf 86' lang='lat' dir='ltr'><strong>alio</strong></span> <span class='ocrx_word' id='word_1_121' title='bbox 1363 1475 1448 1529; x_wconf 90' lang='lat' dir='ltr'><strong>die</strong></span> <span class='ocrx_word' id='word_1_122' title='bbox 1462 1488 1645 1545; x_wconf 86' lang='lat' dir='ltr'><strong>postea</strong></span> <span class='ocrx_word' id='word_1_123' title='bbox 1668 1480 1846 1551; x_wconf 86' lang='lat' dir='ltr'><strong>loque-</strong></span> 
     </span>
    </p>
   </div>
   <div class='ocr_carea' id='block_1_15' title="bbox 250 1553 1834 1642">
    <p class='ocr_par' dir='ltr' id='par_1_15' title="bbox 250 1553 1834 1642">
     <span class='ocr_line' id='line_1_15' title="bbox 250 1553 1834 1642; baseline 0.012 -37"><span class='ocrx_word' id='word_1_124' title='bbox 250 1565 421 1608; x_wconf 87' lang='lat' dir='ltr'><strong>retur.</strong></span> <span class='ocrx_word' id='word_1_125' title='bbox 453 1553 737 1624; x_wconf 80' lang='lat' dir='ltr'><strong>Liquidum</strong></span> <span class='ocrx_word' id='word_1_126' title='bbox 776 1573 906 1627; x_wconf 72' lang='lat' dir='ltr'><strong>ergo</strong></span> <span class='ocrx_word' id='word_1_127' title='bbox 936 1567 1019 1613; x_wconf 87' lang='lat' dir='ltr'><strong>est</strong></span> <span class='ocrx_word' id='word_1_128' title='bbox 1057 1561 1199 1630; x_wconf 86' lang='lat' dir='ltr'><strong>quod</strong></span> <span class='ocrx_word' id='word_1_129' title='bbox 1236 1562 1349 1618; x_wconf 65' lang='lat' dir='ltr'><strong>lure</strong></span> <span class='ocrx_word' id='word_1_130' title='bbox 1380 1565 1526 1622; x_wconf 84' lang='lat' dir='ltr'><strong>dicat</strong></span> <span class='ocrx_word' id='word_1_131' title='bbox 1566 1578 1834 1642; x_wconf 84' lang='lat' dir='ltr'><strong>tamquam</strong></span> 
     </span>
    </p>
   </div>
   <div class='ocr_carea' id='block_1_16' title="bbox 251 1645 1840 1719">
    <p class='ocr_par' dir='ltr' id='par_1_16' title="bbox 251 1645 1840 1719">
     <span class='ocr_line' id='line_1_16' title="bbox 251 1645 1840 1719; baseline 0.012 -19"><span class='ocrx_word' id='word_1_132' title='bbox 251 1645 411 1700; x_wconf 87' lang='lat' dir='ltr'><strong>nobis</strong></span> <span class='ocrx_word' id='word_1_133' title='bbox 435 1649 814 1715; x_wconf 80' lang='lat' dir='ltr'><strong>assequuturis</strong></span> <span class='ocrx_word' id='word_1_134' title='bbox 838 1649 1077 1719; x_wconf 86' lang='lat' dir='ltr'><strong>aliquam</strong></span> <span class='ocrx_word' id='word_1_135' title='bbox 1106 1661 1621 1715; x_wconf 75' lang='lat' dir='ltr'><strong>remunerationem.</strong></span> <span class='ocrx_word' id='word_1_136' title='bbox 1642 1664 1693 1718; x_wconf 91' lang='lat'><strong>9.</strong></span> <span class='ocrx_word' id='word_1_137' title='bbox 1724 1663 1840 1718; x_wconf 83' lang='lat' dir='ltr'><strong>Ita-</strong></span> 
     </span>
    </p>
   </div>
   <div class='ocr_carea' id='block_1_17' title="bbox 250 1740 1840 1826">
    <p class='ocr_par' dir='ltr' id='par_1_17' title="bbox 250 1740 1840 1826">
     <span class='ocr_line' id='line_1_17' title="bbox 250 1740 1840 1826; baseline 0.012 -35"><span class='ocrx_word' id='word_1_138' title='bbox 250 1755 343 1807; x_wconf 75' lang='lat' dir='ltr'><strong>que</strong></span> <span class='ocrx_word' id='word_1_139' title='bbox 361 1740 683 1808; x_wconf 78' lang='lat' dir='ltr'><strong>relinquitur</strong></span> <span class='ocrx_word' id='word_1_140' title='bbox 699 1740 1056 1795; x_wconf 81' lang='lat' dir='ltr'><strong>sabbatismus</strong></span> <span class='ocrx_word' id='word_1_141' title='bbox 1073 1745 1264 1813; x_wconf 81' lang='lat' dir='ltr'><strong>populo</strong></span> <span class='ocrx_word' id='word_1_142' title='bbox 1287 1747 1398 1802; x_wconf 85' lang='lat' dir='ltr'><strong>Dei.</strong></span> <span class='ocrx_word' id='word_1_143' title='bbox 1417 1750 1595 1806; x_wconf 81' lang='lat' dir='ltr'><strong>Unde?</strong></span> <span class='ocrx_word' id='word_1_144' title='bbox 1614 1753 1687 1808; x_wconf 78' lang='lat' dir='ltr'><strong>Ex</strong></span> <span class='ocrx_word' id='word_1_145' title='bbox 1704 1771 1840 1826; x_wconf 70' lang='lat' dir='ltr'><strong>pras-</strong></span> 
     </span>
    </p>
   </div>
   <div class='ocr_carea' id='block_1_18' title="bbox 254 1828 1840 1903">
    <p class='ocr_par' dir='ltr' id='par_1_18' title="bbox 254 1828 1840 1903">
     <span class='ocr_line' id='line_1_18' title="bbox 254 1828 1840 1903; baseline 0.015 -22"><span class='ocrx_word' id='word_1_146' title='bbox 254 1838 429 1900; x_wconf 79' lang='lat' dir='ltr'><strong>cepto,</strong></span> <span class='ocrx_word' id='word_1_147' title='bbox 457 1828 640 1885; x_wconf 80' lang='lat' dir='ltr'><strong>Nolite</strong></span> <span class='ocrx_word' id='word_1_148' title='bbox 666 1832 931 1886; x_wconf 80' lang='lat' dir='ltr'><strong>obdurare</strong></span> <span class='ocrx_word' id='word_1_149' title='bbox 955 1835 1118 1888; x_wconf 87' lang='lat' dir='ltr'><strong>corda</strong></span> <span class='ocrx_word' id='word_1_150' title='bbox 1147 1848 1338 1892; x_wconf 86' lang='lat' dir='ltr'><strong>vestra.</strong></span> <span class='ocrx_word' id='word_1_151' title='bbox 1354 1839 1488 1896; x_wconf 79' lang='lat' dir='ltr'><strong>Nam</strong></span> <span class='ocrx_word' id='word_1_152' title='bbox 1511 1845 1555 1898; x_wconf 92' lang='lat' dir='ltr'><strong>si</strong></span> <span class='ocrx_word' id='word_1_153' title='bbox 1572 1861 1679 1899; x_wconf 92' lang='lat' dir='ltr'><strong>non</strong></span> <span class='ocrx_word' id='word_1_154' title='bbox 1694 1857 1840 1903; x_wconf 81' lang='lat' dir='ltr'><strong>esset</strong></span> 
     </span>
    </p>
   </div>
   <div class='ocr_carea' id='block_1_19' title="bbox 253 1921 1843 2015">
    <p class='ocr_par' dir='ltr' id='par_1_19' title="bbox 253 1921 1843 2015">
     <span class='ocr_line' id='line_1_19' title="bbox 253 1921 1843 2015; baseline 0.012 -40"><span class='ocrx_word' id='word_1_155' title='bbox 253 1921 647 1989; x_wconf 81' lang='lat' dir='ltr'><strong>sabbatismus,</strong></span> <span class='ocrx_word' id='word_1_156' title='bbox 665 1939 775 1979; x_wconf 90' lang='lat' dir='ltr'><strong>non</strong></span> <span class='ocrx_word' id='word_1_157' title='bbox 800 1926 879 1980; x_wconf 86' lang='lat' dir='ltr'><strong>eis</strong></span> <span class='ocrx_word' id='word_1_158' title='bbox 906 1928 1310 1998; x_wconf 62' lang='lat' dir='ltr'><strong>praeciperetur,</strong></span> <span class='ocrx_word' id='word_1_159' title='bbox 1328 1947 1425 1988; x_wconf 91' lang='lat' dir='ltr'><strong>nec</strong></span> <span class='ocrx_word' id='word_1_160' title='bbox 1438 1933 1843 2015; x_wconf 67' lang='lat' dir='ltr'><strong>juberenturne</strong></span> 
     </span>
    </p>
   </div>
   <div class='ocr_carea' id='block_1_20' title="bbox 264 2007 1846 2088">
    <p class='ocr_par' dir='ltr' id='par_1_20' title="bbox 264 2007 1846 2088">
     <span class='ocr_line' id='line_1_20' title="bbox 264 2007 1846 2088; baseline 0.018 -31"><span class='ocrx_word' id='word_1_161' title='bbox 264 2012 448 2058; x_wconf 78' lang='lat' dir='ltr'><strong>eadem</strong></span> <span class='ocrx_word' id='word_1_162' title='bbox 474 2007 733 2070; x_wconf 70' lang='lat' dir='ltr'><strong>tacerent,</strong></span> <span class='ocrx_word' id='word_1_163' title='bbox 750 2018 810 2062; x_wconf 86' lang='lat' dir='ltr'><strong>ut</strong></span> <span class='ocrx_word' id='word_1_164' title='bbox 829 2026 896 2065; x_wconf 87' lang='lat' dir='ltr'><strong>ne</strong></span> <span class='ocrx_word' id='word_1_165' title='bbox 918 2013 1103 2068; x_wconf 87' lang='lat' dir='ltr'><strong>eadem</strong></span> <span class='ocrx_word' id='word_1_166' title='bbox 1119 2028 1449 2088; x_wconf 84' lang='lat' dir='ltr'><strong>paterentur,</strong></span> <span class='ocrx_word' id='word_1_167' title='bbox 1471 2026 1516 2078; x_wconf 89' lang='lat' dir='ltr'><strong>si</strong></span> <span class='ocrx_word' id='word_1_168' title='bbox 1535 2041 1639 2081; x_wconf 91' lang='lat' dir='ltr'><strong>non</strong></span> <span class='ocrx_word' id='word_1_169' title='bbox 1661 2008 1846 2085; x_wconf 83' lang='lat' dir='ltr'><strong>eadem</strong></span> 
     </span>
    </p>
   </div>
   <div class='ocr_carea' id='block_1_21' title="bbox 264 2098 1847 2187">
    <p class='ocr_par' dir='ltr' id='par_1_21' title="bbox 264 2098 1847 2187">
     <span class='ocr_line' id='line_1_21' title="bbox 264 2098 1847 2187; baseline 0.018 -39"><span class='ocrx_word' id='word_1_170' title='bbox 264 2103 441 2150; x_wconf 77' lang='lat' dir='ltr'><strong>essent</strong></span> <span class='ocrx_word' id='word_1_171' title='bbox 470 2098 699 2165; x_wconf 80' lang='lat' dir='ltr'><strong>passuri.</strong></span> <span class='ocrx_word' id='word_1_172' title='bbox 732 2099 1016 2167; x_wconf 84' lang='lat' dir='ltr'><strong>Quomodo</strong></span> <span class='ocrx_word' id='word_1_173' title='bbox 1045 2117 1223 2161; x_wconf 87' lang='lat' dir='ltr'><strong>autem</strong></span> <span class='ocrx_word' id='word_1_174' title='bbox 1253 2111 1439 2167; x_wconf 81' lang='lat' dir='ltr'><strong>eadem</strong></span> <span class='ocrx_word' id='word_1_175' title='bbox 1468 2129 1622 2171; x_wconf 88' lang='lat' dir='ltr'><strong>erant</strong></span> <span class='ocrx_word' id='word_1_176' title='bbox 1642 2123 1847 2187; x_wconf 75' lang='lat' dir='ltr'><strong>passuri</strong></span> 
     </span>
    </p>
   </div>
   <div class='ocr_carea' id='block_1_22' title="bbox 260 2188 1849 2281">
    <p class='ocr_par' dir='ltr' id='par_1_22' title="bbox 260 2188 1849 2281">
     <span class='ocr_line' id='line_1_22' title="bbox 260 2188 1849 2281; baseline 0.019 -42"><span class='ocrx_word' id='word_1_177' title='bbox 260 2188 348 2257; x_wconf 85' lang='lat' dir='ltr'><strong>qui</strong></span> <span class='ocrx_word' id='word_1_178' title='bbox 379 2190 639 2245; x_wconf 78' lang='lat' dir='ltr'><strong>tenebant</strong></span> <span class='ocrx_word' id='word_1_179' title='bbox 664 2190 1028 2259; x_wconf 63' lang='lat' dir='ltr'><strong>Rtlzestinam,</strong></span> <span class='ocrx_word' id='word_1_180' title='bbox 1067 2199 1113 2253; x_wconf 85' lang='lat' dir='ltr'><strong>si</strong></span> <span class='ocrx_word' id='word_1_181' title='bbox 1154 2215 1258 2254; x_wconf 89' lang='lat' dir='ltr'><strong>non</strong></span> <span class='ocrx_word' id='word_1_182' title='bbox 1286 2216 1428 2259; x_wconf 82' lang='lat' dir='ltr'><strong>esset</strong></span> <span class='ocrx_word' id='word_1_183' title='bbox 1454 2208 1555 2261; x_wconf 86' lang='lat' dir='ltr'><strong>alia</strong></span> <span class='ocrx_word' id='word_1_184' title='bbox 1583 2213 1794 2281; x_wconf 83' lang='lat' dir='ltr'><strong>requies</strong></span> <span class='ocrx_word' id='word_1_185' title='bbox 1821 2215 1849 2269; x_wconf 68' lang='grc' dir='ltr'><em>ἲ</em></span> 
     </span>
    </p>
   </div>
   <div class='ocr_carea' id='block_1_23' title="bbox 327 2278 1847 2360">
    <p class='ocr_par' dir='ltr' id='par_1_23' title="bbox 327 2278 1847 2360">
     <span class='ocr_line' id='line_1_23' title="bbox 327 2278 1847 2360; baseline 0.017 -27"><span class='ocrx_word' id='word_1_186' title='bbox 327 2278 380 2333; x_wconf 79' lang='lat'><strong>5.</strong></span> <span class='ocrx_word' id='word_1_187' title='bbox 414 2279 649 2336; x_wconf 80' lang='lat' dir='ltr'><strong>Pulchre</strong></span> <span class='ocrx_word' id='word_1_188' title='bbox 680 2292 859 2339; x_wconf 86' lang='lat' dir='ltr'><strong>autem</strong></span> <span class='ocrx_word' id='word_1_189' title='bbox 890 2288 1153 2343; x_wconf 83' lang='lat' dir='ltr'><strong>conclusit</strong></span> <span class='ocrx_word' id='word_1_190' title='bbox 1200 2297 1519 2352; x_wconf 85' lang='lat' dir='ltr'><strong>orationem.</strong></span> <span class='ocrx_word' id='word_1_191' title='bbox 1570 2278 1683 2355; x_wconf 83' lang='lat' dir='ltr'><strong>Non</strong></span> <span class='ocrx_word' id='word_1_192' title='bbox 1710 2302 1847 2360; x_wconf 64' lang='lat' dir='ltr'><strong>dixit</strong></span> 
     </span>
    </p>
   </div>
   <div class='ocr_carea' id='block_1_24' title="bbox 259 2370 1843 2462">
    <p class='ocr_par' dir='ltr' id='par_1_24' title="bbox 259 2370 1843 2462">
     <span class='ocr_line' id='line_1_24' title="bbox 259 2370 1843 2462; baseline 0.017 -40"><span class='ocrx_word' id='word_1_193' title='bbox 259 2371 421 2430; x_wconf 72' lang='lat' dir='ltr'><strong>enini,</strong></span> <span class='ocrx_word' id='word_1_194' title='bbox 456 2370 727 2441; x_wconf 65' lang='lat' dir='ltr'><strong>ltequics,</strong></span> <span class='ocrx_word' id='word_1_195' title='bbox 761 2376 886 2440; x_wconf 61' lang='lat' dir='ltr'><strong>scd,</strong></span> <span class='ocrx_word' id='word_1_196' title='bbox 920 2378 1285 2448; x_wconf 61' lang='lat' dir='ltr'><strong>Salvbatismus,</strong></span> <span class='ocrx_word' id='word_1_197' title='bbox 1321 2399 1513 2442; x_wconf 88' lang='lat' dir='ltr'><strong>nomen</strong></span> <span class='ocrx_word' id='word_1_198' title='bbox 1543 2395 1843 2462; x_wconf 84' lang='lat' dir='ltr'><strong>proprium,</strong></span> 
     </span>
    </p>
   </div>
   <div class='ocr_carea' id='block_1_25' title="bbox 259 2470 1851 2545">
    <p class='ocr_par' dir='ltr' id='par_1_25' title="bbox 259 2470 1851 2545">
     <span class='ocr_line' id='line_1_25' title="bbox 259 2470 1851 2545; baseline 0.009 -22"><span class='ocrx_word' id='word_1_199' title='bbox 259 2479 310 2524; x_wconf 84' lang='lat' dir='ltr'><strong>et</strong></span> <span class='ocrx_word' id='word_1_200' title='bbox 336 2485 449 2539; x_wconf 86' lang='lat' dir='ltr'><strong>quo</strong></span> <span class='ocrx_word' id='word_1_201' title='bbox 488 2470 811 2526; x_wconf 71' lang='lat' dir='ltr'><strong>laetabantur</strong></span> <span class='ocrx_word' id='word_1_202' title='bbox 832 2514 847 2537; x_wconf 91' lang='lat'><strong>,</strong></span> <span class='ocrx_word' id='word_1_203' title='bbox 876 2483 927 2528; x_wconf 82' lang='lat' dir='ltr'><strong>et</strong></span> <span class='ocrx_word' id='word_1_204' title='bbox 958 2475 1023 2526; x_wconf 89' lang='lat' dir='ltr'><strong>ad</strong></span> <span class='ocrx_word' id='word_1_205' title='bbox 1067 2476 1208 2544; x_wconf 89' lang='lat' dir='ltr'><strong>quod</strong></span> <span class='ocrx_word' id='word_1_206' title='bbox 1257 2478 1577 2545; x_wconf 84' lang='lat' dir='ltr'><strong>currebant,</strong></span> <span class='ocrx_word' id='word_1_207' title='bbox 1611 2481 1851 2537; x_wconf 82' lang='lat' dir='ltr'><strong>sabbati-</strong></span> 
     </span>
    </p>
   </div>
   <div class='ocr_carea' id='block_1_26' title="bbox 263 2565 1853 2628">
    <p class='ocr_par' dir='ltr' id='par_1_26' title="bbox 263 2565 1853 2628">
     <span class='ocr_line' id='line_1_26' title="bbox 263 2565 1853 2628; baseline 0.011 -17"><span class='ocrx_word' id='word_1_208' title='bbox 263 2573 450 2611; x_wconf 73' lang='lat' dir='ltr'><strong>smuui</strong></span> <span class='ocrx_word' id='word_1_209' title='bbox 479 2575 705 2628; x_wconf 76' lang='lat' dir='ltr'><strong>regnum</strong></span> <span class='ocrx_word' id='word_1_210' title='bbox 724 2576 927 2617; x_wconf 83' lang='lat' dir='ltr'><strong>vocans.</strong></span> <span class='ocrx_word' id='word_1_211' title='bbox 945 2565 1092 2619; x_wconf 89' lang='lat' dir='ltr'><strong>Sicut</strong></span> <span class='ocrx_word' id='word_1_212' title='bbox 1114 2568 1256 2621; x_wconf 90' lang='lat' dir='ltr'><strong>enim</strong></span> <span class='ocrx_word' id='word_1_213' title='bbox 1281 2568 1330 2621; x_wconf 89' lang='lat' dir='ltr'><strong>in</strong></span> <span class='ocrx_word' id='word_1_214' title='bbox 1348 2569 1570 2625; x_wconf 88' lang='lat' dir='ltr'><strong>sabbato</strong></span> <span class='ocrx_word' id='word_1_215' title='bbox 1589 2572 1658 2627; x_wconf 87' lang='lat' dir='ltr'><strong>ab</strong></span> <span class='ocrx_word' id='word_1_216' title='bbox 1678 2575 1853 2628; x_wconf 88' lang='lat' dir='ltr'><strong>omni-</strong></span> 
     </span>
    </p>
   </div>
   <div class='ocr_carea' id='block_1_27' title="bbox 262 2646 1852 2724">
    <p class='ocr_par' dir='ltr' id='par_1_27' title="bbox 262 2646 1852 2724">
     <span class='ocr_line' id='line_1_27' title="bbox 262 2646 1852 2724; baseline 0.011 -24"><span class='ocrx_word' id='word_1_217' title='bbox 262 2649 367 2713; x_wconf 80' lang='lat' dir='ltr'><strong>bus</strong></span> <span class='ocrx_word' id='word_1_218' title='bbox 415 2650 631 2718; x_wconf 80' lang='lat' dir='ltr'><strong>quidem</strong></span> <span class='ocrx_word' id='word_1_219' title='bbox 674 2646 823 2707; x_wconf 84' lang='lat' dir='ltr'><strong>malis</strong></span> <span class='ocrx_word' id='word_1_220' title='bbox 856 2655 1006 2724; x_wconf 80' lang='lat' dir='ltr'><strong>jubet</strong></span> <span class='ocrx_word' id='word_1_221' title='bbox 1046 2658 1339 2723; x_wconf 87' lang='lat' dir='ltr'><strong>abstinere,</strong></span> <span class='ocrx_word' id='word_1_222' title='bbox 1376 2660 1463 2714; x_wconf 89' lang='lat' dir='ltr'><strong>illa</strong></span> <span class='ocrx_word' id='word_1_223' title='bbox 1510 2671 1690 2717; x_wconf 90' lang='lat' dir='ltr'><strong>autem</strong></span> <span class='ocrx_word' id='word_1_224' title='bbox 1734 2667 1852 2719; x_wconf 89' lang='lat' dir='ltr'><strong>sola-</strong></span> 
     </span>
    </p>
   </div>
   <div class='ocr_carea' id='block_1_28' title="bbox 259 2734 1844 2818">
    <p class='ocr_par' dir='ltr' id='par_1_28' title="bbox 259 2734 1844 2818">
     <span class='ocr_line' id='line_1_28' title="bbox 259 2734 1844 2818; baseline 0.011 -34"><span class='ocrx_word' id='word_1_225' title='bbox 259 2734 371 2787; x_wconf 76' lang='lat' dir='ltr'><strong>tieri</strong></span> <span class='ocrx_word' id='word_1_226' title='bbox 403 2748 527 2802; x_wconf 72' lang='lat' dir='ltr'><strong>qua:</strong></span> <span class='ocrx_word' id='word_1_227' title='bbox 559 2736 823 2803; x_wconf 83' lang='lat' dir='ltr'><strong>pertinent</strong></span> <span class='ocrx_word' id='word_1_228' title='bbox 857 2740 922 2792; x_wconf 84' lang='lat' dir='ltr'><strong>ad</strong></span> <span class='ocrx_word' id='word_1_229' title='bbox 954 2740 1157 2795; x_wconf 90' lang='lat' dir='ltr'><strong>cultum</strong></span> <span class='ocrx_word' id='word_1_230' title='bbox 1201 2742 1328 2807; x_wconf 86' lang='lat' dir='ltr'><strong>Dei,</strong></span> <span class='ocrx_word' id='word_1_231' title='bbox 1363 2760 1478 2813; x_wconf 70' lang='lat' dir='ltr'><strong>qua:</strong></span> <span class='ocrx_word' id='word_1_232' title='bbox 1504 2746 1718 2814; x_wconf 88' lang='lat' dir='ltr'><strong>quidem</strong></span> <span class='ocrx_word' id='word_1_233' title='bbox 1746 2764 1844 2818; x_wconf 86' lang='lat' dir='ltr'><strong>pe-</strong></span> 
     </span>
    </p>
   </div>
   <div class='ocr_carea' id='block_1_29' title="bbox 255 2825 1841 2907">
    <p class='ocr_par' dir='ltr' id='par_1_29' title="bbox 255 2825 1841 2907">
     <span class='ocr_line' id='line_1_29' title="bbox 255 2825 1841 2907; baseline 0.01 -30"><span class='ocrx_word' id='word_1_234' title='bbox 255 2825 511 2893; x_wconf 75' lang='lat' dir='ltr'><strong>mgebant</strong></span> <span class='ocrx_word' id='word_1_235' title='bbox 538 2827 851 2883; x_wconf 78' lang='lat' dir='ltr'><strong>sacerdotes</strong></span> <span class='ocrx_word' id='word_1_236' title='bbox 874 2872 887 2892; x_wconf 89' lang='lat'><strong>,</strong></span> <span class='ocrx_word' id='word_1_237' title='bbox 914 2842 969 2885; x_wconf 91' lang='lat' dir='ltr'><strong>et</strong></span> <span class='ocrx_word' id='word_1_238' title='bbox 997 2848 1346 2903; x_wconf 69' lang='lat' dir='ltr'><strong>quaecumque</strong></span> <span class='ocrx_word' id='word_1_239' title='bbox 1373 2834 1559 2903; x_wconf 80' lang='lat' dir='ltr'><strong>juvant</strong></span> <span class='ocrx_word' id='word_1_240' title='bbox 1585 2840 1841 2907; x_wconf 82' lang='lat' dir='ltr'><strong>animam,</strong></span> 
     </span>
    </p>
   </div>
   <div class='ocr_carea' id='block_1_30' title="bbox 253 2914 1843 2997">
    <p class='ocr_par' dir='ltr' id='par_1_30' title="bbox 253 2914 1843 2997">
     <span class='ocr_line' id='line_1_30' title="bbox 253 2914 1843 2997; baseline 0.012 -32"><span class='ocrx_word' id='word_1_241' title='bbox 253 2922 303 2966; x_wconf 75' lang='lat' dir='ltr'><strong>ct</strong></span> <span class='ocrx_word' id='word_1_242' title='bbox 336 2914 476 2969; x_wconf 82' lang='lat' dir='ltr'><strong>nihil</strong></span> <span class='ocrx_word' id='word_1_243' title='bbox 519 2914 712 2971; x_wconf 86' lang='lat' dir='ltr'><strong>aliud:</strong></span> <span class='ocrx_word' id='word_1_244' title='bbox 758 2918 826 2972; x_wconf 87' lang='lat' dir='ltr'><strong>ita</strong></span> <span class='ocrx_word' id='word_1_245' title='bbox 859 2932 984 2975; x_wconf 87' lang='lat' dir='ltr'><strong>tunc</strong></span> <span class='ocrx_word' id='word_1_246' title='bbox 1010 2937 1241 2992; x_wconf 85' lang='lat' dir='ltr'><strong>quoque.</strong></span> <span class='ocrx_word' id='word_1_247' title='bbox 1293 2924 1399 2979; x_wconf 82' lang='lat' dir='ltr'><strong>Sed</strong></span> <span class='ocrx_word' id='word_1_248' title='bbox 1432 2942 1535 2979; x_wconf 90' lang='lat' dir='ltr'><strong>non</strong></span> <span class='ocrx_word' id='word_1_249' title='bbox 1565 2928 1642 2983; x_wconf 87' lang='lat' dir='ltr'><strong>sic</strong></span> <span class='ocrx_word' id='word_1_250' title='bbox 1668 2929 1802 2983; x_wconf 70' lang='lat' dir='ltr'><strong>dixit</strong></span> <span class='ocrx_word' id='word_1_251' title='bbox 1826 2970 1843 2997; x_wconf 95' lang='lat'><strong>,</strong></span> 
     </span>
    </p>
   </div>
   <div class='ocr_carea' id='block_1_31' title="bbox 251 3005 1845 3087">
    <p class='ocr_par' dir='ltr' id='par_1_31' title="bbox 251 3005 1845 3087">
     <span class='ocr_line' id='line_1_31' title="bbox 251 3005 1845 3087; baseline 0.012 -31"><span class='ocrx_word' id='word_1_252' title='bbox 251 3005 349 3058; x_wconf 75' lang='lat' dir='ltr'><strong>sed</strong></span> <span class='ocrx_word' id='word_1_253' title='bbox 400 3006 575 3075; x_wconf 69' lang='lat' dir='ltr'><strong>quid!</strong></span> <span class='ocrx_word' id='word_1_254' title='bbox 615 3008 703 3063; x_wconf 72' lang='lat' dir='ltr'><strong>ill.</strong></span> <span class='ocrx_word' id='word_1_255' title='bbox 754 3009 854 3074; x_wconf 80' lang='lat' dir='ltr'><strong>Qui</strong></span> <span class='ocrx_word' id='word_1_256' title='bbox 902 3014 1036 3067; x_wconf 87' lang='lat' dir='ltr'><strong>enim</strong></span> <span class='ocrx_word' id='word_1_257' title='bbox 1090 3014 1344 3085; x_wconf 80' lang='lat' dir='ltr'><strong>ingressus</strong></span> <span class='ocrx_word' id='word_1_258' title='bbox 1396 3026 1471 3071; x_wconf 87' lang='lat' dir='ltr'><strong>est</strong></span> <span class='ocrx_word' id='word_1_259' title='bbox 1517 3019 1571 3072; x_wconf 85' lang='lat' dir='ltr'><strong>in</strong></span> <span class='ocrx_word' id='word_1_260' title='bbox 1621 3022 1845 3087; x_wconf 80' lang='lat' dir='ltr'><strong>requiem</strong></span> 
     </span>
    </p>
   </div>
   <div class='ocr_carea' id='block_1_32' title="bbox 252 3101 1845 3177">
    <p class='ocr_par' dir='ltr' id='par_1_32' title="bbox 252 3101 1845 3177">
     <span class='ocr_line' id='line_1_32' title="bbox 252 3101 1845 3177; baseline 0.009 -26"><span class='ocrx_word' id='word_1_261' title='bbox 252 3103 380 3169; x_wconf 80' lang='lat' dir='ltr'><strong>ejus,</strong></span> <span class='ocrx_word' id='word_1_262' title='bbox 410 3101 560 3157; x_wconf 83' lang='lat' dir='ltr'><strong>etiam</strong></span> <span class='ocrx_word' id='word_1_263' title='bbox 586 3102 694 3171; x_wconf 88' lang='lat' dir='ltr'><strong>ipse</strong></span> <span class='ocrx_word' id='word_1_264' title='bbox 724 3107 960 3171; x_wconf 71' lang='lat' dir='ltr'><strong>requievit</strong></span> <span class='ocrx_word' id='word_1_265' title='bbox 987 3106 1049 3159; x_wconf 80' lang='lat' dir='ltr'><strong>ab</strong></span> <span class='ocrx_word' id='word_1_266' title='bbox 1080 3108 1309 3177; x_wconf 79' lang='lat' dir='ltr'><strong>operibus</strong></span> <span class='ocrx_word' id='word_1_267' title='bbox 1334 3110 1459 3174; x_wconf 85' lang='lat' dir='ltr'><strong>suis,</strong></span> <span class='ocrx_word' id='word_1_268' title='bbox 1490 3110 1621 3164; x_wconf 88' lang='lat' dir='ltr'><strong>sicut</strong></span> <span class='ocrx_word' id='word_1_269' title='bbox 1649 3110 1787 3166; x_wconf 85' lang='lat' dir='ltr'><strong>Deus</strong></span> <span class='ocrx_word' id='word_1_270' title='bbox 1814 3130 1845 3166; x_wconf 90' lang='lat' dir='ltr'><strong>a</strong></span> 
     </span>
    </p>
   </div>
   <div class='ocr_carea' id='block_1_33' title="bbox 254 3191 1844 3273">
    <p class='ocr_par' dir='ltr' id='par_1_33' title="bbox 254 3191 1844 3273">
     <span class='ocr_line' id='line_1_33' title="bbox 254 3191 1844 3273; baseline 0.009 -27"><span class='ocrx_word' id='word_1_271' title='bbox 254 3191 492 3260; x_wconf 75' lang='lat' dir='ltr'><strong>prepriis.</strong></span> <span class='ocrx_word' id='word_1_272' title='bbox 524 3191 679 3247; x_wconf 85' lang='lat' dir='ltr'><strong>Sicut</strong></span> <span class='ocrx_word' id='word_1_273' title='bbox 730 3195 870 3251; x_wconf 85' lang='lat' dir='ltr'><strong>Deus</strong></span> <span class='ocrx_word' id='word_1_274' title='bbox 917 3199 1208 3267; x_wconf 89' lang='lat' dir='ltr'><strong>requievit,</strong></span> <span class='ocrx_word' id='word_1_275' title='bbox 1244 3202 1449 3270; x_wconf 87' lang='lat' dir='ltr'><strong>inquit,</strong></span> <span class='ocrx_word' id='word_1_276' title='bbox 1476 3202 1543 3258; x_wconf 87' lang='lat' dir='ltr'><strong>ab</strong></span> <span class='ocrx_word' id='word_1_277' title='bbox 1591 3204 1844 3273; x_wconf 85' lang='lat' dir='ltr'><strong>operibus</strong></span> 
     </span>
    </p>
   </div>
   <div class='ocr_carea' id='block_1_34' title="bbox 252 3282 1844 3366">
    <p class='ocr_par' dir='ltr' id='par_1_34' title="bbox 252 3282 1844 3366">
     <span class='ocr_line' id='line_1_34' title="bbox 252 3282 1844 3366; baseline 0.013 -35"><span class='ocrx_word' id='word_1_278' title='bbox 252 3283 379 3346; x_wconf 82' lang='lat' dir='ltr'><strong>suis,</strong></span> <span class='ocrx_word' id='word_1_279' title='bbox 412 3282 489 3337; x_wconf 73' lang='lat' dir='ltr'><strong>ita</strong></span> <span class='ocrx_word' id='word_1_280' title='bbox 509 3284 601 3354; x_wconf 87' lang='lat' dir='ltr'><strong>qui</strong></span> <span class='ocrx_word' id='word_1_281' title='bbox 632 3294 717 3339; x_wconf 84' lang='lat' dir='ltr'><strong>est</strong></span> <span class='ocrx_word' id='word_1_282' title='bbox 744 3285 1015 3355; x_wconf 69' lang='lat' dir='ltr'><strong>ingressus</strong></span> <span class='ocrx_word' id='word_1_283' title='bbox 1042 3289 1094 3342; x_wconf 90' lang='lat' dir='ltr'><strong>in</strong></span> <span class='ocrx_word' id='word_1_284' title='bbox 1126 3292 1360 3360; x_wconf 83' lang='lat' dir='ltr'><strong>requiem</strong></span> <span class='ocrx_word' id='word_1_285' title='bbox 1384 3294 1517 3362; x_wconf 87' lang='lat' dir='ltr'><strong>ejus.</strong></span> <span class='ocrx_word' id='word_1_286' title='bbox 1552 3294 1684 3349; x_wconf 78' lang='lat' dir='ltr'><strong>Nam</strong></span> <span class='ocrx_word' id='word_1_287' title='bbox 1711 3312 1844 3366; x_wconf 86' lang='lat' dir='ltr'><strong>quo-</strong></span> 
     </span>
    </p>
   </div>
   <div class='ocr_carea' id='block_1_35' title="bbox 256 3376 1844 3458">
    <p class='ocr_par' dir='ltr' id='par_1_35' title="bbox 256 3376 1844 3458">
     <span class='ocr_line' id='line_1_35' title="bbox 256 3376 1844 3458; baseline 0.013 -35"><span class='ocrx_word' id='word_1_288' title='bbox 256 3376 394 3429; x_wconf 82' lang='lat' dir='ltr'><strong>niam</strong></span> <span class='ocrx_word' id='word_1_289' title='bbox 438 3378 521 3439; x_wconf 86' lang='lat' dir='ltr'><strong>eis</strong></span> <span class='ocrx_word' id='word_1_290' title='bbox 565 3377 888 3447; x_wconf 81' lang='lat' dir='ltr'><strong>loquebatur</strong></span> <span class='ocrx_word' id='word_1_291' title='bbox 935 3381 1003 3435; x_wconf 89' lang='lat' dir='ltr'><strong>de</strong></span> <span class='ocrx_word' id='word_1_292' title='bbox 1044 3384 1267 3452; x_wconf 87' lang='lat' dir='ltr'><strong>requie,</strong></span> <span class='ocrx_word' id='word_1_293' title='bbox 1312 3394 1366 3440; x_wconf 89' lang='lat' dir='ltr'><strong>et</strong></span> <span class='ocrx_word' id='word_1_294' title='bbox 1409 3386 1511 3442; x_wconf 88' lang='lat' dir='ltr'><strong>hoc</strong></span> <span class='ocrx_word' id='word_1_295' title='bbox 1560 3390 1844 3458; x_wconf 85' lang='lat' dir='ltr'><strong>cupiebant</strong></span> 
     </span>
    </p>
   </div>
   <div class='ocr_carea' id='block_1_36' title="bbox 255 3466 1838 3541">
    <p class='ocr_par' dir='ltr' id='par_1_36' title="bbox 255 3466 1838 3541">
     <span class='ocr_line' id='line_1_36' title="bbox 255 3466 1838 3541; baseline 0.013 -23"><span class='ocrx_word' id='word_1_296' title='bbox 255 3466 435 3522; x_wconf 82' lang='lat' dir='ltr'><strong>audire</strong></span> <span class='ocrx_word' id='word_1_297' title='bbox 476 3469 696 3538; x_wconf 84' lang='lat' dir='ltr'><strong>quando</strong></span> <span class='ocrx_word' id='word_1_298' title='bbox 725 3481 872 3525; x_wconf 86' lang='lat' dir='ltr'><strong>esset</strong></span> <span class='ocrx_word' id='word_1_299' title='bbox 904 3474 1161 3541; x_wconf 81' lang='lat' dir='ltr'><strong>futurum,</strong></span> <span class='ocrx_word' id='word_1_300' title='bbox 1196 3478 1245 3530; x_wconf 89' lang='lat' dir='ltr'><strong>in</strong></span> <span class='ocrx_word' id='word_1_301' title='bbox 1291 3477 1390 3532; x_wconf 88' lang='lat' dir='ltr'><strong>hoc</strong></span> <span class='ocrx_word' id='word_1_302' title='bbox 1428 3482 1689 3537; x_wconf 73' lang='lat' dir='ltr'><strong>conclusit</strong></span> <span class='ocrx_word' id='word_1_303' title='bbox 1715 3499 1838 3538; x_wconf 85' lang='lat' dir='ltr'><strong>ora-</strong></span> 
     </span>
    </p>
   </div>
   <div class='ocr_carea' id='block_1_37' title="bbox 256 3557 472 3619">
    <p class='ocr_par' dir='ltr' id='par_1_37' title="bbox 256 3557 472 3619">
     <span class='ocr_line' id='line_1_37' title="bbox 256 3557 472 3619; baseline 0.023 -10"><span class='ocrx_word' id='word_1_304' title='bbox 256 3557 472 3619; x_wconf 83' lang='lat' dir='ltr'><strong>tionem.</strong></span> 
     </span>
    </p>
   </div>
   <div class='ocr_carea' id='block_1_38' title="bbox 330 3649 1839 3729">
    <p class='ocr_par' dir='ltr' id='par_1_38' title="bbox 330 3649 1839 3729">
     <span class='ocr_line' id='line_1_38' title="bbox 330 3649 1839 3729; baseline 0.012 -24"><span class='ocrx_word' id='word_1_305' title='bbox 330 3649 457 3718; x_wconf 85' lang='lat' dir='ltr'><strong>Spes</strong></span> <span class='ocrx_word' id='word_1_306' title='bbox 501 3667 707 3722; x_wconf 68' lang='lat' dir='ltr'><strong>semper,</strong></span> <span class='ocrx_word' id='word_1_307' title='bbox 747 3656 1030 3724; x_wconf 68' lang='lat' dir='ltr'><strong>seruanda,</strong></span> <span class='ocrx_word' id='word_1_308' title='bbox 1074 3662 1320 3729; x_wconf 85' lang='lat' dir='ltr'><strong>quamdiu</strong></span> <span class='ocrx_word' id='word_1_309' title='bbox 1364 3665 1839 3723; x_wconf 76' lang='lat' dir='ltr'><strong>virimus.-—lllud</strong></span> 
     </span>
    </p>
   </div>
   <div class='ocr_carea' id='block_1_39' title="bbox 256 3743 1836 3830">
    <p class='ocr_par' dir='ltr' id='par_1_39' title="bbox 256 3743 1836 3830">
     <span class='ocr_line' id='line_1_39' title="bbox 256 3743 1836 3830; baseline 0.014 -37"><span class='ocrx_word' id='word_1_310' title='bbox 256 3753 451 3811; x_wconf 75' lang='lat' dir='ltr'><strong>autem,</strong></span> <span class='ocrx_word' id='word_1_311' title='bbox 487 3743 694 3813; x_wconf 77' lang='lat' dir='ltr'><strong>Hodie,</strong></span> <span class='ocrx_word' id='word_1_312' title='bbox 724 3748 923 3803; x_wconf 87' lang='lat' dir='ltr'><strong>dicitur</strong></span> <span class='ocrx_word' id='word_1_313' title='bbox 946 3791 960 3815; x_wconf 91' lang='lat'><strong>,</strong></span> <span class='ocrx_word' id='word_1_314' title='bbox 986 3767 1056 3807; x_wconf 87' lang='lat' dir='ltr'><strong>ne</strong></span> <span class='ocrx_word' id='word_1_315' title='bbox 1084 3752 1394 3823; x_wconf 83' lang='lat' dir='ltr'><strong>desperent.</strong></span> <span class='ocrx_word' id='word_1_316' title='bbox 1426 3759 1794 3816; x_wconf 80' lang='lat' dir='ltr'><strong>Adliortamini</strong></span> <span class='ocrx_word' id='word_1_317' title='bbox 1821 3805 1836 3830; x_wconf 93' lang='lat'><strong>,</strong></span> 
     </span>
    </p>
   </div>
   <div class='ocr_carea' id='block_1_40' title="bbox 258 3828 1836 3915">
    <p class='ocr_par' dir='ltr' id='par_1_40' title="bbox 258 3828 1836 3915">
     <span class='ocr_line' id='line_1_40' title="bbox 258 3828 1836 3915; baseline 0.016 -38"><span class='ocrx_word' id='word_1_318' title='bbox 258 3828 459 3896; x_wconf 88' lang='lat' dir='ltr'><strong>inqttit,</strong></span> <span class='ocrx_word' id='word_1_319' title='bbox 490 3845 585 3893; x_wconf 78' lang='lat' dir='ltr'><strong>vos</strong></span> <span class='ocrx_word' id='word_1_320' title='bbox 627 3833 893 3901; x_wconf 84' lang='lat' dir='ltr'><strong>quotidie,</strong></span> <span class='ocrx_word' id='word_1_321' title='bbox 927 3834 1100 3897; x_wconf 87' lang='lat' dir='ltr'><strong>donec</strong></span> <span class='ocrx_word' id='word_1_322' title='bbox 1140 3837 1305 3901; x_wconf 82' lang='lat' dir='ltr'><strong>hodie</strong></span> <span class='ocrx_word' id='word_1_323' title='bbox 1338 3841 1551 3899; x_wconf 86' lang='lat' dir='ltr'><strong>dicitur.</strong></span> <span class='ocrx_word' id='word_1_324' title='bbox 1580 3844 1693 3901; x_wconf 83' lang='lat' dir='ltr'><strong>Hoc</strong></span> <span class='ocrx_word' id='word_1_325' title='bbox 1721 3828 1836 3915; x_wconf 81' lang='lat' dir='ltr'><strong>est,</strong></span> 
     </span>
    </p>
   </div>
   <div class='ocr_carea' id='block_1_41' title="bbox 255 3922 1840 4004">
    <p class='ocr_par' dir='ltr' id='par_1_41' title="bbox 255 3922 1840 4004">
     <span class='ocr_line' id='line_1_41' title="bbox 255 3922 1840 4004; baseline 0.013 -31"><span class='ocrx_word' id='word_1_326' title='bbox 255 3922 463 3976; x_wconf 80' lang='lat' dir='ltr'><strong>etiamsi</strong></span> <span class='ocrx_word' id='word_1_327' title='bbox 486 3923 618 3991; x_wconf 82' lang='lat' dir='ltr'><strong>quis.</strong></span> <span class='ocrx_word' id='word_1_328' title='bbox 634 3927 959 3995; x_wconf 82' lang='lat' dir='ltr'><strong>peccaverit,</strong></span> <span class='ocrx_word' id='word_1_329' title='bbox 985 3930 1239 4000; x_wconf 83' lang='lat' dir='ltr'><strong>quamdiu</strong></span> <span class='ocrx_word' id='word_1_330' title='bbox 1266 3942 1352 3988; x_wconf 89' lang='lat' dir='ltr'><strong>est</strong></span> <span class='ocrx_word' id='word_1_331' title='bbox 1378 3935 1504 3989; x_wconf 88' lang='lat' dir='ltr'><strong>illud</strong></span> <span class='ocrx_word' id='word_1_332' title='bbox 1538 3936 1718 4004; x_wconf 78' lang='lat' dir='ltr'><strong>hodie,</strong></span> <span class='ocrx_word' id='word_1_333' title='bbox 1747 3940 1840 3995; x_wconf 84' lang='lat' dir='ltr'><strong>ha-</strong></span> 
     </span>
    </p>
   </div>
   <div class='ocr_carea' id='block_1_42' title="bbox 257 4011 1839 4103">
    <p class='ocr_par' dir='ltr' id='par_1_42' title="bbox 257 4011 1839 4103">
     <span class='ocr_line' id='line_1_42' title="bbox 257 4011 1839 4103; baseline 0.016 -40"><span class='ocrx_word' id='word_1_334' title='bbox 257 4011 337 4065; x_wconf 83' lang='lat' dir='ltr'><strong>bet</strong></span> <span class='ocrx_word' id='word_1_335' title='bbox 360 4028 533 4082; x_wconf 86' lang='lat' dir='ltr'><strong>spem.</strong></span> <span class='ocrx_word' id='word_1_336' title='bbox 567 4014 900 4089; x_wconf 75' lang='lat' dir='ltr'><strong>Nemoergo</strong></span> <span class='ocrx_word' id='word_1_337' title='bbox 928 4021 1181 4091; x_wconf 82' lang='lat' dir='ltr'><strong>desperet</strong></span> <span class='ocrx_word' id='word_1_338' title='bbox 1207 4027 1459 4095; x_wconf 88' lang='lat' dir='ltr'><strong>quamdiu</strong></span> <span class='ocrx_word' id='word_1_339' title='bbox 1489 4029 1641 4085; x_wconf 81' lang='lat' dir='ltr'><strong>vivit.</strong></span> <span class='ocrx_word' id='word_1_340' title='bbox 1666 4034 1839 4103; x_wconf 78' lang='lat' dir='ltr'><strong>Atque</strong></span> 
     </span>
    </p>
   </div>
   <div class='ocr_carea' id='block_1_43' title="bbox 256 4107 1838 4185">
    <p class='ocr_par' dir='ltr' id='par_1_43' title="bbox 256 4107 1838 4185">
     <span class='ocr_line' id='line_1_43' title="bbox 256 4107 1838 4185; baseline 0.017 -32"><span class='ocrx_word' id='word_1_341' title='bbox 256 4108 487 4169; x_wconf 74' lang='lat' dir='ltr'><strong>maxime</strong></span> <span class='ocrx_word' id='word_1_342' title='bbox 511 4107 753 4177; x_wconf 80' lang='lat' dir='ltr'><strong>quidem,</strong></span> <span class='ocrx_word' id='word_1_343' title='bbox 778 4110 966 4178; x_wconf 88' lang='lat' dir='ltr'><strong>inquit,</strong></span> <span class='ocrx_word' id='word_1_344' title='bbox 992 4128 1059 4168; x_wconf 88' lang='lat' dir='ltr'><strong>ne</strong></span> <span class='ocrx_word' id='word_1_345' title='bbox 1083 4115 1153 4171; x_wconf 89' lang='lat' dir='ltr'><strong>sit</strong></span> <span class='ocrx_word' id='word_1_346' title='bbox 1179 4117 1389 4185; x_wconf 81' lang='lat' dir='ltr'><strong>quidem</strong></span> <span class='ocrx_word' id='word_1_347' title='bbox 1416 4135 1510 4175; x_wconf 87' lang='lat' dir='ltr'><strong>cor</strong></span> <span class='ocrx_word' id='word_1_348' title='bbox 1536 4122 1734 4179; x_wconf 84' lang='lat' dir='ltr'><strong>malum</strong></span> <span class='ocrx_word' id='word_1_349' title='bbox 1760 4127 1838 4180; x_wconf 84' lang='lat' dir='ltr'><strong>in-</strong></span> 
     </span>
    </p>
   </div>
   <div class='ocr_carea' id='block_1_44' title="bbox 254 4194 1841 4284">
    <p class='ocr_par' dir='ltr' id='par_1_44' title="bbox 254 4194 1841 4284">
     <span class='ocr_line' id='line_1_44' title="bbox 254 4194 1841 4284; baseline 0.018 -40"><span class='ocrx_word' id='word_1_350' title='bbox 254 4194 584 4252; x_wconf 87' lang='lat' dir='ltr'><strong>credulitatis</strong></span> <span class='ocrx_word' id='word_1_351' title='bbox 609 4216 624 4251; x_wconf 91' lang='lat'><strong>:</strong></span> <span class='ocrx_word' id='word_1_352' title='bbox 651 4200 791 4268; x_wconf 91' lang='lat' dir='ltr'><strong>quod</strong></span> <span class='ocrx_word' id='word_1_353' title='bbox 817 4202 859 4255; x_wconf 89' lang='lat' dir='ltr'><strong>si</strong></span> <span class='ocrx_word' id='word_1_354' title='bbox 889 4204 1047 4258; x_wconf 87' lang='lat' dir='ltr'><strong>etiam</strong></span> <span class='ocrx_word' id='word_1_355' title='bbox 1075 4205 1250 4273; x_wconf 79' lang='lat' dir='ltr'><strong>fuerit,</strong></span> <span class='ocrx_word' id='word_1_356' title='bbox 1277 4225 1434 4267; x_wconf 88' lang='lat' dir='ltr'><strong>nemo</strong></span> <span class='ocrx_word' id='word_1_357' title='bbox 1452 4211 1721 4284; x_wconf 87' lang='lat' dir='ltr'><strong>desperet,</strong></span> <span class='ocrx_word' id='word_1_358' title='bbox 1741 4218 1841 4274; x_wconf 84' lang='lat' dir='ltr'><strong>sed</strong></span> 
     </span>
    </p>
   </div>
   <div class='ocr_carea' id='block_1_45' title="bbox 252 4293 1837 4369">
    <p class='ocr_par' dir='ltr' id='par_1_45' title="bbox 252 4293 1837 4369">
     <span class='ocr_line' id='line_1_45' title="bbox 252 4293 1837 4369; baseline 0.016 -32"><span class='ocrx_word' id='word_1_359' title='bbox 252 4298 307 4338; x_wconf 75' lang='lat' dir='ltr'><strong>se</strong></span> <span class='ocrx_word' id='word_1_360' title='bbox 330 4297 539 4351; x_wconf 87' lang='lat' dir='ltr'><strong>recreet</strong></span> <span class='ocrx_word' id='word_1_361' title='bbox 569 4305 583 4342; x_wconf 88' lang='lat'><strong>:</strong></span> <span class='ocrx_word' id='word_1_362' title='bbox 617 4305 736 4343; x_wconf 88' lang='lat' dir='ltr'><strong>nam</strong></span> <span class='ocrx_word' id='word_1_363' title='bbox 766 4293 1019 4357; x_wconf 84' lang='lat' dir='ltr'><strong>quamdiu</strong></span> <span class='ocrx_word' id='word_1_364' title='bbox 1045 4310 1231 4353; x_wconf 88' lang='lat' dir='ltr'><strong>sumus</strong></span> <span class='ocrx_word' id='word_1_365' title='bbox 1257 4301 1307 4352; x_wconf 90' lang='lat' dir='ltr'><strong>in</strong></span> <span class='ocrx_word' id='word_1_366' title='bbox 1334 4300 1432 4356; x_wconf 90' lang='lat' dir='ltr'><strong>hoc</strong></span> <span class='ocrx_word' id='word_1_367' title='bbox 1460 4304 1678 4369; x_wconf 84' lang='lat' dir='ltr'><strong>mundo,</strong></span> <span class='ocrx_word' id='word_1_368' title='bbox 1708 4308 1837 4363; x_wconf 89' lang='lat' dir='ltr'><strong>illud</strong></span> 
     </span>
    </p>
   </div>
   <div class='ocr_carea' id='block_1_46' title="bbox 254 4376 1837 4454">
    <p class='ocr_par' dir='ltr' id='par_1_46' title="bbox 254 4376 1837 4454">
     <span class='ocr_line' id='line_1_46' title="bbox 254 4376 1837 4454; baseline 0.015 -25"><span class='ocrx_word' id='word_1_369' title='bbox 254 4376 427 4442; x_wconf 83' lang='lat' dir='ltr'><strong>hodie,</strong></span> <span class='ocrx_word' id='word_1_370' title='bbox 456 4378 623 4434; x_wconf 89' lang='lat' dir='ltr'><strong>habet</strong></span> <span class='ocrx_word' id='word_1_371' title='bbox 664 4392 894 4452; x_wconf 83' lang='lat' dir='ltr'><strong>tempus.</strong></span> <span class='ocrx_word' id='word_1_372' title='bbox 938 4386 1034 4442; x_wconf 89' lang='lat' dir='ltr'><strong>llic</strong></span> <span class='ocrx_word' id='word_1_373' title='bbox 1060 4399 1239 4444; x_wconf 87' lang='lat' dir='ltr'><strong>autem</strong></span> <span class='ocrx_word' id='word_1_374' title='bbox 1271 4407 1372 4446; x_wconf 90' lang='lat' dir='ltr'><strong>non</strong></span> <span class='ocrx_word' id='word_1_375' title='bbox 1406 4396 1574 4450; x_wconf 81' lang='lat' dir='ltr'><strong>solum</strong></span> <span class='ocrx_word' id='word_1_376' title='bbox 1603 4397 1732 4454; x_wconf 85' lang='lat' dir='ltr'><strong>dicit</strong></span> <span class='ocrx_word' id='word_1_377' title='bbox 1760 4402 1837 4453; x_wconf 88' lang='lat' dir='ltr'><strong>in-</strong></span> 
     </span>
    </p>
   </div>
   <div class='ocr_carea' id='block_1_47' title="bbox 252 4470 1834 4560">
    <p class='ocr_par' dir='ltr' id='par_1_47' title="bbox 252 4470 1834 4560">
     <span class='ocr_line' id='line_1_47' title="bbox 252 4470 1834 4560; baseline 0.016 -37"><span class='ocrx_word' id='word_1_378' title='bbox 252 4470 655 4537; x_wconf 81' lang='lat' dir='ltr'><strong>credulitatem,</strong></span> <span class='ocrx_word' id='word_1_379' title='bbox 694 4475 787 4531; x_wconf 90' lang='lat' dir='ltr'><strong>sed</strong></span> <span class='ocrx_word' id='word_1_380' title='bbox 842 4478 1003 4532; x_wconf 87' lang='lat' dir='ltr'><strong>etiam</strong></span> <span class='ocrx_word' id='word_1_381' title='bbox 1052 4489 1526 4542; x_wconf 88' lang='lat' dir='ltr'><strong>murmurationes.</strong></span> <span class='ocrx_word' id='word_1_382' title='bbox 1583 4490 1834 4560; x_wconf 76' lang='lat' dir='ltr'><strong>Quorum,</strong></span> 
     </span>
    </p>
   </div>
   <div class='ocr_carea' id='block_1_48' title="bbox 254 4564 1837 4657">
    <p class='ocr_par' dir='ltr' id='par_1_48' title="bbox 254 4564 1837 4657">
     <span class='ocr_line' id='line_1_48' title="bbox 254 4564 1837 4657; baseline 0.019 -43"><span class='ocrx_word' id='word_1_383' title='bbox 254 4564 439 4631; x_wconf 86' lang='lat' dir='ltr'><strong>inquit,</strong></span> <span class='ocrx_word' id='word_1_384' title='bbox 462 4566 710 4631; x_wconf 77' lang='lat' dir='ltr'><strong>cadavera</strong></span> <span class='ocrx_word' id='word_1_385' title='bbox 726 4579 982 4641; x_wconf 85' lang='lat' dir='ltr'><strong>prostrata</strong></span> <span class='ocrx_word' id='word_1_386' title='bbox 1002 4583 1118 4626; x_wconf 87' lang='lat' dir='ltr'><strong>sunt</strong></span> <span class='ocrx_word' id='word_1_387' title='bbox 1141 4574 1193 4627; x_wconf 86' lang='lat' dir='ltr'><strong>in</strong></span> <span class='ocrx_word' id='word_1_388' title='bbox 1212 4576 1405 4633; x_wconf 83' lang='lat' dir='ltr'><strong>deserto</strong></span> <span class='ocrx_word' id='word_1_389' title='bbox 1428 4579 1613 4649; x_wconf 78' lang='lat' dir='ltr'><strong>(Hebr.</strong></span> <span class='ocrx_word' id='word_1_390' title='bbox 1642 4587 1694 4639; x_wconf 79' lang='lat'><strong>5.</strong></span> <span class='ocrx_word' id='word_1_391' title='bbox 1719 4587 1837 4657; x_wconf 77' lang='lat' dir='ltr'><strong>l7}.</strong></span> 
     </span>
    </p>
   </div>
   <div class='ocr_carea' id='block_1_49' title="bbox 254 4646 1837 4737">
    <p class='ocr_par' dir='ltr' id='par_1_49' title="bbox 254 4646 1837 4737">
     <span class='ocr_line' id='line_1_49' title="bbox 254 4646 1837 4737; baseline 0.02 -38"><span class='ocrx_word' id='word_1_392' title='bbox 254 4646 452 4701; x_wconf 71' lang='lat' dir='ltr'><strong>Deinde</strong></span> <span class='ocrx_word' id='word_1_393' title='bbox 482 4666 548 4703; x_wconf 89' lang='lat' dir='ltr'><strong>ne</strong></span> <span class='ocrx_word' id='word_1_394' title='bbox 577 4652 697 4717; x_wconf 91' lang='lat' dir='ltr'><strong>quis</strong></span> <span class='ocrx_word' id='word_1_395' title='bbox 721 4655 992 4709; x_wconf 83' lang='lat' dir='ltr'><strong>existimet</strong></span> <span class='ocrx_word' id='word_1_396' title='bbox 1018 4659 1157 4726; x_wconf 89' lang='lat' dir='ltr'><strong>quod</strong></span> <span class='ocrx_word' id='word_1_397' title='bbox 1187 4646 1522 4731; x_wconf 80' lang='lat' dir='ltr'><strong>solummodo</strong></span> <span class='ocrx_word' id='word_1_398' title='bbox 1546 4653 1837 4737; x_wconf 79' lang='lat' dir='ltr'><strong>privahitur</strong></span> 
     </span>
    </p>
   </div>
   <div class='ocr_carea' id='block_1_50' title="bbox 252 4740 1835 4821">
    <p class='ocr_par' dir='ltr' id='par_1_50' title="bbox 252 4740 1835 4821">
     <span class='ocr_line' id='line_1_50' title="bbox 252 4740 1835 4821; baseline 0.02 -31"><span class='ocrx_word' id='word_1_399' title='bbox 252 4740 453 4809; x_wconf 75' lang='lat' dir='ltr'><strong>requie,</strong></span> <span class='ocrx_word' id='word_1_400' title='bbox 484 4744 755 4815; x_wconf 81' lang='lat' dir='ltr'><strong>subjungit</strong></span> <span class='ocrx_word' id='word_1_401' title='bbox 787 4749 947 4821; x_wconf 84' lang='lat' dir='ltr'><strong>etiam</strong></span> <span class='ocrx_word' id='word_1_402' title='bbox 978 4751 1321 4819; x_wconf 82' lang='lat' dir='ltr'><strong>supplicium,</strong></span> <span class='ocrx_word' id='word_1_403' title='bbox 1348 4758 1533 4815; x_wconf 85' lang='lat' dir='ltr'><strong>dicens</strong></span> <span class='ocrx_word' id='word_1_404' title='bbox 1564 4781 1575 4815; x_wconf 91' lang='lat'>:</span> <span class='ocrx_word' id='word_1_405' title='bbox 1616 4765 1702 4820; x_wconf 64' lang='lat'><strong>1‘2.</strong></span> <span class='ocrx_word' id='word_1_406' title='bbox 1747 4766 1835 4821; x_wconf 77' lang='grc' dir='ltr'><strong>ιἐ-</strong></span> 
     </span>
    </p>
   </div>
   <div class='ocr_carea' id='block_1_51' title="bbox 250 4834 1839 4919">
    <p class='ocr_par' dir='ltr' id='par_1_51' title="bbox 250 4834 1839 4919">
     <span class='ocr_line' id='line_1_51' title="bbox 250 4834 1839 4919; baseline 0.023 -39"><span class='ocrx_word' id='word_1_407' title='bbox 250 4847 334 4881; x_wconf 78' lang='lat' dir='ltr'><strong>rus</strong></span> <span class='ocrx_word' id='word_1_408' title='bbox 370 4834 506 4885; x_wconf 84' lang='lat' dir='ltr'><strong>enim</strong></span> <span class='ocrx_word' id='word_1_409' title='bbox 534 4845 605 4887; x_wconf 84' lang='lat' dir='ltr'><strong>cst</strong></span> <span class='ocrx_word' id='word_1_410' title='bbox 629 4854 792 4897; x_wconf 84' lang='lat' dir='ltr'><strong>sermo</strong></span> <span class='ocrx_word' id='word_1_411' title='bbox 823 4837 917 4892; x_wconf 83' lang='lat' dir='ltr'><strong>Dei</strong></span> <span class='ocrx_word' id='word_1_412' title='bbox 944 4849 989 4893; x_wconf 84' lang='lat' dir='ltr'><strong>ct</strong></span> <span class='ocrx_word' id='word_1_413' title='bbox 1019 4842 1215 4911; x_wconf 68' lang='lat' dir='ltr'><strong>eﬁicax,</strong></span> <span class='ocrx_word' id='word_1_414' title='bbox 1249 4856 1294 4900; x_wconf 87' lang='lat' dir='ltr'><strong>et</strong></span> <span class='ocrx_word' id='word_1_415' title='bbox 1308 4854 1673 4919; x_wconf 43' lang='lat' dir='ltr'><strong>,penetrulttlior</strong></span> <span class='ocrx_word' id='word_1_416' title='bbox 1696 4863 1839 4916; x_wconf 78' lang='lat' dir='ltr'><strong>omni</strong></span> 
     </span>
    </p>
   </div>
   <div class='ocr_carea' id='block_1_52' title="bbox 252 4922 1839 5009">
    <p class='ocr_par' dir='ltr' id='par_1_52' title="bbox 252 4922 1839 5009">
     <span class='ocr_line' id='line_1_52' title="bbox 252 4922 1839 5009; baseline 0.023 -37"><span class='ocrx_word' id='word_1_417' title='bbox 252 4922 416 4989; x_wconf 83' lang='lat' dir='ltr'><strong>gladio</strong></span> <span class='ocrx_word' id='word_1_418' title='bbox 476 4927 723 4998; x_wconf 78' lang='lat' dir='ltr'><strong>ancipiti,</strong></span> <span class='ocrx_word' id='word_1_419' title='bbox 774 4938 820 4984; x_wconf 89' lang='lat' dir='ltr'><strong>et</strong></span> <span class='ocrx_word' id='word_1_420' title='bbox 871 4933 1156 5003; x_wconf 77' lang='lat' dir='ltr'><strong>pertingens</strong></span> <span class='ocrx_word' id='word_1_421' title='bbox 1212 4955 1371 5009; x_wconf 87' lang='lat' dir='ltr'><strong>usque</strong></span> <span class='ocrx_word' id='word_1_422' title='bbox 1417 4947 1504 5001; x_wconf 80' lang='lat' dir='ltr'><strong>ad.</strong></span> <span class='ocrx_word' id='word_1_423' title='bbox 1539 4947 1839 5009; x_wconf 72' lang='lat' dir='ltr'><strong>divisionem</strong></span> 
     </span>
    </p>
   </div>
   <div class='ocr_carea' id='block_1_53' title="bbox 260 5026 1832 5114">
    <p class='ocr_par' dir='ltr' id='par_1_53' title="bbox 260 5026 1832 5114">
     <span class='ocr_line' id='line_1_53' title="bbox 260 5026 1832 5114; baseline 0.017 -40"><span class='ocrx_word' id='word_1_424' title='bbox 260 5026 431 5078; x_wconf 66' lang='lat' dir='ltr'><strong>quinia:</strong></span> <span class='ocrx_word' id='word_1_425' title='bbox 459 5043 520 5079; x_wconf 85' lang='lat' dir='ltr'><strong>ac</strong></span> <span class='ocrx_word' id='word_1_426' title='bbox 546 5029 757 5095; x_wconf 74' lang='lat' dir='ltr'><strong>spiritus</strong></span> <span class='ocrx_word' id='word_1_427' title='bbox 782 5075 797 5098; x_wconf 92' lang='lat'><strong>,</strong></span> <span class='ocrx_word' id='word_1_428' title='bbox 830 5050 1132 5105; x_wconf 74' lang='lat' dir='ltr'><strong>contpagum</strong></span> <span class='ocrx_word' id='word_1_429' title='bbox 1150 5050 1350 5107; x_wconf 86' lang='lat' dir='ltr'><strong>quoque</strong></span> <span class='ocrx_word' id='word_1_430' title='bbox 1373 5056 1435 5093; x_wconf 90' lang='lat' dir='ltr'><strong>ac</strong></span> <span class='ocrx_word' id='word_1_431' title='bbox 1460 5041 1832 5114; x_wconf 75' lang='lat' dir='ltr'><strong>medullarum,</strong></span> 
     </span>
    </p>
   </div>
   <div class='ocr_carea' id='block_1_54' title="bbox 252 5117 1838 5195">
    <p class='ocr_par' dir='ltr' id='par_1_54' title="bbox 252 5117 1838 5195">
     <span class='ocr_line' id='line_1_54' title="bbox 252 5117 1838 5195; baseline 0.014 -27"><span class='ocrx_word' id='word_1_432' title='bbox 252 5129 294 5170; x_wconf 87' lang='lat' dir='ltr'><strong>et</strong></span> <span class='ocrx_word' id='word_1_433' title='bbox 321 5117 564 5173; x_wconf 81' lang='lat' dir='ltr'><strong>discretor</strong></span> <span class='ocrx_word' id='word_1_434' title='bbox 590 5123 954 5195; x_wconf 80' lang='lat' dir='ltr'><strong>cogitationum</strong></span> <span class='ocrx_word' id='word_1_435' title='bbox 984 5136 1029 5179; x_wconf 89' lang='lat' dir='ltr'><strong>et</strong></span> <span class='ocrx_word' id='word_1_436' title='bbox 1054 5127 1389 5185; x_wconf 84' lang='lat' dir='ltr'><strong>iutentionum</strong></span> <span class='ocrx_word' id='word_1_437' title='bbox 1412 5132 1605 5191; x_wconf 78' lang='lat' dir='ltr'><strong>cordis.</strong></span> <span class='ocrx_word' id='word_1_438' title='bbox 1634 5134 1730 5189; x_wconf 72' lang='lat' dir='ltr'><strong>llic</strong></span> <span class='ocrx_word' id='word_1_439' title='bbox 1761 5137 1838 5190; x_wconf 83' lang='lat' dir='ltr'><strong>lo-</strong></span> 
     </span>
    </p>
   </div>
   <div class='ocr_carea' id='block_1_55' title="bbox 253 5207 1831 5297">
    <p class='ocr_par' dir='ltr' id='par_1_55' title="bbox 253 5207 1831 5297">
     <span class='ocr_line' id='line_1_55' title="bbox 253 5207 1831 5297; baseline 0.015 -41"><span class='ocrx_word' id='word_1_440' title='bbox 253 5207 424 5274; x_wconf 88' lang='lat' dir='ltr'><strong>quitur</strong></span> <span class='ocrx_word' id='word_1_441' title='bbox 454 5210 519 5264; x_wconf 87' lang='lat' dir='ltr'><strong>de</strong></span> <span class='ocrx_word' id='word_1_442' title='bbox 549 5213 797 5283; x_wconf 76' lang='lat' dir='ltr'><strong>gebenna</strong></span> <span class='ocrx_word' id='word_1_443' title='bbox 831 5226 883 5271; x_wconf 86' lang='lat' dir='ltr'><strong>et</strong></span> <span class='ocrx_word' id='word_1_444' title='bbox 913 5216 981 5271; x_wconf 89' lang='lat' dir='ltr'><strong>de</strong></span> <span class='ocrx_word' id='word_1_445' title='bbox 1011 5221 1299 5289; x_wconf 87' lang='lat' dir='ltr'><strong>supplicio.</strong></span> <span class='ocrx_word' id='word_1_446' title='bbox 1333 5222 1610 5290; x_wconf 82' lang='lat' dir='ltr'><strong>Pervadit,</strong></span> <span class='ocrx_word' id='word_1_447' title='bbox 1641 5231 1831 5297; x_wconf 85' lang='lat' dir='ltr'><strong>inquit,</strong></span> 
     </span>
    </p>
   </div>
   <div class='ocr_carea' id='block_1_56' title="bbox 255 5298 1833 5383">
    <p class='ocr_par' dir='ltr' id='par_1_56' title="bbox 255 5298 1833 5383">
     <span class='ocr_line' id='line_1_56' title="bbox 255 5298 1833 5383; baseline 0.016 -34"><span class='ocrx_word' id='word_1_448' title='bbox 255 5298 303 5351; x_wconf 87' lang='lat' dir='ltr'><strong>in</strong></span> <span class='ocrx_word' id='word_1_449' title='bbox 324 5301 528 5356; x_wconf 86' lang='lat' dir='ltr'><strong>occulta</strong></span> <span class='ocrx_word' id='word_1_450' title='bbox 558 5305 738 5361; x_wconf 82' lang='lat' dir='ltr'><strong>cordis</strong></span> <span class='ocrx_word' id='word_1_451' title='bbox 760 5310 960 5383; x_wconf 78' lang='lat' dir='ltr'><strong>nostri,</strong></span> <span class='ocrx_word' id='word_1_452' title='bbox 989 5319 1042 5365; x_wconf 89' lang='lat' dir='ltr'><strong>ct</strong></span> <span class='ocrx_word' id='word_1_453' title='bbox 1066 5310 1301 5367; x_wconf 88' lang='lat' dir='ltr'><strong>dissecat</strong></span> <span class='ocrx_word' id='word_1_454' title='bbox 1325 5316 1581 5375; x_wconf 79' lang='lat' dir='ltr'><strong>animam.</strong></span> <span class='ocrx_word' id='word_1_455' title='bbox 1607 5318 1703 5374; x_wconf 80' lang='lat' dir='ltr'><strong>Hic.</strong></span> <span class='ocrx_word' id='word_1_456' title='bbox 1729 5338 1833 5374; x_wconf 84' lang='lat' dir='ltr'><strong>ltml</strong></span> 
     </span>
    </p>
   </div>
   <div class='ocr_carea' id='block_1_57' title="bbox 253 5396 1836 5481">
    <p class='ocr_par' dir='ltr' id='par_1_57' title="bbox 253 5396 1836 5481">
     <span class='ocr_line' id='line_1_57' title="bbox 253 5396 1836 5481; baseline 0.015 -39"><span class='ocrx_word' id='word_1_457' title='bbox 253 5399 347 5451; x_wconf 84' lang='lat' dir='ltr'><strong>est,</strong></span> <span class='ocrx_word' id='word_1_458' title='bbox 378 5396 775 5457; x_wconf 83' lang='lat' dir='ltr'><strong>membraesse</strong></span> <span class='ocrx_word' id='word_1_459' title='bbox 805 5411 1092 5471; x_wconf 78' lang='lat' dir='ltr'><strong>prostrata,</strong></span> <span class='ocrx_word' id='word_1_460' title='bbox 1125 5421 1298 5472; x_wconf 87' lang='lat' dir='ltr'><strong>neque</strong></span> <span class='ocrx_word' id='word_1_461' title='bbox 1334 5415 1474 5463; x_wconf 82' lang='lat' dir='ltr'><strong>terra</strong></span> <span class='ocrx_word' id='word_1_462' title='bbox 1506 5425 1625 5465; x_wconf 78' lang='lat' dir='ltr'><strong>esse</strong></span> <span class='ocrx_word' id='word_1_463' title='bbox 1657 5414 1836 5481; x_wconf 75' lang='lat' dir='ltr'><strong>priva—</strong></span> 
     </span>
    </p>
   </div>
   <div class='ocr_carea' id='block_1_58' title="bbox 265 5486 1833 5565">
    <p class='ocr_par' dir='ltr' id='par_1_58' title="bbox 265 5486 1833 5565">
     <span class='ocr_line' id='line_1_58' title="bbox 265 5486 1833 5565; baseline 0.018 -32"><span class='ocrx_word' id='word_1_464' title='bbox 265 5491 360 5549; x_wconf 87' lang='lat' dir='ltr'><strong>tos,</strong></span> <span class='ocrx_word' id='word_1_465' title='bbox 393 5486 534 5541; x_wconf 80' lang='lat' dir='ltr'><strong>sicut</strong></span> <span class='ocrx_word' id='word_1_466' title='bbox 566 5488 693 5552; x_wconf 85' lang='lat' dir='ltr'><strong>illic,</strong></span> <span class='ocrx_word' id='word_1_467' title='bbox 723 5491 818 5545; x_wconf 89' lang='lat' dir='ltr'><strong>sed</strong></span> <span class='ocrx_word' id='word_1_468' title='bbox 851 5508 1016 5563; x_wconf 80' lang='lat' dir='ltr'><strong>regno</strong></span> <span class='ocrx_word' id='word_1_469' title='bbox 1046 5496 1301 5552; x_wconf 72' lang='lat' dir='ltr'><strong>caelorum</strong></span> <span class='ocrx_word' id='word_1_470' title='bbox 1325 5542 1339 5565; x_wconf 93' lang='lat'><strong>,</strong></span> <span class='ocrx_word' id='word_1_471' title='bbox 1373 5511 1427 5555; x_wconf 90' lang='lat' dir='ltr'><strong>et</strong></span> <span class='ocrx_word' id='word_1_472' title='bbox 1462 5510 1674 5558; x_wconf 67' lang='lat' dir='ltr'><strong>(eterna:</strong></span> <span class='ocrx_word' id='word_1_473' title='bbox 1703 5505 1833 5561; x_wconf 79' lang='lat' dir='ltr'><strong>tradi</strong></span> 
     </span>
    </p>
   </div>
   <div class='ocr_carea' id='block_1_59' title="bbox 253 5574 1836 5664">
    <p class='ocr_par' dir='ltr' id='par_1_59' title="bbox 253 5574 1836 5664">
     <span class='ocr_line' id='line_1_59' title="bbox 253 5574 1836 5664; baseline 0.017 -37"><span class='ocrx_word' id='word_1_474' title='bbox 253 5574 521 5646; x_wconf 70' lang='lat' dir='ltr'><strong>gehennze,</strong></span> <span class='ocrx_word' id='word_1_475' title='bbox 547 5592 601 5635; x_wconf 92' lang='lat' dir='ltr'><strong>et</strong></span> <span class='ocrx_word' id='word_1_476' title='bbox 622 5581 913 5639; x_wconf 86' lang='lat' dir='ltr'><strong>immortali</strong></span> <span class='ocrx_word' id='word_1_477' title='bbox 942 5602 1110 5654; x_wconf 66' lang='lat' dir='ltr'><strong>ptence</strong></span> <span class='ocrx_word' id='word_1_478' title='bbox 1130 5606 1193 5644; x_wconf 84' lang='lat' dir='ltr'><strong>ac</strong></span> <span class='ocrx_word' id='word_1_479' title='bbox 1215 5594 1496 5664; x_wconf 65' lang='lat' dir='ltr'><strong>suiplicio.</strong></span> <span class='ocrx_word' id='word_1_480' title='bbox 1524 5595 1630 5651; x_wconf 84' lang='lat' dir='ltr'><strong>Sed</strong></span> <span class='ocrx_word' id='word_1_481' title='bbox 1649 5599 1836 5654; x_wconf 75' lang='lat' dir='ltr'><strong>adhor-</strong></span> 
     </span>
    </p>
   </div>
   <div class='ocr_carea' id='block_1_60' title="bbox 254 5669 1832 5762">
    <p class='ocr_par' dir='ltr' id='par_1_60' title="bbox 254 5669 1832 5762">
     <span class='ocr_line' id='line_1_60' title="bbox 254 5669 1832 5762; baseline 0.02 -47"><span class='ocrx_word' id='word_1_482' title='bbox 254 5669 418 5723; x_wconf 70' lang='lat' dir='ltr'><strong>tsmini</strong></span> <span class='ocrx_word' id='word_1_483' title='bbox 446 5672 774 5743; x_wconf 73' lang='lat' dir='ltr'><strong>vosmetipsos</strong></span> <span class='ocrx_word' id='word_1_484' title='bbox 801 5675 999 5762; x_wconf 62' lang='lat' dir='ltr'><strong>(Ilrbr.</strong></span> <span class='ocrx_word' id='word_1_485' title='bbox 1043 5681 1095 5737; x_wconf 77' lang='lat'><strong>&#39;5.</strong></span> <span class='ocrx_word' id='word_1_486' title='bbox 1148 5682 1268 5755; x_wconf 80' lang='grc'><strong>15).</strong></span> <span class='ocrx_word' id='word_1_487' title='bbox 1309 5685 1439 5744; x_wconf 83' lang='lat' dir='ltr'><strong>Vidc</strong></span> <span class='ocrx_word' id='word_1_488' title='bbox 1471 5693 1832 5747; x_wconf 57' lang='lat' dir='ltr'><strong>mansuetudiv</strong></span> 
     </span>
    </p>
   </div>
   <div class='ocr_carea' id='block_1_61' title="bbox 1947 364 3532 443">
    <p class='ocr_par' dir='ltr' id='par_1_61' title="bbox 1947 364 3532 443">
     <span class='ocr_line' id='line_1_61' title="bbox 1947 364 3532 443; baseline 0.015 -29"><span class='ocrx_word' id='word_1_489' title='bbox 1947 376 2069 415; x_wconf 86' lang='lat' dir='ltr'><strong>nem</strong></span> <span class='ocrx_word' id='word_1_490' title='bbox 2099 372 2153 417; x_wconf 86' lang='lat' dir='ltr'><strong>et</strong></span> <span class='ocrx_word' id='word_1_491' title='bbox 2173 364 2469 419; x_wconf 87' lang='lat' dir='ltr'><strong>lenitatem.</strong></span> <span class='ocrx_word' id='word_1_492' title='bbox 2491 366 2604 419; x_wconf 74' lang='lat' dir='ltr'><strong>Non</strong></span> <span class='ocrx_word' id='word_1_493' title='bbox 2627 366 2781 434; x_wconf 71' lang='lat' dir='ltr'><strong>dixit,</strong></span> <span class='ocrx_word' id='word_1_494' title='bbox 2809 369 3101 441; x_wconf 80' lang='lat' dir='ltr'><strong>lncrepate,</strong></span> <span class='ocrx_word' id='word_1_495' title='bbox 3133 376 3247 443; x_wconf 82' lang='lat' dir='ltr'><strong>sed,</strong></span> <span class='ocrx_word' id='word_1_496' title='bbox 3274 382 3532 437; x_wconf 75' lang='lat' dir='ltr'><strong>Adhorta-</strong></span> 
     </span>
    </p>
   </div>
   <div class='ocr_carea' id='block_1_62' title="bbox 1947 450 3529 537">
    <p class='ocr_par' dir='ltr' id='par_1_62' title="bbox 1947 450 3529 537">
     <span class='ocr_line' id='line_1_62' title="bbox 1947 450 3529 537; baseline 0.015 -32"><span class='ocrx_word' id='word_1_497' title='bbox 1947 454 2090 507; x_wconf 84' lang='lat' dir='ltr'><strong>mini.</strong></span> <span class='ocrx_word' id='word_1_498' title='bbox 2122 450 2197 511; x_wconf 88' lang='lat' dir='ltr'><strong>lla</strong></span> <span class='ocrx_word' id='word_1_499' title='bbox 2238 470 2336 509; x_wconf 88' lang='lat' dir='ltr'><strong>nos</strong></span> <span class='ocrx_word' id='word_1_500' title='bbox 2377 466 2589 525; x_wconf 87' lang='lat' dir='ltr'><strong>oportet</strong></span> <span class='ocrx_word' id='word_1_501' title='bbox 2631 473 2821 527; x_wconf 72' lang='lat' dir='ltr'><strong>gerere</strong></span> <span class='ocrx_word' id='word_1_502' title='bbox 2864 461 2917 515; x_wconf 87' lang='lat' dir='ltr'><strong>in</strong></span> <span class='ocrx_word' id='word_1_503' title='bbox 2955 478 3049 517; x_wconf 87' lang='lat' dir='ltr'><strong>eos</strong></span> <span class='ocrx_word' id='word_1_504' title='bbox 3089 466 3177 534; x_wconf 89' lang='lat' dir='ltr'><strong>qui</strong></span> <span class='ocrx_word' id='word_1_505' title='bbox 3222 481 3529 537; x_wconf 81' lang='lat' dir='ltr'><strong>premuntur</strong></span> 
     </span>
    </p>
   </div>
   <div class='ocr_carea' id='block_1_63' title="bbox 1946 546 3531 618">
    <p class='ocr_par' dir='ltr' id='par_1_63' title="bbox 1946 546 3531 618">
     <span class='ocr_line' id='line_1_63' title="bbox 1946 546 3531 618; baseline 0.012 -20"><span class='ocrx_word' id='word_1_506' title='bbox 1946 546 2251 601; x_wconf 77' lang='lat' dir='ltr'><strong>afﬂictione.</strong></span> <span class='ocrx_word' id='word_1_507' title='bbox 2277 547 2387 602; x_wconf 84' lang='lat' dir='ltr'><strong>lloc</strong></span> <span class='ocrx_word' id='word_1_508' title='bbox 2408 549 2568 603; x_wconf 83' lang='lat' dir='ltr'><strong>etiam</strong></span> <span class='ocrx_word' id='word_1_509' title='bbox 2592 548 2720 605; x_wconf 88' lang='lat' dir='ltr'><strong>dicit</strong></span> <span class='ocrx_word' id='word_1_510' title='bbox 2740 552 2983 609; x_wconf 89' lang='lat' dir='ltr'><strong>scribens</strong></span> <span class='ocrx_word' id='word_1_511' title='bbox 3004 555 3069 610; x_wconf 86' lang='lat' dir='ltr'><strong>ad</strong></span> <span class='ocrx_word' id='word_1_512' title='bbox 3094 557 3531 618; x_wconf 86' lang='lat' dir='ltr'><strong>Thessalonicen-</strong></span> 
     </span>
    </p>
   </div>
   <div class='ocr_carea' id='block_1_64' title="bbox 1946 638 3532 720">
    <p class='ocr_par' dir='ltr' id='par_1_64' title="bbox 1946 638 3532 720">
     <span class='ocr_line' id='line_1_64' title="bbox 1946 638 3532 720; baseline 0.009 -28"><span class='ocrx_word' id='word_1_513' title='bbox 1946 652 2068 693; x_wconf 88' lang='lat' dir='ltr'><strong>ses:</strong></span> <span class='ocrx_word' id='word_1_514' title='bbox 2096 638 2367 692; x_wconf 78' lang='lat' dir='ltr'><strong>Admonete</strong></span> <span class='ocrx_word' id='word_1_515' title='bbox 2405 642 2669 710; x_wconf 86' lang='lat' dir='ltr'><strong>inquietos.</strong></span> <span class='ocrx_word' id='word_1_516' title='bbox 2696 642 3263 703; x_wconf 84' lang='lat' dir='ltr'><strong>Pusillanimesautem</strong></span> <span class='ocrx_word' id='word_1_517' title='bbox 3298 667 3403 706; x_wconf 90' lang='lat' dir='ltr'><strong>non</strong></span> <span class='ocrx_word' id='word_1_518' title='bbox 3434 655 3532 720; x_wconf 75' lang='lat' dir='ltr'><strong>sic,</strong></span> 
     </span>
    </p>
   </div>
   <div class='ocr_carea' id='block_1_65' title="bbox 1948 730 3534 813">
    <p class='ocr_par' dir='ltr' id='par_1_65' title="bbox 1948 730 3534 813">
     <span class='ocr_line' id='line_1_65' title="bbox 1948 730 3534 813; baseline 0.006 -28"><span class='ocrx_word' id='word_1_519' title='bbox 1948 730 2041 785; x_wconf 85' lang='lat' dir='ltr'><strong>sed</strong></span> <span class='ocrx_word' id='word_1_520' title='bbox 2073 731 2238 801; x_wconf 87' lang='lat' dir='ltr'><strong>quid?</strong></span> <span class='ocrx_word' id='word_1_521' title='bbox 2290 730 2636 787; x_wconf 81' lang='lat' dir='ltr'><strong>Coasolamini</strong></span> <span class='ocrx_word' id='word_1_522' title='bbox 2684 735 3071 803; x_wconf 81' lang='lat' dir='ltr'><strong>pusillanimes,</strong></span> <span class='ocrx_word' id='word_1_523' title='bbox 3117 741 3360 812; x_wconf 81' lang='lat' dir='ltr'><strong>suscipite</strong></span> <span class='ocrx_word' id='word_1_524' title='bbox 3384 744 3534 813; x_wconf 74' lang='lat' dir='ltr'><strong>inﬁr—</strong></span> 
     </span>
    </p>
   </div>
   <div class='ocr_carea' id='block_1_66' title="bbox 1949 826 3532 905">
    <p class='ocr_par' dir='ltr' id='par_1_66' title="bbox 1949 826 3532 905">
     <span class='ocr_line' id='line_1_66' title="bbox 1949 826 3532 905; baseline 0.01 -29"><span class='ocrx_word' id='word_1_525' title='bbox 1949 840 2075 888; x_wconf 68' lang='lat' dir='ltr'><strong>ntos,</strong></span> <span class='ocrx_word' id='word_1_526' title='bbox 2100 826 2345 892; x_wconf 83' lang='lat' dir='ltr'><strong>patientes</strong></span> <span class='ocrx_word' id='word_1_527' title='bbox 2370 835 2523 879; x_wconf 85' lang='lat' dir='ltr'><strong>estote</strong></span> <span class='ocrx_word' id='word_1_528' title='bbox 2548 827 2616 879; x_wconf 88' lang='lat' dir='ltr'><strong>ad</strong></span> <span class='ocrx_word' id='word_1_529' title='bbox 2641 844 2813 884; x_wconf 87' lang='lat' dir='ltr'><strong>omnes</strong></span> <span class='ocrx_word' id='word_1_530' title='bbox 2838 829 2857 901; x_wconf 91' lang='lat'>(</span> <span class='ocrx_word' id='word_1_531' title='bbox 2878 833 2928 885; x_wconf 81' lang='lat' dir='ltr'><strong>l.</strong></span> <span class='ocrx_word' id='word_1_532' title='bbox 2959 832 3131 887; x_wconf 83' lang='lat' dir='ltr'><strong>Thess.</strong></span> <span class='ocrx_word' id='word_1_533' title='bbox 3159 836 3212 889; x_wconf 84' lang='lat'><strong>5.</strong></span> <span class='ocrx_word' id='word_1_534' title='bbox 3242 837 3308 891; x_wconf 70' lang='grc'><strong>14</strong></span> <span class='ocrx_word' id='word_1_535' title='bbox 3332 838 3370 905; x_wconf 94' lang='grc'><strong>).</strong></span> <span class='ocrx_word' id='word_1_536' title='bbox 3395 838 3532 904; x_wconf 79' lang='lat' dir='ltr'><strong>Quid</strong></span> 
     </span>
    </p>
   </div>
   <div class='ocr_carea' id='block_1_67' title="bbox 1949 914 3532 993">
    <p class='ocr_par' dir='ltr' id='par_1_67' title="bbox 1949 914 3532 993">
     <span class='ocr_line' id='line_1_67' title="bbox 1949 914 3532 993; baseline 0.009 -24"><span class='ocrx_word' id='word_1_537' title='bbox 1949 928 2050 979; x_wconf 85' lang='lat' dir='ltr'><strong>est,</strong></span> <span class='ocrx_word' id='word_1_538' title='bbox 2070 914 2461 971; x_wconf 82' lang='lat' dir='ltr'><strong>Consolamiui?</strong></span> <span class='ocrx_word' id='word_1_539' title='bbox 2490 918 2601 973; x_wconf 86' lang='lat' dir='ltr'><strong>lloc</strong></span> <span class='ocrx_word' id='word_1_540' title='bbox 2630 930 2732 983; x_wconf 89' lang='lat' dir='ltr'><strong>est,</strong></span> <span class='ocrx_word' id='word_1_541' title='bbox 2760 936 2826 975; x_wconf 90' lang='lat' dir='ltr'><strong>ne</strong></span> <span class='ocrx_word' id='word_1_542' title='bbox 2850 923 3185 993; x_wconf 75' lang='lat' dir='ltr'><strong>desperatis;</strong></span> <span class='ocrx_word' id='word_1_543' title='bbox 3212 943 3278 983; x_wconf 87' lang='lat' dir='ltr'><strong>ne</strong></span> <span class='ocrx_word' id='word_1_544' title='bbox 3298 930 3532 985; x_wconf 84' lang='lat' dir='ltr'><strong>animum</strong></span> 
     </span>
    </p>
   </div>
   <div class='ocr_carea' id='block_1_68' title="bbox 1948 1006 3529 1092">
    <p class='ocr_par' dir='ltr' id='par_1_68' title="bbox 1948 1006 3529 1092">
     <span class='ocr_line' id='line_1_68' title="bbox 1948 1006 3529 1092; baseline 0.01 -31"><span class='ocrx_word' id='word_1_545' title='bbox 1948 1006 2330 1076; x_wconf 78' lang='lat' dir='ltr'><strong>deSpondeatis</strong></span> <span class='ocrx_word' id='word_1_546' title='bbox 2356 1025 2369 1061; x_wconf 87' lang='lat'><strong>:</strong></span> <span class='ocrx_word' id='word_1_547' title='bbox 2406 1024 2526 1063; x_wconf 83' lang='lat' dir='ltr'><strong>nam</strong></span> <span class='ocrx_word' id='word_1_548' title='bbox 2560 1011 2649 1080; x_wconf 90' lang='lat' dir='ltr'><strong>qui</strong></span> <span class='ocrx_word' id='word_1_549' title='bbox 2682 1027 2788 1067; x_wconf 90' lang='lat' dir='ltr'><strong>non</strong></span> <span class='ocrx_word' id='word_1_550' title='bbox 2814 1015 3123 1071; x_wconf 81' lang='lat' dir='ltr'><strong>consolatur</strong></span> <span class='ocrx_word' id='word_1_551' title='bbox 3149 1033 3269 1073; x_wconf 89' lang='lat' dir='ltr'><strong>eum</strong></span> <span class='ocrx_word' id='word_1_552' title='bbox 3298 1022 3387 1090; x_wconf 88' lang='lat' dir='ltr'><strong>qui</strong></span> <span class='ocrx_word' id='word_1_553' title='bbox 3416 1036 3529 1092; x_wconf 86' lang='lat' dir='ltr'><strong>pre-</strong></span> 
     </span>
    </p>
   </div>
   <div class='ocr_carea' id='block_1_69' title="bbox 1951 1096 3533 1167">
    <p class='ocr_par' dir='ltr' id='par_1_69' title="bbox 1951 1096 3533 1167">
     <span class='ocr_line' id='line_1_69' title="bbox 1951 1096 3533 1167; baseline 0.012 -18"><span class='ocrx_word' id='word_1_554' title='bbox 1951 1098 2110 1151; x_wconf 86' lang='lat' dir='ltr'><strong>mitur</strong></span> <span class='ocrx_word' id='word_1_555' title='bbox 2135 1096 2443 1166; x_wconf 80' lang='lat' dir='ltr'><strong>afﬂictione,</strong></span> <span class='ocrx_word' id='word_1_556' title='bbox 2468 1116 2589 1156; x_wconf 91' lang='lat' dir='ltr'><strong>eum</strong></span> <span class='ocrx_word' id='word_1_557' title='bbox 2618 1101 2793 1157; x_wconf 89' lang='lat' dir='ltr'><strong>reddit</strong></span> <span class='ocrx_word' id='word_1_558' title='bbox 2820 1103 3112 1161; x_wconf 81' lang='lat' dir='ltr'><strong>duriorem.</strong></span> <span class='ocrx_word' id='word_1_559' title='bbox 3137 1107 3207 1163; x_wconf 88' lang='lat' dir='ltr'><strong>Ut</strong></span> <span class='ocrx_word' id='word_1_560' title='bbox 3235 1126 3339 1165; x_wconf 92' lang='lat' dir='ltr'><strong>non</strong></span> <span class='ocrx_word' id='word_1_561' title='bbox 3366 1111 3533 1167; x_wconf 85' lang='lat' dir='ltr'><strong>obdu-</strong></span> 
     </span>
    </p>
   </div>
   <div class='ocr_carea' id='block_1_70' title="bbox 1951 1190 3534 1268">
    <p class='ocr_par' dir='ltr' id='par_1_70' title="bbox 1951 1190 3534 1268">
     <span class='ocr_line' id='line_1_70' title="bbox 1951 1190 3534 1268; baseline 0.011 -26"><span class='ocrx_word' id='word_1_562' title='bbox 1951 1201 2122 1253; x_wconf 83' lang='lat' dir='ltr'><strong>retur,</strong></span> <span class='ocrx_word' id='word_1_563' title='bbox 2154 1190 2350 1260; x_wconf 86' lang='lat' dir='ltr'><strong>inquit,</strong></span> <span class='ocrx_word' id='word_1_564' title='bbox 2377 1194 2497 1261; x_wconf 90' lang='lat' dir='ltr'><strong>quis</strong></span> <span class='ocrx_word' id='word_1_565' title='bbox 2524 1209 2586 1247; x_wconf 81' lang='lat' dir='ltr'><strong>ex</strong></span> <span class='ocrx_word' id='word_1_566' title='bbox 2618 1195 2767 1250; x_wconf 80' lang='lat' dir='ltr'><strong>vobis</strong></span> <span class='ocrx_word' id='word_1_567' title='bbox 2794 1194 3002 1251; x_wconf 76' lang='lat' dir='ltr'><strong>fallacia</strong></span> <span class='ocrx_word' id='word_1_568' title='bbox 3033 1202 3254 1268; x_wconf 84' lang='lat' dir='ltr'><strong>peccati.</strong></span> <span class='ocrx_word' id='word_1_569' title='bbox 3281 1204 3384 1256; x_wconf 83' lang='lat' dir='ltr'><strong>Aut</strong></span> <span class='ocrx_word' id='word_1_570' title='bbox 3408 1205 3534 1259; x_wconf 86' lang='lat' dir='ltr'><strong>dicit</strong></span> 
     </span>
    </p>
   </div>
   <div class='ocr_carea' id='block_1_71' title="bbox 1950 1279 3534 1364">
    <p class='ocr_par' dir='ltr' id='par_1_71' title="bbox 1950 1279 3534 1364">
     <span class='ocr_line' id='line_1_71' title="bbox 1950 1279 3534 1364; baseline 0.01 -30"><span class='ocrx_word' id='word_1_571' title='bbox 1950 1279 2208 1337; x_wconf 74' lang='lat' dir='ltr'><strong>fallaciam</strong></span> <span class='ocrx_word' id='word_1_572' title='bbox 2239 1282 2435 1336; x_wconf 84' lang='lat' dir='ltr'><strong>diaboli</strong></span> <span class='ocrx_word' id='word_1_573' title='bbox 2469 1301 2480 1337; x_wconf 95' lang='lat'><strong>:</strong></span> <span class='ocrx_word' id='word_1_574' title='bbox 2516 1283 2758 1355; x_wconf 82' lang='lat' dir='ltr'><strong>deceptio</strong></span> <span class='ocrx_word' id='word_1_575' title='bbox 2782 1288 2925 1341; x_wconf 89' lang='lat' dir='ltr'><strong>enim</strong></span> <span class='ocrx_word' id='word_1_576' title='bbox 2950 1299 3030 1343; x_wconf 90' lang='lat' dir='ltr'><strong>est</strong></span> <span class='ocrx_word' id='word_1_577' title='bbox 3061 1291 3190 1345; x_wconf 86' lang='lat' dir='ltr'><strong>nihil</strong></span> <span class='ocrx_word' id='word_1_578' title='bbox 3223 1304 3534 1364; x_wconf 81' lang='lat' dir='ltr'><strong>exspectare</strong></span> 
     </span>
    </p>
   </div>
   <div class='ocr_carea' id='block_1_72' title="bbox 1948 1372 3535 1443">
    <p class='ocr_par' dir='ltr' id='par_1_72' title="bbox 1948 1372 3535 1443">
     <span class='ocr_line' id='line_1_72' title="bbox 1948 1372 3535 1443; baseline 0.011 -18"><span class='ocrx_word' id='word_1_579' title='bbox 1948 1372 2014 1427; x_wconf 87' lang='lat' dir='ltr'><strong>de</strong></span> <span class='ocrx_word' id='word_1_580' title='bbox 2043 1372 2233 1427; x_wconf 80' lang='lat' dir='ltr'><strong>futuris</strong></span> <span class='ocrx_word' id='word_1_581' title='bbox 2256 1416 2269 1438; x_wconf 91' lang='lat'><strong>,</strong></span> <span class='ocrx_word' id='word_1_582' title='bbox 2302 1375 2620 1431; x_wconf 76' lang='lat' dir='ltr'><strong>exisnmare</strong></span> <span class='ocrx_word' id='word_1_583' title='bbox 2659 1394 2764 1432; x_wconf 88' lang='lat' dir='ltr'><strong>non</strong></span> <span class='ocrx_word' id='word_1_584' title='bbox 2805 1394 2924 1434; x_wconf 85' lang='lat' dir='ltr'><strong>esse</strong></span> <span class='ocrx_word' id='word_1_585' title='bbox 2969 1381 3293 1439; x_wconf 88' lang='lat' dir='ltr'><strong>reddendam</strong></span> <span class='ocrx_word' id='word_1_586' title='bbox 3323 1402 3351 1441; x_wconf 90' lang='lat' dir='ltr'><strong>a</strong></span> <span class='ocrx_word' id='word_1_587' title='bbox 3384 1384 3535 1443; x_wconf 88' lang='lat' dir='ltr'><strong>nobis</strong></span> 
     </span>
    </p>
   </div>
   <div class='ocr_carea' id='block_1_73' title="bbox 1950 1464 3535 1543">
    <p class='ocr_par' dir='ltr' id='par_1_73' title="bbox 1950 1464 3535 1543">
     <span class='ocr_line' id='line_1_73' title="bbox 1950 1464 3535 1543; baseline 0.011 -27"><span class='ocrx_word' id='word_1_588' title='bbox 1950 1464 2210 1518; x_wconf 73' lang='lat' dir='ltr'><strong>rationem</strong></span> <span class='ocrx_word' id='word_1_589' title='bbox 2238 1506 2251 1529; x_wconf 90' lang='lat'><strong>,</strong></span> <span class='ocrx_word' id='word_1_590' title='bbox 2290 1474 2342 1518; x_wconf 92' lang='lat' dir='ltr'><strong>et</strong></span> <span class='ocrx_word' id='word_1_591' title='bbox 2374 1480 2560 1520; x_wconf 87' lang='lat' dir='ltr'><strong>eorum</strong></span> <span class='ocrx_word' id='word_1_592' title='bbox 2593 1484 2712 1537; x_wconf 70' lang='lat' dir='ltr'><strong>qua:</strong></span> <span class='ocrx_word' id='word_1_593' title='bbox 2741 1468 2828 1523; x_wconf 83' lang='lat' dir='ltr'><strong>hic</strong></span> <span class='ocrx_word' id='word_1_594' title='bbox 2856 1487 2882 1522; x_wconf 91' lang='lat' dir='ltr'><strong>a</strong></span> <span class='ocrx_word' id='word_1_595' title='bbox 2914 1471 3067 1527; x_wconf 88' lang='lat' dir='ltr'><strong>nobis</strong></span> <span class='ocrx_word' id='word_1_596' title='bbox 3095 1484 3243 1543; x_wconf 80' lang='lat' dir='ltr'><strong>gesta</strong></span> <span class='ocrx_word' id='word_1_597' title='bbox 3273 1483 3400 1532; x_wconf 89' lang='lat' dir='ltr'><strong>sunt</strong></span> <span class='ocrx_word' id='word_1_598' title='bbox 3429 1493 3535 1533; x_wconf 82' lang='lat' dir='ltr'><strong>non</strong></span> 
     </span>
    </p>
   </div>
   <div class='ocr_carea' id='block_1_74' title="bbox 1948 1559 3535 1625">
    <p class='ocr_par' dir='ltr' id='par_1_74' title="bbox 1948 1559 3535 1625">
     <span class='ocr_line' id='line_1_74' title="bbox 1948 1559 3535 1625; baseline 0.012 -19"><span class='ocrx_word' id='word_1_599' title='bbox 1948 1564 2169 1609; x_wconf 81' lang='lat' dir='ltr'><strong>uaturos</strong></span> <span class='ocrx_word' id='word_1_600' title='bbox 2218 1570 2442 1624; x_wconf 64' lang='lat' dir='ltr'><strong>pinnas,</strong></span> <span class='ocrx_word' id='word_1_601' title='bbox 2491 1572 2589 1613; x_wconf 90' lang='lat' dir='ltr'><strong>nec</strong></span> <span class='ocrx_word' id='word_1_602' title='bbox 2638 1559 2866 1615; x_wconf 80' lang='lat' dir='ltr'><strong>futuram</strong></span> <span class='ocrx_word' id='word_1_603' title='bbox 2924 1565 3393 1622; x_wconf 82' lang='lat' dir='ltr'><strong>resurrectionem.</strong></span> <span class='ocrx_word' id='word_1_604' title='bbox 3435 1573 3535 1625; x_wconf 78' lang='lat' dir='ltr'><strong>Aut</strong></span> 
     </span>
    </p>
   </div>
   <div class='ocr_carea' id='block_1_75' title="bbox 1948 1646 3535 1727">
    <p class='ocr_par' dir='ltr' id='par_1_75' title="bbox 1948 1646 3535 1727">
     <span class='ocr_line' id='line_1_75' title="bbox 1948 1646 3535 1727; baseline 0.012 -28"><span class='ocrx_word' id='word_1_605' title='bbox 1948 1647 2130 1711; x_wconf 89' lang='lat' dir='ltr'><strong>aliter,</strong></span> <span class='ocrx_word' id='word_1_606' title='bbox 2165 1646 2408 1717; x_wconf 85' lang='lat' dir='ltr'><strong>deeeptio</strong></span> <span class='ocrx_word' id='word_1_607' title='bbox 2439 1658 2516 1705; x_wconf 82' lang='lat' dir='ltr'><strong>est</strong></span> <span class='ocrx_word' id='word_1_608' title='bbox 2540 1651 2676 1705; x_wconf 77' lang='lat' dir='ltr'><strong>nihil</strong></span> <span class='ocrx_word' id='word_1_609' title='bbox 2699 1652 2887 1709; x_wconf 85' lang='lat' dir='ltr'><strong>dolere</strong></span> <span class='ocrx_word' id='word_1_610' title='bbox 2909 1696 2923 1720; x_wconf 90' lang='lat'><strong>,</strong></span> <span class='ocrx_word' id='word_1_611' title='bbox 2952 1664 3044 1710; x_wconf 87' lang='lat' dir='ltr'><strong>aut</strong></span> <span class='ocrx_word' id='word_1_612' title='bbox 3064 1656 3374 1727; x_wconf 85' lang='lat' dir='ltr'><strong>desperatio</strong></span> <span class='ocrx_word' id='word_1_613' title='bbox 3407 1679 3421 1715; x_wconf 91' lang='lat'><strong>:</strong></span> <span class='ocrx_word' id='word_1_614' title='bbox 3454 1662 3535 1717; x_wconf 84' lang='lat' dir='ltr'><strong>di-</strong></span> 
     </span>
    </p>
   </div>
   <div class='ocr_carea' id='block_1_76' title="bbox 1949 1738 3536 1815">
    <p class='ocr_par' dir='ltr' id='par_1_76' title="bbox 1949 1738 3536 1815">
     <span class='ocr_line' id='line_1_76' title="bbox 1949 1738 3536 1815; baseline 0.011 -26"><span class='ocrx_word' id='word_1_615' title='bbox 1949 1752 2072 1790; x_wconf 85' lang='lat' dir='ltr'><strong>cere</strong></span> <span class='ocrx_word' id='word_1_616' title='bbox 2099 1738 2263 1798; x_wconf 83' lang='lat' dir='ltr'><strong>enim,</strong></span> <span class='ocrx_word' id='word_1_617' title='bbox 2297 1738 2433 1804; x_wconf 82' lang='lat' dir='ltr'><strong>Quid</strong></span> <span class='ocrx_word' id='word_1_618' title='bbox 2463 1742 2624 1795; x_wconf 73' lang='lat' dir='ltr'><strong>vero?</strong></span> <span class='ocrx_word' id='word_1_619' title='bbox 2655 1743 2823 1797; x_wconf 87' lang='lat' dir='ltr'><strong>semel</strong></span> <span class='ocrx_word' id='word_1_620' title='bbox 2854 1747 3092 1815; x_wconf 76' lang='lat' dir='ltr'><strong>peccavi,</strong></span> <span class='ocrx_word' id='word_1_621' title='bbox 3118 1750 3263 1804; x_wconf 89' lang='lat' dir='ltr'><strong>nulla</strong></span> <span class='ocrx_word' id='word_1_622' title='bbox 3295 1760 3378 1806; x_wconf 89' lang='lat' dir='ltr'><strong>est</strong></span> <span class='ocrx_word' id='word_1_623' title='bbox 3404 1753 3536 1807; x_wconf 87' lang='lat' dir='ltr'><strong>mihi</strong></span> 
     </span>
    </p>
   </div>
   <div class='ocr_carea' id='block_1_77' title="bbox 1950 1833 3535 1913">
    <p class='ocr_par' dir='ltr' id='par_1_77' title="bbox 1950 1833 3535 1913">
     <span class='ocr_line' id='line_1_77' title="bbox 1950 1833 3535 1913; baseline 0.01 -32"><span class='ocrx_word' id='word_1_624' title='bbox 1950 1844 2075 1897; x_wconf 88' lang='lat' dir='ltr'><strong>spes</strong></span> <span class='ocrx_word' id='word_1_625' title='bbox 2101 1845 2186 1882; x_wconf 81' lang='lat' dir='ltr'><strong>ine</strong></span> <span class='ocrx_word' id='word_1_626' title='bbox 2215 1833 2520 1900; x_wconf 87' lang='lat' dir='ltr'><strong>recreandi,</strong></span> <span class='ocrx_word' id='word_1_627' title='bbox 2538 1844 2621 1888; x_wconf 87' lang='lat' dir='ltr'><strong>est</strong></span> <span class='ocrx_word' id='word_1_628' title='bbox 2646 1835 2911 1906; x_wconf 86' lang='lat' dir='ltr'><strong>deceptio.</strong></span> <span class='ocrx_word' id='word_1_629' title='bbox 2944 1841 3143 1896; x_wconf 88' lang='lat' dir='ltr'><strong>Deinde</strong></span> <span class='ocrx_word' id='word_1_630' title='bbox 3169 1844 3247 1897; x_wconf 90' lang='lat' dir='ltr'><strong>eis</strong></span> <span class='ocrx_word' id='word_1_631' title='bbox 3269 1857 3417 1913; x_wconf 87' lang='lat' dir='ltr'><strong>spem</strong></span> <span class='ocrx_word' id='word_1_632' title='bbox 3444 1847 3535 1899; x_wconf 89' lang='lat' dir='ltr'><strong>im-</strong></span> 
     </span>
    </p>
   </div>
   <div class='ocr_carea' id='block_1_78' title="bbox 1950 1921 3534 2005">
    <p class='ocr_par' dir='ltr' id='par_1_78' title="bbox 1950 1921 3534 2005">
     <span class='ocr_line' id='line_1_78' title="bbox 1950 1921 3534 2005; baseline 0.011 -33"><span class='ocrx_word' id='word_1_633' title='bbox 1950 1921 2129 1983; x_wconf 88' lang='lat' dir='ltr'><strong>mittit,</strong></span> <span class='ocrx_word' id='word_1_634' title='bbox 2161 1921 2346 1975; x_wconf 88' lang='lat' dir='ltr'><strong>dieeus</strong></span> <span class='ocrx_word' id='word_1_635' title='bbox 2377 1941 2389 1975; x_wconf 90' lang='lat'><strong>:</strong></span> <span class='ocrx_word' id='word_1_636' title='bbox 2428 1923 2710 1995; x_wconf 84' lang='lat' dir='ltr'><strong>Participes</strong></span> <span class='ocrx_word' id='word_1_637' title='bbox 2741 1927 2927 1983; x_wconf 77' lang='lat' dir='ltr'><strong>Christi</strong></span> <span class='ocrx_word' id='word_1_638' title='bbox 2953 1930 3123 1998; x_wconf 53' lang='lat' dir='ltr'><strong>eiecti</strong></span> <span class='ocrx_word' id='word_1_639' title='bbox 3139 1951 3314 1990; x_wconf 87' lang='lat' dir='ltr'><strong>sumus</strong></span> <span class='ocrx_word' id='word_1_640' title='bbox 3342 1936 3361 2005; x_wconf 90' lang='lat'>(</span> <span class='ocrx_word' id='word_1_641' title='bbox 3383 1936 3534 1991; x_wconf 77' lang='lat' dir='ltr'><strong>Hebr.</strong></span> 
     </span>
    </p>
   </div>
   <div class='ocr_carea' id='block_1_79' title="bbox 1950 2010 3536 2091">
    <p class='ocr_par' dir='ltr' id='par_1_79' title="bbox 1950 2010 3536 2091">
     <span class='ocr_line' id='line_1_79' title="bbox 1950 2010 3536 2091; baseline 0.013 -29"><span class='ocrx_word' id='word_1_642' title='bbox 1950 2011 2005 2064; x_wconf 84' lang='lat'><strong>&#39;5.</strong></span> <span class='ocrx_word' id='word_1_643' title='bbox 2039 2010 2102 2063; x_wconf 73' lang='grc'><strong>14</strong></span> <span class='ocrx_word' id='word_1_644' title='bbox 2130 2012 2180 2076; x_wconf 88' lang='grc'><strong>);</strong></span> <span class='ocrx_word' id='word_1_645' title='bbox 2211 2015 2596 2082; x_wconf 81' lang='lat' dir='ltr'><strong>prOpentodum</strong></span> <span class='ocrx_word' id='word_1_646' title='bbox 2644 2018 2831 2074; x_wconf 84' lang='lat' dir='ltr'><strong>dicens</strong></span> <span class='ocrx_word' id='word_1_647' title='bbox 2861 2038 2873 2073; x_wconf 85' lang='lat'><strong>:</strong></span> <span class='ocrx_word' id='word_1_648' title='bbox 2906 2022 3004 2090; x_wconf 80' lang='lat' dir='ltr'><strong>Qui</strong></span> <span class='ocrx_word' id='word_1_649' title='bbox 3055 2041 3152 2091; x_wconf 83' lang='lat' dir='ltr'><strong>nos</strong></span> <span class='ocrx_word' id='word_1_650' title='bbox 3200 2026 3268 2078; x_wconf 89' lang='lat' dir='ltr'><strong>ita</strong></span> <span class='ocrx_word' id='word_1_651' title='bbox 3314 2024 3499 2082; x_wconf 81' lang='lat' dir='ltr'><strong>dilexit</strong></span> <span class='ocrx_word' id='word_1_652' title='bbox 3523 2070 3536 2091; x_wconf 85' lang='lat'><strong>,</strong></span> 
     </span>
    </p>
   </div>
   <div class='ocr_carea' id='block_1_80' title="bbox 1948 2100 3535 2186">
    <p class='ocr_par' dir='ltr' id='par_1_80' title="bbox 1948 2100 3535 2186">
     <span class='ocr_line' id='line_1_80' title="bbox 1948 2100 3535 2186; baseline 0.009 -34"><span class='ocrx_word' id='word_1_653' title='bbox 1948 2100 2040 2177; x_wconf 72' lang='lat' dir='ltr'><strong>qui</strong></span> <span class='ocrx_word' id='word_1_654' title='bbox 2070 2117 2168 2155; x_wconf 88' lang='lat' dir='ltr'><strong>nos</strong></span> <span class='ocrx_word' id='word_1_655' title='bbox 2194 2104 2325 2156; x_wconf 79' lang='lat' dir='ltr'><strong>tanti</strong></span> <span class='ocrx_word' id='word_1_656' title='bbox 2355 2104 2480 2158; x_wconf 80' lang='lat' dir='ltr'><strong>fecit</strong></span> <span class='ocrx_word' id='word_1_657' title='bbox 2501 2115 2557 2159; x_wconf 82' lang='lat' dir='ltr'><strong>ut</strong></span> <span class='ocrx_word' id='word_1_658' title='bbox 2579 2121 2737 2161; x_wconf 34' lang='lat' dir='ltr'><strong>suum.</strong></span> <span class='ocrx_word' id='word_1_659' title='bbox 2754 2124 2950 2183; x_wconf 89' lang='lat' dir='ltr'><strong>corpus</strong></span> <span class='ocrx_word' id='word_1_660' title='bbox 2974 2113 3199 2179; x_wconf 82' lang='lat' dir='ltr'><strong>laceret,</strong></span> <span class='ocrx_word' id='word_1_661' title='bbox 3225 2132 3330 2170; x_wconf 89' lang='lat' dir='ltr'><strong>non</strong></span> <span class='ocrx_word' id='word_1_662' title='bbox 3361 2116 3535 2186; x_wconf 58' lang='grc' dir='ltr'>ιιι-ενι-</span> 
     </span>
    </p>
   </div>
   <div class='ocr_carea' id='block_1_81' title="bbox 1940 2167 3533 2281">
    <p class='ocr_par' dir='ltr' id='par_1_81' title="bbox 1940 2167 3533 2281">
     <span class='ocr_line' id='line_1_81' title="bbox 1940 2167 3533 2281; baseline 0.015 -40"><span class='ocrx_word' id='word_1_663' title='bbox 1940 2167 2055 2242; x_wconf 66' lang='grc' dir='ltr'>ἐἰει</span> <span class='ocrx_word' id='word_1_664' title='bbox 2085 2200 2388 2258; x_wconf 76' lang='lat' dir='ltr'><strong>pereuntes.</strong></span> <span class='ocrx_word' id='word_1_665' title='bbox 2416 2193 2748 2266; x_wconf 75' lang='lat' dir='ltr'><strong>Cogitemus,</strong></span> <span class='ocrx_word' id='word_1_666' title='bbox 2773 2167 2964 2272; x_wconf 62' lang='lat' dir='ltr'><strong>inquit,</strong></span> <span class='ocrx_word' id='word_1_667' title='bbox 2990 2207 3308 2276; x_wconf 82' lang='lat' dir='ltr'><strong>quibusnam</strong></span> <span class='ocrx_word' id='word_1_668' title='bbox 3337 2167 3533 2281; x_wconf 57' lang='lat' dir='ltr'><strong>dignati</strong></span> 
     </span>
    </p>
   </div>
   <div class='ocr_carea' id='block_1_82' title="bbox 1950 2287 3536 2371">
    <p class='ocr_par' dir='ltr' id='par_1_82' title="bbox 1950 2287 3536 2371">
     <span class='ocr_line' id='line_1_82' title="bbox 1950 2287 3536 2371; baseline 0.015 -38"><span class='ocrx_word' id='word_1_669' title='bbox 1950 2294 2135 2336; x_wconf 86' lang='lat' dir='ltr'><strong>sumus</strong></span> <span class='ocrx_word' id='word_1_670' title='bbox 2163 2300 2177 2336; x_wconf 90' lang='lat'><strong>:</strong></span> <span class='ocrx_word' id='word_1_671' title='bbox 2208 2300 2303 2339; x_wconf 85' lang='lat' dir='ltr'><strong>nos</strong></span> <span class='ocrx_word' id='word_1_672' title='bbox 2329 2295 2381 2340; x_wconf 91' lang='lat' dir='ltr'><strong>et</strong></span> <span class='ocrx_word' id='word_1_673' title='bbox 2406 2287 2653 2345; x_wconf 82' lang='lat' dir='ltr'><strong>Christus</strong></span> <span class='ocrx_word' id='word_1_674' title='bbox 2679 2308 2842 2349; x_wconf 80' lang='lat' dir='ltr'><strong>unum</strong></span> <span class='ocrx_word' id='word_1_675' title='bbox 2865 2310 3071 2353; x_wconf 88' lang='lat' dir='ltr'><strong>sumus.</strong></span> <span class='ocrx_word' id='word_1_676' title='bbox 3096 2299 3177 2354; x_wconf 83' lang='lat' dir='ltr'><strong>Ne</strong></span> <span class='ocrx_word' id='word_1_677' title='bbox 3199 2316 3327 2371; x_wconf 80' lang='lat' dir='ltr'><strong>ergo</strong></span> <span class='ocrx_word' id='word_1_678' title='bbox 3353 2303 3403 2358; x_wconf 91' lang='lat' dir='ltr'><strong>ei</strong></span> <span class='ocrx_word' id='word_1_679' title='bbox 3426 2318 3536 2357; x_wconf 84' lang='lat' dir='ltr'><strong>non</strong></span> 
     </span>
    </p>
   </div>
   <div class='ocr_carea' id='block_1_83' title="bbox 1949 2372 3532 2462">
    <p class='ocr_par' dir='ltr' id='par_1_83' title="bbox 1949 2372 3532 2462">
     <span class='ocr_line' id='line_1_83' title="bbox 1949 2372 3532 2462; baseline 0.013 -35"><span class='ocrx_word' id='word_1_680' title='bbox 1949 2372 2248 2430; x_wconf 80' lang='lat' dir='ltr'><strong>credamus.</strong></span> <span class='ocrx_word' id='word_1_681' title='bbox 2293 2376 2357 2430; x_wconf 83' lang='lat' dir='ltr'><strong>Et</strong></span> <span class='ocrx_word' id='word_1_682' title='bbox 2393 2395 2579 2436; x_wconf 86' lang='lat' dir='ltr'><strong>rursus</strong></span> <span class='ocrx_word' id='word_1_683' title='bbox 2609 2386 2765 2440; x_wconf 88' lang='lat' dir='ltr'><strong>tacite</strong></span> <span class='ocrx_word' id='word_1_684' title='bbox 2791 2387 3056 2457; x_wconf 76' lang='lat' dir='ltr'><strong>signiﬁcat</strong></span> <span class='ocrx_word' id='word_1_685' title='bbox 3084 2391 3215 2445; x_wconf 91' lang='lat' dir='ltr'><strong>illud</strong></span> <span class='ocrx_word' id='word_1_686' title='bbox 3241 2393 3383 2462; x_wconf 88' lang='lat' dir='ltr'><strong>quod</strong></span> <span class='ocrx_word' id='word_1_687' title='bbox 3409 2393 3532 2449; x_wconf 88' lang='lat' dir='ltr'><strong>alibi</strong></span> 
     </span>
    </p>
   </div>
   <div class='ocr_carea' id='block_1_84' title="bbox 1949 2462 3534 2555">
    <p class='ocr_par' dir='ltr' id='par_1_84' title="bbox 1949 2462 3534 2555">
     <span class='ocr_line' id='line_1_84' title="bbox 1949 2462 3534 2555; baseline 0.013 -38"><span class='ocrx_word' id='word_1_688' title='bbox 1949 2462 2149 2521; x_wconf 87' lang='lat' dir='ltr'><strong>dictum</strong></span> <span class='ocrx_word' id='word_1_689' title='bbox 2176 2477 2278 2531; x_wconf 72' lang='lat' dir='ltr'><strong>est,</strong></span> <span class='ocrx_word' id='word_1_690' title='bbox 2304 2467 2365 2522; x_wconf 82' lang='lat' dir='ltr'><strong>Si</strong></span> <span class='ocrx_word' id='word_1_691' title='bbox 2392 2472 2716 2538; x_wconf 80' lang='lat' dir='ltr'><strong>sustinemus,</strong></span> <span class='ocrx_word' id='word_1_692' title='bbox 2748 2488 2794 2529; x_wconf 91' lang='lat' dir='ltr'><strong>et</strong></span> <span class='ocrx_word' id='word_1_693' title='bbox 2820 2482 3235 2550; x_wconf 80' lang='lat' dir='ltr'><strong>conregnabimus</strong></span> <span class='ocrx_word' id='word_1_694' title='bbox 3266 2484 3359 2555; x_wconf 71' lang='grc'><strong>(2.</strong></span> <span class='ocrx_word' id='word_1_695' title='bbox 3393 2483 3534 2538; x_wconf 88' lang='lat' dir='ltr'><strong>Tim.</strong></span> 
     </span>
    </p>
   </div>
   <div class='ocr_carea' id='block_1_85' title="bbox 1948 2556 3535 2642">
    <p class='ocr_par' dir='ltr' id='par_1_85' title="bbox 1948 2556 3535 2642">
     <span class='ocr_line' id='line_1_85' title="bbox 1948 2556 3535 2642; baseline 0.013 -33"><span class='ocrx_word' id='word_1_696' title='bbox 1948 2556 2001 2610; x_wconf 75' lang='grc'><strong>2.</strong></span> <span class='ocrx_word' id='word_1_697' title='bbox 2037 2558 2161 2629; x_wconf 68' lang='grc'><strong>12).</strong></span> <span class='ocrx_word' id='word_1_698' title='bbox 2188 2560 2299 2616; x_wconf 79' lang='lat' dir='ltr'><strong>Hoc</strong></span> <span class='ocrx_word' id='word_1_699' title='bbox 2322 2563 2465 2617; x_wconf 86' lang='lat' dir='ltr'><strong>enim</strong></span> <span class='ocrx_word' id='word_1_700' title='bbox 2487 2575 2590 2629; x_wconf 88' lang='lat' dir='ltr'><strong>est,</strong></span> <span class='ocrx_word' id='word_1_701' title='bbox 2618 2565 2768 2621; x_wconf 81' lang='lat' dir='ltr'><strong>Facti</strong></span> <span class='ocrx_word' id='word_1_702' title='bbox 2788 2585 2961 2623; x_wconf 82' lang='lat' dir='ltr'><strong>smnus</strong></span> <span class='ocrx_word' id='word_1_703' title='bbox 2986 2573 3258 2642; x_wconf 87' lang='lat' dir='ltr'><strong>participes</strong></span> <span class='ocrx_word' id='word_1_704' title='bbox 3281 2591 3299 2627; x_wconf 94' lang='lat'><strong><em>:</em></strong></span> <span class='ocrx_word' id='word_1_705' title='bbox 3324 2589 3535 2629; x_wconf 84' lang='lat' dir='ltr'><strong>eorum-</strong></span> 
     </span>
    </p>
   </div>
   <div class='ocr_carea' id='block_1_86' title="bbox 1946 2647 3534 2728">
    <p class='ocr_par' dir='ltr' id='par_1_86' title="bbox 1946 2647 3534 2728">
     <span class='ocr_line' id='line_1_86' title="bbox 1946 2647 3534 2728; baseline 0.011 -25"><span class='ocrx_word' id='word_1_706' title='bbox 1946 2647 2068 2703; x_wconf 81' lang='lat' dir='ltr'><strong>dem</strong></span> <span class='ocrx_word' id='word_1_707' title='bbox 2097 2665 2280 2715; x_wconf 80' lang='lat' dir='ltr'><strong>sumus</strong></span> <span class='ocrx_word' id='word_1_708' title='bbox 2311 2655 2617 2725; x_wconf 83' lang='lat' dir='ltr'><strong>participes,</strong></span> <span class='ocrx_word' id='word_1_709' title='bbox 2647 2673 2876 2728; x_wconf 83' lang='lat' dir='ltr'><strong>quorum</strong></span> <span class='ocrx_word' id='word_1_710' title='bbox 2907 2673 2987 2715; x_wconf 74' lang='grc' dir='ltr'><strong>εει</strong></span> <span class='ocrx_word' id='word_1_711' title='bbox 3017 2660 3284 2718; x_wconf 85' lang='lat' dir='ltr'><strong>Christus.</strong></span> <span class='ocrx_word' id='word_1_712' title='bbox 3319 2665 3534 2720; x_wconf 78' lang='lat' dir='ltr'><strong>Adhor-</strong></span> 
     </span>
    </p>
   </div>
   <div class='ocr_carea' id='block_1_87' title="bbox 1950 2742 3535 2825">
    <p class='ocr_par' dir='ltr' id='par_1_87' title="bbox 1950 2742 3535 2825">
     <span class='ocr_line' id='line_1_87' title="bbox 1950 2742 3535 2825; baseline 0.013 -34"><span class='ocrx_word' id='word_1_713' title='bbox 1950 2748 2089 2792; x_wconf 82' lang='lat' dir='ltr'><strong>tatus</strong></span> <span class='ocrx_word' id='word_1_714' title='bbox 2119 2751 2201 2795; x_wconf 86' lang='lat' dir='ltr'><strong>est</strong></span> <span class='ocrx_word' id='word_1_715' title='bbox 2227 2742 2296 2796; x_wconf 84' lang='lat' dir='ltr'><strong>ab</strong></span> <span class='ocrx_word' id='word_1_716' title='bbox 2328 2744 2390 2798; x_wconf 86' lang='lat' dir='ltr'><strong>iis</strong></span> <span class='ocrx_word' id='word_1_717' title='bbox 2426 2762 2543 2815; x_wconf 83' lang='lat' dir='ltr'><strong>qua:</strong></span> <span class='ocrx_word' id='word_1_718' title='bbox 2585 2760 2712 2802; x_wconf 84' lang='lat' dir='ltr'><strong>sunt</strong></span> <span class='ocrx_word' id='word_1_719' title='bbox 2758 2750 2893 2804; x_wconf 86' lang='lat' dir='ltr'><strong>bona</strong></span> <span class='ocrx_word' id='word_1_720' title='bbox 2929 2760 2983 2806; x_wconf 84' lang='lat' dir='ltr'><strong>et</strong></span> <span class='ocrx_word' id='word_1_721' title='bbox 3025 2754 3170 2807; x_wconf 82' lang='lat' dir='ltr'><strong>utilia</strong></span> <span class='ocrx_word' id='word_1_722' title='bbox 3204 2774 3217 2809; x_wconf 87' lang='lat'><strong>:</strong></span> <span class='ocrx_word' id='word_1_723' title='bbox 3250 2754 3535 2825; x_wconf 73' lang='lat' dir='ltr'><strong>Parin-ipes</strong></span> 
     </span>
    </p>
   </div>
   <div class='ocr_carea' id='block_1_88' title="bbox 1948 2831 3535 2902">
    <p class='ocr_par' dir='ltr' id='par_1_88' title="bbox 1948 2831 3535 2902">
     <span class='ocr_line' id='line_1_88' title="bbox 1948 2831 3535 2902; baseline 0.01 -20"><span class='ocrx_word' id='word_1_724' title='bbox 1948 2832 2095 2893; x_wconf 85' lang='lat' dir='ltr'><strong>enim,</strong></span> <span class='ocrx_word' id='word_1_725' title='bbox 2129 2831 2319 2902; x_wconf 79' lang='lat' dir='ltr'><strong>inquit,</strong></span> <span class='ocrx_word' id='word_1_726' title='bbox 2352 2850 2526 2889; x_wconf 86' lang='lat' dir='ltr'><strong>sumus</strong></span> <span class='ocrx_word' id='word_1_727' title='bbox 2557 2836 2770 2893; x_wconf 74' lang='lat' dir='ltr'><strong>Christi.</strong></span> <span class='ocrx_word' id='word_1_728' title='bbox 2802 2842 3002 2895; x_wconf 86' lang='lat' dir='ltr'><strong>Deinde</strong></span> <span class='ocrx_word' id='word_1_729' title='bbox 3033 2858 3217 2898; x_wconf 75' lang='lat' dir='ltr'><strong>rursus</strong></span> <span class='ocrx_word' id='word_1_730' title='bbox 3239 2861 3267 2899; x_wconf 89' lang='lat' dir='ltr'><strong>a</strong></span> <span class='ocrx_word' id='word_1_731' title='bbox 3293 2847 3535 2900; x_wconf 77' lang='lat' dir='ltr'><strong>tristibus</strong></span> 
     </span>
    </p>
   </div>
   <div class='ocr_carea' id='block_1_89' title="bbox 1946 2924 3536 3008">
    <p class='ocr_par' dir='ltr' id='par_1_89' title="bbox 1946 2924 3536 3008">
     <span class='ocr_line' id='line_1_89' title="bbox 1946 2924 3536 3008; baseline 0.012 -33"><span class='ocrx_word' id='word_1_732' title='bbox 1946 2933 1999 2975; x_wconf 91' lang='lat' dir='ltr'><strong>et</strong></span> <span class='ocrx_word' id='word_1_733' title='bbox 2038 2924 2276 2979; x_wconf 84' lang='lat' dir='ltr'><strong>molestis</strong></span> <span class='ocrx_word' id='word_1_734' title='bbox 2310 2945 2322 2981; x_wconf 91' lang='lat'><strong>:</strong></span> <span class='ocrx_word' id='word_1_735' title='bbox 2360 2925 2646 2984; x_wconf 84' lang='lat' dir='ltr'><strong>Timeamus</strong></span> <span class='ocrx_word' id='word_1_736' title='bbox 2691 2949 2752 2985; x_wconf 87' lang='lat' dir='ltr'><strong>ne</strong></span> <span class='ocrx_word' id='word_1_737' title='bbox 2790 2934 2923 3002; x_wconf 75' lang='lat' dir='ltr'><strong>forte</strong></span> <span class='ocrx_word' id='word_1_738' title='bbox 2964 2938 3134 2990; x_wconf 80' lang='lat' dir='ltr'><strong>relicta</strong></span> <span class='ocrx_word' id='word_1_739' title='bbox 3170 2938 3536 3008; x_wconf 78' lang='lat' dir='ltr'><strong>pollicitatione</strong></span> 
     </span>
    </p>
   </div>
   <div class='ocr_carea' id='block_1_90' title="bbox 1947 3013 3535 3098">
    <p class='ocr_par' dir='ltr' id='par_1_90' title="bbox 1947 3013 3535 3098">
     <span class='ocr_line' id='line_1_90' title="bbox 1947 3013 3535 3098; baseline 0.015 -35"><span class='ocrx_word' id='word_1_740' title='bbox 1947 3013 2234 3068; x_wconf 77' lang='lat' dir='ltr'><strong>introeundi</strong></span> <span class='ocrx_word' id='word_1_741' title='bbox 2261 3018 2310 3070; x_wconf 88' lang='lat' dir='ltr'><strong>in</strong></span> <span class='ocrx_word' id='word_1_742' title='bbox 2342 3021 2559 3091; x_wconf 75' lang='lat' dir='ltr'><strong>requiem</strong></span> <span class='ocrx_word' id='word_1_743' title='bbox 2586 3025 2693 3091; x_wconf 81' lang='lat' dir='ltr'><strong>ejus</strong></span> <span class='ocrx_word' id='word_1_744' title='bbox 2715 3065 2728 3087; x_wconf 93' lang='lat'><strong>,</strong></span> <span class='ocrx_word' id='word_1_745' title='bbox 2759 3027 3072 3081; x_wconf 71' lang='lat' dir='ltr'><strong>existimetur</strong></span> <span class='ocrx_word' id='word_1_746' title='bbox 3097 3029 3279 3098; x_wconf 78' lang='lat' dir='ltr'><strong>aliquis</strong></span> <span class='ocrx_word' id='word_1_747' title='bbox 3306 3048 3368 3086; x_wconf 75' lang='lat' dir='ltr'><strong>ea:</strong></span> <span class='ocrx_word' id='word_1_748' title='bbox 3394 3034 3535 3088; x_wconf 80' lang='lat' dir='ltr'><strong>nobis</strong></span> 
     </span>
    </p>
   </div>
   <div class='ocr_carea' id='block_1_91' title="bbox 1946 3105 3532 3191">
    <p class='ocr_par' dir='ltr' id='par_1_91' title="bbox 1946 3105 3532 3191">
     <span class='ocr_line' id='line_1_91' title="bbox 1946 3105 3532 3191; baseline 0.014 -34"><span class='ocrx_word' id='word_1_749' title='bbox 1946 3105 2133 3159; x_wconf 76' lang='lat' dir='ltr'><strong>deesse.</strong></span> <span class='ocrx_word' id='word_1_750' title='bbox 2162 3108 2292 3162; x_wconf 75' lang='lat' dir='ltr'><strong>[llud</strong></span> <span class='ocrx_word' id='word_1_751' title='bbox 2322 3113 2463 3165; x_wconf 75' lang='lat' dir='ltr'><strong>enim</strong></span> <span class='ocrx_word' id='word_1_752' title='bbox 2495 3124 2578 3167; x_wconf 80' lang='lat' dir='ltr'><strong>est</strong></span> <span class='ocrx_word' id='word_1_753' title='bbox 2605 3118 2963 3185; x_wconf 81' lang='lat' dir='ltr'><strong>perspicuum,</strong></span> <span class='ocrx_word' id='word_1_754' title='bbox 2993 3130 3045 3174; x_wconf 86' lang='lat' dir='ltr'><strong>ct</strong></span> <span class='ocrx_word' id='word_1_755' title='bbox 3076 3121 3141 3173; x_wconf 91' lang='lat' dir='ltr'><strong>de</strong></span> <span class='ocrx_word' id='word_1_756' title='bbox 3171 3137 3276 3191; x_wconf 89' lang='lat' dir='ltr'><strong>quo</strong></span> <span class='ocrx_word' id='word_1_757' title='bbox 3302 3135 3532 3179; x_wconf 79' lang='lat' dir='ltr'><strong>constat.</strong></span> 
     </span>
    </p>
   </div>
   <div class='ocr_carea' id='block_1_92' title="bbox 1949 3192 3536 3285">
    <p class='ocr_par' dir='ltr' id='par_1_92' title="bbox 1949 3192 3536 3285">
     <span class='ocr_line' id='line_1_92' title="bbox 1949 3192 3536 3285; baseline 0.015 -40"><span class='ocrx_word' id='word_1_758' title='bbox 1949 3192 2296 3252; x_wconf 73' lang='lat' dir='ltr'><strong>l‘robarerunt</strong></span> <span class='ocrx_word' id='word_1_759' title='bbox 2341 3217 2440 3269; x_wconf 89' lang='lat' dir='ltr'><strong>me,</strong></span> <span class='ocrx_word' id='word_1_760' title='bbox 2474 3211 2517 3256; x_wconf 90' lang='lat' dir='ltr'><strong>et</strong></span> <span class='ocrx_word' id='word_1_761' title='bbox 2568 3205 2796 3259; x_wconf 83' lang='lat' dir='ltr'><strong>viderunt</strong></span> <span class='ocrx_word' id='word_1_762' title='bbox 2845 3224 3003 3276; x_wconf 85' lang='lat' dir='ltr'><strong>opera</strong></span> <span class='ocrx_word' id='word_1_763' title='bbox 3043 3226 3152 3263; x_wconf 81' lang='lat' dir='ltr'><strong>mea</strong></span> <span class='ocrx_word' id='word_1_764' title='bbox 3195 3213 3536 3285; x_wconf 82' lang='lat' dir='ltr'><strong>quadraginta</strong></span> 
     </span>
    </p>
   </div>
   <div class='ocr_carea' id='block_1_93' title="bbox 1944 3289 3535 3375">
    <p class='ocr_par' dir='ltr' id='par_1_93' title="bbox 1944 3289 3535 3375">
     <span class='ocr_line' id='line_1_93' title="bbox 1944 3289 3535 3375; baseline 0.014 -35"><span class='ocrx_word' id='word_1_765' title='bbox 1944 3289 2111 3343; x_wconf 88' lang='lat' dir='ltr'><strong>annis.</strong></span> <span class='ocrx_word' id='word_1_766' title='bbox 2143 3290 2492 3364; x_wconf 77' lang='lat' dir='ltr'><strong>Viden,quod</strong></span> <span class='ocrx_word' id='word_1_767' title='bbox 2526 3313 2631 3351; x_wconf 83' lang='lat' dir='ltr'><strong>non</strong></span> <span class='ocrx_word' id='word_1_768' title='bbox 2661 3308 2901 3369; x_wconf 84' lang='lat' dir='ltr'><strong>oporteat</strong></span> <span class='ocrx_word' id='word_1_769' title='bbox 2928 3318 2955 3354; x_wconf 73' lang='grc' dir='ltr'>ει</span> <span class='ocrx_word' id='word_1_770' title='bbox 2993 3302 3103 3357; x_wconf 91' lang='lat' dir='ltr'><strong>Deo</strong></span> <span class='ocrx_word' id='word_1_771' title='bbox 3128 3306 3343 3375; x_wconf 78' lang='lat' dir='ltr'><strong>exigere</strong></span> <span class='ocrx_word' id='word_1_772' title='bbox 3368 3309 3535 3363; x_wconf 60' lang='lat' dir='ltr'><strong>ratio-</strong></span> 
     </span>
    </p>
   </div>
   <div class='ocr_carea' id='block_1_94' title="bbox 1945 3382 3536 3462">
    <p class='ocr_par' dir='ltr' id='par_1_94' title="bbox 1945 3382 3536 3462">
     <span class='ocr_line' id='line_1_94' title="bbox 1945 3382 3536 3462; baseline 0.014 -30"><span class='ocrx_word' id='word_1_773' title='bbox 1945 3396 2067 3434; x_wconf 89' lang='lat' dir='ltr'><strong>nem</strong></span> <span class='ocrx_word' id='word_1_774' title='bbox 2092 3425 2107 3446; x_wconf 92' lang='lat'><strong>,</strong></span> <span class='ocrx_word' id='word_1_775' title='bbox 2136 3382 2229 3437; x_wconf 90' lang='lat' dir='ltr'><strong>sed</strong></span> <span class='ocrx_word' id='word_1_776' title='bbox 2257 3386 2371 3441; x_wconf 85' lang='lat' dir='ltr'><strong>sive</strong></span> <span class='ocrx_word' id='word_1_777' title='bbox 2400 3402 2499 3442; x_wconf 89' lang='lat' dir='ltr'><strong>nos</strong></span> <span class='ocrx_word' id='word_1_778' title='bbox 2528 3389 2810 3457; x_wconf 74' lang='lat' dir='ltr'><strong>defendat,</strong></span> <span class='ocrx_word' id='word_1_779' title='bbox 2845 3394 2959 3449; x_wconf 86' lang='lat' dir='ltr'><strong>sive</strong></span> <span class='ocrx_word' id='word_1_780' title='bbox 3006 3410 3113 3449; x_wconf 89' lang='lat' dir='ltr'><strong>non</strong></span> <span class='ocrx_word' id='word_1_781' title='bbox 3137 3437 3150 3462; x_wconf 91' lang='lat'><strong>,</strong></span> <span class='ocrx_word' id='word_1_782' title='bbox 3184 3399 3232 3452; x_wconf 91' lang='lat' dir='ltr'><strong>ei</strong></span> <span class='ocrx_word' id='word_1_783' title='bbox 3271 3400 3536 3457; x_wconf 76' lang='lat' dir='ltr'><strong>credere?</strong></span> 
     </span>
    </p>
   </div>
   <div class='ocr_carea' id='block_1_95' title="bbox 1945 3477 3530 3555">
    <p class='ocr_par' dir='ltr' id='par_1_95' title="bbox 1945 3477 3530 3555">
     <span class='ocr_line' id='line_1_95' title="bbox 1945 3477 3530 3555; baseline 0.017 -31"><span class='ocrx_word' id='word_1_784' title='bbox 1945 3487 2086 3527; x_wconf 74' lang='lat' dir='ltr'><strong>nime</strong></span> <span class='ocrx_word' id='word_1_785' title='bbox 2128 3477 2271 3529; x_wconf 88' lang='lat' dir='ltr'><strong>enim</strong></span> <span class='ocrx_word' id='word_1_786' title='bbox 2317 3492 2423 3533; x_wconf 81' lang='lat' dir='ltr'><strong>eos</strong></span> <span class='ocrx_word' id='word_1_787' title='bbox 2459 3478 2759 3545; x_wconf 87' lang='lat' dir='ltr'><strong>insimulat,</strong></span> <span class='ocrx_word' id='word_1_788' title='bbox 2794 3484 2934 3555; x_wconf 86' lang='lat' dir='ltr'><strong>quod</strong></span> <span class='ocrx_word' id='word_1_789' title='bbox 2980 3488 3145 3542; x_wconf 88' lang='lat' dir='ltr'><strong>Deum</strong></span> <span class='ocrx_word' id='word_1_790' title='bbox 3190 3493 3530 3551; x_wconf 87' lang='lat' dir='ltr'><strong>tentavcrint.</strong></span> 
     </span>
    </p>
   </div>
   <div class='ocr_carea' id='block_1_96' title="bbox 1944 3565 3532 3657">
    <p class='ocr_par' dir='ltr' id='par_1_96' title="bbox 1944 3565 3532 3657">
     <span class='ocr_line' id='line_1_96' title="bbox 1944 3565 3532 3657; baseline 0.015 -38"><span class='ocrx_word' id='word_1_791' title='bbox 1944 3565 2074 3620; x_wconf 79' lang='lat' dir='ltr'><strong>Nam</strong></span> <span class='ocrx_word' id='word_1_792' title='bbox 2102 3570 2192 3638; x_wconf 84' lang='lat' dir='ltr'><strong>qui</strong></span> <span class='ocrx_word' id='word_1_793' title='bbox 2217 3572 2328 3625; x_wconf 83' lang='lat' dir='ltr'><strong>vult</strong></span> <span class='ocrx_word' id='word_1_794' title='bbox 2349 3577 2593 3646; x_wconf 84' lang='lat' dir='ltr'><strong>accipere</strong></span> <span class='ocrx_word' id='word_1_795' title='bbox 2617 3580 2958 3647; x_wconf 85' lang='lat' dir='ltr'><strong>probationes</strong></span> <span class='ocrx_word' id='word_1_796' title='bbox 2980 3583 3098 3652; x_wconf 89' lang='lat' dir='ltr'><strong>ejus</strong></span> <span class='ocrx_word' id='word_1_797' title='bbox 3120 3596 3211 3639; x_wconf 86' lang='lat' dir='ltr'><strong>aut</strong></span> <span class='ocrx_word' id='word_1_798' title='bbox 3235 3592 3532 3657; x_wconf 84' lang='lat' dir='ltr'><strong>potestatis,</strong></span> 
     </span>
    </p>
   </div>
   <div class='ocr_carea' id='block_1_97' title="bbox 1942 3663 3535 3737">
    <p class='ocr_par' dir='ltr' id='par_1_97' title="bbox 1942 3663 3535 3737">
     <span class='ocr_line' id='line_1_97' title="bbox 1942 3663 3535 3737; baseline 0.017 -27"><span class='ocrx_word' id='word_1_799' title='bbox 1942 3669 2033 3712; x_wconf 88' lang='lat' dir='ltr'><strong>aut</strong></span> <span class='ocrx_word' id='word_1_800' title='bbox 2063 3663 2431 3733; x_wconf 67' lang='lat' dir='ltr'><strong>providentiae,</strong></span> <span class='ocrx_word' id='word_1_801' title='bbox 2466 3678 2559 3723; x_wconf 88' lang='lat' dir='ltr'><strong>aut</strong></span> <span class='ocrx_word' id='word_1_802' title='bbox 2584 3685 2728 3725; x_wconf 63' lang='lat' dir='ltr'><strong>cura:</strong></span> <span class='ocrx_word' id='word_1_803' title='bbox 2749 3714 2762 3735; x_wconf 95' lang='lat'><strong>,</strong></span> <span class='ocrx_word' id='word_1_804' title='bbox 2794 3674 3029 3728; x_wconf 87' lang='lat' dir='ltr'><strong>nondum</strong></span> <span class='ocrx_word' id='word_1_805' title='bbox 3060 3677 3234 3732; x_wconf 89' lang='lat' dir='ltr'><strong>credit</strong></span> <span class='ocrx_word' id='word_1_806' title='bbox 3263 3693 3383 3732; x_wconf 90' lang='lat' dir='ltr'><strong>eum</strong></span> <span class='ocrx_word' id='word_1_807' title='bbox 3412 3695 3535 3737; x_wconf 79' lang='lat' dir='ltr'><strong>esse</strong></span> 
     </span>
    </p>
   </div>
   <div class='ocr_carea' id='block_1_98' title="bbox 1945 3758 3530 3833">
    <p class='ocr_par' dir='ltr' id='par_1_98' title="bbox 1945 3758 3530 3833">
     <span class='ocr_line' id='line_1_98' title="bbox 1945 3758 3530 3833; baseline 0.016 -34"><span class='ocrx_word' id='word_1_808' title='bbox 1945 3759 2214 3816; x_wconf 85' lang='lat' dir='ltr'><strong>potentem</strong></span> <span class='ocrx_word' id='word_1_809' title='bbox 2246 3794 2260 3817; x_wconf 96' lang='lat'><strong>,</strong></span> <span class='ocrx_word' id='word_1_810' title='bbox 2294 3770 2393 3810; x_wconf 89' lang='lat' dir='ltr'><strong>nec</strong></span> <span class='ocrx_word' id='word_1_811' title='bbox 2421 3758 2472 3811; x_wconf 93' lang='lat' dir='ltr'><strong>in</strong></span> <span class='ocrx_word' id='word_1_812' title='bbox 2504 3759 2749 3815; x_wconf 86' lang='lat' dir='ltr'><strong>homines</strong></span> <span class='ocrx_word' id='word_1_813' title='bbox 2783 3762 3071 3833; x_wconf 78' lang='lat' dir='ltr'><strong>benignum</strong></span> <span class='ocrx_word' id='word_1_814' title='bbox 3104 3777 3159 3820; x_wconf 87' lang='lat' dir='ltr'><strong>et</strong></span> <span class='ocrx_word' id='word_1_815' title='bbox 3189 3766 3530 3824; x_wconf 85' lang='lat' dir='ltr'><strong>clementem.</strong></span> 
     </span>
    </p>
   </div>
   <div class='ocr_carea' id='block_1_99' title="bbox 1947 3840 3534 3927">
    <p class='ocr_par' dir='ltr' id='par_1_99' title="bbox 1947 3840 3534 3927">
     <span class='ocr_line' id='line_1_99' title="bbox 1947 3840 3534 3927; baseline 0.015 -33"><span class='ocrx_word' id='word_1_816' title='bbox 1947 3840 2060 3896; x_wconf 84' lang='lat' dir='ltr'><strong>lloc</strong></span> <span class='ocrx_word' id='word_1_817' title='bbox 2089 3847 2246 3899; x_wconf 80' lang='lat' dir='ltr'><strong>etiam</strong></span> <span class='ocrx_word' id='word_1_818' title='bbox 2283 3848 2348 3901; x_wconf 91' lang='lat' dir='ltr'><strong>ad</strong></span> <span class='ocrx_word' id='word_1_819' title='bbox 2381 3848 2482 3904; x_wconf 88' lang='lat' dir='ltr'><strong>bos</strong></span> <span class='ocrx_word' id='word_1_820' title='bbox 2510 3851 2752 3906; x_wconf 85' lang='lat' dir='ltr'><strong>scribens</strong></span> <span class='ocrx_word' id='word_1_821' title='bbox 2778 3855 3080 3909; x_wconf 88' lang='lat' dir='ltr'><strong>subindicat</strong></span> <span class='ocrx_word' id='word_1_822' title='bbox 3106 3900 3119 3922; x_wconf 93' lang='lat'><strong>,</strong></span> <span class='ocrx_word' id='word_1_823' title='bbox 3147 3858 3257 3927; x_wconf 88' lang='lat' dir='ltr'><strong>jam</strong></span> <span class='ocrx_word' id='word_1_824' title='bbox 3295 3861 3534 3918; x_wconf 78' lang='lat' dir='ltr'><strong>volentes</strong></span> 
     </span>
    </p>
   </div>
   <div class='ocr_carea' id='block_1_100' title="bbox 1945 3934 3559 4022">
    <p class='ocr_par' dir='ltr' id='par_1_100' title="bbox 1945 3934 3559 4022">
     <span class='ocr_line' id='line_1_100' title="bbox 1945 3934 3559 4022; baseline 0.011 -34"><span class='ocrx_word' id='word_1_825' title='bbox 1945 3934 2171 3991; x_wconf 77' lang='lat' dir='ltr'><strong>fortasse</strong></span> <span class='ocrx_word' id='word_1_826' title='bbox 2191 3937 2305 4006; x_wconf 85' lang='lat' dir='ltr'><strong>ejus</strong></span> <span class='ocrx_word' id='word_1_827' title='bbox 2325 3942 2625 4008; x_wconf 85' lang='lat' dir='ltr'><strong>potestatis,</strong></span> <span class='ocrx_word' id='word_1_828' title='bbox 2644 3959 2892 4016; x_wconf 75' lang='lat' dir='ltr'><strong>eurzeque</strong></span> <span class='ocrx_word' id='word_1_829' title='bbox 2914 3962 2977 4001; x_wconf 88' lang='lat' dir='ltr'><strong>ac</strong></span> <span class='ocrx_word' id='word_1_830' title='bbox 3002 3950 3350 4017; x_wconf 74' lang='lat' dir='ltr'><strong>providentia:</strong></span> <span class='ocrx_word' id='word_1_831' title='bbox 3372 3969 3533 4022; x_wconf 82' lang='lat' dir='ltr'><strong>quam</strong></span> <span class='ocrx_word' id='word_1_832' title='bbox 3556 4002 3559 4005; x_wconf 72' lang='lat'><strong>.</strong></span> 
     </span>
    </p>
   </div>
   <div class='ocr_carea' id='block_1_101' title="bbox 1945 4030 3535 4116">
    <p class='ocr_par' dir='ltr' id='par_1_101' title="bbox 1945 4030 3535 4116">
     <span class='ocr_line' id='line_1_101' title="bbox 1945 4030 3535 4116; baseline 0.014 -35"><span class='ocrx_word' id='word_1_833' title='bbox 1945 4040 2129 4081; x_wconf 87' lang='lat' dir='ltr'><strong>eorum</strong></span> <span class='ocrx_word' id='word_1_834' title='bbox 2165 4030 2301 4097; x_wconf 78' lang='lat' dir='ltr'><strong>gerit</strong></span> <span class='ocrx_word' id='word_1_835' title='bbox 2331 4033 2779 4091; x_wconf 74' lang='lat' dir='ltr'><strong>exanimationem</strong></span> <span class='ocrx_word' id='word_1_836' title='bbox 2809 4048 2862 4091; x_wconf 88' lang='lat' dir='ltr'><strong>et</strong></span> <span class='ocrx_word' id='word_1_837' title='bbox 2894 4040 3261 4108; x_wconf 78' lang='lat' dir='ltr'><strong>probationem</strong></span> <span class='ocrx_word' id='word_1_838' title='bbox 3292 4047 3535 4116; x_wconf 79' lang='lat' dir='ltr'><strong>accipere</strong></span> 
     </span>
    </p>
   </div>
   <div class='ocr_carea' id='block_1_102' title="bbox 1949 4116 3535 4208">
    <p class='ocr_par' dir='ltr' id='par_1_102' title="bbox 1949 4116 3535 4208">
     <span class='ocr_line' id='line_1_102' title="bbox 1949 4116 3535 4208; baseline 0.016 -40"><span class='ocrx_word' id='word_1_839' title='bbox 1949 4116 1998 4169; x_wconf 88' lang='lat' dir='ltr'><strong>in</strong></span> <span class='ocrx_word' id='word_1_840' title='bbox 2031 4121 2433 4176; x_wconf 84' lang='lat' dir='ltr'><strong>tentationibus.</strong></span> <span class='ocrx_word' id='word_1_841' title='bbox 2465 4123 2623 4181; x_wconf 81' lang='lat' dir='ltr'><strong>Vides</strong></span> <span class='ocrx_word' id='word_1_842' title='bbox 2652 4129 2794 4195; x_wconf 82' lang='lat' dir='ltr'><strong>quod</strong></span> <span class='ocrx_word' id='word_1_843' title='bbox 2827 4144 2897 4183; x_wconf 70' lang='lat' dir='ltr'><strong>es</strong></span> <span class='ocrx_word' id='word_1_844' title='bbox 2923 4130 3293 4189; x_wconf 84' lang='lat' dir='ltr'><strong>incredulitate</strong></span> <span class='ocrx_word' id='word_1_845' title='bbox 3322 4151 3535 4208; x_wconf 85' lang='lat' dir='ltr'><strong>semper</strong></span> 
     </span>
    </p>
   </div>
   <div class='ocr_carea' id='block_1_103' title="bbox 1946 4211 3535 4298">
    <p class='ocr_par' dir='ltr' id='par_1_103' title="bbox 1946 4211 3535 4298">
     <span class='ocr_line' id='line_1_103' title="bbox 1946 4211 3535 4298; baseline 0.014 -34"><span class='ocrx_word' id='word_1_846' title='bbox 1946 4220 2031 4265; x_wconf 88' lang='lat' dir='ltr'><strong>est</strong></span> <span class='ocrx_word' id='word_1_847' title='bbox 2061 4211 2286 4267; x_wconf 87' lang='lat' dir='ltr'><strong>irritatio</strong></span> <span class='ocrx_word' id='word_1_848' title='bbox 2313 4225 2369 4269; x_wconf 76' lang='lat' dir='ltr'><strong>et</strong></span> <span class='ocrx_word' id='word_1_849' title='bbox 2397 4216 2461 4270; x_wconf 82' lang='lat' dir='ltr'><strong>ad</strong></span> <span class='ocrx_word' id='word_1_850' title='bbox 2491 4217 2621 4271; x_wconf 80' lang='lat' dir='ltr'><strong>iram</strong></span> <span class='ocrx_word' id='word_1_851' title='bbox 2667 4224 3016 4289; x_wconf 84' lang='lat' dir='ltr'><strong>provocatio?</strong></span> <span class='ocrx_word' id='word_1_852' title='bbox 3050 4226 3187 4293; x_wconf 88' lang='lat' dir='ltr'><strong>Quid</strong></span> <span class='ocrx_word' id='word_1_853' title='bbox 3215 4244 3342 4298; x_wconf 85' lang='lat' dir='ltr'><strong>ergo</strong></span> <span class='ocrx_word' id='word_1_854' title='bbox 3367 4231 3535 4286; x_wconf 82' lang='lat' dir='ltr'><strong>dicit?</strong></span> 
     </span>
    </p>
   </div>
   <div class='ocr_carea' id='block_1_104' title="bbox 1947 4301 3533 4386">
    <p class='ocr_par' dir='ltr' id='par_1_104' title="bbox 1947 4301 3533 4386">
     <span class='ocr_line' id='line_1_104' title="bbox 1947 4301 3533 4386; baseline 0.013 -30"><span class='ocrx_word' id='word_1_855' title='bbox 1947 4301 2127 4374; x_wconf 84' lang='lat' dir='ltr'><strong>Itaque</strong></span> <span class='ocrx_word' id='word_1_856' title='bbox 2152 4306 2453 4377; x_wconf 81' lang='lat' dir='ltr'><strong>relinquitur</strong></span> <span class='ocrx_word' id='word_1_857' title='bbox 2476 4310 2808 4368; x_wconf 85' lang='lat' dir='ltr'><strong>sabbatismus</strong></span> <span class='ocrx_word' id='word_1_858' title='bbox 2835 4318 3023 4386; x_wconf 86' lang='lat' dir='ltr'><strong>papula</strong></span> <span class='ocrx_word' id='word_1_859' title='bbox 3056 4318 3168 4370; x_wconf 84' lang='lat' dir='ltr'><strong>Dei.</strong></span> <span class='ocrx_word' id='word_1_860' title='bbox 3199 4318 3330 4375; x_wconf 83' lang='lat' dir='ltr'><strong>Vide</strong></span> <span class='ocrx_word' id='word_1_861' title='bbox 3355 4331 3533 4377; x_wconf 85' lang='lat' dir='ltr'><strong>autem</strong></span> 
     </span>
    </p>
   </div>
   <div class='ocr_carea' id='block_1_105' title="bbox 1947 4396 3535 4478">
    <p class='ocr_par' dir='ltr' id='par_1_105' title="bbox 1947 4396 3535 4478">
     <span class='ocr_line' id='line_1_105' title="bbox 1947 4396 3535 4478; baseline 0.016 -32"><span class='ocrx_word' id='word_1_862' title='bbox 1947 4396 2219 4464; x_wconf 84' lang='lat' dir='ltr'><strong>quomodo</strong></span> <span class='ocrx_word' id='word_1_863' title='bbox 2249 4407 2413 4453; x_wconf 87' lang='lat' dir='ltr'><strong>totam</strong></span> <span class='ocrx_word' id='word_1_864' title='bbox 2446 4403 2747 4458; x_wconf 88' lang='lat' dir='ltr'><strong>orationem</strong></span> <span class='ocrx_word' id='word_1_865' title='bbox 2788 4419 3121 4478; x_wconf 85' lang='lat' dir='ltr'><strong>perspectam</strong></span> <span class='ocrx_word' id='word_1_866' title='bbox 3167 4414 3535 4471; x_wconf 83' lang='lat' dir='ltr'><strong>ratiocinaudo</strong></span> 
     </span>
    </p>
   </div>
   <div class='ocr_carea' id='block_1_106' title="bbox 1952 4488 3531 4583">
    <p class='ocr_par' dir='ltr' id='par_1_106' title="bbox 1952 4488 3531 4583">
     <span class='ocr_line' id='line_1_106' title="bbox 1952 4488 3531 4583; baseline 0.013 -41"><span class='ocrx_word' id='word_1_867' title='bbox 1952 4488 2188 4558; x_wconf 80' lang='lat' dir='ltr'><strong>collegit.</strong></span> <span class='ocrx_word' id='word_1_868' title='bbox 2225 4490 2452 4557; x_wconf 69' lang='lat' dir='ltr'><strong>iuravit,</strong></span> <span class='ocrx_word' id='word_1_869' title='bbox 2479 4494 2668 4565; x_wconf 88' lang='lat' dir='ltr'><strong>inquit,</strong></span> <span class='ocrx_word' id='word_1_870' title='bbox 2699 4500 2984 4566; x_wconf 88' lang='lat' dir='ltr'><strong>prioribus,</strong></span> <span class='ocrx_word' id='word_1_871' title='bbox 3010 4517 3104 4556; x_wconf 91' lang='lat' dir='ltr'><strong>eos</strong></span> <span class='ocrx_word' id='word_1_872' title='bbox 3131 4519 3234 4556; x_wconf 86' lang='lat' dir='ltr'><strong>non</strong></span> <span class='ocrx_word' id='word_1_873' title='bbox 3263 4505 3531 4583; x_wconf 58' lang='lat' dir='ltr'><strong>ingressu-</strong></span> 
     </span>
    </p>
   </div>
   <div class='ocr_carea' id='block_1_107' title="bbox 1950 4583 3532 4667">
    <p class='ocr_par' dir='ltr' id='par_1_107' title="bbox 1950 4583 3532 4667">
     <span class='ocr_line' id='line_1_107' title="bbox 1950 4583 3532 4667; baseline 0.013 -34"><span class='ocrx_word' id='word_1_874' title='bbox 1950 4596 2040 4636; x_wconf 88' lang='lat' dir='ltr'><strong>ros</strong></span> <span class='ocrx_word' id='word_1_875' title='bbox 2067 4583 2118 4636; x_wconf 92' lang='lat' dir='ltr'><strong>in</strong></span> <span class='ocrx_word' id='word_1_876' title='bbox 2150 4586 2408 4655; x_wconf 87' lang='lat' dir='ltr'><strong>requiem,</strong></span> <span class='ocrx_word' id='word_1_877' title='bbox 2437 4596 2491 4643; x_wconf 88' lang='lat' dir='ltr'><strong>et</strong></span> <span class='ocrx_word' id='word_1_878' title='bbox 2518 4605 2625 4643; x_wconf 91' lang='lat' dir='ltr'><strong>non</strong></span> <span class='ocrx_word' id='word_1_879' title='bbox 2656 4592 2883 4661; x_wconf 80' lang='lat' dir='ltr'><strong>ingressi</strong></span> <span class='ocrx_word' id='word_1_880' title='bbox 2911 4605 3057 4649; x_wconf 88' lang='lat' dir='ltr'><strong>sunt.</strong></span> <span class='ocrx_word' id='word_1_881' title='bbox 3093 4595 3293 4651; x_wconf 82' lang='lat' dir='ltr'><strong>Deinde</strong></span> <span class='ocrx_word' id='word_1_882' title='bbox 3322 4608 3438 4667; x_wconf 33' lang='lat' dir='ltr'><strong>prst</strong></span> <span class='ocrx_word' id='word_1_883' title='bbox 3464 4600 3532 4653; x_wconf 57' lang='lat' dir='ltr'><strong>ilo</strong></span> 
     </span>
    </p>
   </div>
   <div class='ocr_carea' id='block_1_108' title="bbox 1952 4672 3536 4755">
    <p class='ocr_par' dir='ltr' id='par_1_108' title="bbox 1952 4672 3536 4755">
     <span class='ocr_line' id='line_1_108' title="bbox 1952 4672 3536 4755; baseline 0.012 -28"><span class='ocrx_word' id='word_1_884' title='bbox 1952 4672 2033 4729; x_wconf 83' lang='lat' dir='ltr'><strong>los</strong></span> <span class='ocrx_word' id='word_1_885' title='bbox 2062 4674 2223 4745; x_wconf 84' lang='lat' dir='ltr'><strong>10ugo</strong></span> <span class='ocrx_word' id='word_1_886' title='bbox 2251 4686 2492 4747; x_wconf 86' lang='lat' dir='ltr'><strong>tempore</strong></span> <span class='ocrx_word' id='word_1_887' title='bbox 2528 4681 2751 4752; x_wconf 85' lang='lat' dir='ltr'><strong>loquens</strong></span> <span class='ocrx_word' id='word_1_888' title='bbox 2781 4699 2901 4739; x_wconf 88' lang='lat' dir='ltr'><strong>cum</strong></span> <span class='ocrx_word' id='word_1_889' title='bbox 2929 4686 3148 4752; x_wconf 68' lang='lat' dir='ltr'><strong>Judu&#39;is,</strong></span> <span class='ocrx_word' id='word_1_890' title='bbox 3181 4688 3324 4755; x_wconf 87' lang='lat' dir='ltr'><strong>dicit,</strong></span> <span class='ocrx_word' id='word_1_891' title='bbox 3362 4688 3536 4746; x_wconf 77' lang='lat' dir='ltr'><strong>Nolite</strong></span> 
     </span>
    </p>
   </div>
   <div class='ocr_carea' id='block_1_109' title="bbox 1947 4763 3531 4853">
    <p class='ocr_par' dir='ltr' id='par_1_109' title="bbox 1947 4763 3531 4853">
     <span class='ocr_line' id='line_1_109' title="bbox 1947 4763 3531 4853; baseline 0.011 -34"><span class='ocrx_word' id='word_1_892' title='bbox 1947 4763 2189 4821; x_wconf 81' lang='lat' dir='ltr'><strong>indurare</strong></span> <span class='ocrx_word' id='word_1_893' title='bbox 2212 4770 2576 4838; x_wconf 16' lang='lat' dir='ltr'><strong>cordait&#39;estra,</strong></span> <span class='ocrx_word' id='word_1_894' title='bbox 2600 4776 2728 4830; x_wconf 89' lang='lat' dir='ltr'><strong>sicut</strong></span> <span class='ocrx_word' id='word_1_895' title='bbox 2757 4788 2924 4847; x_wconf 85' lang='lat' dir='ltr'><strong>patrcs</strong></span> <span class='ocrx_word' id='word_1_896' title='bbox 2952 4782 3121 4835; x_wconf 78' lang='lat' dir='ltr'><strong>vestri.</strong></span> <span class='ocrx_word' id='word_1_897' title='bbox 3149 4781 3296 4837; x_wconf 82' lang='lat' dir='ltr'><strong>Unde</strong></span> <span class='ocrx_word' id='word_1_898' title='bbox 3324 4787 3531 4853; x_wconf 79' lang='lat' dir='ltr'><strong>perspi-</strong></span> 
     </span>
    </p>
   </div>
   <div class='ocr_carea' id='block_1_110' title="bbox 1948 4861 3531 4937">
    <p class='ocr_par' dir='ltr' id='par_1_110' title="bbox 1948 4861 3531 4937">
     <span class='ocr_line' id='line_1_110' title="bbox 1948 4861 3531 4937; baseline 0.013 -28"><span class='ocrx_word' id='word_1_899' title='bbox 1948 4870 2102 4911; x_wconf 90' lang='lat' dir='ltr'><strong>cuum</strong></span> <span class='ocrx_word' id='word_1_900' title='bbox 2128 4868 2209 4913; x_wconf 89' lang='lat' dir='ltr'><strong>est</strong></span> <span class='ocrx_word' id='word_1_901' title='bbox 2233 4861 2372 4930; x_wconf 89' lang='lat' dir='ltr'><strong>quod</strong></span> <span class='ocrx_word' id='word_1_902' title='bbox 2398 4864 2463 4916; x_wconf 83' lang='lat' dir='ltr'><strong>sit</strong></span> <span class='ocrx_word' id='word_1_903' title='bbox 2491 4866 2591 4918; x_wconf 79' lang='lat' dir='ltr'><strong>alia</strong></span> <span class='ocrx_word' id='word_1_904' title='bbox 2622 4868 2853 4937; x_wconf 77' lang='lat' dir='ltr'><strong>requies.</strong></span> <span class='ocrx_word' id='word_1_905' title='bbox 2882 4869 3009 4922; x_wconf 84' lang='lat' dir='ltr'><strong>Nam</strong></span> <span class='ocrx_word' id='word_1_906' title='bbox 3034 4869 3101 4924; x_wconf 84' lang='lat' dir='ltr'><strong>de</strong></span> <span class='ocrx_word' id='word_1_907' title='bbox 3125 4872 3400 4928; x_wconf 69' lang='lat' dir='ltr'><strong>Palmstinu</strong></span> <span class='ocrx_word' id='word_1_908' title='bbox 3425 4892 3531 4931; x_wconf 90' lang='lat' dir='ltr'><strong>non</strong></span> 
     </span>
    </p>
   </div>
   <div class='ocr_carea' id='block_1_111' title="bbox 1951 4954 3532 5035">
    <p class='ocr_par' dir='ltr' id='par_1_111' title="bbox 1951 4954 3532 5035">
     <span class='ocr_line' id='line_1_111' title="bbox 1951 4954 3532 5035; baseline 0.013 -33"><span class='ocrx_word' id='word_1_909' title='bbox 1951 4964 2231 5018; x_wconf 73' lang='lat' dir='ltr'><strong>possmuus</strong></span> <span class='ocrx_word' id='word_1_910' title='bbox 2256 4954 2469 5018; x_wconf 86' lang='lat' dir='ltr'><strong>dicere;</strong></span> <span class='ocrx_word' id='word_1_911' title='bbox 2496 4972 2613 5012; x_wconf 89' lang='lat' dir='ltr'><strong>eam</strong></span> <span class='ocrx_word' id='word_1_912' title='bbox 2641 4961 2836 5030; x_wconf 90' lang='lat' dir='ltr'><strong>quippe</strong></span> <span class='ocrx_word' id='word_1_913' title='bbox 2864 4960 3129 5016; x_wconf 82' lang='lat' dir='ltr'><strong>habebant</strong></span> <span class='ocrx_word' id='word_1_914' title='bbox 3166 4982 3177 5016; x_wconf 88' lang='lat'><strong>:</strong></span> <span class='ocrx_word' id='word_1_915' title='bbox 3210 4964 3276 5017; x_wconf 79' lang='lat' dir='ltr'><strong>de</strong></span> <span class='ocrx_word' id='word_1_916' title='bbox 3303 4969 3532 5035; x_wconf 70' lang='lat' dir='ltr'><strong>septimo</strong></span> 
     </span>
    </p>
   </div>
   <div class='ocr_carea' id='block_1_112' title="bbox 1946 5048 3531 5128">
    <p class='ocr_par' dir='ltr' id='par_1_112' title="bbox 1946 5048 3531 5128">
     <span class='ocr_line' id='line_1_112' title="bbox 1946 5048 3531 5128; baseline 0.007 -25"><span class='ocrx_word' id='word_1_917' title='bbox 1946 5048 2033 5103; x_wconf 83' lang='lat' dir='ltr'><strong>die</strong></span> <span class='ocrx_word' id='word_1_918' title='bbox 2060 5060 2243 5104; x_wconf 87' lang='lat' dir='ltr'><strong>autem</strong></span> <span class='ocrx_word' id='word_1_919' title='bbox 2273 5051 2377 5105; x_wconf 82' lang='lat' dir='ltr'><strong>dici</strong></span> <span class='ocrx_word' id='word_1_920' title='bbox 2406 5067 2515 5107; x_wconf 86' lang='lat' dir='ltr'><strong>non</strong></span> <span class='ocrx_word' id='word_1_921' title='bbox 2543 5061 2745 5121; x_wconf 83' lang='lat' dir='ltr'><strong>potest;</strong></span> <span class='ocrx_word' id='word_1_922' title='bbox 2788 5068 2897 5106; x_wconf 81' lang='lat' dir='ltr'><strong>non</strong></span> <span class='ocrx_word' id='word_1_923' title='bbox 2924 5054 3068 5109; x_wconf 87' lang='lat' dir='ltr'><strong>enim</strong></span> <span class='ocrx_word' id='word_1_924' title='bbox 3093 5054 3160 5110; x_wconf 83' lang='lat' dir='ltr'><strong>de</strong></span> <span class='ocrx_word' id='word_1_925' title='bbox 3186 5072 3249 5112; x_wconf 90' lang='lat' dir='ltr'><strong>eo</strong></span> <span class='ocrx_word' id='word_1_926' title='bbox 3277 5058 3531 5128; x_wconf 76' lang='lat' dir='ltr'><strong>loqueba-</strong></span> 
     </span>
    </p>
   </div>
   <div class='ocr_carea' id='block_1_113' title="bbox 1950 5143 3620 5220">
    <p class='ocr_par' dir='ltr' id='par_1_113' title="bbox 1950 5143 3620 5220">
     <span class='ocr_line' id='line_1_113' title="bbox 1950 5143 3620 5220; baseline 0.008 -26"><span class='ocrx_word' id='word_1_927' title='bbox 1950 5148 2066 5205; x_wconf 90' lang='lat' dir='ltr'><strong>tur,</strong></span> <span class='ocrx_word' id='word_1_928' title='bbox 2100 5143 2189 5209; x_wconf 90' lang='lat' dir='ltr'><strong>qui</strong></span> <span class='ocrx_word' id='word_1_929' title='bbox 2217 5143 2342 5198; x_wconf 89' lang='lat' dir='ltr'><strong>olim</strong></span> <span class='ocrx_word' id='word_1_930' title='bbox 2374 5146 2491 5199; x_wconf 82' lang='lat' dir='ltr'><strong>luit.</strong></span> <span class='ocrx_word' id='word_1_931' title='bbox 2525 5145 2701 5200; x_wconf 81' lang='lat' dir='ltr'><strong>Aliam</strong></span> <span class='ocrx_word' id='word_1_932' title='bbox 2741 5160 2870 5216; x_wconf 79' lang='lat' dir='ltr'><strong>ergo</strong></span> <span class='ocrx_word' id='word_1_933' title='bbox 2913 5147 3115 5213; x_wconf 81' lang='lat' dir='ltr'><strong>innuit,</strong></span> <span class='ocrx_word' id='word_1_934' title='bbox 3148 5164 3265 5220; x_wconf 75' lang='lat' dir='ltr'><strong>qum</strong></span> <span class='ocrx_word' id='word_1_935' title='bbox 3297 5167 3420 5207; x_wconf 84' lang='lat' dir='ltr'><strong>vere</strong></span> <span class='ocrx_word' id='word_1_936' title='bbox 3452 5165 3533 5207; x_wconf 72' lang='lat' dir='ltr'><strong>est</strong></span> <span class='ocrx_word' id='word_1_937' title='bbox 3614 5170 3620 5175; x_wconf 80' lang='lat'><em>&#39;</em></span> 
     </span>
    </p>
   </div>
   <div class='ocr_carea' id='block_1_114' title="bbox 1950 5247 2181 5301">
    <p class='ocr_par' dir='ltr' id='par_1_114' title="bbox 1950 5247 2181 5301">
     <span class='ocr_line' id='line_1_114' title="bbox 1950 5247 2181 5301; baseline 0.004 -17"><span class='ocrx_word' id='word_1_938' title='bbox 1950 5247 2181 5301; x_wconf 77' lang='lat' dir='ltr'><strong>requies.</strong></span> 
     </span>
    </p>
   </div>
   <div class='ocr_carea' id='block_1_115' title="bbox 2020 5324 3531 5398">
    <p class='ocr_par' dir='ltr' id='par_1_115' title="bbox 2020 5324 3531 5398">
     <span class='ocr_line' id='line_1_115' title="bbox 2020 5324 3531 5398; baseline 0.008 -21"><span class='ocrx_word' id='word_1_939' title='bbox 2020 5326 2070 5378; x_wconf 71' lang='grc'><strong>4.</strong></span> <span class='ocrx_word' id='word_1_940' title='bbox 2108 5324 2267 5396; x_wconf 74' lang='lat' dir='ltr'><strong>Regni</strong></span> <span class='ocrx_word' id='word_1_941' title='bbox 2292 5330 2531 5382; x_wconf 77' lang='lat' dir='ltr'><strong>ctelorum</strong></span> <span class='ocrx_word' id='word_1_942' title='bbox 2561 5329 2797 5398; x_wconf 78' lang='lat' dir='ltr'><strong>felicitas.</strong></span> <span class='ocrx_word' id='word_1_943' title='bbox 2818 5361 2889 5371; x_wconf 84' lang='lat'><strong>-—</strong></span> <span class='ocrx_word' id='word_1_944' title='bbox 2912 5332 3112 5387; x_wconf 79' lang='lat' dir='ltr'><strong>Revera</strong></span> <span class='ocrx_word' id='word_1_945' title='bbox 3158 5334 3298 5388; x_wconf 90' lang='lat' dir='ltr'><strong>enim</strong></span> <span class='ocrx_word' id='word_1_946' title='bbox 3330 5345 3411 5389; x_wconf 88' lang='lat' dir='ltr'><strong>est</strong></span> <span class='ocrx_word' id='word_1_947' title='bbox 3447 5335 3531 5389; x_wconf 74' lang='lat' dir='ltr'><strong>illa</strong></span> 
     </span>
    </p>
   </div>
   <div class='ocr_carea' id='block_1_116' title="bbox 1951 5416 3530 5492">
    <p class='ocr_par' dir='ltr' id='par_1_116' title="bbox 1951 5416 3530 5492">
     <span class='ocr_line' id='line_1_116' title="bbox 1951 5416 3530 5492; baseline 0.009 -27"><span class='ocrx_word' id='word_1_948' title='bbox 1951 5416 2165 5483; x_wconf 84' lang='lat' dir='ltr'><strong>requies</strong></span> <span class='ocrx_word' id='word_1_949' title='bbox 2188 5458 2200 5481; x_wconf 91' lang='lat'><strong>,</strong></span> <span class='ocrx_word' id='word_1_950' title='bbox 2236 5418 2323 5472; x_wconf 90' lang='lat' dir='ltr'><strong>ubi</strong></span> <span class='ocrx_word' id='word_1_951' title='bbox 2353 5418 2559 5488; x_wconf 73' lang='lat' dir='ltr'><strong>aufugit</strong></span> <span class='ocrx_word' id='word_1_952' title='bbox 2583 5419 2775 5487; x_wconf 86' lang='lat' dir='ltr'><strong>dolor,</strong></span> <span class='ocrx_word' id='word_1_953' title='bbox 2808 5421 3020 5477; x_wconf 85' lang='lat' dir='ltr'><strong>tristitia</strong></span> <span class='ocrx_word' id='word_1_954' title='bbox 3050 5432 3105 5478; x_wconf 85' lang='lat' dir='ltr'><strong>et</strong></span> <span class='ocrx_word' id='word_1_955' title='bbox 3129 5426 3392 5492; x_wconf 79' lang='lat' dir='ltr'><strong>gemitus;</strong></span> <span class='ocrx_word' id='word_1_956' title='bbox 3446 5431 3530 5479; x_wconf 54' lang='lat' dir='ltr'><strong>nni</strong></span> 
     </span>
    </p>
   </div>
   <div class='ocr_carea' id='block_1_117' title="bbox 1952 5513 3538 5592">
    <p class='ocr_par' dir='ltr' id='par_1_117' title="bbox 1952 5513 3538 5592">
     <span class='ocr_line' id='line_1_117' title="bbox 1952 5513 3538 5592; baseline 0.012 -34"><span class='ocrx_word' id='word_1_957' title='bbox 1952 5520 2124 5576; x_wconf 84' lang='lat' dir='ltr'><strong>neque</strong></span> <span class='ocrx_word' id='word_1_958' title='bbox 2158 5524 2329 5575; x_wconf 65' lang='lat' dir='ltr'><strong>cura),</strong></span> <span class='ocrx_word' id='word_1_959' title='bbox 2386 5527 2557 5581; x_wconf 87' lang='lat' dir='ltr'><strong>neque</strong></span> <span class='ocrx_word' id='word_1_960' title='bbox 2609 5513 2854 5581; x_wconf 88' lang='lat' dir='ltr'><strong>labores,</strong></span> <span class='ocrx_word' id='word_1_961' title='bbox 2903 5532 3076 5585; x_wconf 87' lang='lat' dir='ltr'><strong>neque</strong></span> <span class='ocrx_word' id='word_1_962' title='bbox 3117 5533 3317 5588; x_wconf 78' lang='lat' dir='ltr'><strong>angor,</strong></span> <span class='ocrx_word' id='word_1_963' title='bbox 3363 5537 3538 5592; x_wconf 77' lang='lat' dir='ltr'><strong>neque</strong></span> 
     </span>
    </p>
   </div>
   <div class='ocr_carea' id='block_1_118' title="bbox 1954 5600 3539 5676">
    <p class='ocr_par' dir='ltr' id='par_1_118' title="bbox 1954 5600 3539 5676">
     <span class='ocr_line' id='line_1_118' title="bbox 1954 5600 3539 5676; baseline 0.011 -27"><span class='ocrx_word' id='word_1_964' title='bbox 1954 5606 2127 5653; x_wconf 89' lang='lat' dir='ltr'><strong>metus</strong></span> <span class='ocrx_word' id='word_1_965' title='bbox 2154 5600 2395 5655; x_wconf 80' lang='lat' dir='ltr'><strong>animant</strong></span> <span class='ocrx_word' id='word_1_966' title='bbox 2423 5603 2719 5673; x_wconf 78' lang='lat' dir='ltr'><strong>percellens</strong></span> <span class='ocrx_word' id='word_1_967' title='bbox 2750 5615 2803 5661; x_wconf 89' lang='lat' dir='ltr'><strong>et</strong></span> <span class='ocrx_word' id='word_1_968' title='bbox 2833 5607 3107 5676; x_wconf 83' lang='lat' dir='ltr'><strong>quatiens,</strong></span> <span class='ocrx_word' id='word_1_969' title='bbox 3138 5608 3230 5663; x_wconf 88' lang='lat' dir='ltr'><strong>sed</strong></span> <span class='ocrx_word' id='word_1_970' title='bbox 3261 5609 3408 5665; x_wconf 83' lang='lat' dir='ltr'><strong>solus</strong></span> <span class='ocrx_word' id='word_1_971' title='bbox 3447 5614 3539 5667; x_wconf 73' lang='grc' dir='ltr'>ιιςὶ</span> 
     </span>
    </p>
   </div>
   <div class='ocr_carea' id='block_1_119' title="bbox 1954 5689 3538 5767">
    <p class='ocr_par' dir='ltr' id='par_1_119' title="bbox 1954 5689 3538 5767">
     <span class='ocr_line' id='line_1_119' title="bbox 1954 5689 3538 5767; baseline 0.008 -23"><span class='ocrx_word' id='word_1_972' title='bbox 1954 5699 2126 5745; x_wconf 86' lang='lat' dir='ltr'><strong>metus</strong></span> <span class='ocrx_word' id='word_1_973' title='bbox 2154 5689 2343 5763; x_wconf 84' lang='lat' dir='ltr'><strong>plenus</strong></span> <span class='ocrx_word' id='word_1_974' title='bbox 2362 5694 2666 5765; x_wconf 69' lang='lat' dir='ltr'><strong>voluptate.</strong></span> <span class='ocrx_word' id='word_1_975' title='bbox 2691 5696 2802 5753; x_wconf 82' lang='lat' dir='ltr'><strong>Non</strong></span> <span class='ocrx_word' id='word_1_976' title='bbox 2830 5698 2937 5755; x_wconf 85' lang='lat' dir='ltr'><strong>illic</strong></span> <span class='ocrx_word' id='word_1_977' title='bbox 2965 5698 3239 5767; x_wconf 72' lang='lat' dir='ltr'><strong>audietur,</strong></span> <span class='ocrx_word' id='word_1_978' title='bbox 3261 5699 3324 5755; x_wconf 86' lang='lat' dir='ltr'><strong>In</strong></span> <span class='ocrx_word' id='word_1_979' title='bbox 3352 5704 3538 5757; x_wconf 69' lang='lat' dir='ltr'><strong>nidore</strong></span> 
     </span>
    </p>
   </div>
  </div>
