4088 6212
485 351 558 404 ω
1259 334 1315 388 s.
1356 330 1631 387 JOANNIS
1666 323 2130 383 cuuvsos't'ont
2170 322 2482 399 .tltClllEP.
2524 323 3049 379 consrau'rmoe.
3680 329 3748 380 eo

476 437 641 485 thllllt
663 431 735 483 tui
763 432 970 485 vesceris
993 447 1125 501 pane
1144 440 1251 497 tuo,
1278 448 1453 503 neque
1473 434 1656 502 spinas
1680 477 1695 502 ,
1739 450 1916 507 neque
1960 439 2077 493 tri-.

482 524 635 578 tmlos
655 524 979 594 germinabit
1012 524 1126 592 tibi.
1159 523 1275 579 Non
1304 534 1388 580 est
1414 527 1643 596 amplius
1665 569 1681 594 ,
1710 526 1777 583 In
1803 530 2062 587 doloribus

481 615 643 678 paries
666 615 803 683 ﬁlios
830 627 960 678 tuos,
996 624 1072 678 et,
1103 615 1184 666 Ad
1211 615 1375 668 virum
1398 627 1541 671 luunt
1571 620 1829 675 conversio
1859 632 1945 674 tua
1964 664 1980 688 ,
2013 634 2059 676 et

481 722 585 774 ipse
605 705 693 759 tibi
713 705 1056 759 dominabitur
1083 703 1250 774 (Gen.
1285 708 1339 761 5.
1372 707 1460 762 19.
1495 709 1582 762 18.
1612 709 1718 780 16)
1742 726 1760 769 z
1783 725 1959 765 omnia
1988 714 2061 769 ibi

481 809 602 854 sunt
626 813 755 868 pax,
783 797 1059 867 gaudium,
1092 797 1298 862 ltetitia,
1329 799 1595 868 voluptas,
1627 800 1838 857 bonitas
1863 844 1879 869 ,
1909 819 2061 858 man-

480 889 732 953 suetudo,
764 888 1012 958 aequitas,
1043 889 1261 942 caritas.
1295 887 1408 943 Non
1437 900 1520 944 est
1549 890 1659 946 illic
1689 894 1959 949 acutulatio
2007 904 2062 950 et

482 981 701 1049 invidia,
734 997 837 1036 non
864 981 1083 1036 morbus
1105 1022 1120 1046 ,
1152 996 1257 1036 non
1286 980 1400 1036 ha-e
1445 997 1592 1038 mors
1634 985 1907 1054 corporis,
1958 1002 2064 1042 non

481 1075 572 1130 illa
622 1089 768 1130 mors
812 1073 1044 1141 animm,
1094 1088 1202 1129 non
1250 1085 1377 1129 sunt
1420 1077 1655 1131 tenebrae
1701 1094 1873 1149 neque
1920 1096 2064 1136 nox:

481 1166 660 1219 omnia
688 1174 815 1220 sunt
841 1165 979 1232 dies,
1012 1165 1190 1219 atnuia
1220 1167 1308 1220 lux
1330 1207 1344 1231 ,
1377 1166 1559 1222 omnia
1599 1169 1774 1238 quies.
1818 1169 1935 1225 Non
1983 1188 2070 1233 est

486 1259 591 1313 illis
620 1258 953 1328 defetigatio,
982 1274 1086 1314 non
1119 1258 1373 1315 satietas:
1402 1275 1617 1331 semper
1641 1264 1847 1320 erimus
1873 1264 1926 1318 in
1948 1281 2071 1336 per-

484 1361 647 1422 petuo
679 1351 942 1407 bonorum
974 1350 1271 1407 desiderio.
1305 1351 1551 1409 Voltisne
1599 1353 1719 1410 dem
1768 1356 1927 1413 etiam
1975 1358 2071 1412 ali-

485 1460 645 1514 quam
679 1444 962 1513 imaginem
993 1444 1111 1513 ejus
1137 1447 1225 1514 qui
1264 1445 1372 1500 illic
1414 1457 1496 1500 est
1537 1449 1747 1504 status?
1779 1448 1919 1504 Fieri
1965 1467 2069 1505 non

490 1546 701 1608 potest;
730 1545 1101 1593 verumtamen
1122 1581 1137 1605 ,
1164 1538 1340 1608 quoad
1361 1538 1480 1609 ejus
1506 1540 1620 1594 lieri
1653 1543 1885 1610 poterit,
1935 1543 2039 1598 ima

488 1631 669 1700 ginem
695 1630 847 1685 vobis
873 1630 1107 1700 aliquam
1139 1631 1355 1688 tentabo
1383 1633 1691 1689 ostendere.
1711 1635 2074 1706 Sospiciamns

489 1721 710 1793 etclam,
740 1720 957 1791 quando
987 1721 1134 1776 nulla
1166 1722 1309 1778 nube
1352 1724 1739 1782 interturbante
1784 1743 1934 1781 suam
1981 1744 2073 1784 os-

494 1812 662 1869 tendit
705 1828 961 1869 coronam
988 1830 1001 1867 :
1032 1813 1228 1870 deinde
1264 1830 1387 1871 cum
1418 1816 1581 1889 longo
1612 1829 1853 1889 tempore
1882 1821 2076 1879 immo-

494 1904 594 1960 rati
624 1903 887 1961 fuerimus
915 1907 967 1960 in
994 1906 1396 1976 pulchritudine
1425 1910 1543 1981 ejus
1572 1922 1823 1982 aspectus
1849 1954 1863 1979 ,
1897 1920 2077 1971 consl-

493 1997 745 2052 deremus
773 1997 913 2067 quod
941 1998 1119 2054 solum
1153 2016 1364 2072 quoque
1393 2001 1711 2062 habebimus
1731 2050 1746 2073 ,
1781 2024 1886 2063 non
1923 2011 2080 2080 quale

497 2087 781 2150 habemus.
810 2087 903 2143 sed
931 2089 1077 2160 quod
1106 2101 1188 2146 est
1211 2101 1357 2147 tanto
1385 2094 1677 2164 pulchrius,
1709 2108 1908 2168 quanto
1930 2102 2081 2158 tectis

500 2180 661 2234 luteis
689 2189 772 2234 est
801 2195 991 2236 aurum
1030 2182 1305 2250 pulchrius
1329 2224 1344 2250 ,
1393 2195 1449 2241 et
1487 2196 1610 2257 post
1656 2189 1785 2243 illud
1810 2231 1824 2255 ,
1885 2200 2080 2247 tectum

497 2285 687 2327 rursus
718 2272 992 2343 superius.
1028 2272 1235 2329 Deinde
1262 2276 1482 2346 angelos
1507 2318 1521 2342 ,
1552 2279 1925 2351 archangelos,
1962 2284 2082 2338 inli-

498 2364 641 2418 tiitos
669 2363 898 2434 populos
924 2363 1360 2434 incorporearum
1389 2368 1716 2426 Potestatnm
1744 2415 1758 2436 ,
1792 2375 1959 2443 ipsam
1992 2377 2081 2431 Ilei
2120 2384 2123 2387 ’

503 2456 700 2525 regiam
724 2495 739 2519 ,
771 2455 1021 2510 thronum
1046 2457 1360 2515 Paternum.
1389 2460 1494 2516 Sed
1524 2476 1630 2516 non
1656 2472 1847 2532 potest,
1875 2475 1931 2519 ut
1952 2467 2080 2533 dixi,

507 2554 681 2609 oratio
722 2556 1026 2616 universum
1078 2567 1460 2623 repraesentare
1501 2565 1556 2609 et
1600 2552 1913 2622 explicare:
1946 2567 2081 2622 opus

510 2653 595 2699 est
620 2645 944 2713 experientia
966 2685 981 2709 ,
1011 2654 1066 2699 et
1087 2645 1390 2714 cognitione
1415 2661 1534 2715 qua:
1562 2655 1647 2699 est
1676 2659 1770 2713 per
1796 2645 2083 2713 experien-

513 2740 665 2790 tiam.
692 2734 992 2800 Quomodo,
1017 2734 1104 2790 dic
1129 2734 1280 2802 mihi,
1304 2735 1619 2790 existimatis
1636 2734 1897 2789 Adamum
1921 2732 2087 2790 fuisse

513 2827 564 2882 in
614 2827 903 2896 paradiso?
943 2827 1114 2882 Tanto
1162 2830 1354 2883 melior
1396 2843 1557 2898 quam
1590 2828 1678 2882 illa
1708 2837 1789 2883 est
1818 2827 1932 2883 haec
1961 2828 2084 2883 vita:

510 2916 764 2987 degenda:
802 2918 957 2982 ratio,
988 2922 1185 2989 quanto
1216 2919 1404 2973 caelum
1420 2928 1503 2972 est
1520 2927 1662 2974 terra
1679 2919 1889 2974 melius.
1913 2918 2086 2974 Cazte-

520 3023 636 3062 ram
667 3009 823 3062 aliam
854 3024 1064 3080 quoque
1104 3011 1430 3080 inquiramus
1456 3011 1760 3080 imaginem.
1792 3005 1848 3065 Si
1874 3010 2086 3064 contin-

509 3108 661 3167 geret
684 3112 823 3163 eum
843 3099 932 3168 qui
963 3114 1106 3154 nunc
1146 3100 1355 3156 obtinet
1395 3100 1674 3169 imperium
1697 3143 1712 3167 ,
1742 3101 1905 3156 totius
1930 3101 2079 3156 orbis

513 3199 668 3243 terrm
695 3198 878 3244 tenere
901 3189 1263 3257 dominatum;
1294 3191 1487 3249 deinde
1518 3208 1616 3249 nec
1655 3193 1810 3249 bellis
1856 3194 2035 3249 vexari
2060 3234 2076 3260 ,

506 3293 609 3351 nec
635 3279 1097 3345 sollicitudinibus,
1130 3281 1224 3336 sed
1253 3283 1427 3338 solum
1471 3283 1723 3338 honorari
1774 3293 1830 3339 et
1877 3284 2083 3354 degere

502 3368 563 3424 iu
589 3367 815 3430 deliciis,
847 3378 901 3422 et
931 3370 1125 3427 multos
1151 3371 1369 3440 quidem
1398 3372 1596 3427 habere
1638 3371 1897 3428 satellites
1925 3413 1939 3439 ,
1986 3388 2082 3427 au-

502 3474 628 3536 rum
658 3469 835 3514 autem
864 3460 1096 3531 undique
1122 3462 1188 3516 ad
1214 3477 1335 3517 eum
1362 3462 1578 3518 al‘lluere
1597 3505 1611 3528 ,
1641 3473 1696 3518 et
1739 3479 1859 3519 esse
1904 3466 2082 3535 δυερί-

515 3550 780 3617 ciendum,
814 3551 1021 3621 qualem
1050 3554 1163 3622 ejus
1189 3554 1421 3609 animum
1455 3556 1685 3610 futurum
1715 3571 1834 3612 esse
1864 3557 2077 3625 putatis,

505 3641 549 3699 si
582 3640 776 3711 ubique
807 3651 1073 3699 terrarum
1106 3644 1307 3701 videret
1329 3645 1467 3702 bella
1491 3648 1769 3702 cessasse?
1794 3648 1924 3702 Tale
1954 3649 2080 3717 quid

506 3743 630 3786 tunc
654 3732 791 3789 erit:
824 3733 935 3788 imo
960 3749 1086 3789 vero
1113 3735 1341 3791 necdum
1388 3737 1531 3792 illam
1577 3741 1846 3809 assequuti
1894 3754 2080 3795 sumus

504 3821 785 3893 imaginem
820 3826 1212 3895 :quamobretn
1243 3837 1455 3899 oportet
1482 3828 1657 3886 adhuc
1699 3831 1857 3884 aliam
1903 3832 2077 3901 inqui-

505 3930 643 3971 rere.
673 3915 854 3988 Itaque
884 3918 1056 3990 cogita
1084 3920 1211 3975 mihi
1244 3920 1500 3979 infantem
1530 3923 1871 3991 Imperatoris
1890 3966 1904 3990 ,
1934 3924 2077 3994 quod

502 4005 758 4074 quamdiu
800 4008 1015 4078 quidem
1046 4009 1205 4066 luerit
1252 4012 1309 4065 in
1349 4021 1530 4079 utero,
1580 4014 1710 4068 nihil
1753 4015 1946 4081 sentit;
1993 4016 2075 4071 sin

501 4100 679 4154 autem
707 4100 990 4168 contigerit
1016 4100 1165 4156 illum
1197 4114 1417 4171 repente
1447 4119 1749 4174 egressum,
1782 4107 2076 4163 ascendere

502 4190 1197 4261 lln'ouumimperatorium.
1234 4204 1419 4250 etnon
1445 4197 1735 4266 paulatim,
1779 4202 1873 4255 sed
1919 4203 2074 4256 simul

493 4308 557 4317 ..ρ-

572 4306 878 4316 —————_———

912 4307 2479 4332 Ἥ

2172 438 2224 485 et
2249 438 2473 499 repente
2502 430 2680 484 omnia
2708 429 2989 499 accipere:
3013 429 3092 485 sic
3113 434 3215 485 erit
3238 427 3322 483 hic
3344 438 3399 485 et
3420 427 3511 483 ille
3537 439 3741 485 status:

2173 530 2263 576 aut
2291 532 2347 576 ut
2373 523 2415 576 si
2446 521 2566 592 quis
2589 522 2678 592 qui
2709 520 2867 576 fuerit
2892 523 2944 577 in
2972 521 3194 578 vinculis
3214 563 3231 589 ,
3263 520 3399 576 mala
3430 536 3618 591 passus
3658 523 3745 577 in.

2174 613 2545 679 uulnerabilia,
2578 622 2800 682 repente
2826 612 2891 667 ad
2922 612 3105 667 sedem
3133 621 3315 681 raptus
3343 620 3488 667 esset
3518 611 3740 682 regiam.

2172 703 2276 759 Sed
2304 720 2475 775 neque
2505 706 2581 759 sic
2598 705 2880 774 imaginem
2900 721 3017 759 sum
3041 715 3226 760 exacte
3249 712 3587 774 assequutus.
3611 704 3743 761 Nam

2177 795 2265 852 hic
2293 798 2507 867 quidem
2537 797 2797 853 bonorum
2820 813 2940 867 qua:
2973 796 3135 852 fuerit
3156 804 3472 867 asseqnutus
3492 838 3507 863 ,
3535 798 3744 854 etiarnsi

2173 889 2342 958 ipsum
2367 889 2566 944 dixeris
2591 906 2833 958 regnum,
2859 890 3031 959 primo
3051 891 3140 945 die
3168 899 3222 945 ct
3242 890 3475 945 secundo
3501 899 3555 946 et
3586 893 3745 947 tertio

2172 980 2355 1049 vigens
2377 979 2530 1034 habet
2551 979 2874 1034 desiderium
2901 997 2914 1046 ;
2942 981 3261 1050 procedente
3282 990 3460 1036 autem
3481 992 3741 1051 tempore,

2170 1080 2351 1126 manet
2376 1070 2588 1140 quidem
2614 1072 2667 1126 in
2694 1072 2963 1142 voluptate
2992 1114 3006 1138 ,
3037 1072 3133 1127 sed
3178 1088 3280 1127 non
3327 1082 3471 1127 tanta
3506 1092 3519 1127 :
3548 1074 3748 1131 desinit
3812 1084 3815 1089 '

2171 1178 2296 1218 vero
2326 1178 2537 1232 semper
2580 1163 2649 1218 ob
2684 1162 3124 1219 consuetudinem
3171 1163 3576 1233 qualiscumque
3620 1166 3741 1223 sit:

2172 1255 2282 1311 illic
2306 1267 2483 1312 autem
2515 1274 2620 1312 nou
2647 1258 2817 1313 solum
2850 1275 2955 1314 non
2983 1257 3237 1312 minuitur
3256 1299 3272 1324 ,
3317 1256 3411 1311 sed
3439 1258 3597 1311 etiant
3627 1272 3748 1312 ere-

2171 1349 2291 1403 scit.
2326 1347 2511 1419 Cogita
2539 1352 2678 1405 enim
2706 1360 2964 1421 quantum
3012 1350 3082 1405 sit
3127 1351 3396 1416 animam,
3449 1365 3573 1405 eum
3617 1350 3746 1406 illuc

2172 1441 2385 1507 abierit,
2417 1456 2524 1496 non
2552 1442 2781 1511 amplius
2811 1450 3123 1511 exspectare
3149 1442 3310 1497 linem
3339 1442 3550 1499 illorum
3580 1442 3750 1498 bono-

2172 1546 2291 1586 rum
2309 1566 2325 1599 ,
2361 1547 2461 1587 nec
2486 1533 2830 1587 mutationem
2856 1572 2872 1600 ,
2903 1532 2997 1587 sed
3026 1533 3413 1590 incrementum
3439 1552 3463 1597 ,ν
3488 1542 3542 1587 et
3584 1533 3745 1588 vitam

2173 1636 2293 1693 quae
2323 1637 2428 1677 non
2463 1622 2623 1677 habet
2649 1623 2807 1678 linem
2826 1664 2840 1688 ,
2871 1623 2938 1676 ab
2967 1624 3110 1676 otnni
3140 1622 3351 1692 quidem
3395 1624 3631 1694 periculo
3679 1624 3747 1679 li-

2174 1702 2384 1780 beram,
2412 1722 2468 1770 et
2490 1715 2557 1769 ab
2587 1714 2731 1769 omni
2758 1716 2920 1769 animi
2946 1715 3259 1784 aegritudine
3280 1725 3334 1769 et
3362 1715 3745 1783 sollicitudine,

2174 1803 2385 1872 plenam
2412 1804 2572 1858 animi
2598 1804 2792 1874 gaudio
2816 1815 2870 1858 et
2905 1805 3057 1859 bonis
3082 1804 3395 1861 innumeris.
3425 1804 3482 1862 Si
3509 1807 3650 1862 enim
3692 1807 3749 1862 in

2175 1909 2422 1964 campum
2453 1907 2707 1951 exeuntes
2726 1939 2741 1963 ,
2776 1897 2862 1951 ubi
2887 1897 3125 1952 videmus
3155 1898 3382 1953 militum
3410 1899 3748 1957 tabernacula

2177 1985 2444 2055 tapetibus
2463 1986 2669 2040 conﬁxa
2689 2028 2703 2051 ,
2734 1997 2789 2043 et
2827 1987 3037 2042 lanceas
3062 1997 3117 2042 et
3155 1989 3335 2058 galeas
3358 1999 3414 2045 et
3439 1990 3752 2061 clypeorum

2177 2076 2434 2130 umbones
2455 2075 2878 2146 resplendentes,
2904 2089 3177 2148 stupentes
3219 2089 3274 2134 et
3318 2095 3603 2152 suspensos
3650 2098 3753 2138 nos

2178 2174 2324 2222 tenet
2356 2166 2666 2233 admiratio;
2691 2169 2737 2223 si
2761 2179 2939 2224 autem
2967 2172 3250 2242 contigerit
3277 2173 3460 2229 videre
3484 2190 3661 2245 regem
3694 2176 3746 2230 in

2176 2259 2351 2315 media
2376 2268 2699 2326 currentem,
2727 2270 2819 2316 aut
2846 2262 3005 2316 etiam
3028 2277 3147 2318 cum
3178 2266 3339 2319 armis
3361 2268 3535 2322 aureis
3553 2283 3749 2338 equum

2176 2361 2441 2421 agentem,
2465 2352 2597 2407 nihil
2617 2353 2770 2408 nobis
2789 2354 2977 2410 deesse
3000 2356 3402 2411 existimamus:
3423 2360 3546 2429 quid
3574 2371 3747 2430 putas,

2177 2443 2388 2512 quando
2417 2444 2705 2500 viderimus
2733 2458 2932 2501 interna
2955 2456 3261 2525 sanctorum
3287 2450 3622 2507 tabernacula
3646 2455 3751 2510 lixa

2176 2536 2230 2590 in
2256 2535 2443 2590 caelis?
2470 2535 2763 2606 Suscipient
2792 2539 2958 2604 enim,
2983 2539 3169 2610 inquit,
3195 2557 3280 2596 eos
3307 2542 3359 2597 in
3379 2554 3564 2599 wterna
3590 2547 3755 2602 taber-

2178 2628 2363 2682 nacula
2389 2627 2555 2698 (Luc.
2589 2629 2677 2684 16.
2709 2628 2780 2702 9)
2808 2647 2821 2684 :
2849 2631 3059 2701 quando
3087 2632 3284 2689 videris
3319 2651 3754 2709 unumquemque

2178 2720 2606 2790 resplendentem
2634 2722 2753 2790 plus
2782 2737 2940 2793 quam
2971 2723 3105 2778 radii
3130 2725 3254 2779 solis
3278 2766 3292 2789 ,
3321 2740 3424 2780 non
3452 2743 3517 2782 ex
3548 2743 3657 2785 aere
3697 2740 3753 2786 ct

2178 2812 2342 2877 ferro,
2372 2810 2466 2867 sed
2493 2827 2560 2868 ex
2587 2813 2674 2867 illa
2701 2814 2889 2883 gloria,
2912 2814 3065 2882 cujus
3085 2813 3316 2885 fulgores
3338 2831 3444 2871 non
3473 2827 3647 2887 potest
3669 2822 3754 2875 vi-

2178 2901 2307 2957 dere
2334 2902 2599 2958 humanus
2629 2903 2853 2959 oculus?
2880 2904 2946 2958 Et
2969 2904 3083 2958 haec
3098 2906 3309 2977 quidem
3338 2906 3393 2961 in
3411 2907 3748 2966 hominibus:

2179 2995 2306 3067 quid
2333 3011 2462 3052 vero
2491 2995 2689 3051 dixeris
2718 2996 2879 3050 multa
2920 2997 3229 3067 angelorum
3278 2999 3442 3053 millia
3465 3040 3484 3068 ,
3527 3004 3757 3057 archan-

2179 3089 2439 3158 gelorum,
2462 3087 2767 3152 Cherubim,
2793 3087 3093 3158 Seraphim,
3120 3088 3476 3157 Thronorum,
3506 3092 3759 3148 Domina-

2183 3181 2407 3247 tionum,
2439 3180 2860 3250 Principatuum,
2891 3181 3242 3249 Potestatutn,
3270 3199 3495 3253 quorum
3525 3185 3757 3254 pulchri-

2184 3274 2308 3330 tudo
2335 3288 2546 3329 omnem
2571 3281 2789 3343 superat
2810 3272 3216 3343 intelligentiam
3238 3275 3261 3329 ?
3282 3275 3389 3330 Sed
3434 3278 3576 3357 enim
3615 3294 3753 3346 quo-

2184 3381 2350 3436 usque
2380 3381 2483 3420 non
2530 3364 2781 3418 desistam
2828 3379 2890 3419 ea
2938 3365 3182 3435 persequi
3222 3381 3344 3436 quae
3382 3383 3488 3423 non
3537 3378 3757 3436 possunt

2181 3455 2604 3525 comprehendi?
2631 3453 2812 3525 Neque
2838 3456 2981 3510 enim
3005 3456 3179 3511 oculus
3202 3457 3347 3524 cidit,
3382 3458 3570 3527 inquit,
3602 3475 3760 3528 ireque

2182 3551 2322 3604 auris
2360 3549 2587 3615 audivit,
2620 3564 2778 3615 neque
2802 3548 2853 3601 in
2873 3563 2959 3602 cor
3010 3548 3227 3603 hominis
3271 3550 3600 3604 ascenderunt
3646 3567 3760 3620 qua

2183 3640 2323 3695 Deus
2346 3638 2647 3709 praeparavit
2667 3640 2728 3693 iis
2752 3639 2838 3710 qui
2862 3639 3029 3708 ipsum
3067 3638 3285 3709 diligunt
3313 3640 3331 3711 (
3355 3640 3404 3695 1.
3431 3639 3549 3696 Cor.
3575 3640 3629 3695 2.
3660 3642 3755 3714 9).

2184 3731 2321 3787 Nihil
2352 3741 2434 3787 est
2459 3746 2586 3802 ergo
2612 3730 2966 3786 miserabilius
2995 3730 3059 3785 iis
3087 3730 3175 3800 qui
3218 3746 3324 3784 non
3369 3742 3754 3802 assequuntur,

2185 3822 2359 3896 neque
2389 3827 2594 3883 beatius
2614 3828 2682 3883 iis
2699 3826 2791 3899 qui
2815 3834 3192 3897 assequuntur.
3225 3824 3401 3881 Simus
3427 3840 3556 3896 ergo
3575 3839 3676 3879 nos
3698 3838 3765 3880 ex

2185 3916 2375 3982 beatis,
2406 3926 2463 3972 ut
2491 3930 2692 3975 aeterna
2720 3931 3110 3987 consequamur
3135 3916 3294 3984 bona,
3322 3916 3377 3971 in
3399 3916 3611 3971 Christo
3638 3913 3770 3969 Jesu

2190 4007 2415 4071 Domino
2443 4019 2635 4065 nostro
2652 4050 2669 4075 ,
2695 4009 2908 4080 quicum
2933 4008 3073 4063 Patri
3096 4024 3197 4063 una
3217 4023 3338 4062 cum
3359 4018 3544 4062 sancto
3563 4006 3768 4077 Spiritu

2187 4122 2376 4192 gloria,
2405 4116 2710 4190 imperium,
2730 4117 2921 4178 honor,
2949 4127 3092 4169 nunc
3114 4120 3170 4168 et
3190 4124 3422 4181 semper,
3443 4116 3499 4165 et
3514 4112 3567 4164 in
3592 4121 3733 4165 satu
3748 4135 3771 4155 .

2185 4213 2237 4268 la
2264 4208 2604 4266 surculorum.
2633 4207 2828 4262 Amen.

2483 4318 2615 4332 -ξ

2623 4322 3494 4346 _.____________,

3498 4337 3765 4347 ————-

1805 4366 2155 4432 HOMILIA.
2193 4371 2325 4434 Vll.

492 4479 623 4536 Car.
654 4480 707 4535 ὦ.
745 4496 797 4535 v.
831 4481 916 4536 11.
974 4479 1292 4539 Festinemus
1335 4502 1454 4555 ergo
1499 4486 1699 4557 ingredi
1734 4489 1787 4542 in
1822 4489 1964 4544 illam
2000 4506 2082 4563 re-

562 4572 767 4643 quiem,
810 4582 863 4625 ut
909 4589 972 4626 ne
1006 4574 1072 4631 ,in
1107 4575 1327 4644 idipsum
1357 4577 1470 4645 quis
1497 4577 1687 4631 incidat
1712 4581 2081 4635 incredulitatis

561 4661 871 4732 exentplum.
902 4663 990 4717 12.
1033 4661 1186 4717 Vivus
1214 4675 1290 4719 est
1319 4668 1452 4720 enim
1478 4683 1642 4722 sermo
1671 4668 1768 4724 Dei
1792 4680 1840 4724 et
1881 4672 2073 4742 eﬁicax.

562 4764 609 4808 et
635 4753 993 4825 penetrabilior
1038 4756 1175 4810 omni
1202 4746 1376 4827 gladio
1406 4759 1655 4829 ancipiti,
1701 4771 1749 4815 et
1793 4765 2078 4834 pertingens

560 4861 719 4914 usque
741 4847 808 4901 ad
833 4846 1126 4902 divisionem
1148 4849 1333 4902 animi?
1356 4859 1402 4903 et
1422 4850 1650 4919 spiritus,
1673 4868 2078 4925 compagmnque

563 4952 623 4987 ac
646 4938 982 4992 medullarum
1008 4979 1024 5006 ,
1055 4946 1101 4992 et
1133 4938 1378 4994 discretor
1413 4942 1772 5013 cogitationum
1811 4954 1857 4997 et
1908 4944 2076 4999 inten-

565 5030 759 5083 tionum
784 5034 985 5088 cordis:
1004 5034 1090 5090 15.
1124 5044 1169 5089 et
1195 5050 1297 5089 non
1319 5044 1390 5090 est
1414 5034 1526 5091 ulla
1550 5047 1786 5092 creatura
1808 5039 2077 5094 irwisibilis

562 5122 615 5175 in
644 5132 911 5187 conspectu
935 5125 1084 5193 ejus;
1112 5128 1283 5182 omnia
1312 5139 1480 5183 autem
1507 5129 1645 5182 nuda
1668 5139 1715 5185 et
1740 5140 1919 5201 aperta
1954 5140 2073 5186 sunt

559 5212 717 5268 oculis
737 5200 869 5284 ejus,
890 5215 959 5268 ad
978 5232 1123 5284 quem
1149 5220 1290 5276 nobis
1314 5238 1500 5277 sermo.

561 5412 612 5465 1.
658 5410 816 5466 Fides
862 5425 948 5465 res
991 5421 1075 5467 est
1115 5431 1302 5482 magna
1355 5429 1406 5472 et
1446 5419 1719 5484 salutaris,
1773 5432 1827 5475 et
1870 5422 2071 5492 absque

486 5516 550 5555 ea
591 5501 707 5558 licri
749 5520 852 5558 non
904 5510 1079 5573 potest
1114 5513 1168 5558 ut
1202 5507 1333 5561 salvi
1382 5509 1570 5565 simus.
1624 5512 1692 5565 At
1742 5527 1846 5565 non
1886 5521 2064 5582 potest

487 5605 585 5662 per
609 5605 668 5646 se
690 5592 805 5648 sola
830 5592 882 5647 id
903 5591 1140 5661 elllcere,
1174 5595 1267 5649 sed
1297 5597 1459 5664 proba
1484 5601 1640 5655 etiam
1687 5600 1792 5654 vita
1836 5602 2067 5670 requiri-

486 5690 595 5739 tur.
630 5680 753 5736 Ideo
784 5682 978 5739 Paulus
1004 5701 1215 5755 quoque
1245 5703 1338 5742 eos
1365 5687 1616 5744 admonet
1659 5692 1746 5761 qui
1786 5691 1893 5761 jatn
1944 5703 2070 5749 sunt

484 5768 685 5845 dignati
711 5774 998 5847 mysteriis,
1027 5775 1209 5832 dicens
1238 5795 1250 5831 :
1280 5775 1593 5834 ("extimarum
1620 5781 1816 5850 ingredi
1843 5775 1893 5833 in
1920 5781 2063 5837 illaut

2188 4486 2427 4557 requiem.
2447 4487 2781 4554 Festinemus,
2812 4489 3001 4562 inquit,
3032 4505 3095 4546 ac
3117 4492 3423 4546 Studeamus
3450 4501 3628 4561 utpote
3645 4507 3767 4546 cum

2184 4578 2316 4632 lides
2340 4593 2444 4633 non
2481 4579 2727 4645 sufﬁciat,
2747 4582 2840 4635 sed
2871 4581 3029 4637 etiam
3050 4581 3239 4638 debeat
3259 4581 3362 4636 vita
3379 4582 3554 4650 adjici,
3579 4593 3627 4637 et
3646 4600 3763 4636 ma-

2182 4685 2341 4741 guum
2368 4671 2609 4727 adhiberi
2640 4674 2892 4729 studium.
2926 4672 3131 4730 Revera
3148 4676 3292 4729 enim
3327 4674 3493 4727 multo
3522 4689 3656 4743 Opus
3684 4686 3769 4728 est

2181 4761 2361 4816 studio
2378 4771 2434 4817 ut
2448 4764 2795 4819 ascendamus
2811 4766 2862 4820 in
2882 4765 3091 4820 caelum.
3109 4765 3162 4821 Si
3186 4766 3326 4820 enim
3346 4773 3483 4820 terra
3504 4782 3607 4819 non
3634 4775 3759 4819 sunt

2182 4850 2378 4922 dignati
2401 4853 2489 4923 qui
2520 4863 2692 4909 tantas
2706 4856 2951 4910 miserias
2964 4867 3019 4911 et
3036 4857 3363 4912 calamitates
3380 4857 3612 4927 perpessi
3641 4867 3766 4911 sunt

2184 4943 2237 4998 in
2254 4944 2490 5014 deserto,
2520 4957 2574 5002 et
2603 4957 2798 5003 terram
2830 4963 2935 5003 non
2958 4953 3488 5020 potncruntassequi,
3511 4952 3762 5021 quoniam

2185 5048 2652 5095 murmuraruntet
2674 5042 2922 5110 quoniam
2946 5053 3067 5096 sunt
3085 5042 3353 5098 fornicati:
3375 5045 3641 5114 quomodo
3662 5063 3761 5101 nos

2178 5144 2343 5199 regno
2368 5133 2617 5187 caalorum
2634 5132 2776 5205 digni
2800 5133 3133 5203 habebimur,
3152 5136 3240 5206 qui
3269 5136 3431 5191 vitam
3458 5138 3767 5193 inconside-

2179 5231 2291 5275 rate
2315 5223 2606 5294 ignaveque
2632 5232 2688 5280 et
2727 5225 2960 5296 segniter
2987 5227 3226 5297 agimus?
3247 5228 3409 5285 Multo
3445 5246 3571 5301 ergo
3607 5232 3762 5286 nolns

2176 5328 2311 5383 Opus
2346 5324 2432 5373 est
2458 5316 2652 5372 studio.
2698 5316 2829 5372 Vide
2853 5312 3030 5375 autem
3066 5321 3206 5392 mind
3237 5338 3343 5377 non
3374 5323 3626 5380 damnum
3670 5344 3763 5381 eo—

2179 5420 2346 5475 usque
2366 5409 2719 5474 constituerit,
2748 5409 2889 5480 quod
2922 5427 3024 5466 non
3046 5412 3408 5484 ingrediamur
3437 5435 3451 5471 :
3482 5432 3585 5471 non
3615 5420 3758 5472 enim

2181 5509 2336 5573 dixit,
2360 5509 2680 5565 Studeamus
2707 5510 2910 5578 ingredi
2942 5510 2992 5564 in
3025 5510 3170 5567 illam
3199 5514 3458 5582 requiem,
3489 5530 3556 5569 nc
3584 5530 3611 5568 a
3642 5525 3762 5570 tau-

2186 5603 2254 5657 tis
2297 5602 2452 5658 bonis
2491 5602 2832 5667 excidemus;
2864 5602 2956 5657 sed
2999 5602 3051 5657 id
3094 5604 3301 5659 addidit
3339 5604 3477 5674 quod
3512 5606 3760 5662 homines

2180 5698 2503 5766 magnopere
2543 5696 2766 5750 excitat.
2791 5697 3054 5764 Quidnam
3091 5707 3173 5752 est
3214 5697 3362 5754 hoc?
3396 5697 3463 5754 Ut
3491 5716 3554 5753 ne
3590 5701 3642 5753 in
3672 5700 3756 5752 id-

2177 5790 2344 5861 ipsum
2374 5794 2485 5862 quis
2516 5789 2706 5845 incidat
2748 5790 3115 5846 incredulitatis
3150 5792 3431 5865 exemplum
3456 5808 3475 5858 ,'
3510 5793 3610 5848 hoc
3638 5805 3719 5850 cst
3745 5836 3761 5859 ,
