4088 6212
342 197 405 255 61
1155 166 1221 223 ΙΝ
1261 169 1478 228 EPIST.
1519 172 1610 227 AD
1651 173 2019 236 llEBRIEOS.
2059 181 2214 240 CAP.
2255 185 2343 242 IV.
2385 187 2621 249 HOMIL.
2670 194 2777 252 VII.
3526 215 3592 273 οξ

343 294 400 338 ut
450 282 557 338 illic
602 283 894 339 habeamus
937 296 1208 354 mentem,
1249 292 1926 369 spem,exspectati0nem,

2022 295 2204 353 es'sent
2232 298 2300 354 ad
2324 301 2465 370 ipsas
2487 309 2701 372 portas,
2731 306 2782 358 in
2813 305 2930 375 ipso
2957 317 3132 376 portu,
3165 320 3289 364 sunt
3314 312 3600 367 submersi.

344 393 410 431 ne
438 376 692 430 similiter
718 376 1045 432 excidamus.
1079 379 1211 434 Nam
1234 380 1929 461 quod'ex‘eide‘mus‘,‘signi‘-
2011 383 2032 440 Γ
2088 397 2134 443 ie
2154 389 2222 445 de
2241 391 2392 446 vobis
2414 409 2633 464 quoque
2656 396 2839 463 timeo,
2860 396 3053 468 inquit.
3084 400 3197 456 Hoc
3215 411 3316 466 est,
3346 403 3412 458 In
3435 407 3600 475 ipsum

337 468 466 521 ﬂeat
494 467 800 538 exemplum
831 486 846 523 :
880 468 948 524 Ut
976 487 1038 525 ne
1059 473 1112 525 in
1135 473 1381 543 i‘dipsum,
1417 477 1605 548 inquit.
1637 481 1837 539 Deinde
1859 499 1925 542 ne

338 559 586 626 audiens,
619 557 685 612 In
712 559 956 629 idipsum,
981 564 1255 620 existimes
1278 567 1416 622 idem
1435 587 1557 626 esse
1578 575 1919 644 supplicium;

337 648 464 702 audi
509 649 642 720 quid
690 649 1023 721 subjungat':
1066 652 1219 709 Vivus
1259 668 1333 711 est
1374 660 1510 714 enim
1549 677 1714 718 sermo
1758 666 1850 721 Dei
1881 677 1927 723 et

337 740 538 810 (ﬁcu,
576 743 938 811 penetrabilior
957 745 1096 798 omni
1113 747 1286 817 gladio
1303 752 1537 820 ancipiti,
1565 769 1611 808 et
1638 757 1926 829 pertingens

336 846 499 899 usque
531 833 598 884 ad
632 831 928 887 divisionem
954 837 1140 890 anima
1165 848 1210 891 et
1239 841 1446 906 spiritus
1472 884 1486 906 ,
1528 857 1926 921 compagumqne

334 931 389 975 et
429 922 768 977 medullarum
789 964 803 988 ,
849 935 899 978 et
920 949 922 951 >
943 927 1186 982 discretor
1213 934 1576 1002 cogitationum
1603 942 1790 995 cordis.
1825 943 1925 999 llic

332 1029 552 1083 quoque
575 1016 813 1071 ostendit
846 1019 987 1088 quod
1010 1020 1097 1074 illa
1121 1023 1281 1077 etiam
1306 1025 1432 1081 fecit
1462 1029 1574 1098 ipse
1604 1033 1698 1088 Dei
1718 1050 1920 1105 sermo,

333 1115 392 1160 et
418 1107 586 1172 vivit,
620 1123 721 1162 nec
751 1111 1046 1166 exstinctus
1075 1123 1176 1168 est.
1226 1115 1305 1171 Ne
1329 1133 1463 1189 ergo
1490 1126 1743 1191 quoniam
1773 1128 1928 1182 audi-

332 1198 460 1252 visti
503 1215 845 1265 sermonem,
892 1203 942 1257 id
982 1205 1322 1263 solummodo
1360 1213 1548 1269 audias
1577 1235 1590 1268 :
1619 1228 1700 1271 est
1741 1221 1919 1289 enim,

332 1289 530 1361 inquit,
559 1294 946 1360 penetrabilior
968 1296 1168 1365 gladio.
1195 1297 1328 1355 Vide
1350 1306 1620 1372 quomodo
1649 1315 1707 1364 se
1732 1311 1925 1366 demit-

335 1390 451 1447 tat,
483 1393 535 1437 et
579 1384 702 1439 hinc
744 1387 1022 1443 considera
1063 1405 1292 1459 quanam
1335 1395 1402 1449 de
1444 1411 1602 1454 causa
1651 1417 1783 1472 opus
1829 1405 1922 1462 fuit

331 1477 506 1536 etiam
549 1478 822 1549 prOphetis
864 1492 920 1536 ut
947 1481 1186 1539 dicerent
1222 1486 1492 1556 gladium,
1523 1504 1577 1548 et
1616 1510 1798 1552 areum
1821 1539 1835 1564 ,
1867 1508 1927 1556 et

332 1569 724 1640 rhompbmam.
759 1571 881 1626 Nisi
905 1576 1150 1643 conversi,
1184 1577 1377 1648 inquit,
1410 1584 1654 1653 fueritis,
1690 1588 1920 1658 gladium

329 1674 484 1715 suum
511 1661 757 1730 ribrabit,
786 1679 962 1718 arcum
985 1682 1137 1721 suum
1178 1671 1425 1738 tetendit,
1457 1685 1505 1727 et
1534 1679 1732 1745 parauit
1771 1681 1918 1736 illum

331 1752 508 1824 (Psal.
543 1754 593 1842 7.
627 1754 740 1824 15).
769 1755 905 1811 Nam
931 1758 978 1812 si
1005 1774 1145 1815 nunc
1172 1801 1187 1826 ,
1234 1772 1358 1830 post
1385 1773 1590 1822 tantum
1633 1773 1841 1843 tempus
1865 1777 1920 1829 et

330 1847 851 1903 consummationem
871 1888 888 1914 ,
924 1864 1030 1904 non
1058 1862 1234 1920 potest
1258 1856 1474 1911 nomine
1500 1863 1918 1920 sermonis'tan;

332 1949 445 1993 tum
470 1948 698 2005 terrere,
730 1939 828 1996 sed
852 1941 935 1996 his
955 1943 1117 1998 etiam
1145 1947 1322 2001 verbis
1352 1948 1576 2021 indiget,
1612 1962 1668 2007 ut
1692 1969 1916 2026 eoiupao

329 2031 553 2086 rationis
569 2031 831 2087 ostendat
850 2035 1355 2102 exsuperationem':
1387 2042 1559 2098 multo
1579 2047 1744 2116 magis
1766 2059 1914 2104 tunc.

331 2119 632 2194 Pertingens
653 2140 811 2193 usque
837 2124 904 2178 ad
930 2126 1226 2182 diuisionem
1248 2131 1435 2186 animae
1459 2144 1504 2188 et
1527 2138 1754 2206 spiritus.
1778 2141 1912 2207 Quid

327 2214 435 2270 hoc
477 2217 599 2271 est?
639 2216 972 2288 Signiﬁcavit
1016 2220 1218 2290 aliquid
1266 2224 1558 2281 terribilius
1588 2246 1602 2283 :
1633 2240 1726 2284 aut
1763 2235 1902 2301 quod

325 2317 572 2386 Spiritum
598 2315 788 2372 dividit
817 2321 882 2372 ab
904 2320 1084 2374 anima
1113 2338 1127 2372 :
1155 2329 1248 2374 aut
1275 2320 1418 2389 quod
1451 2321 1609 2375 etiam
1641 2322 1753 2390 ipsa
1783 2336 1920 2390 pert

325 2410 476 2464 vadit
505 2411 818 2479 incorporea
840 2451 855 2475 ,
884 2425 989 2465 non
1021 2411 1473 2481 quemadmodum
1503 2413 1709 2483 gladius
1734 2413 1907 2468 solum

325 2514 587 2568 corpora.
629 2499 730 2554 llic
758 2501 979 2556 ostendit
1015 2501 1158 2572 quod
1200 2512 1258 2558 et
1299 2504 1478 2559 anima
1526 2505 1777 2574 puniatur
1807 2546 1822 2571 ,
1854 2514 1910 2560 et

328 2588 483 2658 quod
513 2604 632 2658 quae
656 2599 777 2643 sunt
806 2591 981 2646 intima
1011 2602 1301 2659 scrutetur,
1334 2604 1504 2648 totum
1537 2597 1748 2664 penitus
1779 2604 1920 2666 per-’

325 2679 538 2736 vadens
563 2681 852 2736 hominem.
895 2683 962 2737 Et
1000 2683 1249 2739 discretor
1277 2688 1636 2756 cogitationum
1666 2699 1714 2743 et
1740 2689 1908 2742 inten-

323 2769 524 2823 tionum
559 2773 750 2826 cordis.
783 2770 850 2825 Et
881 2790 981 2826 non
1022 2785 1095 2828 est
1138 2775 1246 2828 ulla
1284 2786 1518 2830 creatura
1555 2778 1817 2832 invisibilis
1856 2780 1910 2832 in

322 2870 596 2930 conspectu
623 2859 754 2928 eius.
788 2863 887 2916 llic
929 2877 1022 2918 eos
1061 2865 1295 2919 maxime
1323 2866 1534 2921 terruit.
1579 2867 1694 2922 Non
1728 2868 1869 2924 enim
1891 2910 1906 2933 ,

321 2950 374 3003 si
408 2950 603 3018 adhuc,
629 2952 815 3023 inquit,
858 2954 912 3007 in
946 2953 1047 3010 ﬁde
1072 2956 1248 3023 statis,
1278 2956 1372 3012 sed
1404 2974 1508 3012 non
1537 2975 1659 3013 cum
1687 2969 1831 3014 certa
1856 2969 1912 3016 et

322 3043 487 3111 plena
537 3046 918 3112 persuasione,
960 3046 1246 3102 conﬁdatis
1276 3067 1288 3100 :
1323 3049 1437 3118 ipse
1479 3048 1744 3118 judicabit
1783 3068 1906 3123 qua:

319 3145 448 3188 sunt
486 3136 538 3189 in
564 3138 728 3193 corde
758 3159 771 3194 :
802 3154 868 3194 eo
895 3140 1038 3194 enim
1064 3141 1307 3210 pervadit
1340 3152 1394 3198 et
1421 3143 1648 3213 puniens
1678 3153 1735 3200 et
1775 3158 1908 3200 esa-

320 3227 553 3280 uimaus.
586 3227 656 3282 Et
699 3230 827 3299 quid
863 3230 1005 3296 dico,
1039 3231 1248 3302 inquit,
1296 3232 1362 3288 de
1405 3233 1756 3291 hominibus?
1783 3251 1905 3290 nam

316 3318 421 3370 etsi
475 3317 626 3372 dicas
649 3322 870 3390 angelos
912 3330 968 3376 et
1002 3321 1352 3394 archangelos
1378 3366 1394 3391 ,
1433 3335 1488 3381 et
1522 3325 1812 3381 Cherubim
1851 3336 1907 3382 et

317 3408 601 3477 Seraphin)
625 3451 642 3476 ,
693 3419 750 3466 et
790 3427 1187 3484 quamcumque
1233 3424 1572 3482 creaturam,
1607 3418 1786 3472 omnia
1829 3419 1903 3473 illi

315 3499 477 3552 oculo
503 3509 630 3553 sunt
657 3509 839 3569 aperta
860 3543 877 3570 ,
913 3502 1092 3557 omnia
1131 3504 1278 3559 clara
1323 3514 1377 3560 et
1419 3506 1698 3563 manifesta
1719 3550 1737 3576 ,
1769 3509 1901 3564 nihil

317 3599 403 3644 est
447 3591 593 3660 quod
639 3593 812 3660 possit
854 3607 979 3648 eum
1027 3593 1241 3651 latere:
1275 3595 1462 3650 Omnia
1507 3607 1624 3652 sunt
1669 3598 1808 3653 nuda
1855 3609 1900 3655 et

316 3693 493 3747 aperta
522 3684 683 3736 oculis
712 3685 848 3753 ejus,
881 3685 948 3739 ad
976 3703 1122 3757 quem
1145 3687 1289 3742 nobis
1313 3705 1476 3744 sermo
1501 3690 1540 3742 ⁸.
1573 3691 1774 3760 Aperta
1802 3705 1899 3747 au-

316 3783 426 3828 tem
451 3774 638 3830 Gra‘ce
669 3775 866 3830 dicitur
887 3787 1314 3849 τιτραχηλισμᾶνα,
1349 3779 1402 3834 id
1433 3789 1536 3847 est,
1565 3783 1895 3852 resupinata,

312 3880 343 3918 a
374 3865 697 3935 metaphora
726 3867 946 3936 pellium
970 3885 1088 3939 quae
1118 3871 1472 3926 extrahuntur
1495 3887 1523 3925 a
1553 3873 1803 3928 victimis.
1832 3873 1900 3930 Ut

315 3957 461 4010 enim
493 3958 712 4027 quando
735 3960 1002 4031 quispiam
1033 3962 1141 4017 illis
1167 3962 1420 4035 jugulatis
1450 3965 1644 4034 pellem
1673 3981 1703 4020 a
1731 3981 1898 4023 carne

311 4050 660 4113 abstraxerit,
707 4049 885 4106 omnia
931 4069 1050 4123 qua:
1093 4064 1221 4108 sunt
1267 4056 1409 4111 intus
1460 4059 1671 4128 aperit,
1699 4067 1754 4115 et
1795 4075 1899 4114 no-

314 4142 440 4194 stris
480 4140 656 4196 oculis
693 4142 868 4198 reddit
905 4143 1183 4200 manifesta
1214 4163 1228 4199 :
1259 4147 1332 4201 ita
1377 4150 1537 4204 etiam
1586 4151 1700 4206 Deo
1751 4152 1896 4208 clara

312 4239 368 4283 et
427 4231 709 4286 manifesta
795 4234 1064 4304 pr0posita
1123 4245 1248 4290 sunt
1296 4238 1494 4292 omnia.
1576 4240 1656 4294 Tu
1718 4252 1894 4297 autem

313 4320 440 4374 mihi
465 4322 751 4376 considera
789 4324 1060 4394 quomodo
1086 4327 1358 4396 corporeis
1386 4343 1600 4400 semper
1626 4346 1762 4401 opus
1796 4331 1895 4386 ha-

313 4407 400 4464 bet
440 4411 769 4480 imaginibus
800 4429 814 4465 :
844 4413 986 4483 quod
1029 4415 1243 4485 quidem
1292 4427 1407 4472 erat
1439 4419 1744 4476 auditorum
1792 4422 1894 4476 im-

311 4501 644 4557 becillitatis.
685 4501 817 4558 Nam
864 4505 1004 4576 quod
1047 4518 1225 4562 essent
1271 4509 1564 4576 imbecilli,
1610 4511 1887 4578 ostendit,

311 4594 498 4648 dicens
530 4609 626 4650 eos
655 4611 778 4651 esse
805 4596 1049 4663 hebetes,
1080 4609 1137 4654 ut
1167 4601 1253 4670 qui
1293 4616 1428 4672 opus
1457 4603 1690 4660 habeant
1719 4606 1891 4674 laete,

311 4701 421 4740 non
463 4687 637 4741 solido
679 4688 820 4744 cibo.
867 4687 1051 4744 Omnia
1094 4702 1209 4746 sunt
1250 4694 1388 4748 nuda
1429 4705 1478 4749 et
1525 4707 1702 4766 aperta
1730 4700 1892 4755 oculis

307 4778 442 4843 eius,
475 4778 546 4830 ad
571 4795 717 4848 quem
744 4779 885 4835 nobis
912 4791 982 4836 est
1008 4799 1192 4836 sermo.
1221 4783 1358 4850 Quid
1398 4801 1525 4841 vero
1548 4797 1666 4855 est,
1714 4789 1781 4844 In
1804 4789 1888 4842 id-

308 4869 476 4934 ipstnn
515 4868 1259 4943 incredulitatis-exemplum?
1303 4874 1369 4930 Ut
1418 4875 1464 4930 si
1504 4879 1624 4947 quis
1667 4893 1884 4934 causam

310 4974 562 5026 quaerens
587 4961 752 5028 dicat,
786 4963 896 5018 Cur
921 4981 1026 5019 non
1057 4965 1306 5022 viderunt
1343 4968 1418 5024 illi
1451 4972 1693 5026 terram?
1721 4973 1890 5029 Acce-

312 5063 502 5119 pcrant
544 5053 759 5108 arrham
793 5055 886 5110 Dei
917 5058 1170 5126 potentia:
1191 5098 1208 5124 ,
1236 5069 1290 5115 et
1316 5076 1436 5115 eum
1475 5073 1750 5133 oporteret
1775 5081 1894 5122 cre—

303 5155 464 5220 dere,
502 5159 691 5212 terrori
731 5162 897 5230 magis
926 5164 1202 5231 cedentes,
1233 5177 1286 5221 et
1311 5167 1452 5221 nulla
1475 5167 1541 5222 de
1569 5167 1678 5222 Deo
1701 5183 1885 5237 magna

302 5248 636 5317 apprehensa
660 5251 889 5314 visione,
915 5256 1197 5326 pusillique
1217 5265 1269 5310 et
1293 5257 1484 5326 abjecti
1501 5258 1662 5311 auuni
1687 5256 1884 5324 effecti,

305 5339 600 5405 perierunt.
647 5341 832 5398 Potest
868 5347 1030 5400 etiam
1075 5347 1275 5417 aliquid
1318 5347 1463 5404 aliud
1507 5349 1650 5416 dici,
1692 5359 1887 5419 nempe

304 5429 446 5490 quod
471 5447 595 5486 cum
639 5432 742 5487 via:
780 5435 1041 5505 majorem
1085 5449 1288 5508 partem
1324 5437 1720 5506 confecissent;
1763 5453 1887 5494 cum

379 5580 395 5607 ί
425 5577 546 5635 Qum
569 5575 874 5644 [ις-ςεειεξάιιῐιε,⁸
894 5575 958 5626 ab
979 5576 1138 5644 initio.
1163 5577 1334 5627 omissa
1359 5588 1471 5630 sunt
1493 5579 1540 5629 iu
1561 5578 1794 5643 Colbert.,
1822 5581 1903 5644 qui

319 5649 346 5686 a
365 5640 690 5702 sequentibus
712 5638 957 5690 homiliam
983 5640 1098 5704 inci;
1117 5640 1168 5689 it.
1229 5673 1232 5676 .
1363 5670 1365 5672 -

2021 480 2306 550 exemplum
2331 485 2718 543 incredulitatis.
2749 487 2881 542 Nam
2909 490 3052 560 quod
3077 490 3176 560 ipsi
3207 509 3420 563 quoque
3439 501 3599 551 multa

2021 573 2162 641 passi
2199 575 2324 637 sint,
2357 575 2460 628 illis
2491 589 2670 646 postea
2703 579 2802 633 l'ert
2835 582 3220 647 testimonium,
3245 585 3429 642 dicens
3459 606 3472 641 :
3504 587 3600 640 lla.

2021 667 2366 719 memoramini
2384 669 2624 737 pristinos
2645 670 2771 737 dies,
2801 672 2854 726 in
2869 675 3049 744 quibus
3069 676 3344 732 illuminati
3363 695 3602 749 magnum

2019 767 2272 810 certamen
2301 761 2614 816 sustinuistis
2639 765 2931 832 passionum
2965 765 3149 838 (Hebr.
3181 770 3269 826 l0.
3294 770 3406 841 59.).
3433 771 3602 826 Nemo

2020 862 2150 917 ergo
2177 851 2247 904 sit
2278 853 2457 920 pusilli
2488 865 2541 908 et
2571 855 2764 924 abjecti
2797 859 3002 926 animi,
3034 877 3209 932 neque
3253 863 3304 917 in
3350 863 3453 919 ﬁne
3481 867 3601 919 aui-

2022 957 2165 995 mum
2205 942 2547 1013 despondeas
2573 948 2842 1003 concidat.
2877 950 3014 1005 Sunt
3043 953 3184 1006 enim
3207 997 3221 1021 ,
3253 965 3377 1010 sunt
3416 957 3503 1027 qui
3546 959 3598 1011 in

2021 1033 2288 1104 principio
2309 1035 2526 1104 quidem
2560 1050 2804 1107 prompto
2826 1049 2879 1094 ct
2910 1042 3071 1096 alacri
3099 1046 3280 1100 animo
3306 1049 3598 1103 certamina

2018 1123 2415 1194 aggrediuntur,
2451 1135 2632 1197 postea
2661 1140 2836 1184 autem
2873 1133 2964 1186 toti
3008 1150 3192 1203 parum
3239 1138 3481 1193 nolentes
3504 1141 3600 1194 ad-

2013 1215 2201 1284 jicere,
2237 1225 2403 1271 totum
2436 1219 2800 1288 perdiderunt.
2849 1222 3165 1289 Sufﬁciunt,
3200 1228 3400 1296 inquit,
3428 1231 3598 1296 majo-

2019 1320 2104 1361 res
2138 1308 2203 1362 ad
2236 1324 2330 1363 vos
2359 1310 2684 1366 erudiendos
2713 1329 2780 1368 ne
2812 1314 2861 1368 in
2890 1315 3075 1370 eadem
3111 1317 3389 1384 incidatis,
3423 1336 3600 1390 neque

2017 1397 2202 1452 eadem
2230 1401 2505 1468 patiamini
2531 1418 2650 1471 quae
2675 1404 2818 1473 passi
2846 1415 2991 1459 sunt.
3027 1406 3138 1462 Hoc
3167 1418 3251 1463 est
3274 1450 3290 1474 ,
3336 1409 3402 1464 In
3431 1413 3598 1481 ipsum

2015 1489 2383 1545 incredulitatis
2429 1491 2746 1564 exemplum.‘
2808 1496 2887 1552 Ne
2940 1497 3332 1568 dissolvantur,
3387 1503 3594 1572 inquit,

2015 1593 2067 1640 et
2099 1600 2420 1642 enervetnur
2453 1605 2467 1642 :
2495 1588 2637 1657 quod
2676 1589 2838 1644 etiam
2877 1590 3008 1647 dicit
3049 1592 3102 1646 in
3146 1593 3252 1647 ﬁne
3275 1636 3291 1660 ,
3340 1594 3597 1652 Reiuissas

2015 1693 2196 1730 manus
2238 1687 2283 1730 et
2326 1695 2490 1747 genua
2528 1680 2694 1733 soluta
2735 1681 2952 1751 erigite(
2981 1681 3137 1736 Hebr.
3169 1684 3254 1738 12.
3285 1685 3407 1755 12).
3440 1685 3508 1741 Ut
3535 1705 3597 1741 ne

2014 1767 2067 1820 in
2104 1767 2360 1834 idipsum,
2404 1770 2594 1837 inquit,
2639 1771 2751 1838 quis
2791 1771 2978 1824 incidat
3018 1774 3386 1829 incredulitatis
3423 1792 3594 1829 exem-

2015 1859 2156 1930 p‘lum
2183 1876 2202 1912 :
2233 1859 2334 1912 hoc
2363 1861 2505 1912 enim
2531 1871 2613 1914 est
2637 1876 2824 1916 revera
2855 1863 3066 1917 cadere.
3097 1865 3298 1920 Deinde
3319 1905 3335 1930 ,
3379 1883 3445 1920 ne
3471 1882 3592 1921 cum

2011 1951 2256 2004 audisses
2275 1950 2414 2019 quod
2437 1952 2557 2020 quis
2584 1953 2635 2005 in
2665 1953 2894 2020 idipsutn
2918 1955 3220 2022 exemplum
3251 1957 3424 2019 cadat,
3448 1974 3596 2010 eain-

2013 2041 2385 2095 dem‘m‘ortem
2416 2043 2692 2097 existimes
2721 2059 2879 2111 quam
2911 2043 2984 2097 illi
3015 2045 3284 2108 obierunt.
3321 2047 3437 2100 vide
3467 2048 3590 2114 quid

2011 2133 2152 2188 dicat
2188 2151 2200 2186 :
2243 2131 2395 2186 Vivus
2423 2143 2496 2186 est
2527 2135 2658 2186 enim
2699 2149 2864 2187 sermo
2890 2133 2988 2188 Dei
3029 2143 3075 2188 et
3117 2135 3315 2204 eﬁicaz,
3348 2145 3394 2189 et
3438 2153 3592 2206 pcne-

2013 2224 2246 2278 trabilior
2263 2226 2398 2278 omni
2423 2224 2598 2294 gladio
2624 2225 2852 2294 ancipiti.
2875 2224 3076 2292 Quovis
3101 2226 3242 2279 enim
3273 2225 3450 2295 gladio
3473 2242 3594 2295 gra-

2013 2319 2130 2370 vius
2162 2316 2212 2368 iu
2249 2324 2434 2368 eorum
2475 2314 2681 2368 animas
2717 2314 2871 2368 irruit
2904 2328 3083 2368 sermo
3112 2355 3126 2379 ,
3170 2330 3359 2384 graves
3412 2317 3592 2385 plagas

2014 2408 2254 2465 inferens
2277 2449 2292 2470 ,
2326 2407 2619 2475 letalesque
2651 2406 2742 2459 dat
2777 2406 3067 2461 sectiones.
3097 2405 3281 2476 Neque
3312 2423 3440 2461 vero
3460 2423 3593 2476 opim

2013 2513 2096 2558 est
2126 2513 2183 2556 ut
2207 2516 2391 2555 eorum
2414 2499 2646 2553 adducat
2676 2498 3212 2563 demonstrationem,
3245 2515 3417 2570 neque
3449 2509 3590 2556 utea

2012 2595 2299 2666 probetne
2341 2593 2654 2655 conﬁrmet,
2682 2607 2804 2646 cum
2847 2591 2984 2646 adeo
3025 2593 3357 2647 manifestam
3399 2593 3592 2648 habeat

2015 2685 2383 2740 narrationem
2413 2683 2512 2754 (a).
2540 2683 2670 2737 Nam
2693 2682 2982 2753 quodnam,
3011 2683 3221 2754 inquit,
3251 2684 3447 2740 bellum
3473 2686 3591 2739 illos

2030 2779 2292 2853 perdidit?
2313 2782 2430 2851 quis
2451 2779 2701 2850 gladius?
2727 2783 2901 2833 annoii
2934 2777 3091 2848 plane
3117 2791 3213 2830 sua
3240 2788 3429 2844 sponte
3453 2777 3598 2830 ceci-

2025 2872 2259 2928 derunt?
2302 2868 2380 2926 Ne
2409 2884 2538 2940 ergo
2558 2912 2574 2935 ,
2605 2869 2858 2938 quoniam
2902 2874 3006 2922 non
3039 2867 3228 2922 eadem
3265 2881 3448 2920 sumus
3479 2880 3599 2935 per-

2027 2963 2162 3033 pessi
2185 3003 2201 3029 ,
2239 2962 2407 3016 simus
2444 2960 2620 3015 securi
2655 2958 2955 3029 :quamdiu
2996 2958 3189 3012 dicitur
3227 2957 3386 3013 hodie
3410 2998 3426 3022 ,
3471 2956 3601 3011 licet

2025 3053 2175 3107 nobis
2218 3051 2447 3106 recreari
2489 3058 2551 3104 et‘
2584 3049 2756 3104 reﬁci.
2805 3047 2912 3103 Sed
2956 3061 3078 3101 cum
3123 3049 3237 3102 lucc
3273 3046 3495 3110 dixerit,
3529 3060 3598 3100 ne

2024 3142 2299 3197 audientes
2328 3157 2448 3211 quae
2473 3150 2600 3194 sunt
2644 3139 2868 3204 animat,
2908 3138 3078 3207 ignavi
3111 3138 3219 3192 sint
3245 3148 3298 3193 et
3319 3136 3595 3197 socordes,

2020 3235 2165 3289 addit
2206 3233 2370 3290 etiam
2404 3248 2522 3303 quae
2558 3241 2684 3286 sunt
2721 3231 2962 3300 carporis
2985 3271 3002 3296 ,
3044 3230 3158 3283 lucc
3182 3228 3509 3283 declarans:
3541 3238 3599 3280 ut

2020 3341 2139 3381 cum
2180 3341 2276 3380 rex
2301 3324 2493 3394 aliquis
2525 3323 2797 3393 principes
2819 3336 2946 3376 suos
2967 3361 2982 3386 ,
3005 3319 3093 3391 qui
3135 3335 3324 3390 magna
3351 3319 3594 3388 qua-dam

2023 3427 2236 3488 peccata
2263 3417 2614 3480 admiserunt,
2640 3417 2866 3484 primum
2892 3415 3060 3484 privat
3082 3413 3292 3479 militia,
3311 3412 3596 3481 ablatoque

2018 3509 2232 3580 cingulo
2254 3519 2308 3564 et
2337 3509 2657 3564 auctoritate
2683 3517 2737 3562 et
2770 3521 3014 3576 pnecone
3039 3505 3272 3560 adducto
3295 3546 3311 3572 ,
3344 3516 3469 3560 tunc
3500 3520 3598 3572 pu-

2020 3603 2096 3656 nit
2128 3620 2142 3656 :
2173 3601 2243 3654 ita
2293 3599 2379 3654 hic
2417 3615 2635 3670 quoque
2676 3599 2802 3652 facit
2843 3598 3052 3667 gladius
3089 3598 3342 3666 Spiritus.
3393 3594 3595 3649 Deinde

2018 3691 2309 3748 terribilius
2331 3691 2567 3761 loquitur
2587 3691 2654 3744 de
2678 3690 2810 3744 Filio
2840 3709 2853 3744 :
2881 3689 2960 3742 Ad
2979 3706 3122 3759 quem
3145 3687 3286 3760 nobis
3306 3696 3378 3740 est
3403 3702 3589 3749 sermo,

2017 3783 2206 3853 inquit.
2239 3780 2295 3836 ld
2321 3790 2423 3846 est,
2459 3781 2560 3850 lpsi
2583 3781 2842 3835 debemus
2872 3779 3099 3833 reddere
3121 3778 3382 3832 rationem
3405 3792 3592 3832 eorum

2014 3891 2132 3944 qua:
2176 3871 2456 3943 gessimus.
2491 3872 2674 3938 Itaque
2719 3885 2787 3923 ne
2829 3869 3114 3934 cudamus,
3147 3881 3321 3936 neque
3355 3868 3589 3920 animum

2013 3963 2461 4033 despondeamus.
2509 3959 2793 4016 Sufﬁciunt
2840 3958 3054 4029 quidem
3109 3960 3272 4014 etiam
3324 3959 3413 4014 illa
3470 3976 3591 4028 qua:

2012 4056 2151 4109 dicta
2182 4064 2307 4109 sunt
2332 4054 2398 4108 ad
2427 4068 2526 4108 nos
2552 4051 2878 4106 erudiendos
2907 4066 2921 4104 :
2952 4050 3028 4106 illi
3059 4067 3186 4123 vero
3211 4053 3472 4107 nonsatis
3503 4051 3589 4105 illa

2011 4155 2155 4212 sunt,
2173 4146 2268 4201 sed
2289 4146 2405 4200 hate
2426 4144 2740 4216 adjicit”.
2767 4141 3027 4197 Habemus
3053 4153 3224 4198 autem
3240 4144 3387 4197 etiam
3411 4147 3554 4211 ponti
3571 4171 3588 4182 -

2011 4241 2155 4308 licem
2197 4255 2437 4310 magnum
2483 4236 2569 4309 qui
2622 4237 2896 4306 penetravit
2945 4237 3116 4304 cwlos,
3159 4232 3340 4290 Jesum
3392 4234 3594 4292 Filium

2015 4332 2126 4388 Dei.
2148 4345 2160 4354 ‘

2079 4427 2133 4481 2.
2174 4424 2323 4492 Quod
2349 4424 2491 4480 enim
2529 4434 2812 4492 propterea
2853 4420 2902 4476 id
2944 4419 3219 4488 adiecerit,
3265 4417 3538 4488 subjnnxit
3571 4437 3586 4473 :

2012 4518 2100 4573 15.
2134 4515 2255 4570 Non
2285 4517 2416 4570 enim
2445 4515 2684 4569 habemus
2711 4513 3000 4582 pontiﬁcem
3027 4513 3111 4578 qui
3131 4525 3232 4563 non
3263 4512 3418 4579 possit
3443 4525 3584 4564 com.

2009 4611 2115 4678 pati
2160 4608 2542 4677 inﬁrmitatibus
2583 4607 2786 4661 nostris.
2838 4605 3128 4674 Propterea
3174 4603 3384 4658 dicebat
3424 4619 3586 4673 supc-

2009 4705 2117 4756 rius
2146 4718 2158 4751 :
2192 4700 2258 4754 In
2287 4716 2366 4766 eo,
2397 4700 2450 4752 in
2477 4715 2574 4769 quo
2603 4715 2780 4770 passus
2807 4707 2877 4752 est
2907 4697 3017 4765 ipse
3041 4703 3089 4749 et
3129 4701 3368 4760 tentatus,
3411 4704 3594 4779 potens

2007 4803 2080 4847 est
2109 4793 2178 4846 eis
2199 4793 2284 4863 qui
2311 4800 2566 4845 tentantur
2585 4789 2847 4844 auxiliari.
2882 4787 3013 4842 Vide
3039 4801 3168 4858 ergo
3193 4784 3462 4862 quomodo
3486 4785 3589 4840 hoc

2009 4884 2180 4955 ipsum
2211 4883 2294 4937 hic
2319 4895 2530 4952 quoque
2555 4879 2698 4934 facit.
2724 4879 2874 4945 Quod
2904 4887 3082 4933 autem
3109 4877 3240 4931 dicit
3286 4882 3371 4930 est
3403 4875 3589 4944 hujus-

2007 4977 2148 5032 modi
2180 4992 2192 5028 :
2225 4973 2501 5040 Eamdem,
2535 4973 2723 5042 inquit,
2768 4985 2924 5041 quam
2969 4983 3067 5022 nos
3113 4967 3252 5022 viam
3288 4967 3428 5035 iniit,
3479 4969 3588 5023 imo

2005 5086 2136 5126 vero
2171 5067 2540 5138 asperiorem;
2585 5081 2704 5119 nam
2739 5062 2978 5116 omnium
3011 5075 3190 5115 rerum
3231 5059 3585 5115 humanarum

2006 5163 2210 5230 accepit
2231 5159 2636 5230 experientiam.
2672 5156 2888 5209 Dixerat
2931 5153 3057 5218 illic,
3104 5150 3226 5207 Non
3255 5162 3326 5206 est
3357 5163 3588 5207 creatura

2005 5253 2266 5309 invisibilis
2301 5255 2353 5306 in
2391 5259 2661 5318 conspectu
2691 5247 2821 5316 ejus,
2854 5245 3188 5301 divinitatem
3218 5245 3583 5301 subindicans.

2008 5344 2208 5400 Deinde
2261 5353 2536 5414 postquam
2589 5339 2762 5410 attigit
2814 5353 3067 5406 carnem,
3119 5338 3355 5407 loquitur
3400 5352 3586 5390 rursus

2005 5435 2323 5492 submissius
2368 5443 2424 5490 et
2470 5431 2721 5486 humilius
2768 5449 2782 5486 :
2832 5427 3086 5485 Habentes
3130 5445 3247 5498 ergo
3294 5427 3585 5497 pontiﬁcem

2072 5582 2145 5644 (η)
2167 5580 2298 5630 Hine
2320 5578 2372 5627 in
2394 5576 2688 5644 Colbertiuo,
2712 5581 2791 5640 qui
2820 5576 2942 5641 legit
2967 5573 3243 5638 terribilem,
3273 5575 3393 5637 loco,
3435 5579 3585 5630 mani-

2011 5639 2198 5709 festam,
2220 5653 2425 5704 magnus
2445 5646 2523 5690 est
2545 5639 2742 5690 hiatus.’
2875 5639 2893 5641 “
3057 5672 3059 5674 .
3183 5651 3186 5654 ’
3367 5669 3370 5672 .
3425 5675 3427 5678 ⁴
3513 5669 3516 5678 .
3590 5670 3594 5674 »
