4088 6212
429 318 497 373 ss
1183 307 1243 362 s.
1282 302 1558 361 .lflANNlS
1595 286 2061 353 cunrsosrou:
2095 283 2410 373 ARClllEf’.
2451 279 2980 337 CONSTANTINOP.
3654 232 3723 340 βλ

443 424 680 481 magnum
712 409 798 476 qui
836 402 1107 475 penetravit
1149 400 1299 457 cwlos
1336 413 1352 449 :
1390 405 1444 450 et
1484 395 1741 463 majorem
1785 389 2019 445 ostendit

442 517 644 563 curam,
679 516 744 554 eo
771 500 911 569 quod
939 511 1034 553 eos
1063 505 1330 562 tamquam
1373 504 1500 543 suos
1536 485 1788 542 defendat
1813 493 1865 538 et
1899 498 2020 553 pro-

443 605 601 663 tegat,
634 607 732 646 nec
757 591 885 644 velit
922 598 978 642 ut
1018 586 1114 657 ipsi
1142 583 1352 638 cadant.
1380 580 1511 635 Nam
1542 578 1753 649 Moyses
1778 573 2033 646 quidem,

439 692 630 763 inquit,
662 705 766 744 non
796 689 1068 756 ingressus
1095 690 1178 736 est
1205 674 1256 733 in
1296 677 1559 746 requiem,
1594 674 1707 743 ipse
1732 681 1909 725 autem
1936 669 2018 721 est

435 758 708 852 ingressus
738 797 752 834 :
782 787 837 833 et
861 773 1151 846 quomodo,
1177 785 1278 840 ego
1304 768 1502 824 dicam.
1525 764 1677 831 Quod
1705 771 1883 816 autem
1916 758 2019 811 hoc

437 887 694 941 nusquam
738 865 1001 940 posuerit,
1037 879 1142 917 non
1174 870 1257 915 est
1294 856 1609 912 admirabile
1637 870 1653 908 :
1686 867 1807 906 nam
1837 852 1922 905 vel
1950 863 2019 903 ne

438 964 718 1018 videantur
745 957 988 1013 invenire
1019 952 1407 1012 defensionem,
1438 948 1609 1017 ipsum
1643 959 1743 997 una
1771 955 2018 1010 compre-

440 1050 661 1110 hcndit:
695 1048 778 1103 vel
824 1061 891 1101 ne
931 1045 1105 1098 virum
1152 1042 1424 1095 videretur
1461 1048 1737 1097 accusare,
1770 1032 1872 1085 hoc
1912 1043 2019 1084 non

439 1143 573 1198 dixit
600 1148 807 1210 aperte.
848 1137 980 1191 Nam
1009 1134 1075 1197 si,
1123 1147 1246 1187 cum
1288 1128 1421 1184 nihil
1467 1127 1655 1179 horum
1687 1122 1885 1177 dictum
1926 1119 2018 1185 sit,

443 1230 557 1287 hinc
578 1209 925 1301 objiciebant,
957 1226 1219 1289 dicentes,
1260 1221 1377 1289 Ipse
1413 1217 1550 1272 dixit
1577 1214 1838 1268 adversus
1869 1209 2020 1280 Moy-

440 1340 555 1380 sem
595 1332 651 1378 et
692 1322 948 1376 adversus
999 1317 1168 1386 legem
1200 1331 1216 1371 :
1245 1312 1412 1368 multo
1456 1309 1644 1380 magis,
1690 1305 1736 1360 si
1773 1304 2019 1370 dixisset,

441 1418 558 1473 Non
582 1427 663 1473 est
690 1414 972 1471 Palaestina
992 1453 1007 1475 ,
1038 1408 1131 1465 sed
1160 1407 1368 1473 cadum,
1404 1404 1488 1458 his
1512 1402 1711 1471 majora
1735 1396 2022 1452 dixissent.

440 1513 544 1570 Sed
572 1526 675 1566 non
706 1510 1013 1564 universum
1046 1503 1230 1558 tribuit
1258 1496 1544 1561 sacerdoti,
1578 1492 1672 1549 sed
1713 1492 1872 1546 etiam
1902 1503 2024 1558 quas

441 1624 471 1662 a
503 1606 656 1661 nobis
699 1610 823 1657 sum
869 1594 1171 1669 praestanda
1217 1588 1461 1659 requirit,
1505 1582 1900 1641 confessionem
1941 1579 2022 1632 in-

442 1712 622 1769 quam.
681 1692 934 1749 Habentes
988 1688 1154 1748 enim,
1204 1680 1396 1754 inquit,
1440 1677 1730 1769 ponti/iectu
1761 1686 2019 1755 magnum,

442 1766 530 1858 qui
573 1785 848 1858 penetrauit
892 1781 1064 1843 calas,
1121 1776 1153 1831 J
1161 1791 1301 1831 esum
1352 1770 1546 1825 Filium
1598 1766 1716 1829 Dei,
1767 1776 2024 1818 teneamus

444 1850 829 1949 confessionem.
880 1872 1175 1939 Quamnam
1225 1864 1352 1919 dicit
1394 1854 1830 1914 confessionem?
1870 1850 2025 1920 Quod

444 1969 515 2023 sit
544 1943 888 2023 resurrectio,
919 1958 1061 2030 quod
1086 1958 1154 2011 sit
1186 1951 1566 2015 remuneratio,
1589 1945 1730 2018 quod
1758 1944 1895 1999 bona
1917 1943 2028 1997 sint

446 2054 869 2117 innumerabilia,
901 2049 1043 2121 quod
1070 2047 1317 2103 Christus
1342 2043 1413 2098 sit
1440 2041 1599 2104 Deus,
1627 2038 1768 2110 quod
1797 2037 1867 2092 sit
1891 2034 2028 2091 fides

447 2158 591 2205 recta
621 2166 633 2202 :
668 2146 784 2200 haec
810 2143 1181 2204 confiteamur,
1214 2138 1328 2191 tunc
1358 2143 1651 2190 teneamus.
1676 2127 1825 2199 Quod
1848 2136 2025 2182 autem

447 2242 564 2296 haec
587 2254 711 2294 vera
752 2235 879 2301 sint,
906 2243 989 2290 est
1028 2231 1367 2303 perspicuum
1398 2244 1464 2283 ex
1506 2241 1571 2280 eo
1599 2224 1743 2295 quod
1785 2224 1929 2277 intus
1958 2222 2028 2276 sit

449 2333 706 2405 pontifex.
750 2331 892 2400 Ergo
933 2325 1073 2399 quod
1106 2339 1213 2379 non
1258 2320 1573 2385 excidimus,
1619 2316 1972 2373 confiteamur
2007 2331 2024 2369 :

448 2423 656 2479 etiamsi
687 2436 773 2476 res
802 2434 908 2474 non
947 2416 1154 2480 adsint,
1203 2428 1300 2469 nos
1344 2420 1521 2466 tamen
1556 2409 1905 2463 confiteamur
1931 2423 1946 2459 :
1976 2405 2028 2460 si

450 2513 611 2569 modo
636 2511 901 2573 adessent,
931 2506 1121 2561 falsum
1164 2511 1325 2559 esset.
1369 2499 1727 2568 Quamobrem
1757 2496 1860 2552 hoc
1883 2509 2021 2565 quo-

450 2620 554 2675 que
601 2617 789 2658 verum
835 2608 919 2654 est
964 2595 1107 2667 quod
1156 2593 1516 2649 differantur:
1549 2589 1746 2643 ctenim
1793 2584 2029 2656 pontifex

453 2705 636 2751 uoster
674 2702 758 2748 est
794 2703 1017 2761 magnus
1046 2707 1061 2743 :
1097 2686 1218 2741 Non
1261 2685 1395 2739 enim
1432 2683 1671 2736 habemus
1707 2678 2028 2749 pontiﬁcem,

450 2789 536 2852 qui
562 2802 663 2840 non
694 2783 848 2851 possit
875 2780 1098 2846 compati
1136 2774 1509 2847 inﬁrmitatibus
1548 2772 1751 2826 nostris.
1782 2768 1897 2824 Non
1926 2776 2028 2832 est,

456 2878 643 2948 inquit,
673 2874 762 2944 qui
792 2887 878 2927 res
907 2880 1118 2926 nostras
1151 2869 1378 2938 ignoret,
1407 2864 1545 2918 sicut
1574 2860 1723 2916 multi
1756 2858 2032 2929 pontifices

452 2973 541 3043 qui
591 2969 835 3025 nesciunt
880 2979 976 3020 eos
1012 2964 1102 3032 qui
1146 2961 1255 3015 sint
1300 2959 1352 3013 in
1402 2953 1803 3018 afflictionibus,
1858 2966 2034 3019 neque

454 3062 708 3134 quidnam
751 3060 820 3114 sit
858 3054 1100 3111 afﬂictio.
1150 3051 1280 3106 Nam
1325 3048 1463 3119 apud
1512 3046 1756 3101 homines
1783 3043 1895 3097 fieri
1926 3058 2033 3097 non

459 3140 630 3227 potest
659 3163 716 3208 ut
742 3152 881 3222 ejus,
914 3148 1002 3219 qui
1047 3146 1204 3201 malis
1230 3152 1474 3206 vexatur,
1517 3138 1658 3193 norit
1696 3135 2032 3191 vexationem

457 3249 503 3303 is
528 3246 616 3318 qui
647 3260 751 3299 non
782 3240 913 3297 fecit
952 3235 1272 3309 periculum,
1303 3241 1357 3286 et
1384 3246 1489 3286 non
1529 3227 1738 3283 transiit
1776 3241 1871 3295 per
1908 3239 2033 3279 sen-

455 3335 845 3396 sibilia.0mnia
859 3333 1002 3389 enim
1023 3327 1468 3385 sustinuitnoster
1485 3318 1750 3393 pontifex:
1770 3333 1891 3374 nam
1910 3332 2036 3387 pro-

459 3440 640 3501 pterea
671 3427 898 3497 primum
928 3420 1199 3481 sustinuit,
1229 3425 1283 3471 et
1310 3426 1434 3470 tunc
1461 3412 1722 3476 ascendit,
1759 3419 1817 3464 ut
1856 3416 2039 3479 posset

458 3499 849 3578 commiserari.
901 3514 1168 3569 Tentatum
1197 3520 1365 3563 autem
1396 3523 1484 3577 per
1512 3504 1681 3559 omnia
1728 3518 1819 3573 pro
1860 3499 2043 3554 simili-

460 3614 635 3669 tudine
656 3609 841 3678 absque
866 3613 1091 3677 peccato.
1124 3601 1255 3656 Vide
1275 3597 1545 3671 quomodo
1571 3598 1731 3650 etiam
1758 3607 1915 3663 supra
1943 3605 2039 3661 po-

466 3715 593 3775 suit,
624 3711 823 3773 Simile,
856 3715 911 3762 et
935 3704 1043 3771 hic,
1079 3700 1184 3757 Pro
1209 3697 1561 3756 similitudine.
1590 3696 1700 3750 lloc
1725 3703 1829 3758 est,
1858 3706 2045 3763 passus

466 3815 548 3859 est
579 3801 1070 3873 persequutionem,
1115 3794 1209 3848 fuit
1248 3799 1563 3860 consputus,
1590 3795 1890 3848 accusatus,
1922 3782 2052 3837 irri-

468 3911 581 3962 sus,
634 3891 918 3949 calumniis
965 3889 1253 3959 appetitus,
1309 3884 1534 3953 cjectus,
1585 3888 1859 3950 postremo
1905 3875 2052 3932 cruci

468 3989 682 4043 affixus.
716 3985 820 4039 Pro
865 3982 1195 4037 similitudine
1236 3978 1421 4047 absque
1470 3984 1695 4045 peccato.
1752 3971 1848 4026 llic
1890 3969 2051 4023 etiam

469 4079 612 4133 aliud
644 4076 966 4139 subindicat,
1003 4088 1193 4141 nempe
1218 4070 1360 4139 quod
1394 4068 1504 4121 fieri
1534 4074 1729 4135 potest,
1761 4075 1815 4117 ut
1854 4063 1942 4132 qui
1971 4069 2055 4115 est

474 4171 524 4223 in
555 4165 953 4227 afflictionibus,
985 4177 1077 4217 eas
1106 4160 1339 4231 perferat
1361 4158 1561 4226 absque
1591 4165 1824 4224 peccato.
1848 4153 2044 4221 Quum—

473 4257 657 4312 obrem
688 4255 847 4310 etiam
875 4252 1086 4325 quando
1115 4251 1263 4313 dicit,
1291 4247 1357 4302 In
1378 4247 1707 4303 similitudine
1731 4245 1917 4309 carnis,
1948 4257 2055 4296 non

473 4349 578 4404 hoc
601 4348 750 4412 dicit,
780 4345 919 4416 quod
955 4343 1221 4415 acceperit
1264 4340 1441 4394 carnis
1483 4336 1926 4398 similitudinem;
1955 4333 2052 4388 sed

473 4455 713 4496 carnem.
753 4438 860 4493 Cur
888 4451 1016 4507 ergo
1056 4434 1210 4499 dixit,
1259 4432 1325 4487 In
1377 4429 1750 4486 similitudine?
1791 4427 2052 4493 Quoniam

474 4531 608 4588 dixit
637 4529 707 4586 de
749 4544 911 4586 carne
953 4526 1253 4597 peccatrice
1287 4543 1300 4578 :
1332 4534 1448 4579 erat
1490 4522 1632 4577 enim
1666 4530 1865 4573 nostra:
1900 4517 2054 4573 simi-

474 4624 560 4681 lis.
610 4622 743 4678 Nam
793 4629 979 4674 natura
1033 4617 1247 4688 quidem
1295 4623 1413 4671 erat
1462 4613 1647 4667 eadem
1689 4627 1808 4681 qua:
1848 4618 2055 4676 nostra,

477 4724 695 4785 peccato
722 4720 901 4767 autem
930 4722 1261 4777 nequaquam
1293 4705 1498 4759 eadem.
1536 4704 1619 4759 t6.
1650 4702 1902 4756 Adeamus
1941 4714 2060 4770 ergo

475 4823 588 4861 eum
619 4804 806 4874 ﬁducia
834 4803 902 4856 ad
929 4801 1169 4855 thronum
1204 4798 1387 4870 gratia:
1412 4800 1540 4869 ejus,
1574 4806 1627 4849 ut
1658 4794 2059 4848 misericordiam

473 4911 854 4966 consequantur,
886 4903 935 4949 et
962 4892 1178 4964 gratiam
1204 4889 1515 4943 inveniamus
1553 4888 1605 4940 in
1639 4886 1832 4940 auxilio
1870 4900 2059 4957 oppor-

475 4997 619 5040 tuno.
649 4987 944 5053 Quemnam
971 4986 1101 5040 dicit
1127 4984 1379 5038 thronum
1410 4981 1638 5051 gratiae?
1663 4979 1938 5035 Thronum
1966 4995 2058 5035 re-

477 5079 640 5149 gium,
689 5076 755 5131 de
800 5093 906 5146 quo
949 5078 1123 5132 dicit:
1158 5075 1300 5130 Dixit
1340 5073 1589 5127 Dominus
1637 5072 1853 5128 Domino
1902 5089 2011 5127 meo
2040 5089 2061 5128 :

479 5168 669 5225 Sedea
695 5166 887 5221 dextris
917 5168 1063 5232 meis,
1102 5167 1262 5221 donec
1305 5181 1489 5235 ponant
1530 5164 1761 5221 inimicos
1800 5174 1910 5218 tuos
1947 5178 2062 5218 sca-

480 5261 665 5315 bellum
695 5258 879 5329 pedum
913 5266 1114 5310 tuorum
1151 5257 1324 5327 (Psal.
1356 5256 1476 5312 i09.
1508 5256 1588 5324 1).
1625 5257 1702 5309 Ac
1745 5255 1787 5308 si
1831 5256 2054 5322 diceret,

479 5353 749 5407 Adeamus
773 5364 894 5405 cum
926 5347 1140 5412 fiducia,
1171 5349 1422 5418 quoniam
1457 5348 1714 5403 habemus
1749 5347 2059 5418 pontificem

481 5446 608 5500 nulli
652 5454 874 5515 peccato
903 5440 1156 5506 affinem,
1192 5440 1598 5511 quisuperavit
1624 5441 1808 5496 orbem
1855 5449 2010 5495 terrae
2046 5457 2060 5495 :

479 5538 729 5606 Conﬁdite
758 5537 918 5603 enim,
965 5534 1154 5605 inquit,
1186 5549 1277 5604 ego
1321 5535 1415 5587 vici
1462 5535 1704 5588 mundum
1744 5532 1924 5603 (Jonn.
1973 5532 2060 5588 t6.

482 5628 597 5689 53).
623 5626 733 5682 lioc
763 5630 904 5684 enim
929 5636 1033 5694 est,
1063 5625 1241 5679 omnia
1269 5639 1389 5679 esse
1421 5641 1657 5695 passum,
1684 5624 1938 5680 mundum
1969 5640 2066 5679 au-

485 5729 592 5774 tem
620 5732 739 5774 esse
767 5734 794 5772 a
825 5726 1064 5789 peccato.
1091 5715 1226 5784 Etsi,
1263 5716 1455 5785 inquit,
1480 5732 1574 5773 nos
1601 5732 1783 5772 sumus
1808 5716 1909 5771 sub
1935 5730 2062 5786 pec-

2142 374 2283 431 cato,
2305 368 2482 455 etipse
2496 373 2674 421 tatnen
2694 380 2799 419 non
2814 375 2895 420 est
2917 375 3136 436 peccato
3147 368 3434 435 obnoxius,
3454 381 3721 440 quomodo

2129 472 2447 530 accedamus
2496 490 2618 531 cum
2671 476 2910 532 fiducia?
2968 477 3119 533 Nunc
3163 486 3246 533 est
3301 476 3457 533 sedes
3510 480 3713 547 gratias,

2141 580 2245 620 non
2268 567 2424 622 sedes
2444 568 2652 638 iudicii.
3224 580 3234 591 ‘

2207 660 2557 715 Misericordia
2593 661 2688 716 Dei
2716 664 2907 717 donum
2937 663 3123 733 regale.
3143 661 3349 717 --ldeo
3387 660 3715 728 Accednnmx,

2133 749 2324 821 inquit,
2353 768 2468 805 cum
2493 752 2704 821 ﬁducia,
2747 763 2801 806 ut
2828 754 3136 823 accipiamus
3164 753 3561 807 misericordiam
3590 769 3711 819 quu-

2133 841 2229 896 lem
2254 844 2543 909 quwrimus.
2587 843 2961 897 Munificentite
2990 845 3130 899 enim
3158 858 3246 899 res
3272 852 3375 909 est,
3400 844 3597 897 donum
3633 859 3706 897 re-

2132 935 2266 1004 gale.
2293 934 2590 1006 Etgratinm
2615 936 2926 990 inveniamus
2952 938 3003 989 in
3024 935 3215 989 auxilio
3241 945 3547 1005 opportuno.
3576 934 3721 989 Bene

2131 1026 2279 1090 dicit,
2328 1027 2397 1081 lu
2436 1027 2630 1082 auxilio
2658 1039 2964 1097 opportuno.
2993 1029 3048 1084 Si
3080 1043 3236 1093 nunc,
3271 1028 3462 1098 inquit,
3496 1028 3717 1093 adieris,

2132 1118 2362 1187 accipies
2408 1128 2459 1173 et
2512 1120 2736 1189 gratiam
2794 1131 2849 1175 et
2900 1120 3358 1185 misericordiam;
3410 1131 3717 1191 opportune

2134 1226 2364 1279 namque
2409 1212 2619 1267 accedis
2661 1229 2674 1265 :
2718 1214 2801 1268 sin
2852 1222 3028 1289 autem
3080 1224 3207 1268 tunc
3244 1213 3463 1276 adieris,
3512 1227 3720 1283 nequa-

2132 1317 2332 1371 quam;
2379 1305 2716 1374 importunus
2756 1306 2897 1361 enim
2942 1316 3021 1362 est
3058 1317 3182 1361 tunc
3225 1306 3441 1368 aditus;
3488 1321 3595 1360 non
3638 1312 3725 1360 est

2132 1394 2276 1449 enim
2307 1403 2431 1450 tunc
2462 1395 2690 1450 thronus
2724 1398 2928 1467 gratiae.
2969 1398 3216 1468 Eousque
3261 1398 3403 1451 enim
3445 1410 3525 1451 est
3563 1395 3723 1451 sedes

2131 1486 2337 1556 gratiae,
2365 1503 2643 1557 quousque
2675 1488 2830 1545 sedet
2868 1488 2978 1544 Rex
3021 1488 3156 1545 dans
3197 1490 3423 1560 gratiam
3458 1506 3472 1548 :
3504 1489 3722 1560 quando

2133 1587 2311 1633 autem
2341 1590 2423 1635 est
2447 1583 2860 1646 consummatio,
2888 1591 3014 1636 tunc
3039 1584 3302 1637 excitantur
3330 1582 3395 1637 ad
3413 1582 3671 1652 judicium
3702 1599 3718 1637 :

2133 1668 2375 1741 Exsurge
2394 1674 2561 1739 enim,
2596 1673 2788 1743 inquit,
2817 1673 2975 1740 Deus,
3002 1674 3176 1742 iudica
3205 1685 3394 1729 terram
3423 1673 3597 1745 (Psal.
3624 1676 3718 1730 8i.

2135 1761 2235 1832 8).
2266 1762 2422 1818 Aliud
2450 1765 2613 1819 etiam
2642 1764 2928 1820 dicendum
2963 1775 3064 1821 est.
3088 1767 3361 1831 Adeamus,
3393 1768 3719 1837 inquit,cum

2135 1854 2362 1926 ﬁducia;
2391 1856 2442 1909 id
2468 1865 2573 1922 est,
2604 1856 2803 1911 nullius
2833 1858 2908 1913 rei
2952 1858 3110 1914 mala:
3149 1859 3305 1914 nobis
3346 1861 3569 1927 conscii,
3612 1871 3726 1917 non

2134 1948 2442 2003 dubitantes
2475 1964 2488 2001 :
2521 1964 2642 2002 nam
2665 1949 2754 2019 qui
2786 1958 2869 2004 est
2893 1950 3178 2018 ejusmodi,
3213 1966 3318 2006 non
3348 1962 3523 2022 potest
3562 1967 3720 2007 aece-
3780 1984 3789 1991 ο

2134 2040 2262 2095 dere
2291 2056 2412 2094 cum
2441 2040 2655 2095 fiducia.
2688 2039 2813 2096 Ideo
2852 2042 2977 2096 alibi
3017 2059 3231 2114 quoque
3271 2043 3441 2098 dieit:
3471 2042 3724 2115 Tempore

2135 2144 2420 2204 opportuno
2445 2133 2682 2186 επιειάὶιοὶ
2710 2142 2776 2198 te,
2806 2143 2856 2189 et
2885 2135 2938 2188 in
2968 2135 3050 2189 die
3078 2137 3257 2190 salutis
3283 2137 3461 2204 adjut-i
3487 2146 3535 2190 te
3562 2135 3695 2207 (lsa.

2134 2229 2223 2283 49.
2258 2225 2335 2297 8).
2384 2226 2515 2281 Nam
2544 2228 2685 2297 quod
2733 2244 2874 2282 nunc
2914 2236 3125 2299 quoque
3170 2232 3257 2301 qui
3304 2242 3417 2300 post
3451 2232 3720 2286 lavacrum

2137 2329 2380 2389 peccant,
2426 2319 2703 2374 inveniant
2750 2321 3140 2389 pmnitentiam,
3172 2332 3253 2377 est
3282 2323 3484 2393 gratim.
3515 2323 3590 2378 Ne
3626 2339 3723 2377 au-

2139 2422 2244 2468 tem
2271 2411 2498 2467 audiens
2529 2412 2857 2481 pontificem,
2890 2413 3166 2468 existimes
3191 2429 3315 2468 eum
3340 2423 3503 2477 stare,
3541 2414 3719 2468 statim

2137 2502 2282 2560 ducit
2308 2502 2374 2557 ad
2402 2503 2583 2558 sedem
2614 2520 2629 2557 :
2662 2503 2916 2558 sacerdos
2940 2512 3120 2559 autem
3145 2520 3249 2558 non
3279 2504 3449 2571 sedet,
3476 2504 3569 2560 sed
3592 2514 3720 2560 stat.

2138 2595 2302 2657 Vides
2329 2594 2603 2666 quoniam,
2633 2594 2777 2666 quod
2804 2595 2973 2651 factus
2997 2596 3066 2651 sit
3098 2597 3353 2679 pontifex,
3383 2611 3488 2650 non
3519 2608 3601 2651 est
3624 2610 3722 2649 na-

2150 2703 2301 2758 turae,
2352 2696 2445 2750 sed
2488 2697 2673 2762 gratia:
2718 2709 2772 2753 et
2818 2698 3157 2752 demissiOnis
3204 2707 3256 2750 et
3298 2695 3723 2750 exinanitionis‘!

2149 2785 2261 2842 Hoc
2287 2787 2440 2842 nobis
2466 2803 2675 2858 quoque
2715 2802 3070 2861 opportunum
3103 2800 3184 2843 est
3213 2790 3409 2855 dicere,
3453 2788 3724 2844 Adeamus

2149 2892 2269 2930 cum
2303 2876 2493 2932 fiducia
2523 2887 2768 2949 petentes
2798 2897 2813 2935 :
2846 2882 3017 2934 solum
3047 2881 3202 2935 fidem
3233 2880 3538 2941 offeramus,
3562 2888 3615 2932 et
3634 2878 3728 2932 dat

2149 2968 2348 3024 omnia.
2377 2967 2530 3024 Nunc
2555 2980 2642 3025 est
2668 2979 2876 3040 tempus
2915 2971 3061 3036 doni,
3093 2986 3249 3026 nemo
3275 2970 3343 3026 de
3371 2985 3429 3024 se
3454 2969 3724 3038 deSperet.

2150 3058 2300 3113 Tunc
2325 3068 2405 3114 est
2433 3067 2639 3129 tempus
2666 3061 3075 3132 desperationis,
3101 3061 3314 3133 quando
3335 3061 3546 3116 clausus
3570 3060 3728 3115 fuerit

2153 3149 2435 3219 thalamus,
2465 3151 2677 3222 quando
2708 3152 2819 3207 Rex
2850 3152 3009 3208 fuerit
3050 3153 3322 3223 ingressus
3358 3150 3424 3206 ad
3470 3150 3728 3206 videndos

2151 3255 2243 3294 cos
2281 3242 2371 3311 qui
2411 3243 2748 3309 accumbunt,
2798 3243 3010 3314 quando
3051 3245 3201 3298 sinus
3242 3242 3558 3314 patriarcha:
3600 3251 3728 3296 sunt

2152 3335 2418 3402 accepturi
2462 3350 2556 3389 eus
2592 3337 2681 3405 qui
2737 3337 2801 3390 iis
2844 3344 2970 3390 sunt
3016 3336 3263 3406 dignandi
3306 3354 3321 3390 :
3365 3349 3507 3390 nunc
3548 3342 3725 3388 autem

2155 3426 2388 3479 nondum
2423 3443 2436 3479 :
2469 3427 2643 3481 adhuc
2667 3428 2808 3481 enim
2851 3428 3094 3481 consistit
3122 3426 3408 3492 theatrum,
3440 3424 3614 3479 adhuc
3642 3424 3725 3477 in-

2152 3527 2255 3572 stat
2283 3530 2574 3583 certamen,
2605 3512 2779 3574 adhuc
2810 3522 3001 3589 pendet
3032 3518 3333 3591 praemium.

2221 3613 2278 3666 ‘5.
2318 3610 2653 3666 Festinemus
2681 3626 2808 3681 ergo
2837 3629 2850 3663 :
2883 3612 3080 3666 Paulus
3106 3611 3246 3666 enim
3272 3611 3421 3673 dicit,
3447 3610 3537 3664 Sic
3555 3625 3725 3673 curro,

2155 3721 2252 3757 non
2278 3704 2425 3770 quasi
2453 3705 2504 3756 in
2526 3704 2769 3757 incertum
2798 3704 2873 3776 (ι.
2906 3702 3025 3757 Cur.
3053 3704 3105 3758 9.
3134 3703 3249 3773 26).
3274 3701 3442 3758 Cursu
3471 3716 3603 3770 Opus
3623 3711 3730 3766 est,

2156 3812 2326 3866 eoque
2352 3795 2674 3850 vehementi.
2706 3796 2807 3864 Qui
2836 3795 3023 3859 currit,
3056 3794 3259 3849 nullum
3287 3793 3430 3847 videt
3454 3808 3519 3847 ex
3551 3790 3731 3845 omni-

2157 3889 2269 3952 bus,
2302 3889 2509 3944 etiamsi
2549 3888 2875 3959 ingrediatur
2910 3904 3006 3958 per
3037 3896 3207 3958 prata,
3252 3885 3460 3941 etiamsi
3495 3898 3595 3954 per
3614 3883 3732 3938 ioca

2154 3980 2299 4033 arida
2329 3988 2382 4033 et
2412 3995 2599 4048 aspera
2631 3996 2644 4031 :
2676 3980 2763 4048 qui
2813 3980 3002 4043 currit,
3032 3994 3139 4033 non
3183 3977 3373 4046 aspicit
3406 3975 3473 4031 ad
3519 3984 3734 4044 Specta-

2158 4082 2317 4133 tores,
2346 4070 2439 4124 scd
2470 4069 2534 4123 ad
2569 4069 2884 4138 praemium;
2917 4069 3123 4123 etiamsi
3156 4068 3263 4122 sint
3286 4066 3498 4131 divites,
3539 4065 3732 4120 etiam-

2155 4162 2198 4215 si
2246 4176 2525 4231 pauperes,
2581 4162 2789 4215 etiamsi
2842 4161 2961 4227 quis
3003 4161 3241 4223 irrideat,
3278 4159 3486 4213 etiamsi
3532 4157 3732 4223 laudet,

2156 4252 2363 4307 etiamsi
2389 4252 2708 4307 contumelia
2740 4250 2950 4316 afficiat,
2983 4251 3187 4307 etiamsi
3212 4250 3473 4320 lapidibus
3498 4258 3731 4320 appetat,

2157 4344 2364 4399 etiamsi
2388 4343 2605 4398 domttm
2630 4344 2864 4414 diripiat,
2893 4343 3100 4398 etiamsi
3125 4342 3318 4399 viderit
3344 4343 3500 4405 filios,
3525 4342 3735 4395 etiamsi

2159 4452 2403 4502 uxorem,
2434 4436 2643 4493 etiamsi
2674 4437 2969 4507 quodlibet,
3000 4446 3104 4491 non
3127 4436 3416 4501 avertitur;
3440 4435 3491 4488 in
3523 4434 3625 4487 hoc
3649 4448 3740 4507 so:

2159 4528 2265 4583 lum
2295 4539 2376 4583 est
2404 4540 2459 4583 ut
2492 4538 2692 4593 currat,
2725 4536 2783 4583 ut
2818 4530 3091 4599 pra-mium
3130 4527 3375 4598 accipiat.
3413 4526 3511 4594 Qui
3546 4501 3737 4588 currit:

2159 4636 2416 4690 nusquam
2464 4630 2563 4674 stat
2601 4639 2614 4674 :
2648 4635 2767 4674 nam
2816 4622 2857 4674 si
2906 4622 2989 4675 vel
3039 4635 3221 4689 parum
3275 4619 3454 4687 segnis
3485 4616 3639 4671 fuerit
3684 4625 3739 4670 et

2157 4711 2334 4779 deses,
2362 4720 2527 4766 totum
2558 4712 2761 4781 perdet.
2784 4711 2883 4779 Qui
2907 4712 3093 4774 currit,
3138 4726 3241 4764 non
3260 4710 3440 4763 solum
3479 4708 3607 4761 nihil
3648 4720 3739 4760 re-

2160 4804 2318 4858 tnittit
2355 4815 2479 4858 ante
2521 4803 2703 4868 finem,
2749 4802 2842 4857 sed
2873 4804 3194 4858 etiamtunc
3235 4801 3467 4853 maxime
3516 4811 3733 4851 cursum

2161 4895 2401 4951 intendit.
2449 4894 2563 4950 Hoc
2600 4911 2630 4948 a
2674 4909 2760 4948 me
2781 4894 2976 4947 dictum
2999 4902 3079 4947 est
3109 4891 3175 4945 ad
3202 4906 3294 4945 eos
3319 4890 3405 4960 qui
3437 4888 3640 4951 dicunt,
3683 4886 3737 4939 in

2155 4991 2429 5061 juventute
2454 5004 2554 5043 nos
2589 4986 2944 5049 cxercuimns,
2974 4986 3026 5040 in
3058 4984 3338 5053 juventule
3354 4981 3737 5051 jejunavimus,

2164 5099 2303 5138 nunc
2329 5078 2726 5135 consettuimtts.
2768 5077 2922 5132 Nunc
2966 5076 3195 5130 maxime
3238 5082 3450 5144 Oportet
3485 5063 3742 5142 pietatem

2163 5174 2457 5229 intendere.
2500 5170 2578 5227 Ne
2618 5171 2745 5224 mihi
2796 5183 3078 5224 enumeres
3124 5182 3243 5237 qua:
3287 5166 3413 5218 oiim
3440 5178 3468 5216 a
3502 5171 3552 5216 te
3596 5170 3740 5214 recte

2162 5276 2284 5320 sunt
2312 5274 2458 5334 gesta
2484 5280 2498 5327 ;
2534 5279 2673 5318 nunc
2702 5273 2752 5317 te
2779 5260 2957 5331 prmbe
2982 5260 3236 5330 juvenem
3262 5258 3653 5324 florentemque
3688 5261 3746 5308 et

2164 5367 2430 5425 vegetum.
2461 5354 2591 5410 Nam
2619 5354 2848 5409 maxime
2874 5352 3089 5423 quidem
3116 5351 3203 5421 qui
3233 5346 3570 5418 corporalem
3602 5344 3747 5399 hunc

2164 5450 2330 5504 currit
2365 5465 2604 5513 cursum,
2649 5457 2928 5517 postquam
2976 5459 3099 5502 eum
3140 5440 3556 5516 appreltenderit
3597 5438 3748 5494 cani-

2167 5542 2286 5607 ties,
2326 5556 2430 5595 non
2469 5548 2645 5611 potest
2691 5554 2841 5609 teque
2886 5553 3104 5593 currere
3148 5555 3164 5592 :
3206 5551 3330 5591 nam
3374 5531 3630 5606 quidquid
3659 5539 3746 5588 est

2165 5634 2493 5700 certaminis,
2519 5642 2603 5688 est
2631 5633 2681 5686 in
2710 5646 2956 5701 corpore.

2234 5738 2389 5795 Senes
2421 5747 2472 5791 ut
2490 5737 2702 5807 juvenes
2732 5749 2930 5791 currere
2957 5732 3129 5787 debent
3161 5731 3211 5783 in
3242 5728 3320 5782 via
3347 5724 3545 5781 salutis.
3566 5750 3632 5764 --
3665 5720 3742 5774 Tu
