4088 6212
366 325 435 377 es
567 417 570 420 ἡ
742 417 746 422 ’
1028 417 1034 420 _
1242 339 1302 394 IN
1341 315 1554 430 arisi.
1598 344 1689 397 an
1730 309 2088 403 ttennmos.
2129 347 2280 403 car.
2324 347 2411 406 tv.
2455 350 2688 407 ttoutL.
2732 352 2837 408 vn.
3549 375 3617 427 se

357 437 536 480 autem
567 417 800 496 quanam
833 430 899 486 ac
922 448 1081 489 causa
1105 434 1316 494 cursum
1339 422 1569 499 inlunis?
1595 449 1768 505 anima
1794 456 1935 506 enim

357 514 445 569 hic
475 533 609 585 opus
631 529 733 581 est,
763 523 936 576 anima
959 525 1185 582 excitata
1215 539 1269 584 et
1295 543 1473 588 erecta
1507 553 1519 588 :
1549 539 1725 594 anima
1757 552 1936 598 autem
1963 534 1968 538 ’

356 609 712 700 roboratur-in
744 626 1053 683 senectute;
1083 616 1190 675 imo
1224 630 1347 678 tunc
1378 629 1608 684 maxime
1631 633 1790 703 viget,
1814 635 1935 692 tun.

356 700 607 756 exsultat.
624 703 777 758 Sicut
799 708 939 760 enim
972 725 1186 781 corpus,
1222 717 1468 784 quamdiu
1486 700 1700 789 quidem
1725 734 1936 780 tenetur

354 791 600 847 febribus
643 793 960 868 crebrisque
1005 810 1060 855 et
1104 802 1208 857 Sibi
1247 799 1479 864 invicem
1524 813 1935 872 sttccedentihus

353 885 580 947 morbis,
629 886 839 941 etiamsi
887 891 957 942 sit
997 889 1136 948 forte
1182 903 1239 949 et
1287 890 1600 967 robustum,
1640 913 1721 959 est
1758 916 1931 963 tamen

353 971 646 1040 afﬂictum;
695 967 973 1046 postquam
1021 984 1198 1037 autem
1243 983 1406 1042 fuerit
1437 989 1718 1048 liberatum
1747 996 1814 1049 ab
1845 997 1930 1050 illa

349 1061 669 1130 obsidione,
718 1059 838 1120 suas
890 1070 1029 1124 vires
1074 1087 1399 1144 recuperat:
1433 1079 1503 1133 ita
1547 1075 1706 1136 etiam
1752 1087 1928 1140 anima

351 1153 623 1210 febricitat
668 1158 720 1210 in
761 1159 1072 1226 juventute,
1122 1176 1175 1219 et
1204 1182 1320 1221 eam
1348 1170 1579 1227 maxime
1613 1185 1750 1231 tenet
1779 1193 1930 1230 amor

345 1246 534 1315 gloriae
561 1240 615 1303 et
641 1241 950 1306 deliciarum
981 1251 1034 1309 et
1059 1257 1132 1312 rei
1151 1273 1393 1317 venereae
1415 1273 1468 1318 et
1487 1265 1714 1322 aliorum
1733 1269 1928 1324 multo-

349 1324 472 1393 rum
510 1341 831 1408 aﬂ'ectunm;
860 1360 980 1399 cum
1009 1345 1287 1405 advenerit
1317 1363 1492 1408 autem
1518 1348 1799 1424 senectus,
1861 1376 1923 1414 ea

347 1429 574 1499 expellit
617 1431 731 1486 hazc
761 1430 936 1488 o'mnia
968 1433 1090 1506 qua:
1119 1449 1242 1494 sunt
1267 1444 1510 1512 corporis
1531 1488 1545 1510 ,
1579 1449 1769 1515 partim
1813 1450 1930 1518 qni-

349 1518 484 1573 dem
508 1535 620 1574 cum
651 1524 892 1590 tempore
913 1566 927 1590 ,
963 1529 1152 1595 partim
1183 1518 1361 1586 autem
1392 1533 1487 1603 per
1513 1537 1922 1607 philosophiam.

347 1609 628 1668 Intensum
655 1615 797 1668 enim
827 1618 991 1672 rohur
1020 1622 1260 1689 corporis
1299 1625 1604 1693 deprimens
1630 1642 1877 1690 senectus
1905 1673 1921 1698 ,

347 1717 423 1756 ne
465 1702 553 1758 his
581 1705 796 1774 quidem
830 1709 1093 1764 volentem
1123 1713 1196 1765 uti
1223 1714 1345 1768 sinit
1375 1718 1606 1771 animam
1629 1735 1642 1785 ;
1668 1719 1759 1774 sed
1792 1733 1924 1775 tam-

345 1813 514 1865 quam
536 1814 696 1854 omne
725 1815 894 1871 genus
922 1803 1166 1861 hostibus
1194 1813 1546 1880 compressis.
1574 1807 1690 1870 eam
1719 1819 1921 1873 consti-

349 1889 453 1941 tuit
495 1890 544 1942 in
589 1891 705 1945 loco
746 1905 882 1961 puro
912 1910 940 1948 a
988 1899 1327 1964 tumultibus,
1375 1913 1428 1957 et
1478 1905 1719 1975 magnam
1761 1909 1924 1964 ellieit

345 1979 807 2048 tranquillitatem,
831 1994 886 2038 ct
912 1985 1168 2055 majorem
1206 1990 1358 2045 all'ert
1398 1993 1662 2050 timorem.
1694 1997 1748 2052 Si
1776 1999 1917 2054 enim

349 2072 530 2127 nullus
552 2072 690 2128 alius
709 2114 728 2140 ,
756 2084 813 2130 at
839 2072 999 2133 senes
1033 2081 1248 2152 quidem
1269 2095 1413 2140 certe
1447 2085 1641 2143 norunt
1664 2105 1722 2145 se
1751 2093 1919 2154 mori-

339 2166 520 2227 turos,
560 2175 614 2220 et
641 2167 799 2221 morti
852 2171 1075 2225 omnino
1127 2161 1248 2229 csse
1305 2178 1649 2248 propinquos.
1699 2182 1922 2247 Quando

341 2255 509 2323 igitur
525 2274 645 2328 qua:
669 2257 736 2314 ad
783 2261 920 2318 hanc
949 2265 1109 2319 vitam
1155 2270 1425 2337 pertinent
1477 2275 1730 2328 recedunt
1769 2278 1919 2346 cupio

349 2346 546 2402 ditates
588 2355 653 2404 ac
705 2346 973 2418 libidines,
1031 2357 1209 2412 subito
1253 2361 1432 2415 autem
1488 2361 1684 2434 ingruit
1728 2382 1918 2436 exslve-

337 2439 514 2492 ctatio
569 2441 798 2508 judic‘ii,
863 2441 1220 2514 pervicaciam
1292 2455 1484 2508 anima:
1547 2456 1789 2511 molliens
1858 2469 1912 2515 et

341 2528 802 2599 inobedientiam,
847 2539 1020 2591 annon
1064 2539 1120 2594 ﬁt
1171 2537 1422 2598 attentior
1481 2547 1523 2601 si
1573 2549 1731 2603 velit?
1780 2551 1913 2618 Quid

335 2633 484 2673 vero
507 2661 522 2684 ,
557 2622 758 2689 inquit,
788 2628 924 2695 quod
971 2629 1212 2684 videmus
1258 2648 1412 2689 senes
1449 2635 1734 2705 juvenibus
1764 2642 1910 2696 dete-

332 2711 564 2766 riores?
605 2713 875 2770 Summam
921 2720 1047 2773 mihi
1093 2722 1226 2777 dicis
1267 2726 1377 2778 vitii
1408 2730 1866 2798 exsuperationem
1900 2750 1913 2787 :

341 2815 464 2855 nam
504 2812 558 2856 et
596 2802 826 2859 furiosos
857 2807 1100 2864 videmus
1155 2813 1300 2868 nullo
1351 2815 1655 2884 impellente
1698 2836 1756 2874 se
1786 2821 1913 2878 dare

334 2893 663 2961 pmcipites.
714 2895 941 2962 Quando
981 2915 1111 2971 ergo
1165 2903 1249 2956 vel
1300 2919 1465 2960 senex
1521 2908 1727 2963 laborat
1774 2927 1910 2966 mor-

339 2981 427 3034 his
448 2983 699 3052 juvennm
723 3029 736 3051 ,
785 2987 836 3042 id
868 3004 1133 3063 summum
1162 3003 1243 3048 est
1268 2995 1454 3049 vilium
1483 3015 1497 3052 :
1531 3013 1628 3053 nec
1656 3001 1913 3070 injuvcnv

336 3080 454 3126 tute
479 3075 699 3154 quidem
721 3117 737 3142 ,
787 3081 876 3148 qui
911 3090 995 3136 est
1031 3081 1372 3152 hujusmodi,
1402 3078 1797 3146 excusationem
1825 3092 1918 3146 ha-

337 3160 511 3250 buerit
541 3184 554 3218 :
589 3182 695 3220 non
743 3178 921 3238 potest
961 3172 1102 3226 enim
1141 3173 1360 3242 dicere,
1406 3176 1604 3234 Delicta
1637 3182 1916 3250 juventutis

339 3241 462 3310 mea:
487 3269 534 3313 et
561 3261 875 3330 ignorantias
901 3282 1037 3320 meas
1063 3283 1124 3322 ne
1151 3241 1438 3326 memineris
1481 3241 1667 3344 (Ρεαί.
1699 3274 1790 3330 21.
1825 3277 1913 3347 7).

337 3353 465 3409 Nam
510 3360 598 3425 qui
651 3369 831 3413 manet
870 3361 1009 3416 idem
1051 3364 1102 3416 in
1145 3373 1450 3428 senectute,
1487 3367 1722 3442 ostendit
1776 3367 1918 3436 quod

335 3446 493 3502 etiam
527 3449 578 3502 in
604 3450 887 3519 juventute
915 3468 1021 3507 non
1045 3464 1262 3524 prepter
1286 3455 1698 3525 ignorationem,
1733 3475 1910 3530 neque

335 3548 552 3608 propter
610 3541 972 3610 imperitiam,
1017 3561 1188 3616 neque
1233 3555 1452 3616 propter
1489 3556 1702 3603 aetatem
1752 3550 1911 3605 fuerit

337 3626 624 3708 ejusmodi,
667 3631 764 3685 sed
806 3642 1028 3702 propter
1066 3637 1390 3691 socordiam.
1432 3637 1525 3692 Ille
1551 3641 1697 3694 enim
1731 3649 1910 3710 potest

337 3705 533 3778 dicere,
566 3717 766 3772 Delicta
785 3722 1065 3790 juventutr’s
1107 3741 1229 3778 mete
1253 3737 1298 3778 et
1339 3727 1655 3798 ignorantias
1681 3747 1819 3784 meas
1847 3746 1909 3785 ne

331 3809 638 3876 meruineris,
677 3813 764 3879 qui
799 3812 1059 3884 facitquze
1087 3820 1200 3871 seni
1230 3813 1576 3887 conveniunt,
1609 3823 1697 3896 qui
1733 3833 1906 3878 muta-

325 3907 417 3951 tur
438 3899 489 3953 in
521 3911 798 3959 senectute
824 3923 836 3959 :
861 3906 903 3959 si
935 3916 1110 3961 autem
1143 3910 1301 3963 etiam
1332 3912 1381 3964 in
1411 3923 1690 3968 senectute
1715 3915 1902 3969 eadem

329 3988 559 4043 admittit
595 3992 788 4061 probra
819 4006 873 4049 et
893 3995 1151 4052 dedecora
1175 4039 1190 4062 ,
1239 4001 1507 4070 quomodo
1542 4019 1636 4072 par
1663 4013 1744 4058 est
1771 4013 1829 4058 ut
1861 4004 1904 4058 is

331 4084 637 4139 nominetur
662 4102 852 4148 senex.
871 4090 971 4160 qui
1003 4106 1070 4144 ne
1093 4101 1301 4147 :etatcm
1329 4094 1541 4164 quidem
1573 4105 1849 4152 reveretur
1878 4097 1902 4150 ?

329 4171 457 4226 Nam
487 4179 576 4244 qui
609 4175 777 4244 dicit,
827 4176 1025 4233 Delicta
1042 4182 1324 4251 juventutis
1358 4202 1480 4240 mea:
1511 4197 1556 4240 et
1591 4189 1902 4258 ignorantias

331 4280 468 4318 meas
492 4284 555 4320 ne
575 4269 884 4335 memineris,
911 4272 1025 4328 haec
1054 4274 1214 4341 dicit,
1244 4286 1513 4348 tamquam
1542 4280 1596 4335 in
1620 4292 1901 4338 senectute

325 4367 384 4410 se
412 4365 562 4411 recte
589 4373 806 4427 gerens.

403 4444 540 4499 Vitia
565 4463 740 4502 senum
765 4458 986 4529 tempore
1026 4451 1390 4524 Chrysostomi.
1421 4489 1493 4499 —
1519 4460 1596 4516 Ne
1621 4477 1749 4533 ergo
1772 4477 1897 4533 pro-

318 4542 445 4602 pter
468 4551 556 4604 ea,
585 4555 705 4609 qua:
736 4541 869 4594 lium
896 4544 946 4597 in
975 4555 1269 4614 senectute,
1291 4550 1517 4619 tcipsum
1543 4555 1718 4621 prives
1739 4555 1898 4610 etiam

327 4628 480 4708 venia
510 4641 848 4696 peccatorum
871 4674 885 4697 ,
915 4650 1032 4704 qua:
1057 4637 1319 4694 admisisti
1353 4643 1403 4695 in
1427 4642 1728 4711 juventute.
1753 4646 1902 4714 Quo-

319 4719 490 4772 modo
520 4722 659 4775 enim
691 4724 741 4777 id
776 4741 880 4779 non
921 4737 1003 4781 est
1039 4728 1326 4787 absurdum
1363 4745 1418 4790 et
1462 4736 1613 4806 pejus
1657 4728 1816 4808 quam
1845 4749 1903 4794 ut

327 4819 602 4865 mereatur
645 4815 904 4870 veniam?
941 4833 1106 4874 senex
1149 4821 1329 4878 ebrius
1359 4834 1462 4891 est,
1512 4828 1662 4883 sedet
1689 4830 1740 4884 in
1769 4845 1899 4886 cau-

320 4891 502 4967 planis,
544 4919 706 4958 senex
748 4918 999 4978 properat
1027 4911 1095 4966 ad
1125 4928 1382 4982 equorum
1410 4919 1762 4988 curriculum,
1808 4937 1897 4976 se-

326 5007 423 5046 nex
449 4996 696 5074 ascendit
728 4999 782 5070 in
833 5001 1130 5070 theatrum,
1181 5016 1631 5080 tamquampuer
1673 5027 1900 5070 currens

315 5095 438 5136 eum
482 5086 664 5155 vulgo.
696 5087 838 5145 Vere
873 5101 954 5146 est
990 5093 1162 5164 pudor
1201 5105 1252 5151 et
1284 5112 1369 5152 res
1401 5099 1656 5169 ridicula,
1695 5105 1898 5160 extrin-

323 5188 475 5228 secus
509 5177 725 5245 quidem
757 5184 940 5236 ornari
972 5185 1188 5253 canitie,
1222 5188 1541 5246 intrinsecus
1560 5202 1738 5248 autem
1768 5209 1896 5251 sen-

317 5280 428 5317 sum
461 5267 660 5323 habere
691 5271 864 5340 pueri.
898 5275 964 5328 Et
991 5277 1036 5330 si
1068 5279 1331 5348 quispiam
1361 5281 1575 5350 juvenis
1613 5299 1736 5341 cum
1767 5303 1897 5343 con-

317 5357 532 5411 tumelia
559 5359 832 5427 aﬂecerit,
866 5367 1046 5420 statim
1077 5369 1260 5439 objicit
1287 5386 1473 5430 canos.
1502 5374 1583 5430 Tu
1625 5393 1719 5432 eos
1747 5379 1891 5447 prior

314 5445 560 5502 neve-rere
613 5467 626 5503 :
675 5451 721 5506 si
772 5460 829 5534 tu
873 5464 1052 5512 autem
1082 5467 1197 5514 tuos
1224 5477 1331 5515 non
1361 5465 1658 5520 reverearis
1681 5508 1696 5532 ,
1728 5445 1888 5539 idque

309 5551 428 5588 cum
481 5539 557 5627 sis
602 5532 807 5630 senex,
854 5548 1127 5630 quomodo
1155 5566 1366 5622 :rqnum
1389 5569 1576 5610 censes
1604 5566 1661 5612 ut
1678 5558 1892 5627 juvenis

315 5633 430 5681 tuos
457 5631 809 5716 revereatur?
837 5633 952 5688 Non
984 5641 1246 5695 revereris
1287 5657 1485 5709 canos,
1522 5646 1614 5700 scd
1641 5663 1734 5703 eos
1765 5664 1887 5718 pro-

315 5715 404 5768 hro
433 5728 488 5772 et
527 5710 791 5780 dedecere
819 5713 1011 5782 amcis.
1055 5717 1198 5786 Deus
1241 5741 1293 5787 te
1330 5731 1614 5792 honoravit
1656 5710 1888 5794 candore

2038 467 2288 536 pilorum,
2323 483 2565 538 magnam
2595 468 2687 522 tibi
2714 467 2858 523 dedit
2887 470 3290 546 praerogativam
3321 487 3334 524 :
3375 483 3471 549 cur
3495 488 3617 541 pro-

2037 557 2120 611 dis
2142 557 2432 612 honorem?
2454 558 2726 626 Quomodo
2752 569 2803 614 te
2825 560 3157 614 reverebitur
3179 551 3414 628 juvenis,
3439 576 3614 634 quan-

2040 649 2108 703 do
2135 666 2192 705 es
2221 665 2287 705 eo
2315 649 2470 717 longe
2497 651 2798 718 protervior
2823 662 2874 706 et
2906 641 3447 736 l'ascivior?Qattitics
3471 651 3616 706 enim

2042 750 2168 798 tunc
2191 741 2273 798 est
2297 743 2590 799 reverenda
2613 785 2629 810 ,
2678 735 2892 820 quando
2918 744 3026 814 agit
3052 738 3169 812 qna:
3201 752 3325 798 sunt
3351 745 3565 799 canitiei
3597 761 3613 799 :

2040 835 2251 904 quando
2279 827 2457 889 autem
2485 834 2592 904 agit
2613 827 2730 904 quis
2754 827 2880 888 sunt
2907 834 3182 906 juvenum,
3210 827 3378 906 magis
3408 838 3510 918 erit
3534 835 3616 918 ri-

2039 917 2212 980 dicula
2261 917 2419 995 quam
2460 927 2702 994 juvenes.
2747 926 3028 994 Quomodo
3059 943 3185 996 ergo
3217 917 3620 1009 poteritisltmc

2041 1003 2586 1084 suaderejnvenibns,
2617 1009 2709 1070 vos
2753 1009 2910 1072 senes
2945 1019 3216 1072 temulenti
3250 1009 3319 1072 ob
3352 1009 3617 1074 immode-

2041 1108 2196 1163 stiam
2216 1109 2239 1161 ?
2263 1107 2378 1162 Non
2407 1125 2564 1164 senes
2590 1124 2850 1165 accusans
2884 1110 2997 1165 lucc
3029 1101 3151 1164 dico
3173 1152 3188 1173 ,
3219 1111 3377 1177 absit,
3414 1100 3510 1166 sed
3532 1111 3619 1180 ju-

2045 1214 2228 1252 venes.
2259 1197 2389 1251 Nam
2415 1199 2504 1268 qui
2539 1193 2651 1252 luec
2678 1207 2860 1268 agunt,
2888 1200 3094 1255 etiamsi
3123 1181 3187 1253 ad
3214 1215 3408 1252 annum
3438 1210 3621 1282 cente-

2041 1281 2230 1342 simum
2262 1291 2621 1358 pervenerint,
2647 1289 2774 1344 mihi
2799 1300 2918 1344 sunt
2937 1291 3193 1362 juvenes;
3219 1285 3618 1362 sicutjuvcnes,

2041 1379 2246 1432 etiamsi
2278 1381 2384 1433 sint
2415 1381 2560 1448 parvi
2590 1382 2762 1449 pueri,
2794 1383 2899 1435 sint
2942 1392 3116 1436 autem
3149 1371 3374 1437 modesti
3401 1392 3455 1438 et
3483 1375 3617 1438 tem-

2043 1479 2314 1538 perantes,
2337 1480 2464 1523 sunt
2493 1472 2744 1526 meliores
2773 1472 3010 1526 senibus.
3039 1470 3148 1526 Nec
3175 1489 3350 1529 meum
3371 1467 3450 1528 est
3479 1476 3616 1542 quod

2045 1560 2256 1626 dicitur,
2307 1555 2401 1615 sed
2445 1561 2581 1615 hanc
2627 1559 2838 1631 quoque
2877 1557 3253 1632 diScretionetn
3288 1565 3433 1618 novit
3472 1563 3616 1619 Scri-

2044 1659 2195 1720 ptura
2232 1669 2244 1704 :
2279 1649 2522 1704 Senectus
2551 1652 2866 1718 venerabilis,
2901 1653 3087 1719 inquit,
3120 1670 3221 1706 non
3251 1653 3487 1707 diuturna
3508 1695 3522 1721 ,
3572 1665 3620 1707 et

2043 1723 2164 1794 tetas
2192 1741 2455 1795 senectutis
2486 1743 2585 1794 vita
2613 1743 2939 1796 immaculata
2966 1743 3121 1813 (Sap.
3147 1745 3199 1798 4.
3224 1743 3302 1816 9).

2113 1829 2166 1886 Δ.
2213 1833 2313 1899 Qui
2357 1835 2423 1886 sit
2453 1835 2612 1886 honor
2640 1835 2928 1910 senectutis.
2952 1865 3022 1875 —
3051 1834 3226 1894 Canos
3257 1837 3400 1891 enim
3446 1831 3617 1915 hono-

2043 1939 2252 1985 ramus,
2302 1920 2404 1996 non
2438 1925 2559 1990 quia
2589 1923 2766 1978 album
2799 1917 3032 1979 colorem
3070 1925 3222 1995 nigro
3248 1927 3617 1994 praeterimus,

2043 2013 2134 2068 sed
2166 2015 2286 2084 quia
2315 2024 2397 2067 est
2425 2015 2632 2084 signum
2661 2015 2782 2067 vita:
2813 2013 2930 2083 qua:
2961 2005 3024 2068 ex
3061 2011 3256 2090 virtute
3302 2013 3477 2087 agitur
3498 2058 3515 2084 ,
3567 2028 3622 2071 et

2042 2119 2161 2160 eum
2196 2105 2458 2167 videmus,
2501 2106 2739 2158 internos
2768 2120 2933 2158 canos
2961 2121 3024 2158 ex
3053 2121 3116 2158 eo
3149 2107 3464 2175 conjicimus
3500 2111 3619 2164 :sin

2042 2205 2217 2248 autem
2247 2210 2307 2248 ea
2330 2206 2518 2265 gerunt
2544 2211 2662 2263 qua:
2691 2183 2902 2249 canitiei
2929 2205 3052 2270 sunt
3075 2185 3363 2263 contraria,
3388 2208 3621 2268 propter.

2041 2301 2104 2342 ea
2151 2287 2318 2356 magis
2363 2267 2495 2340 liunt
2521 2288 2753 2341 ridiculi.
2797 2285 2928 2342 Nam
2959 2296 3012 2342 et
3044 2304 3223 2359 regem
3256 2275 3620 2358 honoramus,

2041 2383 2096 2432 et
2124 2362 2433 2446 purpuram,
2466 2386 2520 2430 et
2549 2376 2815 2442 diadema,
2845 2378 3103 2455 quoniam
3129 2389 3251 2432 sunt
3277 2379 3424 2448 signa
3451 2381 3620 2451 impe-

2044 2469 2108 2523 rii
2145 2487 2157 2522 :
2188 2468 2280 2522 sed
2320 2467 2362 2521 si
2399 2484 2518 2521 eum
2550 2468 2840 2523 viderimus
2869 2484 2988 2523 cum
3025 2486 3253 2542 purpura
3281 2457 3501 2542 conspui
3524 2515 3538 2539 ,
3590 2492 3618 2527 a

2041 2561 2358 2616 satellitibus
2387 2559 2711 2636 conculcari,
2735 2554 3004 2624 stnll'oeari,
3034 2560 3085 2626 in
3111 2576 3380 2642 carcerem
3405 2565 3616 2631 conjici,

2042 2633 2269 2721 discerpi
2293 2667 2355 2705 ac
2371 2645 2619 2715 cenvelli,
2652 2634 2908 2721 numquid
2937 2637 3301 2707 reverehimur
3327 2670 3621 2730 purpuram

2042 2749 2134 2794 aut
2160 2739 2436 2804 diadema,
2487 2754 2586 2794 nec
2630 2740 2788 2795 etiam
2842 2740 3014 2807 ipsum
3045 2741 3282 2795 habitum
3311 2743 3620 2813 deplorahi-

2043 2831 2200 2886 mus?
2237 2830 2315 2886 Ne
2339 2831 2476 2886 velis
2501 2847 2629 2900 ergo
2655 2831 2908 2885 honorari
2934 2842 3153 2901 propter
3174 2835 3425 2888 canitiem
3449 2876 3464 2898 ,
3498 2853 3618 2890 eum

2042 2940 2098 2986 tu
2127 2933 2239 3000 ipse
2283 2931 2332 2986 ei
2376 2930 2539 2984 facias
2581 2930 2827 2998 injuriam
2874 2944 2888 2980 :
2938 2944 3058 2982 nam
3085 2933 3194 2996 ipsa
3222 2944 3434 2998 quoque
3462 2929 3530 2983 de
3565 2939 3616 2982 te

2038 3022 2194 3076 debet
2217 3035 2402 3090 pmnas
2421 3035 2657 3086 sumere,
2685 3019 2824 3090 quod
2849 3018 3088 3072 habitum
3116 3019 3250 3072 adeo
3278 3017 3613 3087 splendidum

2033 3121 2085 3166 et
2110 3113 2399 3181 pretiosum
2436 3112 2630 3179 probro
2659 3110 2879 3164 afficias.
2914 3107 3030 3162 Non
3062 3107 3176 3162 haec
3210 3117 3394 3162 contra
3425 3122 3617 3162 omnes

2034 3201 2262 3257 dicimus
2284 3244 2298 3268 ,
2337 3217 2437 3256 nec
2466 3201 2708 3256 absolute
2733 3215 2763 3252 a
2791 3215 2875 3253 me
2905 3198 3066 3253 verba
3096 3198 3230 3252 ﬁunt
3251 3197 3506 3253 adversus
3527 3213 3615 3252 se-

2033 3302 2332 3354 nectutem;
2363 3308 2469 3346 non
2496 3307 2613 3346 sum
2644 3291 2778 3346 adeo
2800 3291 3049 3353 insanus;
3073 3289 3166 3342 scd
3187 3288 3446 3343 adversus
3460 3287 3614 3356 juve-

2033 3384 2192 3437 nilem
2247 3384 2502 3450 animam,
2557 3397 2675 3452 quae
2717 3381 2982 3437 dedecore
3027 3379 3194 3435 al‘licit
3233 3388 3609 3436 senectutem:

2031 3491 2205 3545 neque
2231 3475 2298 3530 de
2326 3475 2390 3530 iis
2418 3475 2505 3544 qui
2527 3473 2922 3529 consenuerunt
2948 3471 3064 3527 haec
3089 3471 3332 3526 dolentes
3357 3471 3608 3532 dicimus.

2029 3566 2126 3622 scd
2152 3567 2220 3621 de
2253 3567 2316 3620 iis
2341 3567 2427 3634 qui
2458 3565 2708 3621 canitiem
2735 3564 3085 3619 dedecorant.
3137 3563 3310 3619 Senex
3343 3564 3486 3618 enim
3524 3569 3614 3617 est

2031 3672 2141 3722 rex,
2173 3658 2217 3712 si
2246 3657 2402 3720 velit,
2425 3665 2480 3709 et
2509 3671 2574 3710 eo
2601 3656 2689 3725 qui
2717 3662 2801 3709 est
2824 3653 3042 3708 indutus
3065 3667 3296 3724 purpura
3326 3652 3493 3722 magis
3515 3665 3604 3706 re-

2027 3748 2181 3818 galis,
2201 3747 2243 3802 si
2275 3747 2498 3816 imperet
2517 3747 2675 3799 animi
2702 3744 3209 3815 perturbationibus,
3232 3752 3287 3797 et
3310 3743 3437 3796 vitia
3465 3744 3604 3796 tam-

2027 3849 2186 3907 quam
2219 3836 2478 3889 satellites
2506 3834 2605 3888 sibi
2636 3833 2888 3900 subjiciat
2919 3850 2933 3886 :
2964 3833 3045 3886 sin
3069 3843 3248 3886 autem
3282 3831 3522 3885 trahatur
3548 3840 3604 3886 et

2025 3941 2054 3980 a
2082 3925 2210 3980 sede
2237 3925 2533 3994 deiiciatur,
2566 3933 2622 3978 et
2650 3923 2912 3994 pecnnim,
2944 3924 3164 3988 amoris,
3193 3922 3376 3991 gloriae
3404 3923 3599 3988 inanis,

2023 4027 2078 4073 et
2119 4018 2306 4073 fucatae
2347 4017 2626 4092 elegantia:
2672 4015 3095 4085 deliciarumque
3133 4022 3187 4070 et
3228 4013 3503 4070 ebrietatis
3546 4023 3602 4071 et

2023 4110 2117 4164 irae
2143 4119 2197 4164 et
2221 4109 2298 4164 rei
2323 4123 2568 4163 venerere
2599 4107 2688 4161 fiat
2719 4121 2908 4162 servus
2928 4147 2942 4167 ,
2967 4108 3024 4160 el.
3053 4105 3190 4174 pilos
3216 4105 3419 4163 infucet
3445 4106 3596 4170 oleo,

2023 4207 2078 4254 et
2100 4200 2352 4255 ostendat
2380 4208 2592 4254 aetatem
2616 4214 2643 4250 a
2675 4198 2847 4252 libero
2877 4197 3044 4252 animi
3074 4197 3297 4252 arbitrio
3319 4202 3595 4250 contume-

2023 4290 2094 4345 lia
2119 4290 2361 4347 alfectam
2381 4332 2394 4356 ,
2429 4305 2535 4359 quo
2565 4305 2671 4344 non
2702 4289 2860 4344 fuerit
2888 4288 2933 4342 is
2961 4287 3154 4357 dignus
3191 4287 3454 4356 supplicio
3475 4285 3597 4357 (a)?

2020 4379 2125 4436 Sed
2153 4396 2266 4447 vos,
2305 4382 2556 4450 juvenes,
2589 4395 2656 4434 ne
2689 4379 2808 4434 sitis
2839 4380 2970 4434 tales
3003 4395 3018 4432 :
3051 4393 3223 4448 neque
3267 4379 3411 4434 enim
3447 4378 3596 4432 vobis

2020 4471 2310 4542 ignoscitur
2359 4472 2403 4525 si
2449 4471 2702 4539 peccatis.
2747 4467 3140 4536 Quamobrem?
3179 4466 3442 4534 Quoniam
3468 4467 3595 4521 licet

2019 4577 2140 4618 esse
2170 4578 2351 4618 senem
2387 4565 2436 4616 in
2461 4563 2738 4632 juventute
2768 4577 2783 4625 ;
2809 4562 2898 4614 'ac
2939 4560 3078 4614 sicut
3123 4568 3245 4614 sunt
3274 4560 3499 4629 juvenes
3537 4559 3591 4614 in

2016 4662 2290 4710 scneetute
2311 4693 2326 4717 ,
2360 4653 2428 4706 ita
2456 4661 2510 4708 et
2537 4664 2744 4708 contra.
2778 4650 2928 4706 Sicut
2961 4651 3104 4705 enim
3133 4650 3240 4705 illic
3279 4649 3415 4719 pilus
3437 4649 3590 4704 deat-'-

2016 4747 2172 4802 hatus
2203 4746 2466 4800 neminem
2495 4755 2709 4812 servat,
2753 4746 2832 4800 sic
2875 4759 2974 4800 nec
3011 4743 3101 4799 hic
3127 4744 3277 4813 niger
3322 4741 3589 4798 neminem

2015 4837 2252 4908 impedit.
2299 4835 2429 4891 Nam
2466 4837 2567 4891 etsi
2600 4837 2716 4890 hazc
2742 4852 2862 4906 qua:
2891 4835 3000 4889 dixi
3027 4849 3214 4889 senem
3245 4833 3478 4888 reddunt
3507 4833 3591 4888 in-

2014 4929 2374 4986 honestiorem
2403 4929 2569 4984 multo
2596 4929 2763 4998 magis
2789 4943 2944 4997 quam
2966 4926 3215 4994 juvenem
3239 4941 3254 4990 ;
3286 4925 3380 4981 sed
3413 4935 3590 4982 tamen

2013 5037 2112 5078 nec
2152 5021 2363 5092 juvenis
2408 5021 2543 5077 liber
2585 5029 2666 5075 est
2701 5034 2728 5071 a
2776 5017 3220 5094 reprehensione.
3249 5018 3380 5074 Nam
3405 5018 3588 5090 juveni

2012 5125 2137 5170 tunc
2172 5114 2346 5169 solum
2391 5113 2564 5168 danda
2598 5120 2680 5168 est
2712 5111 2888 5176 venia,
2917 5109 3133 5180 quando
3164 5124 3386 5182 vocatur
3409 5114 3476 5168 ad
3505 5130 3590 5169 re-

2009 5223 2127 5260 rum
2149 5205 2688 5268 administrationem,
2719 5219 2841 5258 eum
2869 5203 2938 5257 sit
2963 5205 3261 5274 imperitus,
3295 5222 3414 5262 cum
3455 5217 3590 5263 tem-

2008 5312 2139 5367 pore
2185 5313 2320 5367 opus
2383 5296 2578 5352 habeat
2621 5305 2676 5351 et
2721 5294 3052 5364 experientia
3101 5313 3116 5352 :
3153 5297 3365 5367 quando
3409 5308 3586 5354 autem

2005 5397 2218 5456 oportet
2263 5386 2549 5441 ostendere
2597 5384 2898 5438 virilitatem
2945 5385 3351 5456 temperantia,
3387 5391 3588 5455 nequa-

2006 5495 2165 5551 quam
2183 5521 2198 5546 ,
2230 5495 2406 5551 neque
2431 5477 2642 5549 quando
2663 5485 2878 5548 oportet
2903 5477 3142 5548 pecuniis
3170 5479 3454 5548 imperare.
3484 5479 3588 5535 Est

2003 5572 2145 5628 enim
2174 5571 2260 5628 ubi
2285 5571 2497 5642 juvenis
2526 5569 2694 5641 magis
2739 5569 3151 5640 reprehenditur
3191 5585 3351 5641 quam
3393 5585 3581 5629 senex.

2006 5665 2134 5720 Nam
2161 5680 2323 5721 senex
2348 5663 2564 5735 quidem
2596 5663 2760 5720 multa
2792 5677 2928 5733 opus
2959 5662 3118 5718 habet
3143 5664 3439 5734 curatione,
3461 5682 3582 5724 cum

2051 5775 2124 5836 (a)
2147 5775 2202 5824 la
2227 5777 2330 5824 lucc
2355 5776 2503 5825 verba
2526 5775 2705 5828 desinit
2729 5778 2831 5827 haec
2865 5777 3061 5830 homilia
3084 5779 3134 5830 in
3156 5779 3291 5832 Oolb.
