4088 6212
522 336 588 390 67

546 441 668 481 cum
721 425 1048 481 imbecillum
1098 416 1289 479 reddat
1332 433 1582 479 senectus
1632 416 1898 495 :‘juvenis
1942 438 2101 482 auten:

535 513 868 589 cum'possit,
900 518 945 572 si
978 515 1123 579 velit,
1168 516 1266 572 sibi
1304 515 1575 581 sufﬁcere,
1623 504 2107 587 quamnaur'asse-

533 632 727 693 qnetur
768 622 1010 685 veniant,
1065 618 1280 690 quando
1307 620 1472 690 magis
1503 620 1642 689 rapit
1685 634 1848 696 quam
1900 631 2063 672 senex
2101 624 2167 642 "'

528 715 739 785 quando
779 723 1013 782 acceptae
1059 711 1230 782 magis
1270 720 1352 766 est
1396 726 1603 764 memor
1630 709 1863 780 injurias,
1891 704 2105 777 quando

524 806 770 876 despicit,
819 790 1033 874 quando
1081 817 1184 856 non
1236 802 1403 872 magis
1449 800 1687 856 defendit
1711 814 1869 871 quam
1897 811 2100 853 senex.

524 898 738 968 quando
769 884 934 950 multa
967 895 1205 966 loquitur
1235 894 1554 964 importune,
1588 891 1800 963 quando
1825 899 2104 944 contume-

525 989 594 1043 lia
619 988 804 1051 afficit,
835 986 1046 1056 quando
1076 985 1360 1041 maledicto
1385 983 1606 1054 appetit,
1635 981 1848 1052 quando
1870 977 2101 1034 inebria-

524 1066 656 1136 tur?
687 1079 742 1135 Si
778 1090 958 1133 autem
988 1079 1038 1132 in
1082 1076 1432 1146 temperantia
1475 1084 1530 1128 et
1555 1073 1881 1137 continentia
1910 1070 2098 1126 existi-

520 1181 633 1226 mat
660 1187 717 1225 se
748 1187 851 1225 non
885 1185 1043 1240 posse
1073 1168 1427 1238 reprehendi,
1475 1167 1595 1221 vide
1622 1181 1742 1222 eum
1776 1164 1862 1219 hic
1888 1176 2102 1233 quoque

521 1263 685 1318 multa
714 1244 911 1319 habere
937 1261 1265 1332 adjumenta,
1293 1262 1337 1315 si
1365 1261 1513 1316 velit.
1544 1258 1675 1315 Nam
1705 1258 1805 1314 etsi
1834 1256 2100 1327 cupiditas

519 1366 574 1410 et
602 1355 766 1431 libido
788 1354 836 1410 ei
860 1354 1027 1425 magis
1053 1364 1134 1409 est
1163 1353 1388 1408 molesta
1415 1369 1575 1423 quam
1601 1353 1739 1414 seni,
1769 1361 1894 1406 sunt
1921 1360 2101 1405 tamen

522 1448 685 1501 multa
717 1452 835 1517 ane
864 1446 1099 1517 potuerit
1132 1446 1299 1516 magis
1331 1444 1505 1501 facere
1531 1460 1689 1516 quam
1721 1459 1881 1499 senex
1903 1485 1918 1509 ,
1954 1453 2007 1497 et
2037 1445 2100 1499 il-

522 1537 623 1589 lam
657 1538 926 1591 incantare
969 1536 1215 1590 bestiam.
1257 1535 1512 1602 Qua-nam
1542 1550 1603 1590 ca
1634 1534 1790 1589 sunt?
1826 1532 2098 1601 Laborcs,

520 1630 795 1693 lectiones,
826 1629 1127 1699 pervigilia,
1158 1628 1383 1697 jejunia.
1502 1690 1507 1695 _
1824 1692 1828 1696 _

596 1721 667 1773 De
693 1721 1043 1774 monac/n's.——-
1063 1719 1170 1775 Cur
1195 1730 1370 1773 autem
1398 1720 1510 1773 haec
1532 1718 1687 1774 nobis
1712 1719 1846 1773 dicis
1872 1717 1959 1788 qui
1984 1733 2092 1772 non

520 1825 706 1865 sumus
740 1792 1032 1864 monachi?
1064 1810 1188 1865 llmc
1211 1810 1338 1863 mihi
1366 1810 1541 1864 dicis?
1572 1811 1658 1864 dic
1683 1810 1849 1864 Paulo
1875 1851 1888 1872 ,
1921 1825 2095 1878 quan-

520 1882 588 1953 do
610 1901 739 1954 dicit
767 1918 781 1957 :
826 1899 1102 1971 Vigilautes
1123 1901 1174 1953 in
1204 1900 1341 1955 omni
1370 1900 1609 1970 patientia
1638 1906 1683 1954 et
1722 1899 1948 1953 oratione
1973 1896 2097 1971 (Co-

517 1995 638 2047 loss.
663 1995 711 2046 6.
742 1992 798 2063 2)
831 2011 843 2045 :
871 1992 1084 2062 quando
1112 1992 1262 2057 dicit,
1289 1991 1469 2045 Carnis
1500 2008 1675 2045 curam
1706 2007 1766 2044 ne
1800 1990 2016 2059 feceritis
2041 1990 2093 2044 in

516 2084 933 2159 concupiscentiis
964 2083 1140 2156 (Rom.
1170 2084 1252 2138 15.
1284 2084 1396 2154 id).
1445 2082 1560 2137 Non
1590 2082 1732 2137 enim
1764 2080 1880 2135 haec
1922 2081 2094 2134 solum

517 2178 733 2247 scripsit
765 2176 1061 2242 monachis,
1088 2177 1179 2231 sed
1204 2178 1451 2231 omnibus
1482 2176 1569 2246 qui
1602 2184 1724 2228 sunt
1765 2176 1816 2228 in
1846 2173 2092 2228 urbibus.

518 2268 630 2321 Non
652 2268 811 2323 debet
835 2268 978 2323 enim
1021 2266 1323 2323 mundanus
1353 2285 1447 2323 seu
1471 2267 1742 2323 swcularis
1762 2266 1881 2337 plus
1901 2266 2098 2320 habere

516 2374 674 2426 quam
714 2358 1030 2424 monachus,
1079 2358 1179 2412 nisi
1207 2359 1257 2412 in
1290 2359 1388 2413 hoc
1418 2359 1612 2421 solum,
1661 2357 1801 2428 quod
1827 2356 2099 2411 eobabitat

512 2464 639 2506 cum
660 2467 856 2505 uxore:
883 2451 968 2505 hic
992 2449 1150 2506 datur
1166 2451 1213 2505 ei
1237 2451 1412 2517 venia,
1438 2451 1489 2504 in
1513 2448 1632 2506 aliis’
1651 2459 1829 2504 autem
1854 2448 2093 2515 minime,

517 2541 611 2596 sed
642 2542 817 2596 omnia
835 2556 957 2596 eum
973 2552 1185 2611 oportet
1204 2542 1378 2598 facere
1409 2557 1558 2610 aeque
1574 2554 1733 2611 atque
1754 2541 2095 2595 monaclmm.

518 2632 635 2687 Jam
652 2648 782 2689 vero
795 2643 848 2687 et
870 2632 1225 2689 beatitudines
1243 2649 1359 2703 qua:
1375 2648 1404 2686 a
1421 2632 1637 2687 Christo
1649 2631 1802 2687 dicta:
1819 2640 1963 2699 sunt,
1990 2647 2094 2687 non

519 2714 676 2778 dieue
704 2732 824 2778 sunt
865 2725 1036 2779 solum
1067 2723 1385 2789 monachis;
1416 2738 1537 2777 nam
1569 2722 1815 2792 periisset
1845 2731 1986 2777 totus
2009 2738 2098 2777 or-

622 2823 687 2830 μη

1574 2828 1794 2836 —_—__-

518 3029 645 3082 (λιν.
688 3029 741 3083 5.
800 3045 849 3080 v.
904 3030 951 3084 1.
996 3028 1178 3082 Omnis
1219 3030 1352 3083 enim
1422 3032 1654 3101 pontifex
1705 3046 1767 3084 ex
1814 3029 2103 3083 hominibus

592 3131 900 3190 assumptus,
929 3138 1019 3190 pro
1049 3121 1337 3175 hominibus
1359 3123 1679 3176 constituitur
1706 3122 1757 3174 in
1781 3121 1843 3173 iis
1860 3136 1970 3189 qua:
1988 3129 2105 3173 sunt

590 3215 660 3267 ad
691 3213 851 3268 Deum
876 3255 892 3281 ,
925 3225 978 3267 ut
1001 3214 1181 3281 o/ferat
1211 3215 1347 3270 dona
1372 3224 1419 3269 et
1442 3215 1696 3283 sacriﬁcia
1724 3230 1817 3285 pro
1843 3214 2061 3283 peccatis
2088 3230 2107 3267 :

593 3306 647 3360 2.
680 3309 766 3377 qui
794 3309 1061 3362 condolere
1076 3309 1232 3378 possit
1249 3309 1312 3362 iis
1330 3308 1417 3378 qui
1445 3308 1682 3375 ignorant
1704 3315 1750 3359 ct
1771 3316 1961 3372 errant,
1983 3321 2112 3375 quo-

596 3400 734 3452 niam
761 3409 809 3453 et
835 3399 944 3468 ipse
981 3399 1321 3453 circumdatus
1349 3408 1421 3452 est
1450 3399 1744 3467 inﬁrmitate
1773 3413 1792 3451 :
1823 3398 1875 3452 5.
1905 3406 1951 3450 et
1990 3411 2112 3468 pro-

599 3499 769 3558 pterea
794 3490 957 3555 debet,
1003 3490 1429 3559 quemadmodum
1459 3507 1552 3560 pro
1584 3490 1805 3560 papula,
1835 3489 1907 3542 ita
1958 3488 2111 3542 etiam

597 3590 643 3635 ct
685 3596 779 3652 pro
805 3582 1073 3651 semetipso
1096 3580 1281 3647 offerre
1308 3598 1402 3652 pro
1432 3582 1673 3652 peccatis.

593 3674 626 3726 .i
640 3710 656 3727 .
685 3671 809 3726 Vult
827 3670 1085 3741 deinceps
1099 3672 1385 3729 ostendere
1411 3672 1599 3728 beatus
1617 3670 1832 3735 Paulus,
1851 3685 1993 3740 qnou
2011 3671 2113 3726 hoc

531 3763 934 3820 Testamentum
964 3774 1045 3820 est
1062 3764 1222 3835 longe
1244 3764 1437 3819 melius
1461 3775 1515 3819 et
1536 3763 2065 3835 prmstantiusVeteri
2092 3778 2108 3830 ;

532 3855 718 3925 procul
743 3856 978 3912 rationes
1002 3857 1149 3926 prius
1164 3856 1377 3925 jaciens
1397 3863 1665 3925 tamquam
1687 3853 2112 3910 fundamentum.

530 3946 666 4003 Nam
692 3949 945 4018 quoniam
973 3948 1108 4003 nihil
1134 3955 1253 4003 erat
1271 3946 1576 4017 corporale,
1594 3961 1769 4016 neque
1812 3945 2112 4016 imaginata,

533 4053 724 4106 nempe
758 4055 863 4094 11011
897 4039 1188 4109 templum,
1243 4052 1349 4093 11011
1385 4045 1570 4093 sancta
1618 4046 1952 4101 sanctorum,
2010 4052 2114 4090 ΙΙΟῙΙ

533 4128 787 4184 sacerdos
818 4138 1024 4183 tantum
1050 4130 1256 4185 habens
1284 4139 1635 4200 apparatum,
1666 4145 1771 4183 non
1802 4128 1997 4196 legales
2021 4130 2119 4184 ob—

535 4219 888 4283 servationes,
939 4218 1032 4273 sed
1080 4218 1382 4274 excelsiora
1408 4220 1585 4273 omnia
1616 4228 1671 4273 et
1699 4219 2032 4288 perfectiora,
2064 4227 2121 4274 et

538 4310 668 4364 nihil
697 4324 763 4366 ex
785 4312 945 4364 rebus
973 4310 1373 4381 corporalibus:
1397 4319 1697 4365 eratantem
1728 4310 2034 4365 universum
2054 4311 2105 4364 in

536 4403 698 4458 rebus
723 4402 1117 4472 spiritualibus;
1148 4402 1439 4471 spiritualia
1466 4411 1644 4457 autem
1668 4401 1990 4456 infirmiores
2014 4417 2117 4455 non

443 4519 451 4528 -
537 4511 690 4566 mque
716 4496 969 4551 inducunt
996 4504 1157 4566 atque
1179 4496 1477 4565 corporalia
1511 4513 1524 4547 :
1552 4494 1674 4549 ideo
1701 4503 1869 4548 totum
1914 4495 2016 4548 hoc
2036 4494 2120 4547 di-

537 4589 692 4642 condi
726 4599 1094 4658 argumentum
1123 4596 1301 4643 versat
1339 4598 1392 4642 et
1417 4588 1601 4657 agitat.
1626 4586 1759 4641 Vide
1783 4596 1962 4641 autem
2006 4586 2122 4656 ejus

458 4718 463 4725 η
545 4684 860 4752 sapientiam
896 4700 909 4734 :
938 4681 1145 4735 initium
1180 4682 1324 4736 ducit
1363 4698 1393 4735 a
1424 4683 1723 4749 sacerdote,
1753 4695 1808 4739 et
1847 4687 2120 4741 continen-

484 4796 489 4800 ·
547 4787 627 4830 ter
657 4791 778 4830 eum
806 4772 1043 4844 appellat
1071 4773 1397 4843 pontificem,
1427 4785 1480 4828 et
1506 4776 1575 4830 ab
1607 4776 1723 4846 ipso
1747 4778 1918 4846 primo
1939 4786 2124 4833 Osten-

544 4871 618 4923 dit
650 4867 1029 4925 differentiam.
1074 4867 1363 4937 Propterea
1403 4868 1629 4938 primum
1675 4869 1861 4924 deﬁnit
1889 4870 2015 4942 quid
2060 4871 2125 4925 sit

546 4962 798 5016 sacerdos
819 5002 834 5026 ,
863 4969 918 5016 et
942 4959 1178 5016 Ostendit
1219 4961 1262 5014 si
1289 4976 1390 5029 qua
1424 4961 1622 5016 haheat
1647 4963 1965 5028 sacerdotis,
1996 4973 2051 5018 et
2081 4965 2124 5018 si

546 5067 648 5120 qua
680 5052 788 5106 sint
812 5040 1052 5122 symbola
1094 5051 1400 5108 sacerdotii.
1432 5052 1491 5107 Ei
1519 5063 1695 5109 autem
1726 5056 2041 5110 occurrebat
2076 5067 2129 5109 ct

549 5140 820 5208 obstabat,
849 5141 992 5210 quod
1015 5157 1187 5211 neque
1203 5154 1341 5199 esset
1359 5161 1423 5198 ex
1441 5160 1639 5214 genere
1657 5146 2033 5216 nobili,neque
2063 5161 2126 5198 ex
2176 5158 2181 5163 ‘

550 5231 691 5284 tribu
721 5231 1063 5297 sacerdotali,
1096 5248 1269 5302 neque
1294 5236 1545 5289 sacerdos
1566 5251 1728 5305 super
1748 5246 1973 5300 terram;
2009 5236 2130 5290 hinc

553 5330 733 5375 autem
753 5321 969 5391 quidam
990 5322 1179 5377 dicturi
1204 5340 1323 5380 esse
1340 5324 1677 5390 videbantur,
1706 5327 1986 5394 Quomodo
2002 5343 2130 5396 ergo

550 5411 842 5468 sacerdos?
871 5413 1013 5483 quod
1043 5415 1094 5467 in
1123 5416 1360 5483 Epistula
1391 5418 1456 5471 ad
1485 5417 1755 5472 Romanos
1790 5420 1912 5473 fecit
1947 5419 2126 5484 (liam.

561 5507 644 5571 4).
669 5504 719 5558 id
750 5515 803 5558 et
831 5520 972 5559 nunc
1014 5506 1156 5559 facit.
1186 5506 1316 5561 Nam
1346 5522 1469 5561 cum
1501 5510 1820 5579 suscepisset
1846 5524 2138 5577 argumen—

554 5609 666 5652 tum
720 5614 826 5654 non
889 5600 1201 5670 probabile,
1248 5602 1290 5654 si
1348 5600 1450 5656 hoc
1505 5612 1754 5672 operetur
1802 5603 1933 5658 ﬁdes
1985 5602 2127 5673 quod

552 5707 657 5747 non
687 5693 848 5746 valuit
881 5692 1029 5747 labor
1056 5691 1185 5761 legis
1206 5700 1259 5747 et
1287 5693 1339 5745 in
1364 5694 1469 5747 vita
1502 5695 1821 5750 instituenda
1850 5696 2044 5757 sutor;
2081 5703 2137 5750 nt

553 5786 799 5841 Ostendat
827 5785 876 5837 id
920 5793 977 5837 ct,
1018 5783 1131 5837 lieri
1163 5784 1399 5851 potuisse
1438 5796 1490 5838 et
1527 5787 1719 5840 factum
1763 5801 1902 5849 ηερ,
1946 5787 2133 5840 (ιε-11111-

1215 326 1271 381 S.
1311 325 1588 381 JOAX‘NIS
1624 323 2094 383 CiiRYSOSTOMl
2133 325 2448 381 ARCiilEP.
2488 325 3019 382 CONSTANTINOP.

2012 2825 2298 2832 ____——-——

1846 2883 2190 2946 HOMILIA
2231 2884 2401 2947 νηί.

3629 343 3636 347 ’
3732 339 3798 392 hx

2207 428 2288 482 his
2312 436 2488 492 terrae,
2520 438 2573 503 et
2602 444 2981 486 accusaremus
3004 429 3170 486 Deum
3198 428 3551 488 crudelitatis.
3583 430 3640 488 Si
3679 447 3781 489 au-

2208 529 2311 573 tem
2341 519 2694 577 beatitudines
2712 522 2866 577 dicta?
2881 524 3144 578 suntsolis
3165 523 3460 590 monachis,
3478 532 3531 579 et
3546 523 3659 579 ﬁeri
3676 540 3783 579 non

2208 622 2385 680 potest
2428 623 2486 667 ut
2511 628 2603 669 eas
2644 625 3019 685 consequatur.
3047 616 3385 680 mundanus;
3441 615 3556 686 ipse
3602 625 3781 672 autem

2208 703 2454 771 permisit
2478 706 2693 775 nuptias
2723 723 2738 760 :
2765 708 2879 777 ipse
2907 723 3033 780 ergo
3060 723 3249 763 omnes
3275 707 3527 778 perdidit.
3555 708 3613 764 Si
3639 710 3783 765 ertim

2207 796 2320 851 ﬁeri
2352 812 2456 852 non
2485 809 2659 869 potest
2685 809 2744 854 ut
2767 816 2887 855 cum
2934 801 3277 856 matrimonio
3304 801 3464 857 iaciat
3487 816 3606 872 qua:
3660 812 3788 857 sunt

2205 888 2614 954 monachorum,
2646 891 2916 960 perierunt
2944 898 2999 946 et
3018 891 3083 946 ad
3112 891 3384 946 interitum
3413 891 3628 948 redacta
3657 903 3784 947 sunt

2204 980 2404 1044 omnia,
2446 989 2496 1034 et
2541 991 2724 1036 coacta
2752 992 2835 1037 est
2872 983 3040 1037 virtus
3072 985 3126 1037 in
3162 983 3454 1053 angustias.
3503 982 3786 1051 Quomodo

2203 1080 2382 1124 autem
2414 1082 2537 1126 sunt
2568 1072 2909 1128 honorabiles
2958 1073 3156 1143 nuptiae
3191 1071 3373 1145 (Hebr.
3411 1074 3496 1128 15.
3525 1074 3638 1143 Η),
3662 1089 3786 1145 qua:

2204 1162 2359 1217 nobis
2385 1171 2584 1218 tantum
2617 1163 2850 1219 atTeruut
2880 1165 3317 1234 impedimentum
3342 1165 3366 1220 i
3387 1164 3526 1232 Quid
3551 1180 3684 1236 ergo
3703 1166 3787 1220 di-

2203 1253 2432 1308 cendum
2461 1256 2581 1308 est?
2610 1254 2750 1310 Fieri
2786 1265 2980 1324 potest,
3017 1265 3179 1325 atque
3215 1254 3351 1310 adeo
3371 1254 3526 1310 valde
3555 1254 3692 1321 ﬁeri,
3724 1263 3785 1309 ut

2205 1360 2293 1414 qm
2321 1342 2579 1403 habemus
2605 1365 2799 1405 uxores
2819 1392 2836 1419 ,
2864 1352 3115 1409 virtutem
3155 1362 3425 1411 sectemur
3453 1364 3511 1411 et
3532 1369 3790 1411 exercea-

2206 1451 2347 1500 mus.
2371 1438 2417 1493 si
2462 1440 2708 1497 velimus.
2739 1443 3063 1511 Quomodo?
3088 1446 3146 1503 Si
3184 1447 3445 1504 habentes
3471 1464 3670 1505 uxores
3714 1450 3792 1505 si-

2208 1541 2324 1582 mus
2348 1537 2615 1601 tamquam
2641 1549 2748 1589 non
2778 1535 3055 1604 habentes,
3088 1538 3134 1594 si
3165 1554 3270 1595 non
3292 1539 3536 1595 laetemur
3560 1539 3632 1595 ob
3660 1554 3790 1610 pos-

2208 1619 2500 1689 sessiones,
2526 1623 2572 1678 si
2620 1626 2842 1682 mundo
2867 1638 3080 1684 utamur
3117 1640 3387 1702 tamquam
3419 1647 3525 1687 non
3578 1641 3790 1689 utentes

2205 1709 2285 1780 (1.
2310 1710 2431 1767 Cor.
2462 1714 2516 1769 7.
2547 1717 2659 1786 51).
2686 1716 2743 1773 Si
2768 1719 2859 1789 qui
2881 1730 3060 1775 autem
3107 1722 3347 1792 impediti
3376 1722 3594 1780 luerunt
3618 1739 3646 1778 a
3679 1740 3789 1779 nu-

2208 1800 2355 1868 ptiis,
2377 1803 2549 1858 sciant
2575 1807 2715 1874 quod
2738 1810 2937 1878 nuptiae
2962 1826 3068 1865 non
3095 1811 3243 1868 t‘uere
3269 1813 3673 1885 impedimento,
3692 1812 3788 1869 sed

2207 1888 2434 1945 liberum
2461 1894 2740 1950 arbitrium
2771 1898 2915 1967 quod
2941 1901 3083 1956 male
3108 1916 3263 1957 usum
3285 1913 3368 1959 est
3395 1905 3593 1974 nuptiis
3620 1915 3634 1951 ε
3663 1919 3786 1958 nam

2207 1995 2379 2051 neque
2403 1984 2585 2040 vinum
2611 1984 2740 2042 facit
2769 1989 3105 2055 ebrietatem,
3134 1993 3231 2048 sed
3272 1992 3471 2048 malum
3501 1993 3665 2048 animi
3695 1994 3787 2049 in-

2201 2088 2465 2151 stitutum,
2496 2098 2551 2141 et
2578 2086 2694 2156 ejus
2719 2101 2847 2141 usus
2873 2100 3034 2157 supra
3068 2086 3308 2142 modum.
3337 2088 3609 2146 Moderata
3635 2099 3798 2150 utere

2202 2176 2422 2245 nuptiis,
2464 2185 2518 2231 et
2545 2177 2654 2231 eris
2683 2177 2887 2245 primus
2912 2175 2968 2231 in
3003 2191 3172 2247 regno
3198 2180 3453 2236 calorum
3474 2220 3491 2242 .
3514 2190 3570 2236 et
3592 2180 3788 2243 frueris

2202 2269 2358 2324 bonis
2383 2269 2632 2328 omnibus
2659 2288 2673 2324 :
2707 2284 2828 2341 qua:
2859 2269 3017 2325 detur
3044 2271 3199 2326 nobis
3227 2273 3478 2330 omnibus
3505 2279 3787 2348 consequi,

2200 2361 2372 2430 gratia
2394 2372 2449 2417 et
2472 2360 2802 2430 benignitate
2828 2360 3042 2416 Domini
3071 2362 3240 2418 nostri
3262 2362 3390 2419 Jesu
3419 2362 3639 2432 Christi,
3663 2381 3786 2423 cum

2202 2466 2309 2522 quo
2350 2448 2497 2507 Patri
2548 2453 2815 2523 simulque
2843 2463 3032 2517 sancto
3061 2452 3284 2525 Spiritui
3309 2458 3500 2528 gloria,
3527 2468 3788 2529 potestas,

2205 2543 2400 2606 honor,
2448 2558 2590 2598 nunc
2631 2552 2686 2599 et
2725 2558 2968 2614 semper,
3020 2546 3157 2601 etin
3205 2547 3400 2603 saecula
3445 2551 3786 2606 smeulorum.

2205 2636 2396 2689 Amen.

2300 2823 2561 2831 m—

2213 3034 2289 3104 git
2330 3032 2397 3086 ad
2444 3031 2823 3101 patriarcham,
2871 3043 2926 3088 et
2964 3035 3267 3091 universum
3319 3034 3529 3092 reduxit
3555 3036 3625 3091 ad
3666 3035 3795 3092 illud

2216 3131 2444 3192 tempus.
2473 3123 2545 3177 Ita
2575 3123 2663 3178 hic
2698 3138 2913 3194 quoque
2947 3126 3168 3181 alteram
3215 3127 3498 3183 sacerdotii
3534 3129 3670 3183 viam
3715 3129 3798 3184 inv

2215 3211 2476 3281 greditur,
2506 3227 2813 3281 proponens
2855 3227 2921 3267 ex
2952 3214 3018 3267 iis
3045 3229 3164 3284 qua:
3189 3226 3600 3292 praecesserunt.
3630 3217 3698 3272 Et
3725 3219 3798 3273 si-

2216 3311 2305 3356 cut
2353 3303 2406 3356 in
2444 3303 2720 3372 punitione
2765 3318 2871 3358 non
2901 3305 3077 3360 solum
3108 3306 3325 3362 adducit
3348 3309 3671 3379 gehennam,
3703 3311 3800 3367 sed

2216 3407 2278 3447 ea
2306 3393 2464 3448 etiam
2493 3410 2612 3465 qua:
2646 3395 2990 3466 contigerunt
3018 3405 3260 3467 tempore
3303 3409 3513 3468 patrum
3550 3403 3661 3455 :ita
3710 3401 3800 3457 hic

2221 3515 2428 3570 quoque
2456 3499 2685 3570 primum
2708 3497 2991 3553 conﬁrmat
3014 3512 3043 3551 a
3067 3496 3444 3567 prtesentibus.
3471 3492 3604 3547 Nam
3630 3504 3796 3559 Opor-

2219 3593 2362 3648 tebat
2391 3592 2605 3663 quidem
2635 3592 2966 3647 terrestrium
3013 3591 3168 3644 ﬁdem
3219 3588 3332 3644 fieri
3364 3603 3428 3643 ex
3459 3583 3799 3647 cmlestibus;

2219 3684 2310 3739 sed
2337 3682 2553 3754 quando
2595 3683 2844 3738 imbecilli
2887 3691 3011 3737 sunt
3035 3680 3328 3745 auditores,
3361 3680 3420 3734 iit
3448 3677 3799 3734 contrarium.

2221 3776 2395 3844 Atque
2423 3775 2634 3829 interim
2654 3772 2867 3842 quidem
2899 3772 3067 3841 prima
3093 3771 3241 3840 ponit
3271 3785 3332 3825 ea
3359 3784 3479 3839 qua:
3504 3776 3627 3821 sunt
3652 3780 3805 3820 com-

2223 3864 2400 3920 munia
2424 3881 2439 3931 ;
2463 3874 2517 3920 et
2544 3874 2669 3920 tunc
2697 3862 2931 3917 ostendit
2959 3861 3009 3916 id
3042 3860 3181 3931 quod
3204 3867 3507 3929 exsuperet.
3537 3855 3628 3912 Sic
3658 3856 3801 3910 enim

2222 3957 2279 4012 fit
2305 3956 2650 4027 exsuperatio
2681 3970 2775 4025 per
2815 3953 3293 4022 comparationem,
3323 3949 3536 4019 quando
3583 3948 3636 4002 in
3683 3946 3807 3999 aliis

2220 4048 2434 4118 quidem
2466 4058 2547 4102 est
2577 4048 2715 4102 inter
2736 4060 2830 4100 eos
2858 4045 3164 4098 communio
3185 4051 3239 4098 et
3264 4042 3493 4095 societas
3514 4080 3529 4106 ,
3583 4040 3636 4093 in
3682 4036 3807 4090 aliis

2222 4153 2349 4191 vero
2375 4145 2660 4205 exsuperat
2684 4152 2697 4188 :
2723 4136 2804 4188 sin
2833 4135 3030 4198 minus,
3054 4147 3159 4186 non
3187 4131 3244 4184 tit
3269 4129 3497 4200 amplius
3527 4142 3622 4198 per
3650 4141 3805 4181 com-

2224 4226 2576 4295 parationem.
2608 4226 2786 4279 Omnis
2821 4225 3049 4295 pontifex
3078 4238 3141 4276 ea:
3173 4221 3463 4275 hominibus
3490 4226 3804 4286 assumptus,

2226 4318 2337 4371 lloc
2367 4327 2448 4371 est
2472 4315 2684 4371 Christo
2708 4330 3015 4369 commune.
3040 4311 3146 4367 Pro
3173 4311 3459 4365 hominibus
3485 4308 3809 4363 constituitur

2224 4412 2276 4465 in
2302 4412 2365 4465 iis
2392 4426 2504 4481 qua:
2535 4409 2602 4463 ad
2643 4409 2808 4463 Deum
2841 4409 3111 4478 pertinent.
3146 4407 3212 4460 Et
3239 4403 3367 4460 illud
3393 4416 3702 4458 commune.
3738 4397 3808 4454 Ut

2225 4502 2405 4570 oﬂerat
2432 4505 2566 4556 dona
2593 4511 2637 4555 et
2679 4500 2932 4569 sacriﬁcia
2955 4515 3045 4569 pro
3072 4498 3279 4569 populo.
3312 4496 3380 4551 Et
3424 4496 3527 4550 hoc
3553 4507 3766 4565 quoque
3790 4534 3806 4559 ,

2226 4596 2321 4654 θεά
2364 4612 2470 4652 non
2505 4604 2672 4651 totum
2711 4610 2723 4646 ς
2755 4609 2871 4663 qum
2916 4599 3124 4647 restant
3176 4600 3355 4644 autem
3379 4628 3396 4654 ,
3447 4599 3805 4658 nequaquam.

2232 4688 2329 4757 Qui
2356 4688 2624 4742 condolere
2650 4686 2803 4756 possit
2828 4685 2889 4739 iis
2913 4685 2998 4754 qui
3024 4684 3258 4754 ignorant
3286 4691 3331 4735 et
3354 4689 3543 4735 errant.
3580 4679 3675 4733 llic
3698 4677 3810 4746 jam

2194 4794 2197 4801 '
2227 4778 2677 4847 estessnpcratio.
2701 4776 2951 4841 Quoniam
2966 4776 3070 4845 ipse
3084 4774 3425 4828 circumdatus
3450 4781 3523 4825 est
3539 4769 3813 4838 inﬁrmita-

2203 4873 2295 4937 'te,
2320 4881 2365 4924 et
2393 4879 2597 4940 propter
2616 4885 2726 4921 eam
2751 4866 2914 4929 debet,
2933 4863 3355 4935 quemadmodum
3387 4878 3479 4931 pro
3496 4860 3706 4931 populo,
3738 4860 3813 4912 ita

2228 4961 2376 5015 etiam
2404 4978 2493 5031 pro
2507 4961 2668 5030 seipso
2685 4956 2866 5025 offerre
2888 4974 2980 5028 pro
2998 4956 3232 5024 peccatis.
3257 4954 3459 5009 Deinde
3474 4951 3617 5006 aliud
3635 4951 3810 5006 addit:

2227 5053 2334 5119 Fit,
2366 5052 2555 5121 inquit,
2588 5051 2653 5104 ah
2684 5050 2814 5112 alio,
2847 5058 2902 5103 et
2931 5052 3045 5118 ipse
3075 5061 3178 5102 non
3209 5044 3426 5100 invadit.
3454 5043 3567 5099 lloc
3597 5056 3813 5112 quoque

2229 5156 2309 5198 est
2332 5157 2633 5198 commune.
2663 5142 2716 5195 4.
2750 5139 2860 5194 Nec
2873 5139 3135 5207 quisquam
3157 5138 3253 5191 sibi
3270 5137 3421 5190 sumit
3441 5135 3705 5200 honorem,
3724 5133 3814 5186 sed

2231 5236 2316 5306 qui
2343 5244 2547 5288 vocatur
2570 5251 2600 5286 α
2627 5232 2753 5299 Dco,
2784 5242 3039 5302 tamquam
3084 5231 3276 5284 Aaron.
3306 5229 3402 5282 llic
3440 5227 3582 5281 aliud
3618 5236 3769 5280 curat
3795 5267 3811 5291 ,

2230 5325 2518 5378 ostendens
2544 5322 2683 5394 quod
2716 5340 2744 5377 a
2776 5323 2884 5376 Deo
2909 5321 2981 5375 sit
3014 5321 3229 5375 missus.
3259 5317 3410 5384 Quod
3441 5317 3656 5387 quidem
3689 5331 3812 5370 cum

2229 5418 2426 5474 Judmis
2448 5418 2719 5472 disserens
2745 5414 2959 5471 assidue
2988 5413 3201 5468 dicebat
3230 5412 3474 5489 Christus
3506 5427 3519 5463 :
3553 5408 3655 5477 Qui
3677 5410 3814 5461 misit

2229 5527 2327 5572 me.
2361 5512 2527 5578 umior
2553 5527 2633 5563 me
2660 5519 2730 5562 est
2782 5507 2960 5579 (Joan.
3005 5507 3060 5562 8.
3089 5506 3219 5576 42);
3251 5514 3325 5570 et,
3375 5503 3418 5557 Α
3450 5519 3528 5557 me
3572 5505 3684 5573 ipso
3712 5518 3817 5554 non

2230 5603 2360 5657 teni.
2393 5602 2486 5655 llic
2505 5602 2629 5654 mihi
2655 5598 2862 5655 videtur
2886 5598 3047 5654 etiam
3072 5600 3230 5652 tacite
3256 5596 3564 5652 .ludmorntn
3592 5595 3818 5648 innuero

2230 5694 2556 5751 sacerdotes.
2576 5695 2663 5763 qui
2696 5692 3038 5758 invadebant,
3059 5701 3115 5746 et
3136 5691 3306 5761 legem
3331 5688 3602 5742 violabant
3630 5701 3813 5741 sacer-

2229 5787 2380 5841 dotii.
2416 5787 2464 5841 Ei.
2499 5786 2585 5837 Sic
2606 5795 2651 5838 et
2679 5782 2910 5838 Christus
2941 5800 3040 5837 non
3071 5781 3391 5848 semetipsum
3418 5779 3721 5847 glori/ienuit
3761 5787 3815 5835 ut
