4036 6206
318 265 384 322 69
1178 264 1242 320 IN
1282 264 1494 322 EPIST.
1538 267 1627 321 AD
1666 267 2012 329 iIEBREOS
2071 276 2223 333 CAP.
2269 278 2330 337 Υ.
2370 279 2604 337 HOMIL.
2653 281 2778 335 \lil.

3506 302 3574 358 70

334 384 569 455 pontifex
596 384 758 453 ﬁeret.
791 383 893 442 Ubi
922 398 1049 456 ergo
1089 387 1186 443 luit
1226 390 1501 447 institutus
1522 404 1575 449 οι
1598 397 1875 455 ordinatus
1900 402 1922 452 δέ
2001 406 2180 452 meam,
2205 398 2251 441 et
2279 396 2576 459 potestatem
2604 388 2760 441 habeo
2777 405 2954 443 rursus
2970 393 3246 461 recipiendi
3272 413 3382 451 eam
3407 416 3423 455 :
3460 404 3576 457 nul-

328 481 512 530 Aaron
528 478 673 531 enim
698 491 841 547 saepe
861 477 957 532 fuit
982 480 1253 536 institutus
1272 492 1326 537 et
1346 484 1645 553 ordinatus,
1669 499 1723 543 ut
1745 492 1797 545 in
1816 493 1922 546 vir-

1999 482 2077 533 lus
2105 481 2237 533 tollit
2265 496 2375 533 eam
2401 496 2433 532 a
2458 497 2555 546 me,
2585 482 2673 534 sed
2690 497 2784 551 ego
2812 498 2921 535 eam
2951 500 3084 552 pono
3108 502 3140 539 α
3165 488 3356 556 meipso
3395 490 3577 564 (Joan.

328 584 418 639 επ,
439 579 491 624 et
506 569 721 639 quando
745 572 880 640 ignis
900 570 1195 637 descendit,
1215 584 1270 630 et
1285 591 1375 630 eos
1393 579 1480 648 qui
1501 581 1817 638 invadebant
1834 601 1897 640 sat

1996 574 2047 627 2.
2080 574 2164 629 l9.
2195 583 2243 627 et
2274 572 2361 627 l0.
2394 570 2505 643 l8).
2534 572 2668 640 Quid
2701 582 2783 627 est
2822 576 2987 643 ergo?
3014 590 3300 646 quamnam
3347 583 3417 637 ob
3444 598 3577 639 ceu.

325 662 677 717 cerdotiume
694 664 873 718 medio
895 666 1109 720 sustulit
1126 676 1142 720 ‘:
1164 668 1248 721 hic
1270 679 1448 724 autem
1473 681 1678 739 contra,
1698 691 1803 730 ηυη
1826 692 1917 732 so-
1994 683 2106 719 sum
2140 665 2499 734 precabatur?
2530 665 2597 719 Et
2640 682 2824 719 rursus
2871 668 3084 723 dicebat
3113 688 3126 722 :
3160 671 3292 725 Ecce
3339 677 3546 730 ascendi

328 754 435 807 lum
464 755 543 808 eis
569 755 701 808 nihil
730 756 856 809 mali
884 757 1099 823 accidit,
1126 758 1220 813 sed
1252 759 1302 813 in
1332 760 1468 815 bona
1496 774 1616 817 sunt
1644 767 1918 821 existima-

326 847 495 901 tione.
543 845 825 902 Undenam
865 850 1037 918 ergo?
1069 849 1179 904 lloc
1221 853 1457 906 ostendit
1498 871 1564 908 ex
1610 858 1910 927 prophetia.

324 936 467 991 Nihil
491 937 656 992 habet
682 940 879 994 sensile
908 956 1007 995 nec
1046 944 1395 1010 aspectabile.
1428 944 1552 1001 Ideo
1578 946 1680 1002 hoc
1709 950 1911 1004 contir-

323 1040 434 1083 mat
460 1045 525 1084 ex
552 1031 831 1099 prophetia
876 1042 929 1088 et
954 1049 1017 1088 ex
1045 1033 1237 1091 futuris
1270 1055 1283 1089 :
1319 1036 1426 1093 Sed
1456 1041 1543 1109 qui
1571 1041 1808 1110 loquutus
1833 1054 1908 1098 est

318 1121 382 1173 ad
420 1140 535 1173 eum
565 1132 584 1167 ρ’
620 1124 786 1177 Filius
827 1143 964 1180 meus
1001 1145 1051 1181 es
1075 1138 1148 1189 tu.
1182 1147 1270 1201 ego
1310 1133 1458 1187 hodie
1482 1137 1631 1204 genui
1674 1147 1737 1191 te.
1768 1138 1907 1207 Quid

321 1210 423 1265 hoc
448 1213 515 1264 ad
544 1212 787 1268 Filium?
827 1216 1072 1284 Maxime,
1097 1219 1287 1289 inquit,
1312 1222 1414 1278 hoc
1432 1223 1499 1280 de
1520 1222 1658 1280 Filio
1679 1228 1902 1285 dictum.

318 1302 454 1371 Quid
482 1306 549 1360 ad
578 1311 925 1378 quaestionem
947 1312 1200 1369 confert?
1227 1317 1447 1372 Multum
1478 1337 1492 1373 :
1524 1318 1641 1375 hcce
1663 1338 1740 1381 est
1766 1325 1904 1381 enim

318 1398 635 1464 prtecedens
667 1401 910 1469 probatio
938 1405 1077 1472 quod
1114 1408 1185 1461 sit
1211 1423 1242 1462 a
1289 1410 1399 1465 Deo
1431 1411 1700 1467 institutus
1724 1422 1777 1470 et
1815 1431 1904 1471 or-

317 1487 551 1546 dinatus.
582 1491 639 1547 6.
673 1492 1107 1558 Quemadmodum
1133 1508 1179 1551 et
1205 1501 1255 1553 in
1284 1502 1386 1554 alio
1418 1503 1528 1556 loco
1554 1504 1673 1557 dicit
1708 1524 1720 1559 :
1753 1504 1831 1558 Tu
1859 1520 1913 1559 es

317 1581 559 1635 sacerdos
598 1583 651 1636 in
682 1594 928 1637 azternum
956 1589 1230 1643 secundum
1254 1593 1482 1647 ordinem
1510 1594 1900 1656 Melchisedech.

319 1671 418 1725 Cui
469 1682 652 1729 autem
704 1674 807 1730 hoc
841 1678 1043 1733 dictum
1066 1682 1193 1736 est?
1222 1685 1339 1752 quis
1366 1694 1449 1740 est
1490 1690 1782 1743 secundum
1817 1705 1900 1746 or-

319 1762 503 1819 dinem
562 1766 998 1823 Melchisedech?
1049 1771 1237 1828 Nullus
1281 1775 1446 1843 alius;
1505 1792 1697 1835 omnes
1758 1783 1905 1838 enim

317 1864 474 1908 erant
513 1856 615 1911 sub
658 1858 799 1927 lege.
830 1875 1018 1916 omnes
1043 1863 1398 1921 observabant
1426 1869 1666 1933 sabbata.
1711 1882 1904 1931 omnes

318 1948 859 2006 circumcidebantur.
918 1952 1034 2009 Non
1077 1965 1254 2025 potest
1304 1961 1567 2029 quispiam
1624 1963 1784 2018 alium
1822 1965 1905 2020 di-

320 2054 463 2093 cere.
487 2043 540 2095 7.
577 2041 677 2108 Qui
723 2044 776 2096 in
832 2044 1003 2100 diebus
1040 2049 1211 2103 carnis
1257 2063 1383 2118 sum,
1427 2068 1598 2122 preces
1636 2057 1903 2127 supplica-

319 2130 576 2197 tionesque
622 2133 691 2185 ad
719 2151 855 2199 eum,
887 2138 972 2206 qui
1017 2139 1174 2206 possit
1224 2140 1373 2194 illum
1418 2144 1615 2197 salvum
1668 2146 1835 2214 facere
1872 2162 1906 2202 α

319 2231 499 2287 morte,
542 2239 659 2276 eum
702 2226 926 2281 clamore
966 2229 1135 2282 ualido
1174 2238 1221 2283 et
1266 2231 1503 2305 lacrymis
1529 2235 1765 2303 offerens,
1808 2254 1901 2293 ex-

317 2310 523 2364 auditus
561 2326 637 2366 est
684 2328 776 2383 pro
822 2332 915 2367 sua
966 2321 1258 2373 reuerentia.
1310 2322 1367 2376 8.
1419 2320 1489 2375 Et
1535 2327 1737 2394 quidem
1786 2343 1901 2383 cum

314 2410 445 2454 esset
494 2401 665 2457 Filius
719 2404 835 2471 Dei,
871 2408 1051 2461 didicit
1097 2424 1161 2463 ea:
1193 2411 1255 2464 iis
1301 2424 1415 2481 quae
1443 2428 1620 2482 passus
1664 2426 1736 2471 est
1780 2419 1899 2472 obe-

316 2491 591 2545 dientiam.
617 2493 779 2549 Vides
820 2497 955 2566 quod
997 2498 1129 2554 nihil
1171 2501 1313 2555 aliud
1364 2504 1507 2571 iacit,
1556 2520 1716 2575 quam
1754 2510 1896 2579 quod

321 2582 742 2653 ostenditquam
771 2588 903 2656 gerit
952 2604 1136 2644 curam
1185 2602 1239 2647 et
1288 2609 1553 2651 summam
1580 2600 1901 2656 caritatem?

322 2669 461 2738 Quid
492 2673 633 2725 enim
663 2675 760 2730 sibi
792 2678 903 2731 vult
942 2680 1091 2745 illud,
1124 2680 1250 2736 Cum
1275 2685 1495 2739 clamore
1530 2688 1698 2743 valido
1720 2690 1746 2743 .9
1769 2705 1900 2746 nus-

314 2777 475 2830 quam
508 2763 611 2819 hoc
654 2765 782 2822 dicit
818 2769 1187 2841 Evangelium,
1235 2790 1409 2846 neque
1453 2779 1593 2848 quod
1637 2796 1798 2839 orans
1829 2784 1899 2840 sit

317 2852 664 2924 lacrymatus,
711 2872 886 2930 neque
930 2863 1069 2932 quod
1113 2865 1403 2922 clamorem
1454 2869 1700 2927 ediderit.
1736 2874 1899 2931 Vides

313 2948 458 3016 quod
489 2948 592 3004 hoc
611 2958 730 3003 erat
749 2953 831 3005 sui
859 2952 926 3006 ad
954 2965 1195 3010 nostrum
1218 2968 1431 3027 captum
1454 2960 1752 3019 demissio?
1780 2965 1897 3021 Non

312 3038 457 3092 enim
492 3041 625 3095 satis
646 3040 837 3096 habuit
865 3043 1041 3100 dicere
1064 3048 1203 3115 quod
1226 3051 1294 3102 sit
1322 3062 1584 3119 precatus,
1613 3055 1705 3110 sed
1737 3057 1896 3111 ctiam

312 3131 453 3199 quod
481 3147 603 3186 cum
622 3132 862 3189 clamore
892 3136 1087 3191 valido.
1120 3138 1185 3191 Et
1212 3142 1438 3205 auditus,
1472 3144 1658 3214 inquit,
1684 3164 1775 3216 pro
1804 3164 1898 3202 sua

311 3223 613 3276 reverentia.
648 3223 869 3279 Etiamsi
898 3237 1022 3281 esset
1051 3228 1238 3294 Filius,
1266 3232 1444 3286 didicit
1472 3251 1534 3289 ex
1559 3238 1622 3290 iis
1642 3252 1757 3307 qua:
1775 3254 1896 3309 pas-

311 3330 397 3367 sus
426 3324 499 3367 est
526 3315 886 3370 obedientiam.
919 3317 972 3372 9.
1000 3318 1065 3373 Et
1094 3334 1469 3378 consummatus
1494 3329 1657 3397 factus
1686 3341 1757 3381 est
1784 3346 1896 3383 ont-

312 3408 459 3459 nibus
500 3407 958 3476 obtemperantibus
983 3412 1027 3463 ei
1052 3428 1206 3466 causa
1234 3413 1413 3468 salutis
1434 3427 1655 3483 eterna),
1686 3419 1769 3474 l0.
1804 3438 1899 3491 apo

312 3497 536 3564 pellatus
560 3515 593 3551 α
631 3497 743 3553 Deo
787 3502 1017 3571 pontifex
1035 3503 1188 3573 juxta
1229 3505 1456 3558 ordinem
1498 3507 1892 3565 Melchisedech.

312 3588 445 3642 Esto
476 3604 600 3644 cum
627 3590 866 3645 clamore
900 3609 911 3643 :
940 3606 1037 3645 cur
1062 3594 1220 3647 etiam
1254 3595 1472 3650 valido?
1504 3594 1700 3651 Etcum
1727 3602 1895 3671 lacry-

313 3683 444 3748 tuis,
487 3684 680 3753 inquit,
728 3683 980 3749 offerens,
1029 3686 1295 3740 exauditus
1340 3697 1412 3741 est
1454 3702 1544 3758 pro
1596 3695 1892 3745 reverentia.

312 3773 647 3829 Erubescant
677 3774 934 3838 haeretici.
987 3777 1077 3845 qui
1120 3792 1333 3833 carnem
1390 3790 1586 3847 negant
1619 3782 1714 3852 (α).
1757 3783 1894 3850 Quid

308 3864 501 3921 dicis?
539 3865 929 3919 exaudiebatur
974 3866 1142 3920 Filius
1190 3868 1280 3921 Dei
1327 3884 1424 3938 pro
1451 3873 1788 3926 reverentia?
1818 3875 1887 3927 Et

308 3966 438 4036 quid
466 3964 534 4019 de
564 3962 835 4035 prophetis
864 3961 981 4030 plus
1007 3961 1286 4017 dixeritis?
1313 3962 1567 4027 Quasnam
1606 3971 1786 4014 autem
1808 3970 1889 4018 cst

308 4053 697 4126 consequentia
719 4053 919 4118 dicere,
951 4052 1233 4106 Exauditus
1262 4068 1354 4121 pro
1375 4052 1648 4105 reverentia
1672 4070 1690 4115 ;
1717 4062 1768 4107 et
1797 4052 1891 4107 ad-

307 4147 466 4209 dere,
521 4143 738 4198 E'tiamsi
783 4153 909 4197 esset
941 4141 1129 4207 Filius,
1161 4142 1335 4195 didicit
1376 4159 1439 4195 es
1479 4143 1543 4195 iis
1566 4158 1680 4213 qua:
1709 4158 1887 4212 passus

308 4247 381 4290 est
406 4234 787 4291 obedientiam?
812 4234 998 4288 haecne
1041 4234 1107 4287 de
1138 4235 1246 4288 Deo
1273 4234 1465 4287 dixerit
1492 4235 1799 4305 quispiam?
1841 4246 1892 4289 ct

308 4329 429 4397 quis
456 4327 595 4382 adeo
632 4325 950 4381 insanierit‘.’
979 4326 1098 4394 quis
1126 4334 1302 4378 autem
1331 4334 1523 4380 emotae
1551 4326 1743 4379 mentis
1776 4324 1892 4379 htcc

308 4419 474 4473 fuerit
498 4418 789 4487 loquutus?
828 4416 1135 4481 Exauditus,
1156 4418 1343 4485 inquit,
1373 4433 1465 4486 pro
1494 4419 1787 4481 reverentia,
1813 4418 1891 4471 di-

306 4513 431 4564 dicit
453 4524 517 4563 e:
541 4510 607 4563 iis
628 4520 740 4575 qua!
765 4525 943 4579 passus
964 4518 1035 4561 est
1053 4508 1405 4563 obedientiam.
1428 4508 1597 4574 Quam
1629 4509 1889 4563 obedien-

307 4603 466 4656 tiam?
494 4603 584 4671 qui
612 4616 780 4671 usque
807 4600 873 4654 ad
902 4610 1126 4655 mortem
1155 4608 1306 4654 antea
1333 4601 1586 4667 obedivit,
1621 4611 1889 4671 tamquam

306 4696 449 4765 patri
483 4694 643 4755 Illius,
666 4691 932 4761 quomodo
960 4701 1141 4761 postea
1164 4692 1343 4745 didicit
1365 4692 1389 4744 ?

377 4786 439 4839 2.
470 4785 630 4839 Vides
670 4784 771 4838 hoc
808 4783 1006 4838 dictmn
1049 4798 1166 4837 esse
1195 4783 1261 4838 de
1289 4786 1497 4838 carne?
1534 4786 1673 4855 quod
1712 4795 1889 4840 autent

307 4879 444 4933 dicit
494 4888 577 4930 est
620 4874 945 4944 huiusmodi.
996 4874 1093 4928 Dic
1136 4874 1286 4940 mihi,
1335 4875 1625 4945 rogabatne
1678 4876 1890 4931 Patrem

304 4982 363 5024 ut
408 4977 718 5024 servaretur
772 4982 801 5019 a
853 4974 1048 5028 morte,
1102 4973 1157 5020 et
1204 4974 1485 5035 propterea
1527 4976 1642 5021 erat
1698 4967 1887 5032 tristis,

300 5072 357 5117 et
382 5060 599 5116 dicebat
631 5076 644 5111 :
677 5058 739 5114 Si
768 5058 1003 5127 possibile
1028 5066 1119 5122 cst,
1148 5066 1369 5110 transeat
1415 5073 1448 5110 a
1484 5072 1566 5110 me
1617 5055 1753 5111 calix
1800 5058 1892 5111 iste

306 5154 327 5224 (
357 5153 551 5207 ﬂatile.
591 5149 685 5205 96.
729 5149 797 5205 59
827 5149 881 5217 )?
930 5164 1030 5218 pro
1076 5149 1473 5204 resurrectione
1520 5157 1697 5203 autem
1759 5161 1890 5203 nus.

302 5258 468 5313 quam
521 5241 697 5296 oravit
748 5240 979 5303 Patrem,
1032 5238 1124 5293 sed
1160 5247 1351 5294 contra
1387 5240 1500 5310 ipse
1543 5238 1887 5309 pronuntiat,

302 5337 492 5391 dicens
520 5353 533 5390 :
564 5333 762 5388 Solvite
786 5329 1030 5401 templum
1073 5331 1187 5394 hoc,
1219 5341 1263 5385 et
1290 5331 1341 5384 in
1368 5332 1524 5385 tribus
1550 5332 1727 5386 diebus
1756 5334 1892 5386 exci-

301 5430 424 5483 tabo
471 5430 676 5496 ipsum;
721 5432 805 5492 et,
858 5422 1159 5477 Potestatem
1200 5424 1357 5477 habeo
1402 5423 1625 5492 ponendi
1667 5425 1890 5477 animam

350 5580 436 5655 ’(α)
446 5584 692 5655 μετείω
718 5582 784 5633 illi
806 5582 891 5655 qui
912 5592 1112 5655 carnem
1132 5578 1397 5655 negabant,
1418 5578 1463 5655 il;
1477 5587 1628 5655 erant
1647 5581 1728 5655 qui
1752 5580 1886 5655 dice-

294 5642 679 5707 ωξιίωιιηίθιυηι
693 5642 862 5707 specie
877 5650 1059 5691 tantum
1072 5654 1267 5689 carnem
1279 5642 1614 5702 amumpsisse,
1629 5642 1691 5690 de
1712 5643 1887 5705 quibus

296 5730 465 5781 antra.

625 5821 895 5879 PA'rnoc.
945 5820 1061 5875 (in.
1106 5815 1308 5873 LXIII.

1995 774 2105 811 mus
2133 758 2527 829 Jerasolymam,
2560 768 2606 812 et
2634 757 2802 813 Filius
2827 761 3046 815 hominis
3076 765 3299 818 tradetur
3322 770 3572 838 ponti/ici-

1991 850 2081 903 bus
2106 860 2157 903 et
2187 851 2385 915 scribis,
2414 859 2461 904 et
2489 851 2890 905 condemnabam
2916 869 3027 906 cuin
3071 866 3247 921 morte,
3289 868 3337 910 et
3376 861 3577 915 tradent

1990 959 2103 995 eum
2132 944 2361 1013 gentibus
2381 944 2449 997 ad
2478 943 2796 997 illudendum
2817 954 2863 997 et
2888 944 3257 1014 ﬂagellandum
3289 960 3333 1002 et
3364 955 3573 1020 cruciﬁ-

1988 1035 2226 1105 gendum,
2257 1045 2302 1089 et
2338 1036 2483 1088 tertia
2504 1036 2586 1088 die
2611 1046 2838 1106 resurget
2860 1036 3077 1106 (Matth.
3109 1038 3199 1093 20.
3233 1039 3341 1112 18).
3374 1043 3437 1095 Et
3463 1059 3569 1097 non

1988 1128 2141 1192 dixit,
2172 1126 2330 1182 Pater
2358 1143 2444 1182 me
2486 1127 2643 1182 faciet
2686 1142 2985 1197 resurgere.
3018 1128 3297 1197 Quomodo
3340 1148 3468 1202 ergo
3503 1135 3571 1189 de

1986 1234 2052 1273 eo
2076 1220 2435 1288 precabatur?
2456 1220 2559 1274 Sed
2598 1235 2694 1289 pro
2739 1221 2930 1289 quibus
2977 1222 3299 1291 precabatur
3326 1224 3349 1279 ?
3378 1241 3472 1294 pro
3503 1227 3569 1282 iis

1985 1312 2073 1381 qui
2103 1312 2157 1365 in
2185 1312 2358 1381 ipsum
2388 1313 2748 1367 crediderant.
2773 1314 2943 1381 Quod
2983 1325 3160 1369 autem
3189 1316 3318 1371 dicit
3361 1326 3442 1373 est
3472 1320 3569 1374 bu-

1987 1398 2221 1465 jusmodi
2255 1399 2474 1455 :Fucile
2520 1402 2824 1458 exauditur.
2877 1402 3008 1458 Nam
3063 1406 3314 1475 quoniam
3364 1407 3431 1461 de
3479 1406 3573 1461 illo

1990 1491 2225 1546 nondum
2271 1491 2538 1549 habebant
2581 1510 2699 1551 eam
2732 1509 2889 1565 quam
2935 1510 3033 1566 par
3075 1506 3191 1551 erat
3222 1496 3524 1567 opinionem
3550 1539 3567 1563 ,

1988 1582 2122 1637 dixit
2147 1599 2269 1638 cum
2304 1584 2468 1639 fuisse
2497 1587 2828 1653 exauditam,
2859 1587 2997 1641 sicut
3025 1586 3139 1657 ipse
3166 1601 3376 1658 quoque
3404 1586 3570 1643 disci-

1990 1676 2144 1743 pulos
2171 1676 2455 1731 consolans
2482 1677 2693 1732 dicebat
2729 1696 2740 1731 :
2777 1677 2836 1732 Si
2866 1694 2946 1731 me
2965 1679 3262 1748 diligeretis,
3286 1680 3573 1749 gauderetis

1989 1763 2179 1834 utique,
2207 1768 2445 1835 quoniam
2485 1768 2553 1820 ad
2595 1768 2803 1822 Patrem
2841 1785 3005 1821 meum
3052 1770 3203 1835 vado,
3249 1771 3368 1839 quia
3415 1767 3573 1822 Pater

1989 1858 2155 1927 major
2202 1874 2280 1911 me
2306 1868 2377 1911 est
2399 1858 2591 1925 (Joan.
2625 1861 2713 1914 Ii.
2742 1859 2814 1915 28
2836 1859 2876 1925 ).
2910 1862 3189 1927 Quomodo
3234 1871 3409 1916 autem
3465 1877 3570 1915 non

1989 1950 2224 2017 seipsum
2265 1950 2602 2018 gloriﬁcavit,
2635 1952 2723 2021 qui
2770 1953 3005 2021 seipsum
3038 1954 3317 2010 exinaniit.
3363 1955 3450 2023 qui
3482 1969 3571 2006 sc-

1992 2038 2160 2107 ipsum
2210 2040 2461 2093 tradidit?
2500 2039 2733 2094 Tradidit
2782 2044 2945 2110 enim,
2977 2044 3179 2113 inquit,
3224 2052 3440 2117 seipsum
3480 2058 3574 2114 pro

1990 2131 2207 2200 peccatis
2253 2134 2437 2188 nostris
2476 2133 2619 2203 (Gal.
2653 2136 2701 2188 Ι.
2738 2136 2828 2206 l);
2873 2146 2927 2190 et
2954 2152 3162 2202 rursus,
3196 2137 3297 2203 Qui
3323 2137 3459 2189 dedit
3496 2154 3575 2191 se-

1990 2227 2156 2293 ipsum
2178 2226 2568 2295 rcdemptionem
2597 2246 2687 2298 pro
2710 2231 2941 2283 omnibus
2968 2230 3108 2283 nobis
3136 2231 3213 2300 (I.
3241 2230 3371 2286 Tim.
3401 2230 3457 2284 2.
3489 2230 3568 2294 6).

1992 2316 2127 2383 Quid
2172 2330 2300 2385 ergo
2327 2318 2453 2371 est?
2485 2318 2646 2373 Vides
2691 2320 2829 2389 quod
2875 2330 3096 2391 propter
3140 2337 3358 2377 carnem
3404 2322 3469 2376 dc
3515 2337 3576 2377 se

1994 2408 2229 2478 loquitur
2267 2410 2485 2463 humilia
2512 2411 2535 2463 ?
2562 2411 2635 2465 ita
2666 2411 2753 2466 hic
2795 2426 3025 2482 qucque,
3057 2414 3263 2468 etiamsi
3294 2425 3438 2469 esset
3483 2412 3574 2467 Fi-

1993 2500 2114 2566 lius,
2146 2500 2429 2556 exauditus
2476 2501 2576 2556 fuit
2611 2517 2706 2572 pro
2755 2518 2847 2557 sua
2898 2506 3195 2559 reverentia
3231 2524 3245 2565 :
3275 2506 3387 2559 vult
3428 2506 3574 2560 enim

1991 2594 2274 2649 ostendere
2299 2594 2349 2647 id
2377 2594 2515 2663 quod
2542 2604 2750 2665 gestum
2783 2604 2863 2649 est
2887 2596 3053 2663 aitagis
3083 2608 3202 2650 esse
3230 2612 3364 2665 opus
3394 2612 3572 2661 suum,

1993 2702 2150 2757 quam
2178 2686 2273 2741 Dei
2317 2688 2521 2757 gratim.
2553 2687 2740 2753 Tanta,
2774 2689 2961 2757 inquit,
2993 2687 3089 2742 fuit
3114 2690 3231 2756 ejus
3276 2688 3575 2744 reverentia

1992 2794 2055 2834 ac
2082 2780 2272 2851 pietas,
2302 2787 2361 2832 ut
2388 2778 2512 2834 idco
2539 2792 2661 2834 eum
2690 2788 3028 2835 revereretur
3056 2781 3216 2835 Deus.
3249 2781 3461 2847 Didicit,
3491 2781 3575 2834 in—

1995 2871 2129 2941 quit,
2178 2871 2289 2926 Deo
2319 2870 2558 2925 obedire.
2591 2872 2687 2925 llic
2728 2878 2914 2926 rursus
2944 2872 3177 2927 ostendit
3225 2884 3479 2943 quantum
3508 2875 3576 2927 sit

1995 2964 2200 3019 lucrum
2233 2964 2656 3032 perpessionum.
2683 2964 2747 3017 Et
2770 2976 3165 3030 consummatus,
3190 2965 3377 3037 inquit,
3411 2969 3575 3039 factus

1996 3064 2066 3111 est
2096 3056 2325 3109 omnibus
2352 3057 2805 3126 obtemperantibus
2833 3058 2876 3111 ei
2894 3072 3050 3110 causa
3079 3057 3275 3111 salutis.
3310 3058 3363 3113 Si
3395 3067 3575 3111 autem

1996 3148 2106 3212 ille,
2134 3163 2252 3202 cum
2282 3154 2426 3202 esset
2451 3143 2638 3210 Filius,
2667 3162 2731 3202 ex
2761 3149 3199 3217 perpessionibus
3234 3149 3469 3204 lucratus
3496 3159 3579 3204 cst

1996 3248 2053 3293 ut
2100 3237 2362 3301 obediret,
2408 3238 2578 3292 multo
2624 3238 2793 3308 magis
2843 3254 2958 3291 nos.
3003 3238 3165 3293 Vides
3209 3255 3366 3306 quam
3411 3242 3577 3296 multa

1995 3328 2133 3383 dicat
2163 3328 2230 3384 de
2259 3329 2583 3394 obedientia,
2616 3340 2673 3384 ut
2704 3330 2799 3399 ipsi
2829 3330 3291 3400 persuadeantur?
3320 3332 3580 3388 Videntur

1996 3419 2139 3474 enim
2188 3418 2316 3473 mihi
2346 3419 2650 3489 frequenter
2694 3419 2930 3475 habenas
2976 3431 3227 3477 excutere
3274 3438 3373 3477 nec
3422 3424 3587 3479 dictis

1996 3512 2369 3580 obtemperare
2400 3528 2411 3563 :
2446 3511 2547 3565 hoc
2569 3514 2711 3566 enim
2734 3512 3118 3580 subindicavit,
3144 3514 3354 3580 dicens,
3386 3516 3583 3586 Segnes

1998 3602 2120 3673 facti
2145 3602 2261 3654 estis
2298 3601 2364 3653 ad
2409 3601 2738 3655 audiendum.
2771 3602 2847 3656 Ex
2880 3604 2942 3658 iis
2973 3621 3092 3673 qua:
3137 3618 3326 3674 passus
3354 3615 3455 3671 est,
3502 3609 3583 3659 in-

1996 3691 2129 3760 quit,
2152 3691 2489 3746 continenter
2523 3692 2710 3747 didicit
2738 3694 2845 3748 Deo
2871 3695 3111 3749 obedire.
3148 3695 3214 3748 Et
3257 3712 3580 3750 consumma-

1997 3788 2078 3835 tus
2117 3796 2137 3834 :
2181 3795 2275 3850 per
2302 3782 2596 3850 passiones,
2627 3783 2814 3851 inquit.
2840 3783 2953 3837 Iloc
2976 3794 3058 3837 est
3082 3799 3209 3853 ergo
3236 3799 3579 3840 consumma-

1999 3869 2094 3934 tio,
2122 3879 2178 3925 et
2203 3885 2299 3939 per
2327 3872 2431 3923 hoc
2459 3872 2639 3925 venire
2678 3882 2888 3939 oportet
2916 3873 2980 3925 ad
3026 3875 3430 3941 perieCtionem.
3466 3876 3579 3933 Non

2005 3966 2176 4019 solum
2224 3965 2337 4031 ipse
2383 3962 2560 4016 salvus
2590 3963 2776 4024 evasit,
2824 3957 2919 4014 sed
2964 3958 3065 4013 hoc
3112 3958 3271 4011 etiam
3315 3956 3415 4011 iuit
3462 3957 3583 4013 aliis

2005 4057 2154 4125 copia
2188 4056 2405 4111 salutis:
2426 4055 2809 4109 Consummatus
2825 4052 2967 4108 enim
3000 4051 3095 4122 fuit
3113 4051 3576 4119 obtemperantibus

2006 4146 2101 4211 ipsi
2139 4162 2296 4199 causa
2335 4145 2514 4201 salutis
2551 4151 2770 4198 ceterum.
2804 4142 3121 4212 Appellatus,
3168 4143 3357 4213 inquit,
3395 4158 3427 4195 a
3472 4139 3579 4194 Deo

2007 4236 2237 4306 pontifex
2262 4235 2539 4289 secundum
2565 4235 2797 4288 ordinent
2826 4233 3215 4292 Melchisedech.
3257 4234 3339 4286 Il.
3376 4232 3451 4286 De
3483 4242 3579 4303 quo

2007 4325 2147 4379 nobis
2184 4326 2395 4397 grandis
2435 4340 2599 4379 sermo
2624 4331 2671 4377 et
2712 4324 3156 4395 inintcrpretabilis
3198 4323 3267 4376 ad
3292 4322 3579 4375 dicendum.

2011 4416 2342 4471 Deducturus
2389 4415 2686 4471 orationem
2736 4415 2800 4467 ad
2850 4415 3202 4467 ditl'crcntiam
3257 4413 3577 4471 sacerdotii,

2008 4510 2156 4578 prius
2183 4522 2276 4562 eos
2322 4509 2583 4576 increpat,
2628 4504 2918 4561 ostendens
2943 4504 3082 4573 quod
3115 4512 3222 4556 tam
3266 4518 3454 4571 magna
3499 4504 3581 4555 sui

2005 4601 2264 4655 demissio
2289 4602 2362 4654 sit
2397 4601 2477 4654 lac
2504 4617 2517 4665 ;
2551 4609 2603 4653 ct
2624 4599 2763 4669 quod
2798 4599 2869 4652 illi
2898 4598 3004 4651 sint
3027 4595 3277 4662 infantes,
3298 4596 3466 4664 magis
3499 4604 3581 4649 est

2006 4692 2320 4745 immoratus
2350 4692 2401 4744 in
2435 4691 2619 4746 humili
2665 4691 2754 4760 qui
2780 4698 2863 4744 est
2891 4688 3183 4745 secundum
3229 4700 3445 4742 carnem
3475 4700 3577 4740 ser-

2005 4796 2181 4847 mone,
2214 4793 2265 4836 ct
2299 4782 2531 4852 loquitur
2577 4793 2844 4852 tamquam
2887 4785 2954 4835 de
2992 4780 3218 4851 quodam
3244 4780 3406 4848 jltSiO.
3446 4778 3577 4833 Vide

2002 4884 2178 4927 autem
2212 4892 2222 4925 :
2255 4885 2354 4927 nec
2392 4872 2612 4927 omnino
2663 4874 2916 4942 prmteriit
2961 4886 3071 4926 rem
3115 4871 3350 4934 silentio,
3404 4884 3578 4939 neque

2011 4967 2145 5020 dixit
2176 4984 2187 5018 :
2218 4980 2337 5019 nam
2369 4965 2497 5020 illud
2527 4967 2738 5035 quidem
2764 4964 2885 5019 fecit
2909 4968 2968 5016 ut
2993 4970 3225 5016 mentem
3258 4974 3441 5017 eorum
3469 4964 3579 5018 eri-

1997 5067 2164 5128 geret,
2195 5066 2246 5109 et
2294 5057 2639 5125 persuaderet
2683 5064 2739 5112 ut
2779 5062 2959 5110 essent
3006 5050 3254 5125 perfecti,
3288 5065 3341 5111 et
3368 5058 3573 5127 magnis

1997 5164 2101 5204 non
2148 5148 2483 5218 privarentur
2524 5147 2897 5216 dogmatibus;
2931 5146 3030 5200 hoc
3073 5155 3249 5202 autem
3298 5146 3443 5213 fecit,
3506 5160 3573 5203 ne

1994 5243 2247 5299 obrueret
2275 5256 2461 5298 eorum
2493 5238 2916 5309 intelligentiam.
2962 5237 3038 5292 De
3060 5252 3157 5309 quo
3185 5239 3326 5294 nobis
3361 5241 3572 5310 grandis

1993 5348 2177 5400 sermo,
2218 5334 2406 5404 inquit,
2440 5342 2485 5385 et
2521 5329 2965 5399 ininterpretabih's
3011 5332 3079 5383 ad
3122 5329 3407 5391 dicendum,
3437 5345 3567 5397 quo-

1988 5429 2129 5481 niam
2156 5424 2425 5479 imbecilles
2455 5423 2577 5493 facti
2603 5423 2722 5476 estis
2747 5420 2821 5474 ad
2854 5422 3179 5476 audiendum.
3207 5420 3469 5487 Quoniam
3496 5421 3567 5475 illi

1992 5535 2096 5573 non
2128 5517 2373 5582 audiunt,
2403 5525 2683 5586 praptcrea
2733 5520 2819 5570 est
2846 5514 3017 5569 oratio
3044 5510 3279 5567 difﬁcilis
3308 5511 3374 5567 ad
3404 5513 3568 5568 inter-

1991 5609 2326 5680 pretandum.
2361 5606 2585 5675 Quando
2609 5608 2751 5663 enim
2781 5607 2936 5661 alicui
2965 5620 3051 5660 res
3077 5612 3160 5660 est
3188 5620 3306 5659 cum
3338 5604 3569 5661 homini-

1991 5705 2085 5759 bus
2104 5704 2193 5772 qui
2214 5716 2317 5757 non
2335 5712 2690 5773 assequuntur
2707 5715 2805 5757 nec
2826 5699 3130 5771 intelligunt
3151 5715 3269 5770 qua:
3291 5701 3559 5767 dicuntur,

3225 5808 3263 5868 5
