4088 6212
419 303 479 358 τι
1129 306 1186 361 S.
1224 304 1498 360 JOANNlS
1535 303 2008 360 CllllYSOSTUMI
2049 307 2365 363 ARClllEP.
2395 307 2918 366 CONS'I‘ANTINOP.
3610 299 3676 357 7?.

429 420 475 469 is
506 433 609 470 non
659 425 832 486 potest
861 417 939 471 eis
965 424 1110 469 recte
1162 415 1517 483 interpretari.
1550 414 1653 469 Sed
1701 415 1832 468 forte
1857 419 2005 486 quis~

429 509 567 575 piant
616 525 685 562 ex
733 507 905 573 vobis,
957 507 1044 576 qui
1077 505 1163 560 hic
1203 506 1374 568 statis,
1404 505 1618 574 caligat,
1669 516 1723 559 et
1751 507 2004 560 damnum

426 619 536 654 rem
583 617 704 657 esse
733 601 1024 664 existimat,
1054 599 1096 652 si
1141 599 1255 667 ipse
1302 607 1521 667 propter
1549 597 1802 650 llebrieos
1847 597 2006 652 fuerit

427 695 714 763 impeditus
760 708 827 746 ne
886 705 1188 745 sermonem
1239 689 1550 757 loqueretur
1604 688 2001 757 perfectiorcm.

422 791 598 855 Atque
619 787 752 838 forte
764 782 976 853 quidem
999 782 1082 836 hic
1097 796 1330 850 quoque,
1352 787 1546 848 przcter
1566 794 1783 849 paucos,
1808 781 2002 835 multos

423 879 616 946 opinor
637 891 754 930 csse
785 875 936 937 tales,
960 884 1016 928 ut
1037 873 1136 925 hoc
1160 872 1319 926 etiam
1351 869 1419 922 de
1439 870 1588 923 vobis
1613 869 1854 924 dicatur:
1875 885 2003 938 pro-

425 979 538 1037 pter
568 981 762 1036 paucos
791 976 969 1020 autem
1001 964 1196 1019 dicam.
1235 960 1499 1030 Numquid
1541 975 1668 1030 ergo
1698 975 2001 1016 sermonem

419 1058 634 1112 silentio
667 1056 941 1125 praeteriit,
969 1063 1060 1108 aut
1089 1069 1211 1108 eum
1243 1068 1429 1106 rursus
1452 1052 1679 1120 sumpsit
1707 1052 1758 1105 in
1785 1052 1850 1106 iis
1879 1068 1999 1122 quae

424 1148 674 1211 deinceps
701 1157 1015 1216 sequuntur,
1037 1156 1092 1202 et
1119 1147 1256 1201 idem
1289 1147 1417 1203 fecit
1437 1147 1576 1218 quod
1600 1147 1652 1202 in
1681 1149 1918 1218 Epistola
1936 1147 2004 1202 ad

427 1238 741 1294 Romanos?
769 1254 890 1292 nam
923 1239 1034 1292 illic
1077 1253 1310 1308 quoque,
1358 1253 1479 1293 cum
1511 1251 1573 1292 os
1617 1237 1764 1308 prius
1786 1237 2008 1293 obstru-

423 1333 592 1388 xisset
621 1331 1132 1394 contradicentibus,
1167 1339 1222 1384 et
1265 1329 1515 1396 dixisset,
1552 1327 1596 1381 0
1617 1334 1786 1390 homo,
1817 1337 1868 1380 tu
1895 1343 2010 1397 quis

423 1439 476 1476 es
501 1423 586 1491 qui
627 1421 932 1492 respondeas
968 1419 1077 1473 Deo
1109 1419 1284 1491 (Rom.
1316 1421 1370 1475 9.
1414 1419 1552 1489 9.0)?
1580 1429 1705 1474 tunc
1736 1417 2010 1488 subjungit

425 1515 770 1580 solutionem.
809 1514 917 1583 Ego
959 1523 1138 1567 autem
1181 1521 1308 1581 puto
1354 1527 1528 1582 neque
1571 1511 1746 1581 ipsum
1788 1510 2010 1564 omnino

427 1605 641 1660 silentio
662 1606 1004 1674 praneriisse,
1030 1619 1200 1674 neque
1222 1603 1441 1669 dixisse,
1475 1614 1530 1656 ut
1553 1603 1824 1657 auditores
1853 1600 2010 1655 indu-

426 1706 513 1750 cat
544 1697 594 1749 in
624 1696 968 1751 desiderium.
997 1694 1126 1749 Nam
1150 1711 1270 1749 eum
1299 1693 1685 1759 admonuisset,
1711 1703 1765 1749 et
1783 1693 2009 1749 dixisset

427 1804 618 1858 magna
649 1789 890 1856 qmedam
919 1803 1038 1842 esse
1069 1788 1168 1842 sita
1199 1788 1251 1842 in
1280 1802 1549 1851 sermone,
1583 1786 1704 1841 vide
1734 1787 2005 1856 quomodo

427 1898 548 1934 cum
577 1882 732 1936 laude
770 1896 863 1935 eos
892 1880 1149 1950 increpet.
1181 1880 1294 1933 lloc
1333 1879 1474 1933 enim
1497 1893 1710 1947 semper
1736 1885 1818 1932 est
1859 1878 2007 1932 Pauli

427 1975 723 2044 sapientiae,
747 1974 985 2028 difﬁcilia
1008 1988 1069 2027 ac
1090 1973 1315 2026 molesta
1336 1973 1562 2026 miseere
1580 1985 1702 2024 cum
1727 1970 2003 2039 benignis:

428 2066 746 2132 quodetiam
773 2064 959 2120 facitin
982 2063 1214 2132 Epistola
1234 2063 1298 2116 ad
1314 2062 1547 2125 Galatas,
1572 2061 1756 2114 dicens
1784 2076 1797 2111 :
1826 2058 2011 2115 Curre-

427 2156 554 2208 batis
581 2156 702 2208 bene
728 2169 746 2207 :
773 2155 883 2224 quis
917 2169 1001 2206 vos
1033 2152 1290 2222 impedivit
1313 2150 1507 2221 (Galat.
1531 2149 1584 2205 5.
1623 2149 1713 2217 7)?
1741 2158 1813 2213 et,
1843 2149 2010 2203 Tanta

427 2249 562 2316 passi
593 2248 712 2301 estis
751 2248 857 2300 sine
881 2262 1034 2299 causa
1054 2245 1078 2297 Ι)
1097 2244 1142 2298 si
1167 2253 1333 2298 tamen
1375 2244 1484 2296 sine
1525 2257 1680 2296 causa
1715 2240 1733 2312 (
1756 2241 1925 2295 Galat.
1953 2243 2005 2296 5.

425 2339 482 2408 ι)
509 2356 524 2404 ;
555 2347 630 2401 et,
679 2337 788 2407 Ego
840 2337 902 2390 de
953 2335 1089 2389 vobis
1130 2333 1332 2402 conﬁdo
1361 2333 1411 2386 in
1460 2332 1679 2385 Domino
1723 2331 1922 2400 (Galat.
1951 2332 2006 2387 5.

427 2430 540 2501 10).
593 2429 746 2497 Quod
804 2427 888 2482 his
932 2441 1144 2496 quoque
1200 2424 1328 2479 dicit
1361 2441 1373 2476 :
1405 2422 1717 2490 Conﬁdimus
1763 2422 1826 2475 de
1873 2422 2010 2476 vobis

424 2522 674 2581 meliora,
731 2529 777 2572 et
845 2518 1089 2571 viciniora
1154 2515 1310 2569 saluti
1371 2513 1574 2584 (IIebr.
1629 2512 1680 2567 6.
1738 2511 1836 2583 9).
1895 2514 2010 2568 Duo

423 2627 554 2681 ergo
601 2611 715 2665 bwc
772 2608 935 2662 facit:
966 2623 1138 2677 neque
1190 2605 1348 2660 nimis
1395 2603 1658 2670 intendit,
1701 2619 1876 2674 neque
1930 2603 2009 2658 si-

425 2705 503 2758 nit
546 2719 640 2759 eos
687 2702 989 2756 concidere.
1037 2701 1219 2755 Recte.
1252 2698 1383 2753 Nam
1416 2697 1460 2752 si
1497 2698 1721 2752 aliorum
1769 2697 2008 2768 exempla

423 2796 696 2850 sufﬁciunt
725 2794 790 2848 ad
829 2792 1167 2848 excitandum
1211 2791 1530 2854 auditorem,
1561 2800 1613 2845 et
1639 2790 1704 2845 ad
1731 2790 2006 2844 adducen-

425 2886 548 2940 dum
594 2886 660 2938 ad
692 2885 1088 2938 :en‘tulationem
1125 2900 1138 2936 :
1170 2879 1384 2951 quando
1424 2882 1543 2949 quis
1583 2880 1744 2934 habet
1771 2895 1801 2932 a
1832 2880 2010 2949 scipso
2047 2914 2057 2920 -

424 2978 750 3048 exemplum,
784 2986 837 3030 ct
863 2977 1082 3044 jubetur
1126 2974 1359 3044 seipsum
1401 2972 1662 3038 armulari,
1702 2973 1867 3026 multo
1901 2989 2011 3026 ma—

423 3070 503 3136 gis
533 3067 799 3120 inducitur
847 3066 1112 3129 doctrina,
1158 3074 1216 3117 ut
1260 3062 1373 3116 ﬁeri
1419 3071 1614 3132 potest.
1652 3063 1716 3117 Et
1746 3063 1846 3116 hoc
1877 3078 2004 3132 ergo

423 3158 676 3221 ostendit,
724 3172 895 3225 neque
926 3155 1048 3210 sinit
1080 3169 1173 3209 eos
1214 3161 1484 3223 tamquam
1525 3153 1678 3208 valde
1724 3152 2006 3207 damnatos

423 3249 728 3314 concitlere,
763 3263 861 3302 nec
903 3255 960 3300 ttt
999 3245 1090 3316 qni
1129 3260 1343 3314 semper
1389 3244 1500 3298 sint
1543 3244 1690 3311 mali,
1741 3244 1833 3297 scd
1863 3245 2005 3314 quod

425 3345 584 3398 etiam
610 3341 893 3410 aliquando
924 3340 1121 3394 fuerint
1144 3339 1287 3393 boni.
1319 3337 1403 3391 12.
1439 3336 1638 3390 Etenim
1668 3353 1779 3389 cum
1807 3337 2008 3391 debere-

424 3439 486 3489 tis
500 3451 605 3488 esse
623 3432 853 3503 magistri
872 3443 1076 3501 prapter
1105 3439 1318 3498 tempus,
1342 3427 1530 3498 inquit.
1553 3425 1795 3482 Ostendit
1812 3427 1896 3481 hic
1918 3442 2010 3482 eos

426 3528 584 3594 longo
613 3531 735 3576 ante
769 3532 1009 3591 tempore
1038 3519 1330 3575 credidisse
1363 3537 1375 3572 :
1408 3517 1641 3572 ostendit
1681 3519 1840 3572 etiam
1869 3519 2010 3587 quod

423 3621 582 3673 etiam
612 3616 748 3670 alios
775 3615 1006 3668 debeant
1036 3609 1480 3666 instituere.Vide
1507 3623 1635 3678 ergo
1651 3625 1773 3665 eum
1800 3611 2008 3664 assidue

443 3701 728 3770 parturire,
781 3713 837 3755 ιιι
879 3701 1180 3755 introdneat
1209 3717 1511 3756 sermonem
1554 3704 1621 3755 de
1651 3706 1921 3770 pontilice,
1969 3711 2021 3754 et

442 3808 655 3846 semper
701 3791 936 3847 diﬁ'erre.
994 3791 1130 3846 Audi
1182 3795 1324 3847 enim
1379 3793 1648 3862 quomodo
1713 3793 2018 3862 inceperit:

447 3879 695 3934 [labentes
723 3883 1007 3950 pontiﬁcem
1039 3870 1312 3951 magnum,
1330 3883 1415 3950 qui
1453 3883 1725 3952 penetravit
1753 3882 1901 3936 cwlos
1924 3898 1941 3945 ;
1968 3890 2023 3936 et

441 3989 559 4025 cum
609 3973 1040 4040 prmtcrmisissct
1078 3974 1261 4030 dicere
1290 3974 1562 4044 quomodo
1593 3991 1865 4043 magnum,
1898 3991 2020 4028 rur-

441 4079 531 4114 sus
554 4063 720 4115 dicit:
757 4061 933 4116 Omnis
959 4065 1093 4116 enim
1137 4067 1364 4131 pontifex
1406 4081 1468 4118 ea:
1497 4065 1780 4119 hominibus
1821 4083 2022 4119 assunt-

442 4163 573 4219 ptus,
601 4167 688 4216 pro
707 4153 986 4205 hominibus
1004 4155 1321 4207 constituitur
1337 4156 1387 4206 in
1405 4157 1465 4208 iis
1485 4173 1595 4222 quw
1614 4167 1728 4209 sunt
1747 4157 1814 4209 ad
1837 4157 2021 4223 Deum;

442 4253 495 4294 et
524 4257 732 4306 rursus,
763 4242 852 4296 Sic
883 4243 1031 4295 etiam
1078 4241 1310 4297 Christus
1341 4261 1440 4298 non
1465 4247 1682 4314 seipsum
1715 4248 2021 4316 gloriﬁcavit

443 4341 496 4384 ut
527 4332 664 4399 ﬁeret
695 4332 942 4402 pontifex.
975 4333 1038 4386 Et
1077 4333 1266 4387 iterum
1299 4349 1418 4388 cum
1465 4335 1706 4400 dixisset,
1747 4336 1820 4390 Tu
1859 4355 1910 4392 es
1936 4355 2024 4392 sa-

440 4425 616 4475 cerdos
658 4423 710 4476 in
748 4431 988 4476 internum
1031 4427 1303 4477 secundum
1331 4424 1558 4478 ordinent
1601 4425 2020 4492 Melchisedech;

442 4528 625 4566 rursus
651 4511 848 4577 dill'ert,
873 4513 1056 4569 dicens
1089 4533 1101 4567 :
1135 4513 1235 4581 Qui
1264 4515 1315 4568 in
1337 4515 1510 4570 diebus
1529 4517 1696 4569 carnis
1721 4534 1827 4571 sua:
1849 4535 2018 4588 preces

440 4605 929 4674 supplicationesque
957 4605 1154 4658 obtulit.

511 4697 564 4750 5.
606 4695 866 4764 Quoniam
914 4710 1043 4765 ergo
1088 4696 1243 4750 toties
1275 4696 1370 4750 fuit
1406 4697 1687 4767 depulsus,
1718 4697 1880 4752 veluti
1930 4709 2020 4758 [υ-

440 4789 708 4856 Spondens
754 4800 806 4843 et
849 4804 908 4842 se
951 4804 1235 4850 excusans,
1283 4789 1453 4844 dicit:
1492 4790 1546 4843 ln
1594 4806 1688 4845 vos
1735 4805 1894 4845 causa
1936 4801 2020 4847 est

440 4879 738 4934 referenda.
781 4881 962 4951 Papae,
992 4891 1186 4951 quanta
1212 4881 1550 4935 differentia!
1595 4898 1716 4937 cum
1761 4885 2021 4940 deberent

441 4971 575 5022 alios
605 4970 816 5037 docere,
853 4983 976 5026 sunt
1005 4972 1216 5043 quidem
1263 4987 1372 5026 non
1399 4973 1574 5027 solum
1604 4974 1876 5044 discipuli,
1924 4975 2020 5030 sed

441 5059 602 5113 etiam
631 5059 810 5113 ultimi
839 5062 1111 5132 discipuli.
1140 5060 1341 5116 Etenim
1373 5079 1485 5116 cum
1509 5064 1752 5118 deberetis
1777 5082 1885 5119 esse
1912 5083 2021 5119 nta-

440 5149 586 5218 gistri
627 5159 832 5218 propter
869 5162 1083 5221 tempus,
1130 5171 1301 5208 rursus
1345 5155 1581 5224 indigetis
1625 5165 1676 5207 at
1715 5171 1798 5210 vos
1829 5158 2020 5211 docea-

442 5241 564 5315 ntini
606 5254 720 5312 qua:
762 5249 878 5293 sunt
914 5242 1153 5297 elementa
1183 5245 1374 5298 exordii
1419 5261 1704 5298 sermonum
1757 5246 1873 5300 Dei.
1923 5248 2019 5305 llic

443 5333 706 5386 elementa
739 5331 940 5385 exordii
969 5333 1094 5386 dicit
1130 5334 1531 5392 humanitatem.
1563 5335 1632 5392 Ut
1661 5339 1806 5391 enim
1838 5340 1887 5392 in
1920 5355 2020 5394 cx-

446 5424 610 5475 ternis
633 5423 800 5475 literis
817 5423 1042 5493 primum
1068 5435 1274 5490 oportet
1297 5427 1348 5480 di
1364 5443 1508 5482 scere
1529 5429 1815 5491 elementa,
1844 5430 1912 5484 ita
1935 5430 2021 5485 hic

445 5531 660 5584 quoque
707 5516 933 5585 primum
986 5513 1166 5568 doceri
1213 5520 1496 5585 oportebat
1540 5520 1608 5574 dc
1665 5522 2015 5577 lnnnanilate.

445 5605 606 5659 \‘ides
645 5622 886 5674 qumnam
937 5608 1006 5660 sit
1045 5621 1204 5660 causa
1236 5623 1331 5662 cur
1374 5609 1621 5680 loquatur
1653 5612 1914 5667 humilia?
1945 5613 2020 5668 lla

441 5698 600 5748 etiam
632 5695 753 5750 fecit
783 5697 974 5751 Paulus
1013 5697 1283 5752 disserens
1307 5711 1446 5780 "cum
1476 5700 1915 5767 Atheniensibus,
1964 5711 2021 5760 et

2100 417 2283 472 dicens
2315 433 2327 468 :
2359 414 2424 468 Et
2468 425 2694 484 tempora
2721 414 2922 485 quidem
2959 413 3110 485 hujus
3153 410 3458 482 ignorantia:
3500 413 3671 482 despio

2099 509 2232 560 ciens
2261 507 2414 572 Deus,
2444 523 2576 559 nunc
2600 507 2869 560 annuntiat
2905 503 3190 558 hominibus
3219 511 3271 555 ut
3297 518 3469 556 onmes
3491 503 3673 573 ubique

2101 601 2437 667 paenitentiam
2453 608 2624 668 agant,
2648 615 2705 652 eo
2725 598 2860 669 quod
2881 598 3057 653 statuit
3087 597 3241 660 diem,
3271 596 3323 649 in
3347 613 3446 665 quo
3466 597 3672 665 judica-

2100 701 2239 744 turas
2264 699 2334 745 est
2357 689 2523 743 orbem
2547 690 2597 742 in
2625 691 2880 758 (equitate,
2910 691 2962 742 in
2985 689 3088 742 viro
3113 690 3164 741 in
3193 688 3494 757 quostatuit,
3521 689 3674 754 fidem

2100 782 2322 852 prtebcns
2348 781 2597 845 omnibus,
2619 781 2868 834 suscitans
2889 796 3001 834 eum
3025 797 3056 833 a
3073 780 3283 833 mortuis
3311 778 3442 848 (Act.
3473 781 3557 833 i7.
3580 781 3670 833 50.

2098 878 2210 945 51).
2245 877 2531 944 Propterea
2555 875 2597 929 si
2629 874 2896 943 quidpiam
2933 874 3144 943 quidem
3176 872 3300 926 dicit
3323 874 3592 928 excelsum
3623 881 3676 925 et

2101 967 2346 1030 sublime,
2380 966 2480 1019 hoc
2509 965 2640 1018 dicit
2667 965 2900 1019 breviter
2927 982 2939 1018 :
2973 963 3188 1017 humilia
3217 971 3392 1016 autem
3431 964 3673 1027 dispersa

2108 1065 2233 1107 sunt
2276 1056 2328 1109 in
2376 1058 2555 1110 multis
2587 1058 2715 1114 locis
2754 1057 3027 1127 Epistolze.
3073 1057 3138 1111 Et
3177 1057 3254 1114 sie
3299 1059 3602 1113 ostenditur
3635 1061 3684 1116 id

2109 1145 2250 1212 quod
2283 1154 2364 1199 est
2395 1148 2661 1201 excelsum
2705 1157 2758 1200 et
2787 1148 3054 1203 sublime:
3087 1163 3209 1202 nam
3240 1149 3382 1218 quod
3424 1159 3500 1207 cst
3531 1151 3687 1206 valde

2111 1231 2330 1301 httmile,
2382 1252 2486 1290 non
2521 1237 2646 1291 sinit
2678 1247 2733 1291 ttt
2783 1237 2850 1292 de
2895 1238 3173 1294 divinitate
3219 1242 3567 1310 suspicemur.
3613 1245 3687 1299 Ita

2112 1323 2198 1379 hic
2227 1342 2437 1396 quoque
2463 1327 2600 1397 quod
2635 1337 2802 1383 tutunt
2843 1339 2926 1384 est
2962 1345 3203 1394 servans,
3239 1331 3460 1386 humilia
3493 1334 3689 1386 huma-

2111 1416 2265 1469 nitati
2310 1417 2553 1488 adjungit
2582 1437 2594 1470 :
2626 1419 2678 1472 in
2720 1433 2881 1472 causa
2914 1429 3089 1472 autem
3127 1429 3263 1484 erat,
3295 1420 3433 1490 quod
3466 1422 3537 1475 illi
3584 1439 3687 1478 non

2113 1519 2332 1578 possent
2365 1509 2677 1578 perfectiora
2706 1510 2916 1565 audire.
2948 1510 3060 1565 Hoc
3099 1513 3330 1566 maxime
3357 1512 3692 1582 signiﬁcabat

2114 1598 2164 1652 in
2199 1599 2436 1670 Epistola
2468 1601 2533 1654 ad
2583 1600 2910 1667 Corinthios,
2953 1601 3178 1655 dicens:
3207 1601 3332 1656 Cum
3375 1603 3507 1656 enim
3537 1604 3690 1673 fuerit

2113 1691 2242 1744 inter
2303 1707 2387 1746 vos
2438 1693 2578 1746 zelus
2626 1703 2671 1746 et
2735 1694 3021 1758 contentio,
3067 1710 3234 1747 nonne
3287 1695 3518 1748 carnales
3577 1697 3691 1748 estis

2115 1782 2192 1854 (1.
2226 1781 2345 1837 Cor.
2373 1785 2427 1838 ’5.
2457 1785 2555 1854 5)?
2597 1783 2730 1838 Vide
2778 1794 2957 1838 autem
3013 1785 3234 1838 multam
3289 1785 3408 1855 ejus
3464 1789 3691 1856 pruden—

2116 1873 2243 1927 tiam
2276 1891 2288 1926 :
2321 1889 2513 1944 nempe
2542 1889 2701 1944 quam
2733 1883 3091 1945 congruenter
3132 1885 3186 1930 et
3214 1877 3595 1932 convenienter
3634 1893 3692 1932 se

2113 1975 2262 2034 gerat
2290 1963 2344 2018 in
2367 1965 2636 2034 subjectos
2661 1965 3022 2036 aegritudines.
3045 1965 3177 2020 Nam
3211 1967 3320 2021 illic
3345 1968 3558 2038 quidem
3591 1971 3691 2020 im-

2117 2053 2378 2108 becillitas
2422 2070 2609 2125 magna
2654 2069 2720 2109 ex
2767 2065 2918 2125 parte
2956 2056 3219 2110 existebat
3262 2055 3340 2110 ex'
3372 2061 3690 2128 ignorantia,

2115 2146 2200 2201 vel
2226 2147 2406 2217 potius
2444 2163 2512 2203 ex
2552 2149 2827 2218 peccatis;
2864 2149 2951 2203 hic
2979 2157 3156 2204 autem
3191 2165 3297 2205 non
3343 2167 3407 2206 ex
3437 2156 3691 2222 peccatis,

2119 2238 2211 2293 sed
2241 2253 2307 2292 ex
2336 2239 2734 2294 continentibus
2761 2239 3157 2295 afﬂictionibus.
3188 2241 3256 2294 Et
3300 2242 3419 2297 ideo
3446 2259 3572 2297 usus
3613 2254 3696 2299 est

2119 2331 2281 2386 etiam
2324 2331 2648 2386 dictionibus
2695 2347 2813 2402 quae
2857 2333 3066 2402 possint
3112 2333 3401 2389 ostendere
3443 2335 3697 2388 dim-reu-

2120 2421 2266 2485 tiam,
2298 2420 2407 2474 illic
2429 2421 2636 2489 dicens,
2666 2421 2912 2477 Carnutes
2943 2424 3067 2494 facti
3096 2424 3243 2489 estis;
3267 2424 3354 2478 hic
3385 2441 3530 2490 vero,
3562 2425 3695 2492 Quit

2121 2515 2293 2585 major
2331 2525 2447 2570 erat
2484 2515 2660 2582 dolor,
2697 2516 2918 2572 hebetes
2957 2517 3082 2572 facti
3129 2519 3280 2572 estis.
3316 2519 3393 2572 llli
3423 2534 3525 2572 non
3555 2520 3695 2572 enim

2122 2621 2226 2659 non
2255 2613 2546 2676 potuerunt
2572 2604 2734 2671 ferre,
2767 2607 2933 2677 utqui
2967 2615 3149 2662 essent
3173 2609 3448 2672 carnales;
3483 2609 3567 2661 isti
3597 2624 3664 2660 au
3687 2638 3701 2648 ο

2123 2705 2229 2750 tem
2261 2703 2570 2765 potuerunt.
2606 2697 2794 2752 Dicere
2816 2697 2984 2764 enim,
3031 2699 3280 2765 Quoniam
3307 2699 3582 2752 imbecilles
3611 2704 3694 2768 [ηε

2121 2786 2188 2838 eti
2235 2785 2352 2839 estis
2391 2786 2459 2838 ad
2489 2785 2822 2851 audiendum,
2875 2796 2958 2842 est
2999 2787 3340 2856 signiﬁcantis
3382 2789 3522 2858 quod
3568 2790 3699 2842 oliui

2125 2875 2322 2941 fuerint
2363 2876 2477 2930 sani
2505 2887 2559 2931 et
2591 2876 2756 2932 fortes
2783 2879 3053 2948 animique
3096 2879 3368 2935 alacritate
3410 2881 3697 2945 ferventes,

2124 2975 2179 3036 et
2217 2976 2402 3036 postea
2457 2966 2558 3021 hoc
2597 2967 2664 3021 de
2708 2969 2786 3022 eis
2816 2978 3060 3022 testatur.
3103 2969 3171 3023 Et
3198 2972 3320 3040 [acti
3362 2971 3480 3024 estis
3522 2972 3702 3038 quibus

2125 3060 2253 3112 lacte
2271 3075 2397 3128 opus
2423 3060 2508 3126 sit,
2539 3077 2639 3113 non
2677 3061 2842 3114 solido
2881 3061 3010 3115 cibo.
3056 3061 3282 3131 Semper
3311 3061 3393 3117 lae
3420 3073 3573 3117 vocat
3603 3062 3704 3115 ltu-

2127 3149 2305 3205 milem
2335 3165 2660 3218 sermonem,
2693 3161 2748 3206 et
2791 3151 2879 3207 hic
2924 3163 2979 3207 et
3007 3153 3135 3207 illic.
3169 3152 3294 3208 Cum
3335 3155 3595 3218 deberetis,
3629 3154 3703 3207 in-

2127 3243 2260 3311 quit,
2285 3259 2390 3298 esse
2412 3245 2639 3315 magistri
2661 3244 2867 3316 propter
2895 3255 3091 3318 tempus
3123 3263 3221 3303 :ac
3249 3249 3293 3303 si
3325 3249 3544 3314 diceret,
3567 3249 3703 3305 Pro-

2129 3343 2246 3402 pter
2279 3333 2418 3402 quod
2451 3335 2678 3388 maxime
2705 3335 2951 3390 dissoluti
2982 3347 3037 3392 et
3063 3340 3237 3407 supini
3265 3338 3388 3394 facti
3413 3341 3560 3403 estis,
3584 3357 3704 3411 pro-

2130 3434 2248 3496 pter
2279 3425 2329 3479 id
2362 3427 2590 3480 maximc
2617 3427 2826 3482 debetis
2871 3444 2992 3484 esse
3032 3428 3219 3497 fortes,
3269 3447 3460 3502 nempe
3491 3443 3702 3505 propter

2132 3525 2358 3586 tempus.
2403 3517 2508 3571 Lac
2532 3528 2685 3572 vocat
2710 3517 2963 3575 humilem
2999 3536 3302 3576 sermonem
3329 3523 3470 3592 quod
3501 3539 3705 3578 convc-

2133 3608 2244 3661 niat
2269 3608 2682 3677 simplicioribus
2714 3627 2725 3662 :
2753 3609 2853 3664 hoc
2881 3621 3056 3666 autem
3094 3621 3177 3667 est
3219 3615 3542 3669 contrarium
3583 3631 3704 3685 per-

2133 3694 2462 3765 fectioribus,
2496 3707 2549 3753 ct
2593 3710 2671 3754 est
2705 3701 2927 3754 noxium
2963 3703 3011 3755 in
3062 3702 3126 3756 iis
3169 3703 3464 3758 immorari.
3506 3707 3704 3768 Quam-

2127 3794 2308 3848 obrem
2339 3806 2444 3846 non
2478 3791 2760 3862 oportebat
2798 3805 2937 3846 nunc
2968 3791 3150 3846 inferri
3182 3793 3388 3863 legalia,
3421 3809 3596 3862 neque
3619 3810 3690 3848 ev

2127 3883 2207 3938 his
2234 3884 2348 3938 ﬁeri
2398 3884 2849 3953 comparationem
2875 3901 2887 3938 :
2912 3885 3035 3952 quia
3061 3885 3324 3953 pontifex,
3366 3894 3422 3940 et
3448 3887 3571 3955 quia
3617 3901 3703 3940 sa-

2125 3975 2399 4041 criﬁcavit,
2440 3986 2495 4031 et
2539 3977 2710 4030 oravit
2752 3989 2872 4030 cum
2920 3976 3155 4030 clamore
3188 3985 3237 4031 et
3283 3977 3695 4046 supplicatione.

2125 4066 2255 4121 Vide
2283 4081 2410 4136 ergo
2437 4066 2704 4135 quomodo
2747 4065 2860 4120 haec
2893 4066 3045 4120 nobis
3071 4065 3285 4120 fastidio
3331 4066 3476 4129 sint;
3509 4066 3601 4120 scd
3634 4083 3698 4121 ca

2123 4157 2242 4210 illos
2279 4167 2401 4211 tunc
2433 4158 2758 4224 nutriebant,
2789 4173 2962 4226 neque
2986 4172 3207 4228 usquam
3235 4173 3295 4212 ea
3331 4157 3696 4213 fastidiebant.

2125 4246 2290 4300 Verus
2312 4262 2440 4316 ergo
2470 4247 2621 4301 cibus
2646 4259 2768 4302 sunt
2798 4248 2889 4301 Dei
2916 4249 3148 4317 eloquia,
3181 4263 3299 4317 quae
3323 4250 3559 4302 animam
3595 4265 3695 4301 nu-

2119 4339 2302 4391 triunt.
2334 4338 2483 4403 Quod
2506 4348 2682 4392 autem
2710 4339 2928 4393 verbum
2957 4338 3026 4393 sit
3056 4354 3199 4406 esca,
3227 4339 3350 4394 hinc
3368 4340 3542 4409 palam
3571 4349 3653 4395 est
3678 4356 3694 4393 :

2124 4427 2261 4481 Dabo
2297 4431 2462 4490 enim,
2504 4429 2691 4498 inquit,
2735 4432 2804 4482 eis
2846 4447 2945 4482 non
2987 4433 3170 4498 fantem
3214 4432 3380 4500 panis,
3422 4447 3512 4484 nec
3557 4433 3693 4484 sitim

2115 4534 2279 4583 aqum,
2307 4522 2395 4570 sed
2416 4520 2598 4586 [autem
2621 4519 2861 4570 audiendi
2894 4519 3022 4571 verbi
3053 4517 3260 4573 Domini
3285 4519 3462 4591 (Amos
3487 4520 3541 4573 8.
3579 4522 3690 4588 Η).

2115 4609 2219 4660 Lar
2248 4611 2382 4662 vobis
2413 4619 2583 4678 polum
2613 4610 2750 4676 dedi,
2785 4627 2884 4663 non
2928 4627 3090 4664 escam
3113 4611 3188 4682 (1.
3222 4609 3340 4665 Cor.
3371 4613 3425 4666 5.
3457 4611 3534 4680 9.).
3565 4611 3690 4664 Non

2115 4700 2270 4762 (Ιςιὶι,
2316 4701 2508 4764 Νυιτὶἱ,
2552 4701 2843 4754 ostendens
2880 4701 2930 4753 id
2975 4717 3079 4754 non
3109 4716 3230 4756 esse
3280 4703 3688 4764 nutrimentum,

2114 4792 2206 4846 sed
2237 4792 2286 4845 id
2318 4807 2435 4847 esse
2473 4793 2609 4847 sicut
2642 4792 2949 4858 infantibus,
2979 4793 3068 4862 qui
3099 4809 3204 4847 non
3233 4803 3454 4862 possunt
3499 4793 3689 4848 nutriri

2116 4899 2248 4951 pane
2282 4901 2294 4935 :
2323 4884 2383 4938 iis
2415 4883 2554 4937 cuitu
2589 4901 2692 4937 non
2737 4884 2894 4936 datur
2925 4895 3097 4952 potus,
3147 4884 3240 4938 scd
3283 4895 3365 4938 est
3409 4886 3489 4939 eis
3522 4885 3693 4938 nutri-

2113 4988 2346 5029 mentum
2381 4991 2475 5044 pro
2499 4986 2649 5044 potu.
2683 4975 2868 5044 Neque
2905 4975 3064 5039 dixit,
3116 4974 3261 5044 Opus
3291 4975 3520 5038 habetis,
3569 4974 3688 5036 sed,

2112 5069 2258 5123 Facti
2290 5071 2403 5122 estis
2429 5070 2606 5138 quibus
2647 5067 2775 5120 lacte
2800 5085 2927 5136 apas
2953 5068 3038 5129 sit,
3073 5084 3172 5120 non
3207 5068 3372 5121 solido
3415 5069 3559 5130 cibo;
3590 5069 3690 5121 hoc

2109 5174 2209 5227 est,
2241 5161 2348 5215 Vos
2369 5162 2633 5222 voluistis,
2665 5176 2760 5214 vos
2790 5162 2934 5230 ipsos
2961 5175 3024 5213 eo
3046 5159 3350 5228 redegistis,
3379 5169 3432 5212 et
3459 5159 3522 5211 ad
3553 5158 3690 5212 hanc

2107 5253 2434 5322 contpulistis
2474 5252 2872 5305 necessitatem.
2914 5251 3001 5304 15.
3039 5249 3218 5303 Omnis
3249 5249 3381 5302 enim
3429 5251 3513 5317 qui
3542 5248 3689 5302 lactis

2107 5354 2178 5396 est
2226 5343 2494 5409 particeps,
2543 5358 2724 5410 expers
2762 5351 2832 5394 est
2876 5343 3123 5394 sermonis
3146 5341 3363 5410 justitia:
3393 5355 3411 5393 :
3443 5340 3688 5409 parvulus

2108 5435 2236 5486 enim
2265 5442 2352 5486 cst.
2391 5432 2524 5498 Quid
2556 5443 2638 5486 cst
2682 5446 2860 5485 sermo
2888 5431 3109 5498 justitia)
3131 5434 3152 5483 2’
3182 5431 3276 5484 llic
3320 5430 3446 5482 mihi
3477 5430 3689 5484 videtur

2107 5524 2264 5576 etiam
2295 5523 2416 5576 vita:
2451 5522 2707 5574 rationem
2729 5521 3064 5572 subindicaro
3089 5540 3100 5572 :
3123 5520 3262 5588 quod
3282 5520 3494 5589 quidem
3527 5520 3687 5573 Chri-

2105 5622 2218 5666 stus
2233 5627 2441 5681 qttoque
2460 5609 2815 5675 diccbat,t\'isi
2833 5611 3159 5663 abundaverit
3176 5612 3368 5669 iustitia
3387 5621 3550 5664 vestra
3568 5610 3688 5680 plus

2104 5720 2252 5768 quam
2277 5703 2554 5756 scribarum
2583 5712 2627 5755 et
2675 5701 3051 5754 l’haristrornnt
3097 5701 3306 5771 (Matth.
3342 5701 3394 5755 5.
3425 5700 3540 5768 20).
3575 5700 3685 5755 lloc
