4088 6212
406 412 520 475 ipse
544 421 760 477 quoque
789 407 935 471 dicit,
972 406 1249 484 [inperitus
1297 414 1540 467 sermonis
1570 419 1788 484 justitia:
1824 437 1842 473 :
1875 422 1977 477 huc

393 508 499 562 est,
527 499 809 567 imperitus
836 498 1185 571 philusOphite
1210 518 1473 572 superine,
1518 520 1622 562 non
1646 519 1821 579 potest
1851 525 1973 567 sus-

394 589 576 658 cipere
624 591 783 643 vitam
816 589 1104 659 perfectam
1149 602 1204 647 et
1246 605 1507 649 exactam.
1569 600 1674 653 Aut
1711 600 1971 671 justitiam

392 678 482 732 hie
508 678 635 734 dicit
660 678 951 746 Christum,
999 682 1379 751 excelsumque
1406 695 1459 739 et
1488 686 1769 742 sublimem
1800 691 1867 745 de
1906 706 1970 746 ea

390 786 449 824 ne
479 784 804 825 smnonem.
836 772 1012 841 Atque
1051 774 1184 827 dixit
1218 776 1438 845 quidem
1485 778 1627 849 quod
1658 780 1881 837 hebetes
1913 793 1971 839 et

389 861 638 915 imbecilli
667 861 789 917 iacti
820 863 948 928 sint,
983 864 1246 919 undenam
1292 878 1492 933 autem,
1538 873 1772 928 nondum
1814 875 1967 930 addi-

388 951 488 1015 dit,
518 951 647 1019 ipsis
678 951 729 1005 id
757 953 1034 1008 sciendum
1060 955 1356 1021 dimittens,
1383 968 1437 1013 et
1463 963 1745 1019 molestam
1773 968 1963 1025 nolens

390 1045 619 1100 reddere
645 1047 962 1102 orationem.
989 1044 1045 1103 in
1075 1046 1279 1105 Calatis
1308 1062 1482 1107 autem
1512 1065 1567 1110 et
1612 1055 1834 1111 miratus
1863 1067 1966 1121 est,

387 1148 443 1213 et
474 1134 775 1193 dubitavit:
804 1139 943 1209 quod
990 1141 1159 1195 multo
1203 1144 1375 1213 majus
1421 1155 1505 1200 est
1550 1146 1619 1200 ad
1648 1148 1968 1202 Consolatio-

386 1212 535 1290 nem.
582 1240 638 1282 ut
664 1230 752 1297 qui
780 1243 1065 1299 numquam
1099 1212 1467 1303 exspectasset
1495 1232 1610 1292 fore
1651 1244 1706 1291 ut
1741 1237 1842 1292 hoc
1870 1236 1967 1294 tie-

386 1330 490 1372 ret.
522 1315 632 1373 iloc
659 1321 802 1372 enim
833 1331 913 1375 est
939 1320 1223 1377 dubitatio.
1257 1322 1414 1379 Vides
1456 1327 1612 1380 aliam
1641 1340 1758 1381 esse
1791 1326 1964 1383 inlan-

386 1408 559 1461 tiam?
610 1409 759 1464 vides
810 1411 969 1465 aliam
1018 1426 1139 1468 esse
1183 1414 1607 1482 perfectionem?
1655 1417 1966 1475 Efﬁciamur

384 1515 515 1569 ergo
542 1501 757 1571 perfecti
802 1503 900 1557 hac
946 1504 1315 1572 perfectione:
1353 1506 1497 1569 licet.
1540 1509 1750 1564 etiamsi
1795 1511 1963 1567 sinnis

382 1592 535 1660 pueri
565 1601 620 1645 et
643 1591 890 1660 juvenes,
919 1592 984 1646 ad
1018 1594 1162 1648 illam
1188 1596 1373 1651 venire
1401 1598 1783 1668 perfectionem
1818 1620 1829 1650 ε
1858 1618 1962 1655 non

382 1691 467 1737 est
491 1682 637 1737 enim
659 1692 883 1749 natum,
911 1684 1006 1738 sed
1036 1685 1265 1740 virtutis.
1302 1688 1391 1743 Η.
1428 1684 1774 1760 Perfectorum
1796 1702 1962 1744 autem

382 1786 456 1827 ut
502 1775 695 1828 solidas
746 1776 888 1829 cibus
920 1792 1134 1830 :corum
1185 1780 1274 1847 qui
1318 1796 1410 1848 pro
1438 1781 1550 1850 ipsa
1602 1786 1968 1839 consuetudine

381 1866 678 1920 exercitatos
707 1864 891 1920 habent
924 1883 1101 1922 sensus
1126 1870 1194 1923 ad
1225 1870 1578 1926 discretionem
1608 1874 1728 1927 boni
1750 1885 1796 1929 et
1818 1876 1960 1931 mal’i.

379 1959 516 2026 Quid
559 1960 726 2014 vero?
783 1976 888 2014 non
932 1960 1200 2016 habebant
1246 1962 1320 2017 illi
1366 1976 1562 2020 sensus
1614 1968 1960 2035 exercitatos,

379 2066 553 2119 neque
569 2052 809 2105 sciebant
825 2050 949 2121 quid
979 2053 1197 2118 bonum,
1219 2053 1345 2125 quid
1378 2057 1572 2110 malum
1589 2057 1615 2111 1’
1630 2058 1711 2112 Ab
1729 2073 1793 2113 eo
1821 2075 1962 2114 nunc

380 2158 488 2195 non
508 2142 678 2212 agitur
704 2143 772 2196 de
800 2144 933 2208 vita,
962 2143 1175 2214 quando
1200 2144 1350 2211 dicit,
1372 2147 1452 2200 At!
1476 2149 1824 2204 discretionem
1846 2152 1963 2205 boni

379 2241 425 2283 et
462 2232 582 2284 mali
600 2247 618 2293 ;
642 2232 742 2286 hoc
759 2234 901 2286 enim
931 2243 1107 2302 potest
1137 2235 1357 2305 quilibet
1384 2239 1543 2301 seire,
1574 2248 1628 2294 et
1652 2250 1732 2295 est
1768 2236 1959 2307 facile;

376 2321 481 2376 sed
506 2321 571 2377 de
601 2324 765 2378 rectis
787 2334 837 2377 et
868 2323 1190 2379 sublimibus
1220 2326 1581 2397 dogmatibus,
1614 2338 1667 2385 e‘t
1693 2329 1759 2386 de
1786 2334 1979 2402 pravis

378 2412 777 2483 humilibusque
823 2424 875 2467 et
915 2414 1163 2484 abjeetis.
1194 2414 1373 2472 Infans
1409 2432 1511 2473 non
1544 2428 1720 2489 potest
1763 2423 1978 2478 malum

377 2513 438 2557 et
470 2504 668 2557 bonum
691 2505 861 2558 cibum
887 2505 1215 2577 distinguere
1239 2523 1252 2560 :
1284 2523 1425 2578 scepe
1455 2511 1665 2578 quidem
1693 2523 1748 2567 et
1772 2514 1959 2583 pulve-

382 2606 504 2647 rem
549 2594 599 2645 in
647 2608 705 2649 os
753 2594 933 2663 injicit,
981 2607 1033 2651 et
1083 2596 1226 2667 quod
1270 2611 1351 2653 est
1391 2603 1610 2656 noxium
1651 2605 1863 2675 accipit,
1906 2618 1960 2662 et

378 2683 564 2736 omnia
587 2685 706 2738 facit
737 2688 868 2740 citra
892 2686 1297 2746 discretionem.
1322 2689 1426 2746 Sed
1456 2709 1560 2747 non
1592 2706 1674 2750 est
1696 2697 1978 2765 ejusmodi.

379 2776 429 2827 id
458 2775 599 2844 quod
644 2787 722 2831 est
756 2777 1069 2846 perfectum.
1104 2776 1262 2836 Tales
1310 2790 1434 2836 sunt
1478 2784 1568 2854 qui
1599 2787 1848 2843 omnibus
1877 2798 1958 2844 te-

376 2878 528 2920 mere
568 2867 802 2921 animum
850 2869 1127 2936 adhibent,
1184 2882 1239 2926 et
1282 2873 1400 2928 sine
1447 2875 1758 2934 discrimine
1800 2897 1959 2939 aures

376 2958 620 3028 priebent
647 2979 659 3014 :
691 2969 746 3015 et
775 2976 869 3015 eos
910 2962 1254 3032 reprehendit
1297 2976 1352 3019 ut
1379 2968 1464 3036 qui
1494 2977 1697 3025 temere
1722 2972 1967 3029 circum-

374 3049 636 3116 ferantur,
665 3062 720 3106 et
746 3068 889 3107 nunc
915 3055 1128 3124 quidem
1164 3057 1265 3119 his,
1300 3074 1443 3114 nunc
1470 3075 1596 3116 vero
1627 3063 1731 3119 illis
1773 3079 1831 3120 se
1856 3066 1957 3124 de-

372 3138 505 3195 dant
533 3160 547 3195 :
571 3142 712 3212 quod
743 3147 905 3199 etiam
941 3146 991 3199 in
1032 3147 1134 3201 line
1183 3147 1563 3218 subindicavit,
1596 3153 1802 3221 dicens,
1848 3156 1955 3214 Do-

369 3232 550 3286 ctrinis
587 3235 741 3288 uariis
774 3242 824 3289 et
848 3238 1131 3307 peregrinis
1164 3240 1319 3294 nolite
1347 3242 1563 3307 abduci;
1594 3244 1694 3300 hoc
1741 3258 1844 3316 cst,
1877 3252 1971 3305 Ad.

366 3323 721 3378 discretionem
748 3327 865 3380 boni
893 3338 939 3382 et
976 3329 1117 3383 ntali.
1152 3329 1282 3386 Nam
1323 3344 1508 3403 guttm
1537 3335 1750 3404 quidem
1778 3352 1953 3410 gustat

368 3412 544 3475 cibos,
572 3416 749 3469 anima
775 3424 904 3471 Vero
928 3432 1229 3477 sermones.

438 3501 495 3556 4.
555 3503 822 3571 Quomodo
892 3509 1222 3564 discernenda
1282 3515 1445 3567 errori
1503 3517 1613 3585 apti
1663 3518 1949 3588 cﬁicictnur.

368 3591 657 3661 Scriptura?
701 3610 826 3663 quos
870 3600 1133 3654 habuerint
1171 3606 1489 3673 interpretes.
1538 3638 1610 3648 —
1660 3608 1767 3665 Nos
1813 3626 1950 3682 qu'ov

360 3698 467 3749 que
509 3685 608 3739 hoc
648 3686 917 3743 discamus
954 3706 967 3742 :
1009 3690 1052 3745 si
1083 3693 1315 3747 audieris
1355 3694 1494 3764 quod
1532 3712 1634 3750 non
1683 3697 1752 3751 sit
1778 3694 1933 3754 Grie-

358 3783 487 3841 Cus,
538 3782 636 3830 nec
675 3776 921 3843 Judaeus,
967 3794 1033 3835 ne
1065 3783 1304 3850 protinus
1344 3787 1616 3841 existimes
1651 3802 1772 3843 eum
1813 3804 1932 3846 esse

348 3856 717 3922 ebristianum
742 3911 758 3934 ,
788 3869 887 3925 sed
924 3872 1088 3925 etiam
1110 3873 1211 3929 alia
1240 3875 1417 3931 omnia
1460 3877 1733 3933 examines
1764 3896 1778 3932 :
1806 3894 1929 3935 nam

320 3960 323 3963 ’
351 3965 409 4010 et
439 3952 746 4025 ﬂanlcluei,
793 3970 847 4015 et
874 3975 1061 4016 omnes
1104 3962 1334 4019 barreses
1365 3969 1501 4022 hanc
1530 3983 1810 4038 personam
1849 3972 1927 4027 in-

346 4044 617 4115 duerunt,
659 4060 715 4104 nt
755 4051 835 4106 sic
883 4048 1154 4122 decipiant
1203 4056 1555 4123 simpliciores
1585 4077 1600 4115 :
1630 4059 1727 4114 sed
1755 4061 1798 4114 si
1830 4061 1925 4117 ha-

347 4138 575 4193 beamus
613 4140 782 4196 anlmi
824 4158 1019 4197 sensus
1059 4145 1383 4201 exercitatos
1431 4148 1497 4201 ad
1542 4148 1922 4207 discretionem

344 4227 481 4283 boni
518 4240 571 4284 et
609 4232 768 4298 mali,
800 4234 1098 4302 poterimus
1126 4251 1221 4291 eos
1269 4236 1597 4295 discernere.
1644 4241 1931 4307 Quomodo.

338 4331 525 4376 autem
548 4321 679 4377 ﬁunt
705 4338 895 4379 sensus
932 4327 1104 4381 nosrri
1126 4328 1446 4383 exercitati?
1475 4331 1516 4384 Δ
1546 4332 1795 4386 continua
1825 4350 1919 4389 auo

338 4412 580 4477 ditione.
612 4431 641 4469 a
685 4416 1081 4486 Scripturarnm
1115 4421 1324 4488 peritia.
1367 4419 1591 4489 Quando
1619 4425 1762 4478 enim
1792 4439 1917 4494 pro-

338 4507 682 4573 pOsuerimttS
708 4520 891 4563 eorum
936 4522 1210 4573 errorem.
1249 4522 1303 4567 et
1343 4513 1502 4569 hodie
1531 4518 1827 4583 audiveris,
1860 4527 1916 4573 et

331 4610 457 4649 cras
486 4611 592 4650 non
622 4609 769 4653 recte
802 4600 1001 4654 habere
1040 4602 1355 4671 probaveris
1374 4645 1389 4668 ,
1439 4615 1609 4661 totum
1637 4608 1866 4663 didicisti
1894 4649 1910 4676 ,

331 4693 503 4739 totum
548 4689 885 4755 cognovisti:
915 4698 967 4745 et
998 4692 1044 4745 si
1085 4690 1244 4748 hodie
1275 4710 1379 4748 non
1416 4698 1906 4766 comprehendisti,

325 4790 447 4830 eras
488 4780 935 4845 eomprehendes.
981 4780 1174 4835 Earum
1198 4825 1210 4846 ,
1239 4784 1447 4855 inquit,
1489 4788 1577 4858 qui
1617 4805 1790 4843 sensus
1814 4790 1907 4844 ha-

323 4865 443 4920 bent
474 4870 798 4923 exercitatos.
835 4869 998 4926 Vides
1022 4871 1175 4941 quod
1196 4890 1353 4929 aures
1381 4885 1577 4930 nostra:
1612 4879 1719 4933 sint
1745 4895 1904 4935 exer-

320 4958 512 5012 cendo:
550 4959 749 5014 divinis
794 4961 1155 5018 auditionibus
1181 5007 1195 5029 ,
1246 4976 1300 5020 ut
1332 4982 1436 5020 non
1468 4968 1713 5023 dicantur
1747 4987 1899 5040 pere-

315 5051 515 5118 grina?
566 5046 914 5120 Enr-citatos,
968 5055 1170 5126 inquit,
1223 5058 1291 5111 ad
1352 5060 1699 5115 discretionem
1745 5081 1758 5115 :
1802 5065 1902 5119 hoc

317 5150 449 5208 est,
501 5158 621 5197 esse
677 5146 927 5214 peritum.
978 5148 1132 5201 Alius
1180 5150 1390 5218 quidem
1455 5151 1583 5206 dicit
1629 5167 1732 5207 non
1781 5169 1900 5210 esse

314 5236 796 5300 resurrectionem;
852 5238 990 5292 alius
1043 5248 1218 5294 autem
1262 5255 1333 5294 ex-
1368 5242 1557 5296 hit-‘nris
1611 5244 1737 5298 nihil
1791 5261 1892 5299 ωε-

311 5333 556 5393 spectat;
584 5327 720 5379 alius
744 5327 906 5382 alium
937 5329 1067 5383 dicit
1102 5330 1265 5385 Deum
1294 5348 1308 5395 ;
1350 5333 1491 5389 alius
1513 5349 1540 5387 a
1580 5333 1741 5389 Maria
1771 5351 1892 5391 eum

310 5412 511 5471 lubere
536 5418 876 5489 principium.
929 5420 1062 5475 Vide
1105 5433 1281 5479 autem
1330 5428 1580 5495 protinus
1621 5429 1890 5496 quomodo

307 5518 501 5561 omnes
526 5519 649 5563 sunt
677 5510 809 5579 hipsi
835 5525 902 5566 ex
924 5510 1387 5581 immoderatione,
1413 5533 1535 5572 cum
1557 5519 1644 5573 alii
1674 5521 1887 5591 quidem

308 5594 470 5662 plus,
514 5598 601 5653 alii
655 5614 793 5656 vero
842 5601 1021 5656 minus
1067 5601 1366 5660 habuerint.
1412 5607 1654 5679 Exempli
1700 5626 1883 5680 causa,

306 5687 484 5756 prima
524 5689 739 5760 quidem
785 5692 1031 5750 omnium
1053 5692 1275 5754 bzeresls
1315 5708 1397 5754 est
1426 5698 1705 5759 Marcionis
1748 5721 1759 5757 :
1795 5704 1883 5760 illa

1211 306 1273 361 IN
1313 306 1525 364 EPIST.
1569 308 1658 362 AD
1696 309 2055 365 HEBRAEOS.
2100 309 2247 364 αλιι.
2292 314 2356 368 V.
2398 311 2624 365 IlO.)lll..
2664 308 2798 366 Vlil.

3595 316 3663 365 Ἠ

2079 419 2239 470 alium
2265 416 2559 470 introduxit
2587 416 2748 471 Deum
2770 456 2782 479 ,
2832 422 2918 485 qui
2953 436 3056 476 non
3088 435 3189 479 est.
3235 429 3368 483 lict-e
3416 431 3501 485 hic
3532 433 3649 501 plus

2076 516 2175 560 est.
2211 504 2334 559 Post
2363 505 2507 559 illam
2536 504 2755 559 haeresis
2784 506 3026 572 Sabellii,
3061 528 3176 577 qua:
3206 518 3333 571 dicit
3365 519 3556 573 Filium
3586 532 3640 576 et

2077 594 2287 648 Patrem
2329 604 2383 648 et
2410 592 2664 662 Spiritum
2718 609 2876 647 unam
2928 610 3049 650 esse
3094 610 3401 666 personam.
3445 608 3648 663 Deinde

2074 682 2302 738 Marcelli
2351 683 2569 738 hxresis
2611 694 2665 737 et
2695 683 2939 749 Photini,
2978 700 3097 755 qua:
3135 688 3243 756 ipsa
3275 696 3491 759 quoque
3532 694 3648 750 hac

2072 776 2185 847 ipsa
2214 774 2410 830 asserit
2444 781 2498 829 et
2524 773 2797 843 praedicat.
2829 776 2893 829 Et
2924 776 3068 829 Pauli
3102 776 3435 833 Samosateni
3478 781 3650 836 Inera-

2068 870 2143 923 sis
2165 907 2180 931 ,
2226 866 2408 921 dicens
2436 879 2557 919 eum
2602 864 2853 920 habuisse
2891 866 3097 921 initium
3138 882 3203 922 ex
3230 868 3415 926 Μειγίο.
3445 870 3648 930 Deinde

2068 954 2288 1012 heresis
2319 957 2728 1014 Manichaeorum
2759 977 2774 1013 :
2800 960 2916 1014 hac
2945 970 3026 1014 εει
3074 963 3217 1014 enim
3265 962 3505 1016 otuninm
3556 978 3643 1016 re-

2064 1051 2393 1105 centissima.
2425 1050 2548 1105 Post
2572 1051 2685 1105 illas
2714 1051 2934 1105 haeresis
2959 1051 3092 1104 Arii.
3117 1050 3252 1106 Sunt
3279 1062 3457 1105 autem
3479 1054 3641 1105 ctiam

2063 1141 2202 1196 alia.
2234 1140 2301 1195 Et
2324 1142 2445 1195 ideo
2476 1143 2632 1196 fidem
2660 1142 2984 1213 accepimus,
3012 1155 3079 1197 ne
3108 1154 3327 1197 necesse
3351 1143 3642 1197 habeamus

2063 1232 2131 1285 ad
2174 1233 2594 1289 innumerabiles
2638 1233 2872 1290 hiet-eses
2919 1234 3206 1301 accedere,
3260 1237 3547 1306 vexarique
3586 1247 3643 1293 ut

2065 1337 2095 1373 n
2117 1321 2307 1377 olestia
2345 1322 2519 1389 allici,
2547 1323 2642 1379 sed
2669 1324 2812 1393 quod
2842 1325 2895 1380 ei
2923 1325 3009 1381 vel
3039 1325 3342 1393 addiderit,
3395 1328 3479 1382 vel
3508 1327 3636 1383 adc-

2061 1412 2219 1467 merit
2262 1414 2529 1484 quispiam
2552 1458 2566 1481 ,
2610 1416 2660 1470 id
2690 1416 3060 1472 existimemus
3094 1429 3218 1473 esse
3254 1418 3635 1473 adulterinum.

2058 1502 2191 1558 Nam
2217 1504 2355 1558 sicut
2383 1506 2429 1559 iis
2462 1507 2553 1575 qui
2581 1506 2707 1561 dant
2758 1509 3001 1578 regulas,
3044 1522 3149 1562 non
3182 1523 3406 1565 necesse
3438 1511 3636 1567 habent

2060 1606 2339 1648 mensuras
2366 1594 2785 1652 innumerabiles
2802 1600 3014 1653 ctu-lose
3045 1600 3337 1669 inquirere.
3371 1601 3465 1656 sed
3487 1602 3633 1656 illam

2056 1698 2174 1752 qua:
2217 1684 2335 1739 data
2370 1686 2462 1739 fuit
2491 1686 2686 1757 jnbent
2717 1696 2902 1744 tenere
2930 1705 2944 1741 :
2972 1689 3041 1743 ita
3079 1691 3239 1747 etiam
3272 1690 3325 1744 in
3369 1692 3630 1763 dogmati-

2056 1775 2173 1830 bus.
2203 1772 2311 1830 Sed
2336 1790 2493 1830 nemo
2519 1784 2631 1832 vult
2658 1780 2939 1834 attendere
2968 1779 3260 1850 Scripturis
3287 1799 3299 1835 :
3329 1795 3451 1836 nam
3473 1783 3518 1836 si
3546 1794 3630 1837 at-

2056 1867 2412 1931 tenderemus,
2440 1882 2545 1922 non
2562 1870 2733 1923 solum
2763 1885 2867 1924 non
2894 1871 3252 1927 incideremus
3280 1873 3333 1925 in
3356 1886 3627 1942 errorem,

2053 1956 2147 2010 sed
2191 1957 2351 2010 etiam
2381 1956 2636 2027 deceptos
2673 1959 3022 2014 liberaremus
3042 2002 3056 2028 ,
3086 1968 3140 2015 et
3163 1962 3569 2018 extraheremus
3597 1981 3626 2018 a

2052 2049 2325 2117 periculis.
2367 2046 2498 2104 Nam
2548 2050 2702 2106 miles
2748 2050 2903 2105 fortis
2935 2064 3039 2106 non
3085 2053 3189 2107 sibi
3235 2054 3410 2109 solum
3452 2064 3628 2125 potest

2049 2137 2332 2206 sufficere,
2360 2140 2457 2195 sed
2486 2141 2652 2196 etiam
2675 2143 2765 2212 qui
2796 2153 2877 2197 eet
2911 2143 3061 2213 juxta
3089 2159 3210 2201 eum
3254 2146 3460 2201 socium
3493 2160 3624 2201 con-

2052 2238 2299 2296 servare,
2332 2230 2484 2284 etab
2529 2232 2758 2286 hostium
2805 2247 2939 2288 noxa
2972 2234 3217 2291 liberare.
3265 2234 3416 2291 Nunc
3444 2242 3623 2294 autem

2050 2335 2147 2375 nec
2162 2320 2307 2390 quod
2326 2322 2433 2376 sint
2454 2321 2670 2392 quidem
2691 2324 2979 2395 Scriptura:
3000 2336 3199 2381 norunt
3213 2328 3379 2397 aliqui
3400 2345 3413 2381 :
3438 2343 3626 2398 quam-

2047 2423 2204 2481 quam
2251 2422 2467 2468 sauctus
2499 2414 2729 2483 Spiritus
2770 2424 2876 2469 tam
2921 2415 3089 2470 multa
3135 2415 3527 2472 administravit
3569 2431 3625 2473 ut

2048 2516 2126 2556 ειη
2156 2502 2576 2558 custodirentur.
2611 2504 2794 2560 Videte
2840 2514 3017 2560 autem
3062 2506 3129 2560 ab
3174 2506 3290 2577 ipso
3320 2516 3625 2578 repetentes

2047 2593 2229 2659 initio,
2284 2604 2340 2648 ut
2394 2595 2485 2650 Dei
2539 2596 2759 2652 discetis
2816 2594 3138 2653 inelabilem
3187 2599 3620 2671 benignitatem:

2050 2684 2235 2741 Mosen
2254 2687 2553 2756 inspiravit,
2581 2687 2788 2744 tabulas
2815 2688 3112 2759 insculpsit,
3141 2690 3489 2762 quadraginta
3507 2693 3623 2749 dles

2047 2788 2168 2831 eum
2189 2778 2357 2832 tenuit
2384 2779 2432 2831 in
2453 2788 2652 2847 monte,
2677 2789 2731 2835 et
2758 2794 2942 2836 rursus
2962 2780 3180 2837 totidem
3203 2792 3257 2837 ut
3273 2784 3423 2839 daret
3447 2784 3619 2855 legem

2046 2864 2360 2937 (Exod.32).
2381 2867 2570 2923 Postea
2588 2879 2763 2924 autem
2788 2871 2931 2925 misit
2948 2872 3231 2942 prophetas
3246 2874 3380 2928 mala
3399 2889 3621 2944 perpes-

2042 2970 2131 3011 sos
2162 2957 2588 3013 innumerabilia.
2610 2958 2807 3030 Ingruit
2825 2961 3039 3027 bellum,
3058 2977 3244 3019 omnes
3268 2965 3616 3029 sustulerunt,

2040 3049 2453 3118 conseiderunt,
2485 3054 2657 3107 exusti
2699 3052 2910 3108 fuerunt
2935 3055 3076 3111 libri.
3104 3059 3281 3113 Alium
3320 3075 3505 3116 rursus
3535 3064 3617 3116 vi-

2042 3154 2156 3195 rum
2190 3142 2465 3211 inspiravit
2494 3144 2899 3212 admirabilem,
2933 3157 2989 3201 ut
3014 3148 3137 3204 illos
3163 3161 3493 3221 exponeret,
3520 3154 3619 3210 Es-

2040 3230 2188 3285 dram
2210 3272 2225 3299 ,
2269 3232 2487 3300 inquam
2508 3276 2523 3301 ,
2569 3244 2624 3289 et
2654 3234 2781 3290 fecit
2805 3247 2865 3290 ut
2907 3251 3359 3308 componerentnr
3396 3252 3464 3297 ex
3490 3244 3615 3299 reli-

2038 3322 2207 3391 quiis.
2261 3320 2452 3379 Postea
2510 3335 2690 3382 autem
2750 3330 2958 3383 ettravit
3014 3340 3071 3384 ut
3125 3330 3471 3401 Septuaginta
3525 3348 3616 3391 eas

2038 3413 2521 3485 interpretarentur
2549 3434 2563 3473 :
2591 3418 2666 3473 iiii
2704 3430 2797 3474 eas
2840 3431 2965 3475 sunt
2993 3420 3347 3492 interpretati.
3389 3424 3616 3482 Advenit

2036 3504 2312 3572 Christus,
2362 3520 2454 3565 eas
2481 3512 2735 3581 suscipit,
2769 3514 3000 3583 apostoli
3046 3516 3097 3569 in
3141 3531 3328 3573 omnes
3372 3519 3618 3575 dissemi-

2049 3614 2175 3660 nant
2206 3621 2221 3660 :
2252 3604 2503 3663 Christus
2526 3606 2657 3664 fecit
2679 3611 2830 3681 signa
2852 3618 2908 3667 et
2932 3614 3209 3671 miracula.
3230 3618 3373 3685 Quid
3394 3618 3630 3676 deinde!

2050 3698 2172 3753 Post
2194 3709 2299 3753 tam
2318 3701 2501 3768 multa,
2527 3710 2633 3756 tam
2654 3714 2904 3761 accurate
2922 3714 3090 3775 gesta,
3111 3708 3443 3777 scripserunt
3463 3710 3627 3768 etiam

2045 3791 2290 3859 apostoli,
2320 3791 2456 3846 sicut
2479 3794 2637 3845 etiam
2661 3795 2795 3849 dixit
2822 3796 3015 3852 Paulus
3044 3816 3056 3852 :
3085 3799 3292 3870 Scripta
3318 3812 3432 3856 sunt
3461 3814 3625 3859 autem

2045 3882 2113 3932 ad
2154 3892 2378 3934 nostram
2428 3884 2855 3948 admonitionem,
2886 3887 2954 3939 ad
3001 3902 3123 3953 quos
3153 3890 3280 3957 lines
3323 3894 3625 3947 moulormn

2044 3973 2465 4040 perseuerauit].
2493 3972 2611 4028 Cor.
2643 3974 2728 4030 i'O.
2759 3977 2869 4047 tl).
2893 3977 2958 4032 Et
2978 3977 3222 4034 Cbt'iStus
3247 3980 3459 4038 dicebat
3485 4000 3497 4037 :
3524 3983 3626 4039 Er-

2040 4064 2182 4125 ratis,
2212 4063 2486 4118 nescientes
2509 4063 2804 4135 Scriptores
2831 4064 3043 4139 (.ilattlt.
3073 4069 3164 4125 Ἡ.
3191 4072 3307 4144 29).
3344 4075 3409 4129 Et
3434 4090 3641 4145 rursus,

2038 4152 2246 4209 dicebat
2277 4154 2474 4211 Paulus
2502 4174 2515 4210 :
2547 4156 2644 4212 Per
2668 4160 2963 4230 patientiam
2981 4171 3029 4217 et
3055 4168 3450 4223 consolationem
3472 4170 3590 4226 Scr‘i
3604 4203 3619 4213 -

2038 4254 2305 4313 ptum-um
2340 4264 2481 4318 spem
2521 4249 2795 4307 habemus
2839 4251 3016 4324 (Rom.
3068 4256 3155 4313 15.
3194 4259 3286 4330 4);
3334 4268 3388 4316 et
3432 4278 3615 4322 rursus

2036 4333 2216 4391 Omnis
2241 4340 2495 4410 scriptura
2526 4342 2766 4397 divinitus
2792 4345 3044 4415 inspirata
3075 4360 3146 4403 est
3178 4352 3325 4405 utilis
3363 4353 3442 4418 (Ξ.
3474 4351 3612 4411 Tim.

2031 4428 2085 4484 ὅ.
2120 4432 2238 4501 lli),
2272 4442 2355 4495 et,
2400 4430 2616 4486 Verbum
2660 4433 2850 4489 Christi
2878 4436 3067 4492 habitet
3096 4440 3149 4493 in
3180 4444 3319 4496 vobis
3346 4447 3601 4501 abundan-

2033 4528 2107 4576 ter
2131 4521 2266 4594 (Col.
2298 4523 2351 4577 5.
2383 4524 2489 4593 1'6).
2526 4524 2589 4579 Et
2619 4526 2876 4596 propheta
2904 4568 2919 4595 ,
2964 4526 3035 4582 In
3058 4531 3165 4601 lege
3192 4534 3307 4604 ejus
3344 4537 3607 4592 meditabi-

2029 4620 2113 4667 tur
2137 4613 2223 4667 die
2242 4631 2304 4667 ac
2329 4625 2477 4668 nocte
2508 4615 2677 4687 (Psal.
2714 4618 2765 4672 i.
2796 4614 2855 4689 2)
2880 4636 2893 4685 ;
2928 4630 2982 4676 et
3013 4634 3198 4677 rursus
3224 4625 3386 4693 alibi,
3435 4626 3610 4685 (Ioniis

2028 4705 2254 4759 narratio
2278 4716 2364 4759 tua
2393 4706 2457 4759 sit
2487 4707 2541 4761 in
2565 4709 2674 4779 lege
2695 4711 2943 4765 ditissimi
2965 4710 3153 4784 (Ereti.
3178 4715 3232 4770 9.
3261 4715 3385 4785 '23);
3416 4727 3469 4772 et
3493 4735 3601 4776 rur-

2024 4812 2147 4862 sus,
2181 4796 2343 4864 Quam
2370 4799 2542 4852 dulcia
2572 4804 2766 4872 gutturi
2793 4820 2899 4857 meo
2933 4807 3135 4874 eloquia
3154 4816 3238 4860 (tm
3268 4806 3289 4881 (
3318 4825 3421 4862 nun
3449 4811 3602 4879 dixit,

2022 4888 2254 4942 Auribus
2277 4932 2291 4953 ,
2320 4891 2412 4946 sed
2434 4933 2449 4957 ,
2485 4890 2693 4946 (iuuari
2732 4911 2841 4948 meo
2872 4894 2892 4966 )
2920 4912 3073 4964 super
3111 4899 3209 4951 me!
3236 4909 3282 4952 et
3322 4902 3493 4971 favum
3529 4909 3606 4961 ori

2026 4999 2138 5037 meo
2152 4992 2163 5046 t
2177 4983 2324 5039 Psal.
2346 4984 2429 5041 18‘.
2456 4988 2563 5057 il).
2579 4986 2643 5042 Et
2664 4984 2864 5053 Moses,
2877 4988 3513 5069 Mcditaberis,inquit,in
3530 5006 3613 5062 eis

2024 5088 2245 5142 semper,
2270 5092 2508 5147 surgens,
2534 5080 2739 5140 sedens,
2766 5082 2963 5134 cubans
2991 5081 3177 5152 (Deut.
3200 5086 3252 5143 6.
3279 5084 3353 5158 7).
3396 5091 3519 5148 ldeu
3550 5102 3605 5148 et

2026 5164 2228 5220 Paulus
2245 5168 2917 5224 scribensadTimmhetnn
2934 5173 3248 5232 dicebatzln
3262 5178 3369 5234 illis
3383 5184 3603 5244 sim/uec

2026 5257 2279 5313 meditare
2304 5259 2378 5321 (i.
2404 5258 2540 5317 Tim.
2562 5262 2615 5315 4.
2642 5261 2943 5334 l'5).Atqne
2968 5266 3253 5325 innumera
3277 5272 3343 5328 de
3370 5273 3454 5328 bis
3489 5274 3597 5332 dici

2012 5347 2236 5413 possint.
2265 5346 2367 5401 Sed
2415 5358 2591 5404 tamen
2628 5361 2745 5419 post
2777 5360 2884 5406 tam
2930 5357 3094 5412 multa
3129 5369 3253 5414 sunt
3297 5363 3456 5431 aliqui
3505 5367 3593 5435 qui

2009 5438 2254 5493 nesciunt
2277 5440 2490 5509 quidem
2513 5443 2655 5512 quod
2670 5444 2777 5500 sint
2796 5445 3108 5519 Scriptum.
3140 5452 3431 5521 l’r0pterea
3450 5459 3591 5526 apud

2008 5544 2105 5582 nos
2134 5530 2262 5584 nihil
2294 5547 2500 5596 sainnn,
2527 5534 2659 5590 nihil
2688 5546 2912 5606 rectm»,
2944 5543 3073 5596 nihil
3098 5543 3242 5598 utile.
3268 5540 3373 5599 Sed
3401 5546 3442 5600 si
3467 5550 3592 5604 velit

2004 5621 2217 5690 quidem
2229 5623 2492 5694 quispiam
2516 5635 2686 5682 artem
2711 5629 2919 5686 discere
2942 5634 3246 5701 militarem,
3271 5650 3493 5694 necesse
3508 5651 3590 5696 est

2003 5722 2056 5764 ut
2076 5711 2219 5781 leges
2237 5711 2408 5770 discat
2434 5716 2720 5776 militares:
2746 5730 2796 5776 et
2826 5722 2870 5776 si
2892 5723 3147 5792 quisvelit
3174 5724 3378 5783 discere
3408 5731 3586 5787 Sticu-
