4088 6212
449 379 521 436 75
1166 372 1222 427 s.
1261 370 1540 424 JOANNlS
1571 365 2037 423 cunvsosront
2078 363 2389 420 anetuce.
2428 366 2957 425 CONSTANTINOP.
3644 366 3715 432 7‘9

388 474 389 477 “
463 482 587 532 tiam
617 478 964 549 gubernaculi
988 516 1001 537 ,
1028 484 1118 524 aut
1143 473 1470 539 fabricandi,
1497 484 1593 530 aut
1620 476 1668 530 si
1694 477 1824 546 quid
1854 479 1996 534 aliud
2020 521 2037 548 ,
2126 491 2364 551 guntur;
2393 488 2448 535 et
2475 494 2596 533 cum
2624 477 2793 532 lector
2819 472 3123 530 ascenderit
3146 515 3159 537 ,
3199 470 3327 527 dicit
3354 469 3581 542 primum
3613 485 3705 525 cu-

456 585 682 622 necesse
710 577 792 621 est
823 577 875 615 ιιι
903 563 1074 616 discat
1111 578 1231 631 qua:
1269 574 1395 616 sunt
1434 564 1712 621 arth:hic
1741 576 1921 622 autem
1952 569 2036 623 ni-
2125 573 2211 640 jus
2256 572 2327 626 sit
2367 569 2525 634 liber,
2568 582 2760 637 nempe
2810 566 2967 635 hujus
3013 564 3093 619 vel
3123 564 3269 619 illius
3299 562 3569 633 prOphetm
3616 573 3705 617 aut

454 659 530 711 hit
561 652 1064 725 agitnrejusmodi,
1097 652 1254 721 idque
1297 668 1417 708 cum
1446 654 1562 710 bare
1607 656 1829 712 scientia
1856 659 2037 714 multis
2127 661 2407 733 apostoli,
2453 670 2545 714 aut
2589 659 2966 727 evangelista};
3027 665 3150 710 tunc
3192 655 3280 709 illa
3323 654 3489 720 dicit,
3534 664 3590 709 ut
3643 668 3705 711 ea

452 760 587 814 Opus
614 746 805 797 habeat
827 741 1041 812 vigiliis.
1072 741 1204 796 Nam
1225 745 1365 813 quod
1389 745 1489 800 hoc
1512 762 1725 815 quoque
1748 748 1819 802 sit
1843 765 1932 805 ars
1956 751 2036 805 in—
2127 756 2297 825 magis
2341 752 2563 821 signetis
2592 759 2644 805 et
2674 748 3001 811 observetis,
3043 756 3099 801 et
3145 760 3253 800 non
3302 745 3476 799 solum
3525 745 3706 800 sciatis

446 838 635 905 digeus
661 834 904 889 doctrina
923 874 939 899 ,
968 834 1095 889 audi
1124 836 1453 908 prophetam,
1471 837 1741 893 dicentem
1774 855 1792 896 :
1836 840 2030 907 Venite,
2118 862 2246 918 pne
2272 845 2383 900 illic
2407 844 2509 897 sita
2538 848 2685 907 sunt,
2716 839 2811 894 sed
2839 847 2894 892 et
2916 851 3131 892 causam
3156 850 3340 891 eorum
3363 851 3482 906 quae
3509 836 3707 905 scripta

450 926 568 994 ﬁlii,
599 927 772 981 audite
796 943 874 981 me
901 930 1173 985 :timorem
1196 930 1404 985 Domini
1424 933 1612 987 docebo
1631 948 1720 988 eos
1737 933 1911 1005 (Psal.
1934 935 2026 990 35.
2122 949 2271 1004 δυιιι,
2304 946 2358 993 et
2383 936 2628 1007 quisnam
2657 948 2719 987 ea
2743 931 2960 1001 dixerit.
2992 927 3100 985 Sed
3127 929 3304 981 omnia
3326 926 3522 981 frustra
3550 925 3704 994 (inm,

450 1015 519 1070 l9.
548 1017 712 1088 -14).
750 1017 886 1073 Vere
934 1035 1062 1091 ergo
1114 1021 1357 1077 doctrina
1405 1038 1543 1093 opus
1594 1023 1754 1080 habet
1803 1025 1901 1080 Dei
1958 1025 2030 1079 ti-

448 1124 588 1165 mor.
620 1110 823 1166 Deinde
849 1113 924 1166 ait
954 1129 969 1170 :
1005 1114 1131 1179 Quis
1157 1125 1229 1168 est
1253 1117 1404 1171 homo
1427 1118 1515 1187 qui
1543 1119 1648 1172 uult
1667 1119 1822 1173 vitam
1845 1119 1874 1174 2
1897 1119 2025 1177 dicit

448 1199 609 1252 vitam
640 1216 760 1270 qua“:
787 1201 897 1256 illic
920 1213 1024 1257 est.
1060 1204 1124 1259 Et
1151 1205 1555 1270 rursus,Coltibe
1573 1209 1803 1280 linguam
1832 1221 1972 1265 tuam
1995 1228 2027 1266 a

448 1292 605 1357 malo,
631 1304 676 1346 et
703 1294 838 1348 labia
870 1306 956 1348 tua
979 1313 1041 1350 ne
1067 1297 1339 1367 loquantur
1358 1299 1573 1354 dolum:
1595 1301 1793 1357 declina
1819 1319 1851 1357 a
1870 1306 2027 1369 malo,

446 1394 494 1438 et
525 1386 609 1454 [ac
634 1383 820 1438 bonum
845 1402 864 1440 :
890 1403 1060 1456 quiete
1084 1405 1291 1458 pacem,
1336 1401 1383 1444 et
1426 1407 1720 1462 persequere
1746 1409 1877 1446 eam.
1910 1393 2028 1449 Sci-

450 1473 589 1530 tisne
624 1476 870 1545 quisnam
918 1480 1179 1548 propheta
1224 1480 1338 1534 haec
1380 1480 1611 1547 dixerit,
1642 1491 1735 1537 aut
1775 1482 2029 1539 historio-

445 1565 697 1635 graplms,
726 1577 815 1621 aut
843 1556 1137 1638 apostolus,
1166 1579 1258 1623 aut
1285 1570 1654 1640 evangelista?
1681 1571 1792 1641 Ego
1813 1572 2028 1642 quidem

447 1675 552 1714 non
574 1660 788 1729 Opinor,
814 1671 1008 1729 praeter
1037 1676 1239 1730 paucos
1266 1677 1282 1717 :
1311 1670 1471 1731 atque
1497 1676 1684 1717 rursus
1712 1663 1776 1717 iis
1800 1662 1952 1732 ipsis,
1985 1665 2030 1719 si

446 1750 828 1806 adduxerimus
863 1750 1081 1807 aliunde
1110 1753 1510 1816 testimonium,
1542 1751 1683 1808 idem
1710 1753 1853 1823 quod
1879 1754 2029 1811 vobis

447 1843 678 1897 eveniet.
707 1844 847 1897 Ecce
872 1843 1015 1897 enim
1044 1843 1219 1897 dicam
1251 1842 1398 1898 idem
1429 1843 1630 1898 dictum
1658 1844 1779 1898 aliis
1806 1844 1986 1900 verbis
2012 1861 2027 1907 ;

448 1931 714 1986 Lavamini
736 1974 750 1998 ,
781 1934 957 1986 mundi
999 1942 1154 1986 estote
1173 1976 1188 1999 ,
1214 1936 1415 2004 auferte
1449 1936 1722 2004 pravitates
1755 1945 1945 1991 vestras
1969 1936 2030 1990 ab

447 2022 712 2075 animabus
742 2023 918 2076 vestris
945 2038 1119 2075 coram
1147 2023 1310 2077 oculis
1335 2020 1457 2076 meis
1476 2062 1492 2089 ,
1534 2023 1712 2078 discite
1736 2024 1923 2079 bonum
1949 2029 2032 2097 fa-

446 2130 556 2167 cere
576 2156 589 2176 ,
616 2114 860 2185 exquirite
871 2115 1127 2184 judicium
1153 2130 1172 2167 :
1193 2113 1368 2168 cohibe
1388 2115 1618 2185 linguam
1648 2124 1788 2170 tuam
1814 2133 1845 2169 a
1870 2117 2027 2183 malo,

446 2216 492 2260 et
514 2210 596 2278 [ac
626 2208 810 2260 bonum
841 2224 860 2261 :
890 2207 1066 2262 discite
1091 2207 1275 2261 bonum
1305 2207 1511 2278 [αι-πε(
1541 2206 1669 2263 lsai.
1703 2209 1754 2264 1.
1788 2210 1879 2264 16.
1914 2208 2028 2280 17).

448 2297 611 2352 Vides
633 2299 774 2368 quod
824 2297 999 2352 virtus
1020 2306 1174 2368 egeat
1212 2297 1498 2352 doctrina?
1543 2315 1664 2352 nam
1696 2299 1789 2353 ille
1814 2298 2031 2370 quidem

445 2389 609 2455 dicit,
645 2388 896 2443 Timorem
943 2388 1152 2443 Domini
1178 2388 1370 2442 docebo
1405 2404 1491 2442 vos
1531 2405 1550 2442 :
1586 2387 1673 2443 hic
1705 2404 1832 2445 vero
1856 2431 1872 2457 ,
1902 2388 2030 2444 Dis-

444 2480 543 2533 cite
567 2481 750 2533 bonum
777 2480 962 2547 facere.

515 2569 739 2624 Lectoris
774 2570 986 2639 oﬂicium
1034 2570 1087 2622 in
1119 2569 1370 2623 Ecclesia.
1414 2599 1487 2609 —
1515 2572 1744 2627 Scitisne
1774 2573 1865 2628 ubi
1902 2572 2019 2630 haec

444 2663 546 2716 sita
593 2662 744 2716 sint“!
776 2662 885 2729 ligo
917 2660 1131 2730 quidem
1178 2676 1282 2714 non
1312 2661 1506 2730 opinor
1527 2704 1541 2728 ,
1573 2673 1768 2732 prater
1808 2680 2026 2734 paucos.

444 2752 603 2822 Atqui
634 2750 860 2822 singulis
888 2749 1241 2805 hebdomadis
1269 2750 1384 2806 haec
1427 2753 1578 2807 vobis
1623 2753 1706 2809 bis
1735 2756 1818 2811 vel
1848 2764 1929 2813 ter
1951 2757 2029 2813 le-

2127 1032 2306 1085 omnia
2323 1036 2525 1082 temere
2556 1040 2571 1078 :
2601 1039 2723 1077 nam
2756 1030 2923 1076 totum
2946 1029 3182 1075 vestrum
3208 1018 3440 1080 studium
3463 1028 3545 1074 est
3568 1019 3708 1074 ell‘u-

2127 1134 2247 1174 sum
2279 1119 2333 1172 in
2359 1131 2422 1172 ea
2449 1129 2568 1185 quin
2596 1112 2664 1168 ad
2693 1112 2828 1166 banc
2855 1109 3016 1164 vitam
3038 1107 3326 1178 pertinent,
3349 1109 3700 1178 spiritualium

2131 1222 2262 1262 vero
2290 1207 2435 1260 nulla
2466 1205 2693 1260 habetur
2715 1205 2873 1260 ratio.
2906 1203 3196 1271 Propterea
3225 1215 3325 1254 nec
3351 1200 3439 1254 illa
3468 1197 3617 1251 vobis
3643 1211 3711 1249 ex

2127 1298 2394 1354 sententia
2419 1298 2707 1363 eveniunt;
2739 1295 2835 1352 sed
2870 1295 2980 1350 illic
3010 1309 3221 1365 quoque
3250 1292 3430 1346 mutue
3462 1300 3586 1344 sunt
3608 1286 3722 1343 dit-

2131 1389 2419 1445 ficultates.
2447 1388 2579 1444 Nam
2601 1388 2849 1443 Christus
2870 1385 3082 1456 quidem
3110 1384 3239 1438 dicit
3267 1400 3281 1435 :
3307 1381 3472 1436 Petite
3498 1394 3717 1449 regnum

2131 1480 2226 1534 Dei
2250 1521 2265 1545 ,
2293 1490 2340 1535 et
2369 1481 2476 1534 hac
2506 1479 2677 1534 omnia
2705 1478 3015 1548 adjicientur
3042 1474 3178 1529 vobis
3202 1475 3222 1539 (
3245 1473 3431 1527 Matth.
3464 1470 3516 1526 6.
3544 1471 3615 1525 55
3640 1470 3659 1537 )
3691 1486 3707 1523 :

2129 1581 2184 1626 et
2209 1571 2324 1626 haec
2343 1570 2556 1642 quidem
2582 1569 2714 1624 dicit
2733 1566 2904 1623 danda
2931 1581 3026 1636 pro
3046 1565 3389 1625 accessione;
3415 1576 3512 1616 nos
3532 1570 3710 1614 autem

2130 1661 2375 1717 ordinem
2411 1659 2726 1715 invertimus
2749 1699 2765 1724 ,
2812 1666 2869 1713 et
2916 1667 3112 1711 terram
3160 1653 3450 1725 qumrimus
3480 1662 3533 1706 et
3571 1651 3709 1705 bona

2133 1763 2291 1807 terra:
2336 1761 2603 1821 tamquam
2631 1749 2719 1803 illa
2747 1749 2854 1801 sint
2879 1745 3051 1801 danda
3083 1760 3178 1814 pro
3194 1743 3523 1799 accessione.
3575 1741 3714 1795 Pro-

2132 1856 2317 1915 pterea
2336 1859 2510 1913 neque
2532 1843 2649 1896 haec
2675 1840 2953 1907 habemus,
2979 1853 3153 1908 neque
3178 1836 3288 1890 illa.
3311 1834 3549 1890 Tandem
3581 1848 3715 1903 ergo

2132 1936 2530 2004 resipiscamus,
2585 1942 2639 1988 et
2685 1932 2862 1986 futura
2895 1929 3335 1996 concupiscamus
3386 1944 3400 1979 :
3440 1925 3516 1979 sic
3564 1924 3708 1979 enim

2126 2022 2238 2077 hanc
2262 2036 2474 2092 quoque
2497 2027 2802 2090 sequentur.
2828 2016 2972 2072 Fieri
2996 2015 3141 2071 enim
3166 2027 3282 2068 non
3305 2020 3503 2082 potest,
3533 2018 3591 2064 ut
3614 2011 3703 2078 qui

2125 2130 2189 2171 ea
2219 2114 2407 2185 qmerit
2431 2128 2548 2183 qua:
2588 2111 2697 2166 Deo
2725 2116 3060 2179 congruunt,
3088 2105 3318 2158 humana
3347 2116 3560 2172 quoque
3600 2115 3708 2154 nou

2125 2212 2481 2276 assequatur:
2516 2202 2631 2257 lucc
2667 2209 2750 2256 est
2793 2197 3056 2255 sententia
3110 2194 3276 2265 ipsius
3304 2192 3560 2247 Veritatis
3606 2188 3711 2246 hoc

2126 2296 2375 2352 dicentis.
2411 2293 2491 2349 Ne
2536 2307 2664 2363 ergo
2692 2291 2847 2346 aliter
2874 2287 3166 2352 faciamus,
3216 2283 3311 2339 sed
3352 2281 3548 2338 Christi
3575 2296 3710 2337 coo-

2125 2388 2305 2442 silium
2338 2394 2651 2448 teneamus,
2681 2397 2751 2437 ne
2780 2380 2846 2435 ab
2889 2377 3139 2434 oumibus
3180 2374 3511 2431 excidamus.
3565 2373 3708 2426 Deus

2127 2487 2303 2532 autem
2338 2482 2420 2531 est
2459 2484 2648 2543 potens
2690 2486 2788 2526 nos
2816 2482 3209 2539 compungere,
3241 2473 3296 2521 et
3334 2463 3587 2520 meliores
3635 2462 3714 2516 fa-

2137 2583 2280 2634 cere,
2315 2567 2366 2620 in
2399 2564 2612 2619 Christo
2641 2562 2766 2617 Jesu
2801 2560 3026 2615 Domino
3048 2568 3252 2623 nostro,
3280 2570 3403 2611 cum
3432 2570 3537 2625 quo
3565 2554 3712 2608 Patri

2131 2676 2232 2715 una
2251 2676 2369 2714 cum
2388 2666 2571 2711 sancto
2588 2655 2788 2725 Spiritu
2803 2652 2991 2723 gloria,
3012 2649 3311 2721 imperium,
3331 2646 3503 2701 honor
3521 2656 3577 2700 et
3592 2645 3716 2699 adn-

2130 2752 2285 2818 ratio,
2307 2763 2447 2805 nunc
2467 2757 2520 2803 et
2536 2760 2770 2817 semper,
2785 2753 2839 2799 et
2867 2744 2918 2796 in
2937 2742 3129 2798 sarcula
3152 2739 3487 2796 smculorum.
3517 2738 3714 2791 Amen.

1793 2973 2140 3037 HOMILIA
2180 2977 2298 3038 IX.

460 3122 594 3181 ειν·
643 3127 697 3184 6ο
734 3143 785 3183 \'-
836 3129 887 3182 t-
936 3127 1256 3199 ρειαρνοριεν
1293 3125 1679 3181 intermittentes
1710 3122 2046 3178 ίηεΙιοαῑὶθηεε
2117 3147 2149 3187 a
2175 3130 2332 3188 nobis
2356 3130 2650 3187 haberetur
2678 3129 2816 3185 ratio
2842 3169 2857 3194 ,
2886 3134 3161 3199 oporteret
3179 3139 3397 3195 semper
3424 3122 3699 3179 transilire

535 3217 724 3272 Clu-isti
764 3234 1062 3281 sermonem,
1114 3217 1183 3272 ad
1229 3217 1585 3289 perfectionem
1635 3220 1898 3285 ferantur,
1944 3230 2044 3268 non
2117 3231 2174 3279 ει
2227 3220 2494 3288 transire,
2521 3230 2762 3276 vestrum
2811 3218 3012 3273 nullam
3067 3226 3314 3287 gerentes
3356 3228 3559 3277 curam,
3607 3210 3705 3266 sed

527 3324 731 3361 rursum
738 3309 987 3377 iacientes
998 3308 1386 3380 fundamentum
1407 3306 1710 3377 paenitentia:
1728 3305 1789 3359 ab
1810 3305 2043 3375 aperibus
2117 3316 2265 3372 εοιος
2303 3322 2512 3369 vestros
2553 3314 2772 3383 plausus
2817 3318 3071 3381 appetere
3117 3325 3134 3365 :

533 3399 764 3461 mortuis,
788 3409 835 3451 et
851 3398 971 3467 ﬁdei
989 3398 1057 3451 ad
1084 3397 1275 3463 Deum,
1301 3397 1356 3450 2.
1390 3397 1746 3467 baptismatum
1775 3395 2039 3462 doctrina,

529 3489 868 3557 impositionis
891 3506 1088 3559 quoque
1115 3505 1380 3555 manuum,
1408 3505 1470 3542 ac
1496 3490 1875 3543 resurrectionis
1899 3503 2035 3542 mor-

529 3588 730 3633 tuorum
757 3621 775 3646 ,
805 3589 851 3634 et
869 3579 1058 3651 judicii
1100 3579 1296 3634 ceterni.
1335 3581 1390 3634 '5.
1430 3576 1499 3633 Et
1530 3579 1638 3634 lucc
1681 3579 1926 3651 [acienms
1949 3619 1966 3645 ,
1992 3578 2039 3633 si

522 3670 722 3740 quidem
751 3671 1037 3740 permiserit
1062 3669 1218 3726 Deus.

538 3763 591 3816 1.
621 3762 911 3817 Audivistis
940 3772 1193 3830 quantum
1224 3762 1632 3832 reprehenderit.
1657 3762 1911 3819 Hebneos
1935 3777 2030 3819 vo-

463 3854 641 3910 lentes
674 3869 888 3925 semper
927 3853 994 3909 de
1045 3853 1234 3909 iisdem
1276 3854 1528 3911 discere?
1557 3860 1611 3911 et
1657 3856 1868 3911 merito.
1900 3855 2034 3912 Nam

457 3960 584 3999 cum
614 3943 882 4000 deberetis
912 3959 1033 4000 esse
1059 3946 1297 4015 magistri
1334 3955 1556 4017 prapter
1580 3956 1817 4017 tempus,
1845 3962 2037 4002 rursus

450 4051 586 4104 Opus
628 4036 840 4092 habetis
885 4046 943 4091 ut
988 4052 1082 4091 vos
1124 4038 1447 4105 doceamini,
1489 4054 1732 4108 quamam
1774 4040 1881 4094 sint
1925 4041 2041 4095 ele-

457 4133 638 4191 menta
670 4124 803 4178 initii
834 4124 1168 4194 eloquiorum
1200 4126 1313 4180 Dei.
1356 4126 1560 4181 Vereor
1585 4143 1652 4182 ne
1678 4127 1794 4183 lucc
1822 4141 2034 4199 quoque

451 4214 604 4269 vobis
642 4214 822 4269 dicere
865 4214 935 4269 sit
982 4215 1355 4284 tempestivum
1379 4258 1396 4281 ,
1441 4216 1582 4286 quod
1612 4232 1732 4272 cum
1763 4218 2028 4275 deberetis

446 4321 573 4361 esse
602 4306 841 4376 magistri
868 4315 1089 4375 propter
1120 4316 1326 4377 tempus
1355 4347 1373 4373 ,
1405 4323 1470 4360 nc
1494 4307 1878 4378 discipulorum
1906 4312 2027 4380 qui-

446 4397 570 4452 dem
602 4397 782 4452 locum
806 4396 1073 4461 teneatis;
1100 4396 1195 4452 sed
1220 4412 1433 4469 semper
1453 4397 1640 4453 eadem
1667 4407 1722 4453 et
1747 4397 1815 4453 de
1845 4400 2032 4455 iisdem

446 4488 757 4555 audientes,
787 4496 1056 4558 tamquam
1088 4488 1221 4542 nihil
1247 4488 1528 4543 audientes
1557 4489 1626 4543 ita
1658 4488 1833 4545 ali‘ecti
1862 4490 1982 4544 sitis
2009 4508 2022 4544 :

442 4591 501 4637 et
536 4584 580 4637 si
625 4582 747 4654 quis
784 4597 881 4637 vos
926 4582 1240 4651 interroget,
1293 4597 1451 4636 nemo
1492 4582 1661 4651 possit
1704 4582 2031 4652 respondere

445 4681 643 4740 prmter
668 4670 961 4726 admodum
1004 4684 1203 4740 paucos
1223 4712 1238 4736 ,
1271 4685 1471 4741 eosque
1515 4681 1793 4726 numeratu
1823 4671 2028 4728 faciles.

448 4763 558 4817 lloc
584 4772 762 4818 autem
807 4776 914 4816 non
962 4770 1045 4815 est
1094 4776 1313 4831 parvum
1359 4761 1636 4816 damnum.
1685 4761 1841 4832 Saepe
1885 4765 2025 4818 enim

447 4850 720 4908 doctorem
765 4855 1034 4909 volentem
1077 4854 1300 4908 ulterius
1348 4856 1616 4925 progredi,
1661 4867 1714 4911 et
1756 4873 1876 4928 qum
1914 4868 2037 4914 sunt

453 4943 620 5011 magis
649 4947 870 5015 mystica
903 4955 956 5001 et
1002 4946 1193 5000 altiora
1227 4954 1445 5018 tangere
1471 4989 1489 5014 ,
1527 4965 1632 5004 non
1679 4950 1809 5004 sinit
1849 4966 2033 5007 eorum

450 5035 538 5103 qui
568 5034 783 5091 discunt
809 5039 1015 5109 ignavia
1045 5049 1098 5094 et
1135 5040 1473 5113 negligentia.
1507 5040 1638 5096 Nam
1667 5044 1805 5098 sicut
1843 5044 1894 5099 in
1932 5059 2036 5097 ma-

446 5127 628 5196 gistris
656 5127 765 5182 ludi
798 5131 1043 5199 literarii,
1069 5133 1113 5187 si
1141 5135 1404 5189 elementa
1424 5149 1640 5203 semper
1666 5136 1849 5189 audiat
1879 5151 2031 5205 puer,

447 5230 504 5275 rt
544 5236 606 5276 ea
636 5235 740 5276 non
789 5230 1006 5289 teneat,
1043 5241 1268 5282 necesse
1298 5225 1401 5282 erit
1438 5226 1616 5281 eidem
1646 5243 1813 5296 pttero
1844 5227 2030 5283 eadem

446 5327 660 5384 semper
686 5312 938 5368 insonare
980 5324 1034 5369 et
1064 5328 1309 5385 repetere
1336 5335 1350 5383 ;
1380 5332 1478 5373 nec
1508 5318 1657 5387 prius
1679 5318 1902 5373 desistet
1935 5320 2031 5371 do-

443 5420 592 5473 cere,
647 5421 806 5477 quam
865 5404 951 5459 illa
1002 5417 1251 5461 accurate
1295 5409 1530 5480 potuerit
1579 5409 1834 5465 discere:
1892 5421 2029 5465 esset

444 5498 587 5552 enim
617 5499 798 5552 multae
829 5496 1097 5561 amentite,
1134 5498 1401 5567 prioribus
1436 5517 1541 5556 non
1568 5515 1715 5557 recte
1742 5502 1927 5556 inditis
1959 5503 2024 5555 ad

444 5587 545 5642 alia
573 5603 699 5644 eum
731 5590 932 5646 ducere
964 5609 975 5645 :
1006 5590 1085 5644 sic
1123 5591 1284 5645 etiam
1325 5592 1378 5645 in
1407 5594 1657 5663 ecclesia,
1687 5596 1730 5649 si
1767 5595 1922 5650 nobis
1945 5610 2031 5649 eac

442 5677 563 5733 dem
592 5677 892 5735 dicentibus
939 5680 1071 5736 nihil
1113 5680 1344 5751 amplius
1382 5680 1599 5738 discetis
1620 5726 1634 5749 ,
1662 5700 1766 5740 non
1795 5699 1914 5739 cess
1933 5685 2031 5739 ilzi-

441 5787 559 5829 mus
577 5770 761 5826 cadent
778 5771 979 5830 dicere.
1005 5773 1059 5829 Si
1084 5774 1455 5830 ostentationis
1478 5776 1690 5845 quidem
1714 5786 1768 5833 et
1792 5775 2014 5832 honoris

3174 3307 3268 3363 sed
3312 3305 3562 3378 quOniam
3595 3318 3705 3357 non

2121 3407 2172 3461 in
2207 3407 2307 3460 hoc
2331 3405 2567 3459 studium
2597 3402 2901 3472 posuimus,
2935 3399 3028 3455 sed
3065 3413 3162 3454 nos
3206 3412 3304 3468 pro
3348 3408 3523 3450 vestra
3557 3394 3704 3448 utili-

2122 3505 2227 3549 tate
2252 3510 2464 3549 omnem
2495 3493 2732 3548 laborem
2761 3489 3110 3559 suscipimus,
3139 3503 3244 3543 non
3274 3486 3607 3543 cessabimus
3637 3482 3707 3537 de

2120 3586 2306 3639 iisdem
2337 3584 2489 3638 vobis
2514 3583 2693 3637 dicere
2716 3623 2731 3647 ,
2761 3581 2935 3635 donec
2974 3594 3035 3635 ea
3074 3588 3219 3635 recte
3243 3577 3541 3649 gesseritis.
3574 3574 3705 3629 Nam

2121 3678 2281 3732 multa
2313 3675 2494 3730 dicere
2523 3682 2835 3742 poteramus
2854 3672 2997 3727 etde
3024 3670 3264 3741 gentium
3296 3666 3703 3736 superstitione,

2120 3777 2175 3822 et
2203 3767 2270 3821 de
2296 3764 2601 3820 Manicbzeis
2627 3773 2682 3820 et
2709 3761 3068 3817 Marcionistis
3094 3802 3110 3827 ,
3143 3768 3197 3814 et
3226 3774 3323 3830 per
3352 3758 3447 3813 Dei
3474 3757 3700 3828 gratiam

2132 3855 2331 3910 validas
2361 3855 2439 3909 eis
2467 3854 2648 3923 plagas
2676 3855 2917 3921 inﬂigere
2943 3894 2959 3917 ,
2987 3853 3083 3907 sed
3114 3869 3218 3908 non
3251 3862 3332 3909 est
3355 3870 3497 3909 nunc
3535 3854 3604 3910 de
3630 3857 3713 3911 eis

2132 3946 2340 4002 dicendi
2372 3955 2603 4015 tempus.
2632 3943 2761 3999 Nam
2794 3945 2858 3999 iis
2882 3945 2972 4015 qui
3002 3961 3095 4001 sua
3126 3945 3362 4001 nondum
3390 3956 3578 4001 exacte
3607 3962 3711 4000 no-

2133 4049 2275 4106 runt,
2303 4049 2353 4095 et
2375 4039 2464 4110 qui
2497 4038 2730 4092 nondum
2760 4037 3064 4092 didicerunt
3091 4037 3235 4108 quod
3264 4038 3465 4092 malum
3497 4039 3566 4092 sit
3587 4037 3710 4108 plus

2131 4146 2287 4201 quam
2318 4145 2412 4199 par
2436 4140 2513 4184 est
2543 4129 2762 4194 habere,
2796 4128 2917 4197 quis
2947 4128 3072 4197 talia
3102 4128 3265 4205 verba
3294 4128 3532 4195 dixerit,
3559 4138 3611 4182 et
3640 4127 3711 4182 ad

2130 4223 2230 4276 alia
2281 4221 2493 4275 duxerit
2545 4230 2668 4275 ante
2712 4221 2960 4288 tempus?
3002 4222 3176 4290 Atque
3218 4234 3316 4289 nos
3345 4220 3558 4290 quidem
3600 4235 3709 4274 non

2130 4311 2457 4366 cessabimus
2483 4310 2667 4364 eadem
2699 4310 2902 4374 dicere,
2939 4311 3053 4365 sive
3078 4310 3230 4365 vobis
3259 4293 3707 4381 persuaserimus,

2129 4403 2242 4456 sive
2287 4417 2389 4455 υοη
2435 4419 2451 4456 ζ
2498 4416 2747 4456 veremur
2789 4409 2964 4455 autem
3017 4414 3085 4455 ne
3136 4400 3325 4455 eadem
3370 4401 3712 4454 εοηιίιιοιιιρτ

2130 4492 2383 4557 dicendo,
2408 4493 2456 4547 si
2477 4507 2583 4546 non
2606 4491 2857 4555 audiatis,
2881 4492 2945 4544 iis
2969 4490 3057 4559 qui
3085 4488 3279 4544 frustra
3312 4490 3554 4553 audiunt,
3588 4504 3702 4542 ma-

2124 4583 2295 4653 jorcm
2334 4583 2624 4639 efﬁciamus
2655 4582 3175 4638 condemnationem.
3222 4582 3334 4636 Non
3376 4593 3499 4635 sunt
3528 4592 3708 4636 autem

2131 4675 2243 4729 lucc
2267 4691 2295 4727 a
2325 4690 2407 4729 me
2432 4675 2680 4729 omnibus
2707 4675 2931 4729 dicenda
2958 4692 2970 4725 :
2999 4674 3111 4728 scio
3141 4674 3283 4727 enim
3315 4674 3508 4727 multos
3530 4675 3707 4741 jnvaci

2129 4783 2155 4820 a
2187 4781 2284 4820 suo
2312 4768 2363 4820 in
2383 4766 2526 4820 hunc
2552 4766 2727 4820 locum
2756 4766 3024 4834 ingressu,
3055 4766 3143 4835 qui
3164 4764 3285 4833 jure
3307 4763 3564 4819 adversus
3587 4764 3709 4817 illos

2128 4857 2540 4912 exclamaverint
2565 4898 2580 4921 ,
2614 4867 2669 4909 ut
2699 4856 2786 4925 qui
2814 4871 2910 4925 per
2939 4870 3090 4909 suam
3136 4854 3377 4909 discendi
3419 4853 3701 4922 segnitiem

2127 4960 2179 5003 et
2210 4950 2584 5019 negligentiam
2617 4948 2716 5002 sibi
2738 4946 3083 5001 insidiantur.
3121 4944 3227 4999 Sed
3259 4959 3327 4999 ne
3369 4944 3447 4998 sic
3486 4943 3708 5012 quidem

2127 5055 2219 5094 eos
2250 5039 2552 5110 oppriment
2574 5037 2778 5092 insidia:
2810 5051 2824 5091 :
2869 5037 3081 5091 assidue
3113 5036 3251 5091 enim
3294 5035 3482 5090 eadem
3511 5033 3700 5086 audire

2128 5136 2190 5191 iis
2241 5136 2398 5191 etiam
2431 5135 2519 5203 qui
2570 5133 2765 5197 sciunt,
2816 5142 2898 5187 est
2946 5131 3075 5186 utile
3108 5147 3121 5183 :
3154 5146 3275 5185 nam
3321 5144 3441 5184 cum
3484 5127 3532 5181 id
3564 5126 3707 5196 quod

2124 5229 2321 5284 scimus
2346 5242 2489 5297 smpe
2516 5227 2845 5281 audierimus
2868 5266 2882 5288 ,
2912 5224 3081 5293 magis
3109 5222 3539 5291 compungimur.
3581 5220 3701 5272 Sei-

2126 5336 2263 5384 mus,
2293 5320 2440 5375 verbi
2480 5319 2652 5389 gratia
2676 5359 2690 5382 ,
2724 5317 2866 5387 quod
2895 5330 2981 5370 res
3008 5315 3143 5368 bona
3190 5314 3259 5368 sit
3304 5310 3578 5366 humilitas
3603 5350 3617 5373 ,
3651 5316 3708 5361 et

2122 5411 2263 5482 quod
2288 5411 2534 5465 Christus
2574 5425 2717 5478 srepe
2745 5409 2811 5464 de
2842 5424 2902 5463 ea
2930 5405 3001 5462 sit
3031 5406 3317 5475 loquutus;
3361 5402 3456 5458 sed
3484 5401 3706 5471 quando

2121 5513 2178 5559 et
2204 5504 2315 5572 ipsa
2339 5503 2501 5558 verba
2529 5502 2880 5566 audierimus,
2908 5508 2963 5555 ct
2986 5514 3105 5569 qua:
3130 5497 3198 5553 de
3224 5498 3290 5551 iis
3310 5503 3437 5551 sunt
3460 5504 3707 5550 conten--

2122 5592 2406 5663 plationes,
2432 5592 2602 5663 magis
2627 5591 2910 5655 aflicimur,
2952 5587 3163 5644 etiamsi
3210 5587 3410 5642 millies
3436 5585 3705 5639 antliveri-

2122 5699 2261 5740 mus.
2285 5684 2643 5754 Quamobrem
2663 5694 2745 5738 est
2766 5692 3123 5754 Opportunum
3144 5689 3197 5733 ut
3213 5693 3310 5733 nos
3328 5693 3543 5748 quoque
3560 5692 3703 5731 nunc

2124 5779 2276 5836 vobis
2343 5777 2627 5832 dicamus:
2692 5776 3011 5846 Quapmptcr
3053 5774 3435 5828 intermittentes
3485 5773 3702 5826 inc/toa-
