4088 6212
247 313 315 367 ἠ
1101 313 1168 376 ιΝ
1204 314 1421 373 EPIST.
1464 319 1556 374 AD
1591 316 1949 376 IIEBRAZOS.
1989 317 2140 374 CAP.
2173 316 2259 373 Vi.
2289 316 2517 376 liOh‘iiL.
2552 325 2643 382 IX.
3460 333 3532 390 78

249 414 401 468 tionis
422 413 614 467 Christi
640 430 939 480 sermonem,
969 415 1037 468 ad
1061 418 1412 486 perfectionem
1439 423 1678 491 feramur.
1699 423 1830 490 Qucc

245 507 318 559 sit
334 503 626 568 inchoatio,
648 514 700 558 et
727 505 870 574 quod
896 505 1102 559 initium
1121 509 1406 570 sermonis,
1435 511 1547 578 ipse
1573 512 1828 583 deinceps

245 596 415 666 ponit,
439 595 623 649 dicens
653 611 667 649 :
715 593 836 648 Non
876 612 1087 660 rursus,
1125 597 1294 667 inquit
1319 639 1332 663 ,
1357 600 1605 668 jacientes
1634 603 1827 671 funda-

244 695 468 739 mentum
506 685 811 751 penitentice
848 687 909 738 ab
955 686 1188 754 operibus
1240 691 1453 744 mortuis
1492 700 1538 744 et
1583 695 1704 762 ﬁdei
1754 697 1822 752 ad

247 774 431 841 Deum,
458 775 812 844 baptismatum
837 776 1100 842 doctrina,
1131 779 1468 848 impositionis
1495 800 1692 854 quoque
1718 805 1826 841 tua-

241 884 426 932 nuum,
458 882 518 918 ac
540 867 918 920 resurrectionis
964 878 1276 922 mortuorum
1299 911 1313 933 ,
1344 881 1392 924 et
1410 873 1600 942 judicii
1627 878 1821 932 interni.

239 959 316 1028 κα)
350 957 408 1012 Si
436 957 536 1011 hoc
563 967 740 1010 autem
761 967 844 1012 est
871 957 1101 1024 initium,
1132 960 1259 1029 quid
1295 969 1380 1016 est
1408 962 1550 1017 aliud
1580 976 1821 1022 nostrum

247 1049 444 1118 dogma
493 1063 652 1117 quam
690 1051 1056 1116 paenitentiam
1087 1065 1250 1119 agere
1275 1051 1343 1105 ab
1380 1053 1632 1122 operibus
1679 1069 1825 1107 mor.

246 1140 374 1200 tuis,
404 1149 461 1194 et
496 1155 592 1208 per
633 1136 888 1209 Spiritum
926 1142 1171 1210 accipere
1213 1143 1370 1198 fidem
1414 1146 1829 1201 resurrectionis

246 1241 580 1285 mortuorum
636 1241 690 1287 et
737 1233 919 1301 jndieii
974 1236 1204 1289 aeterni?
1240 1235 1379 1303 Quid
1431 1246 1515 1292 est
1570 1238 1826 1294 initium?

247 1321 390 1376 Nihil
419 1322 562 1376 aliud
584 1339 743 1393 quam
769 1324 871 1378 hoc
891 1324 1021 1380 dicit
1049 1326 1284 1392 initium,
1307 1327 1520 1396 quando
1545 1343 1652 1382 non
1677 1327 1829 1384 adest

248 1414 360 1466 vita
391 1425 578 1468 exacta
607 1424 659 1469 et
690 1415 948 1484 perfecta.
997 1415 1068 1472 Ut
1111 1417 1256 1472 enim
1303 1433 1424 1472 eum
1454 1419 1546 1488 qui
1587 1421 1734 1474 venit
1763 1419 1828 1473 ad

245 1506 536 1560 discendas
555 1508 781 1568 litteras,
798 1517 1011 1576 oportet
1051 1509 1279 1577 primum
1303 1510 1490 1565 audire
1517 1509 1785 1565 elementa
1811 1528 1827 1565 :

249 1597 323 1648 ita
352 1597 514 1650 etiam
551 1595 911 1651 Christianum
944 1597 1059 1653 hare
1102 1609 1288 1654 exacte
1327 1600 1468 1656 scire
1497 1600 1748 1672 primum,
1777 1611 1832 1656 et

247 1688 320 1740 de
345 1687 428 1742 his
460 1687 590 1741 nihil
614 1686 878 1743 dubitare.
907 1689 963 1743 Si
1004 1699 1183 1744 autem
1211 1690 1452 1745 doctrina
1481 1706 1665 1746 rursus
1697 1691 1831 1746 indi-

246 1789 393 1847 goat.
435 1778 672 1833 nondum
702 1779 863 1835 habet
891 1779 1295 1836 fundamentum
1321 1800 1332 1835 :
1370 1781 1581 1838 firmum
1613 1783 1832 1839 enimet

249 1871 496 1924 stabilem
539 1870 702 1924 fixum
733 1887 856 1926 esse
885 1882 1096 1943 oportet
1139 1881 1194 1927 et
1231 1882 1396 1937 stare.
1425 1881 1480 1928 et
1511 1889 1617 1929 non
1649 1883 1828 1929 trans-

252 1966 478 2018 moveri.
501 1964 554 2020 Si
583 1965 704 2035 quis
733 1974 910 2019 autem
944 1965 1210 2020 eatcchesi
1239 1967 1546 2033 institutus,
1580 1975 1635 2022 et
1661 1967 1832 2037 bapti-

248 2071 374 2110 smo
417 2056 609 2110 tinctus
633 2097 647 2119 ,
694 2065 814 2124 post
857 2071 1025 2110 annos
1055 2056 1244 2112 decem
1284 2057 1353 2112 de
1385 2057 1489 2114 fide
1531 2072 1719 2112 rursus
1750 2066 1833 2112 est

249 2148 563 2214 auditurus,
593 2158 648 2204 et
689 2149 830 2218 quod
878 2157 1121 2219 oporteat
1150 2149 1373 2204 credere
1409 2150 1462 2204 in
1499 2159 1829 2205 mortuorum

249 2239 727 2304 resurrectionem,
759 2238 993 2293 nondum
1019 2239 1177 2293 habet
1209 2238 1640 2306 fundamentum,
1671 2240 1829 2296 Chri—

247 2331 518 2385 stianismi
551 2347 735 2386 rursus
762 2333 952 2401 qumrit
994 2331 1221 2386 initium.
1272 2333 1402 2387 Nam
1434 2333 1573 2402 quod
1606 2333 1738 2388 fides
1763 2334 1834 2390 sit

247 2423 701 2488 fundamentum,
758 2423 1019 2492 reliquum
1091 2432 1269 2477 autem
1328 2423 1653 2490 ardificium,
1709 2423 1834 2480 audi

247 2517 436 2584 ipsum
468 2513 730 2567 dicentem
762 2527 779 2569 :
809 2512 912 2583 Ego
945 2513 1332 2583 fundamentum
1371 2515 1514 2583 posui
1539 2557 1554 2581 ,
1583 2515 1715 2568 alius
1740 2531 1832 2568 su-

245 2605 600 2676 perardi/icat.
648 2603 709 2658 Si
731 2604 836 2672 quis
860 2614 1027 2657 autem
1054 2604 1429 2674 superanli/‘icat
1469 2621 1623 2674 supra
1649 2604 1836 2676 funda-

247 2708 482 2749 mentum
506 2696 616 2760 hoc,
644 2711 841 2760 aurum,
864 2703 1130 2764 argentum
1161 2694 1356 2764 lapides
1385 2696 1650 2764 pretiosos,
1672 2696 1832 2766 ligna,

249 2794 484 2860 faenum,
523 2790 760 2858 stipulam
801 2788 818 2856 (
853 2789 902 2842 1.
926 2785 1045 2842 Cor.
1087 2788 1140 2841 5.
1172 2787 1260 2842 10.
1291 2787 1402 2857 12).
1430 2787 1556 2842 Ideo
1582 2787 1791 2842 dicebat
1819 2803 1832 2840 :

252 2880 384 2934 Non
411 2896 606 2933 rursum
621 2880 867 2950 jacientcs
889 2879 1276 2948 fundamentum
1298 2879 1602 2949 paenitentia:
1620 2877 1680 2931 ab
1704 2892 1830 2948 ape-

247 2972 398 3026 ribus
443 2973 664 3025 mortuis.

324 3066 383 3119 9.
406 3063 558 3117 Fides
576 3065 721 3132 firma
741 3065 896 3117 vitam
919 3080 1093 3132 purum
1114 3063 1265 3132 parit.
1287 3093 1356 3102 —
1371 3061 1513 3130 Quid
1531 3071 1612 3117 est
1629 3070 1834 3126 autem,

251 3158 339 3211 Ad
367 3158 720 3225 perfectionem
747 3156 1013 3226 feramur?
1045 3155 1326 3225 Deinceps,
1356 3155 1547 3224 inquit,
1581 3153 1808 3224 procede

251 3264 378 3303 mus
415 3249 484 3303 ad
523 3248 694 3317 ipsum
740 3246 1008 3316 fastigium
1030 3286 1043 3309 ,
1078 3245 1178 3299 hoc
1207 3256 1323 3308 est,
1356 3246 1516 3299 vitam
1547 3244 1837 3298 habeamus

251 3345 534 3412 optimam.
566 3339 713 3393 Sicut
740 3338 884 3393 enim
915 3338 966 3391 in
997 3337 1278 3391 elementis
1305 3339 1346 3390 Δ
1383 3344 1548 3390 totum
1579 3335 1834 3400 continet,

250 3447 308 3490 et
354 3433 751 3487 fundamentum
795 3437 961 3484 totum
1003 3428 1325 3483 aedificium:
1354 3428 1420 3480 ita
1469 3429 1626 3481 etiam
1675 3426 1837 3481 vitam

254 3542 445 3598 puram
476 3532 620 3579 certa
651 3525 701 3577 in
729 3522 831 3577 fide
861 3522 1158 3591 persuasio.
1184 3521 1400 3590 AbSque
1427 3536 1486 3574 ea
1519 3530 1692 3573 autem
1724 3518 1836 3572 fieri

257 3636 368 3673 non
409 3627 586 3687 potest
624 3625 679 3668 ut
723 3616 796 3668 sis
824 3613 1158 3668 ChriSIianus
1191 3631 1205 3665 ι
1237 3613 1376 3666 sicut
1419 3627 1516 3666 nec
1554 3613 1835 3665 aedificium

254 3719 439 3780 potest
461 3723 581 3763 esse
607 3710 806 3777 absque
842 3705 1218 3769 fundamentis,
1244 3721 1415 3774 neque
1442 3703 1554 3758 fieri
1581 3712 1752 3771 potest
1781 3710 1839 3756 ut

253 3803 462 3870 absque
487 3802 768 3856 elementis
793 3803 868 3854 sis
893 3800 1094 3869 peritus
1109 3800 1427 3855 litterarum.
1445 3797 1551 3853 Sed
1581 3797 1843 3868 quemad-

257 3892 483 3948 modum
523 3893 566 3947 si
604 3894 727 3963 quis
767 3908 982 3964 semper
1010 3902 1250 3948 versetur
1287 3891 1427 3946 circa
1467 3891 1764 3954 elementa,
1796 3887 1844 3943 si

256 3986 384 4055 quis
409 3985 552 4040 circa
585 3984 990 4040 fundamentum
1016 4027 1032 4050 ,
1073 3999 1178 4038 non
1205 3983 1344 4037 circa
1377 3981 1659 4038 aedilicium
1681 4021 1697 4046 ,
1736 3995 1843 4034 non

257 4080 364 4132 erit
390 4079 437 4134 ei
465 4077 754 4150 quidquam
775 4076 1005 4147 amplius
1030 4095 1043 4131 :
1065 4078 1142 4132 sic
1172 4073 1326 4132 nobis
1352 4072 1603 4130 eveniet:
1629 4072 1674 4126 si
1699 4072 1842 4127 enim

253 4184 474 4238 semper
499 4168 554 4224 in
586 4167 711 4226 fidei
741 4167 894 4224 initio
924 4183 1237 4223 maneamus
1257 4207 1275 4234 ,
1314 4179 1603 4236 numquam
1633 4163 1700 4218 ad
1727 4165 1843 4233 ejus

262 4259 648 4327 perfectionem
680 4262 980 4316 veniemus.
1011 4260 1092 4315 Tu
1120 4269 1298 4315 autem
1338 4275 1406 4314 ne
1448 4257 1722 4314 existimes
1748 4255 1844 4311 de-

261 4362 486 4407 tractum
510 4367 632 4408 esse
657 4351 800 4418 fidei,
832 4352 975 4424 quod
1001 4367 1062 4407 ea
1090 4351 1411 4406 elementum
1441 4349 1512 4404 sit
1537 4359 1718 4403 vocata
1743 4365 1756 4401 :
1777 4361 1840 4402 ea

259 4441 402 4494 enim
432 4450 515 4496 est
540 4451 650 4496 tota
676 4452 936 4513 potestas.
953 4440 1085 4496 Nam
1107 4439 1320 4512 quando
1341 4440 1490 4506 dicit,
1513 4437 1690 4493 Omnis
1710 4438 1843 4492 enim

255 4531 346 4599 qui
375 4529 521 4584 lactis
548 4541 620 4586 est
648 4532 919 4602 particeps,
945 4541 1015 4585 est
1036 4532 1299 4602 imperitus
1328 4529 1573 4584 sermonis
1589 4528 1806 4600 justitiw
1823 4545 1843 4582 :

257 4631 334 4675 est
364 4623 505 4676 enim
543 4623 756 4695 infans;
791 4638 897 4678 non
927 4639 1044 4678 eam
1077 4632 1228 4678 vocat
1259 4623 1338 4676 lac
1364 4621 1622 4693 iustitiae;
1653 4619 1750 4674 sed
1777 4618 1844 4673 de

259 4714 342 4767 bis
388 4713 562 4769 adhuc
607 4714 896 4782 dubitare,
941 4723 1023 4769 est
1068 4713 1264 4772 mentis
1301 4713 1579 4768 imbecilla:
1625 4721 1680 4766 et
1725 4725 1845 4781 qua:

258 4804 445 4858 multis
487 4804 687 4875 indiget
730 4806 1047 4860 rationibus.
1082 4805 1205 4860 lla'c
1247 4803 1392 4860 enim
1425 4813 1552 4880 sunt
1595 4803 1840 4873 dogmata

257 4914 380 4965 qua:
403 4906 534 4952 sunt
562 4907 709 4952 recta
739 4907 791 4952 et
816 4912 944 4952 sana
970 4916 981 4951 :
1005 4897 1152 4951 illum
1187 4913 1416 4968 namque
1442 4911 1694 4951 vocamus
1720 4909 1842 4964 per-

259 4989 494 5054 fectum.
528 4989 620 5059 qui
651 5005 770 5043 cum
804 4988 909 5043 fide
949 4998 1149 5043 rectam
1187 4987 1347 5042 habet
1388 4987 1571 5041 vitam.
1620 4984 1678 5041 Si
1724 4983 1843 5054 quis

256 5092 437 5136 autem
464 5081 627 5136 fidem
655 5081 870 5152 quidem
896 5079 1113 5145 habeat,
1142 5080 1348 5134 scelera
1371 5089 1547 5132 autem
1575 5077 1840 5142 admittat,

254 5182 310 5224 et
340 5172 411 5226 de
435 5171 537 5226 hac
565 5171 680 5241 ipsa
710 5169 915 5224 dubitet
941 5212 956 5237 ,
989 5181 1042 5224 et
1071 5169 1367 5226 doctrinam
1399 5168 1596 5239 probro
1621 5166 1840 5231 officiat,

254 5262 451 5314 merito
475 5277 599 5317 eum
633 5263 876 5317 dicemus
907 5262 1159 5316 infantem
1182 5302 1197 5328 ,
1227 5269 1285 5314 ut
1320 5261 1412 5330 qui
1453 5259 1520 5315 ad
1552 5259 1724 5328 ipsum
1760 5273 1844 5312 ro-

253 5355 487 5409 currerit
531 5355 762 5409 initium.
816 5354 1177 5428 Quamobrem
1225 5354 1433 5409 etiamsi
1480 5353 1632 5409 mille
1674 5365 1846 5407 annos

251 5445 524 5514 egerimus
548 5446 605 5501 in
635 5446 761 5514 fide,
790 5455 843 5501 et
864 5446 917 5500 in
946 5461 1007 5500 ea
1037 5462 1143 5501 non
1172 5445 1339 5500 simus
1363 5445 1501 5500 firmi
1525 5455 1579 5500 et
1600 5442 1842 5510 stabiles,

253 5549 445 5592 sumus
487 5536 754 5605 infantes;
806 5537 1022 5609 quando
1067 5552 1176 5592 non
1219 5536 1551 5594 ostendimus
1593 5535 1754 5593 vitam
1794 5535 1842 5592 ei

332 5731 410 5794 (μ)
431 5730 516 5784 llic
549 5732 718 5795 incipit
748 5727 947 5782 homilia
972 5740 1096 5788 nona
1121 5727 1166 5777 in
1193 5723 1357 5787 Colb.,
1393 5723 1533 5776 initio
1566 5721 1762 5781 omisso.

1904 415 2356 490 “convenientem,
2391 425 2605 495 quando
2631 424 2804 479 adhuc
2826 424 3056 494 jacimus
3084 425 3507 484 fundamentum.

1932 517 2036 570 tios
2062 525 2239 572 autem
2273 527 2324 570 et
2353 516 2420 570 de
2451 518 2570 574 \ita:
2601 519 2808 570 ratione
2828 558 2840 579 ,
2874 524 2927 570 et
2956 515 3023 576 de
3048 516 3152 572 alio
3179 533 3388 588 quoque
3416 535 3511 573 ac-

1927 616 2096 672 cuset,
2124 617 2183 662 ut
2207 609 2295 679 qui
2325 609 2433 662 sint
2463 607 2794 671 vacillantes.
2820 618 3028 678 etopus
3056 607 3286 662 habeant
3309 619 3366 663 ut
3389 609 3510 665 fun-

1927 697 2235 753 damentum
2264 699 2464 767 iaciant
2497 699 2830 767 poenitentiae
2868 699 2936 751 ab
2965 699 3220 767 operibus
3261 703 3508 755 mortuis.

1933 789 2065 843 Eum
2094 789 2236 844 enim
2267 789 2357 859 qui
2386 790 2454 843 ab
2497 789 2678 859 aliquo
2726 799 3122 843 transmovetur
3147 790 3211 842 ad
3244 791 3473 845 alterum
3494 835 3510 857 ,

1926 889 1980 935 et
2002 878 2132 934 illud
2163 879 2375 949 quidem
2403 879 2638 943 dimittit,
2665 880 2764 934 hoc
2785 890 2962 934 autem
2991 881 3339 951 eligit,ipsum
3365 884 3512 952 prius

1929 980 2142 1041 oportet
2169 980 2222 1026 ut
2249 971 2592 1036 condemnet,
2619 980 2674 1026 et
2699 973 2764 1027 ab
2791 988 2856 1026 eo
2880 973 3096 1027 recedat
3123 976 3428 1042 affectione,
3459 988 3515 1033 et

1933 1071 2058 1118 tunc
2101 1063 2282 1118 veniat
2327 1062 2392 1116 ad
2434 1063 2660 1116 alterum
2688 1081 2700 1116 :
2725 1064 2768 1118 si
2800 1073 2977 1118 autem
3019 1066 3180 1134 priori
3219 1084 3404 1124 rursus
3432 1081 3516 1126 est

1927 1154 2266 1220 adhaesurus,
2291 1155 2562 1224 quomodo
2581 1159 2805 1225 attinget
2827 1157 3165 1210 secundum?
3194 1159 3329 1224 Quid
3359 1177 3512 1231 ergo,

1929 1247 2133 1319 inquit,
2161 1248 2228 1302 de
2261 1249 2416 1318 lege?
2448 1248 2578 1302 Eam
2609 1248 3101 1311 condemnavimus.
3135 1260 3187 1304 et
3230 1267 3417 1307 rursus
3444 1254 3511 1307 ad

1928 1338 2098 1409 ipsam
2127 1339 2455 1394 recurriums
2476 1359 2488 1392 :
2512 1339 2614 1394 hoc
2641 1355 2744 1394 non
2767 1349 2850 1394 est
2871 1342 3148 1396 translatio
3172 1352 3226 1397 et
3249 1353 3516 1399 transmu-

1935 1432 2066 1485 tatio
2089 1431 2320 1487 :etenim
2344 1431 2429 1486 hic
2453 1431 2711 1486 habemus
2732 1431 2922 1504 legem.
2948 1431 3134 1504 Legem
3154 1450 3292 1506 ergo,
3319 1435 3512 1506 inquit,

1927 1529 2235 1584 destruimus
2281 1545 2371 1599 per
2420 1527 2618 1597 ﬁdem?
2663 1528 2843 1592 Absit,
2893 1531 2981 1586 sed
3035 1531 3196 1602 legem
3245 1533 3521 1588 statuimus

1929 1621 2107 1691 (Rom.
2138 1623 2193 1677 5.
2222 1620 2336 1692 3f).
2381 1620 2494 1691 Ego
2535 1630 2713 1676 autem
2757 1621 3006 1678 dicebam
3043 1623 3109 1678 de
3148 1623 3308 1679 rebus
3339 1627 3514 1680 malis.

1927 1712 2058 1768 Nam
2081 1714 2170 1783 qui
2192 1713 2360 1768 estad
2383 1713 2632 1768 virtutem
2656 1713 3002 1780 transiturus,
3028 1711 3189 1769 debet
3213 1715 3360 1785 prius
3384 1731 3518 1770 con-

1927 1804 2185 1861 demnare
2219 1806 2425 1872 vitium,
2457 1817 2509 1860 et
2537 1815 2663 1860 tunc
2687 1807 2750 1861 ad
2775 1823 2892 1861 eam
2917 1807 3176 1863 accedere
3201 1826 3213 1861 :
3239 1823 3344 1863 non
3372 1810 3516 1864 enim

1930 1895 2145 1950 valebat
2193 1895 2511 1965 poenitentia
2549 1911 2644 1951 eos
2677 1897 2902 1951 mundos
2947 1897 3193 1952 reddere.
3227 1898 3516 1968 Propterea

1931 1989 2112 2042 statim
2139 1987 2581 2057 baptizabantur,
2612 1997 2668 2041 ut
2698 1987 2840 2058 quod
2872 2003 2966 2057 per
2995 1987 3202 2059 seipsos
3233 2006 3336 2045 non
3370 2001 3518 2059 pote-

1929 2088 2051 2132 rant
2086 2079 2302 2133 efficere
2329 2121 2341 2142 ,
2375 2077 2427 2132 id
2473 2077 2629 2133 fieret
2670 2094 2766 2148 per
2799 2078 2998 2132 Christi
3046 2079 3286 2148 gratiam.
3331 2079 3518 2146 Neque

1929 2183 2058 2240 ergo
2080 2169 2280 2225 sufficit
2300 2169 2612 2241 paiuitentia
2635 2169 2703 2225 ad
2725 2170 3180 2235 cmundationem,
3199 2171 3290 2226 sed
3308 2181 3519 2242 oportet

1930 2259 2190 2330 baptisma
2220 2276 2514 2316 assumere.
2547 2261 2844 2330 Oportebat
2879 2278 3007 2336 ergo
3036 2263 3101 2317 ad
3131 2264 3395 2333 baptisma
3426 2281 3517 2320 ac-

1927 2353 2146 2418 ccdere,
2175 2355 2320 2422 prius
2346 2353 2614 2408 damnatis
2639 2354 2874 2424 peccatis
2896 2370 3014 2425 qure
3041 2355 3349 2412 admiserat.
3378 2357 3517 2427 Quid

1927 2452 2010 2498 est
2055 2453 2232 2498 autem
2260 2485 2276 2511 ,
2310 2443 2685 2514 Baptisntatum
2725 2446 3009 2501 doctrinm?
3044 2447 3161 2502 Non
3193 2449 3332 2517 quod
3365 2450 3518 2504 multi

1927 2535 2037 2588 sint
2067 2533 2338 2603 baptismi,
2369 2536 2464 2591 sed
2494 2551 2652 2591 unus.
2681 2535 2789 2592 Cur
2816 2552 2945 2607 ergo
2973 2537 3022 2591 id
3051 2537 3182 2591 dixit
3209 2539 3520 2608 pluraliter?

1927 2627 2062 2696 Quia
2093 2627 2333 2691 dixerat,
2365 2627 2487 2681 Non
2519 2645 2694 2681 rursus
2715 2629 2963 2698 jacientes
2995 2629 3378 2699 fundamentum
3406 2646 3513 2700 pa:-

1929 2721 2173 2774 nitcntiaz.
2206 2719 2338 2774 Nam
2364 2721 2407 2774 si
2437 2735 2530 2774 eos
2558 2735 2745 2774 rursus
2771 2720 3110 2789 baptizassct,
3139 2731 3190 2776 et
3218 2721 3284 2776 dc
3309 2721 3524 2793 integro

1927 2813 2196 2868 eatcchesi
2234 2812 2592 2877 instituisset,
2640 2824 2695 2867 et
2736 2828 2923 2866 rursus
2967 2813 3035 2866 ab
3075 2813 3225 2867 initio
3263 2813 3515 2884 baptizati

1927 2907 2250 2961 docerentur
2270 2921 2388 2975 qua:
2408 2915 2532 2960 sunt
2551 2904 2777 2975 agenda,
2802 2914 2856 2958 et
2877 2921 2995 2975 qua-
3018 2920 3121 2958 non
3144 2915 3268 2959 Sunt
3287 2907 3513 2976 agenda,

1927 3007 2081 3052 erant
2103 3007 2360 3068 perpetuo
2389 3000 2628 3052 mansuri
2663 2997 2973 3051 incorrecti.
3009 2996 3360 3067 lmpositionis
3385 3016 3515 3069 quo-

1927 3106 2022 3158 que
2064 3106 2324 3143 manuum.
2369 3087 2459 3146 Sic
2498 3087 2643 3142 enim
2693 3087 3028 3157 accipiebant
3072 3087 3349 3156 Spiritum.
3389 3087 3521 3144 Cum

1929 3181 2130 3236 Paulus
2155 3183 2252 3247 eis,
2284 3181 2494 3251 inquit,
2523 3181 2846 3248 imposuisset
2885 3196 3086 3246 manus,
3119 3182 3251 3233 uertit
3289 3182 3524 3248 Spiritus,

1927 3283 2132 3327 sanctus
2159 3273 2290 3342 (Act.
2320 3272 2406 3327 19.
2431 3272 2510 3340 6).
2536 3272 2608 3324 Ac
2634 3270 3013 3324 resurrectionis
3042 3280 3375 3323 mortuorum.
3405 3271 3516 3326 Hoc

1930 3365 2070 3419 enim
2108 3364 2159 3417 fit
2189 3364 2242 3418 in
2278 3364 2542 3432 baptismo
2567 3405 2581 3429 ,
2615 3372 2668 3418 et
2697 3361 3042 3418 confirmatur
3075 3362 3124 3416 in
3157 3364 3523 3419 confessione.

1931 3457 2199 3526 Etjudicii
2228 3455 2424 3510 wterui.
2449 3455 2557 3510 Cur
2581 3464 2756 3510 autem
2789 3454 2891 3510 hoc
2921 3455 3088 3509 dicit?
3116 3455 3376 3524 Quoniam
3403 3466 3530 3516 erat.

1929 3549 2224 3602 verisimile
2255 3563 2350 3602 eos
2380 3547 2461 3601 vel
2490 3563 2610 3601 cum
2647 3547 2754 3615 jam
2787 3546 3146 3602 credidissent
3178 3546 3357 3602 labare
3380 3587 3396 3610 ,
3427 3557 3530 3602 aut.

1933 3641 2072 3695 male
2103 3656 2164 3694 ac
2193 3640 2455 3694 dissolute
2485 3639 2668 3692 vivere
2693 3657 2704 3690 :
2731 3637 2860 3690 dicit
2898 3653 3047 3709 ergo,
3089 3636 3285 3708 Vigiles
3325 3646 3514 3691 estote.

1932 3732 2219 3786 Abduccus
2264 3730 2427 3801 igitur
2467 3729 2589 3783 illos
2632 3745 2660 3781 a
2713 3728 2800 3781 tali
2844 3729 3075 3799 ignavia,
3118 3739 3168 3782 et
3209 3728 3532 3782 attentiores.

1934 3825 2165 3880 reddens
2187 3866 2200 3885 .
2234 3826 2375 3876 hunc
2406 3829 2586 3874 movet
2615 3834 2942 3873 sermonem.
2975 3817 3090 3871 Non
3122 3819 3242 3870 licet
3270 3816 3412 3871 enim
3441 3817 3522 3870 di-

1937 3932 2081 3982 cere,
2126 3914 2181 3969 Si
2225 3913 2484 3967 dissolute
2525 3921 2577 3962 et
2622 3911 2950 3980 negligenter
2988 3908 3300 3972 vixerimus,
3340 3923 3522 3962 rursus

1937 4004 2346 4075 baptizabimur.
2379 3999 2652 4054 eatcchesi
2685 4014 2874 4054 rursus
2901 3998 3262 4064 instituemur,
3295 3997 3528 4068 accipies

1938 4112 2057 4152 ntus
2089 4110 2278 4150 rursus
2304 4093 2562 4160 Spiritum
2594 4109 2606 4142 :
2636 4099 2727 4144 aut
2753 4132 2768 4154 ,
2807 4089 2860 4144 Si
2894 4106 2922 4142 a
2955 4089 3060 4144 fide
3089 4104 3229 4143 nunc
3258 4085 3516 4143 excideri~

1939 4206 2058 4246 mus
2081 4232 2094 4252 ,
2125 4201 2308 4242 rursus
2333 4184 2629 4255 poterimus
2659 4182 2911 4252 baptizati
2945 4190 3158 4252 peccata
3191 4181 3441 4246 abluere,
3473 4190 3526 4234 ct

1941 4280 2126 4336 eadem
2157 4277 2366 4346 assequi
2393 4290 2512 4346 qum
2543 4275 2710 4344 prius.
2740 4273 2964 4336 Erratis,
2990 4271 3319 4342 inquiuha'c
3341 4271 3528 4326 existi-

1943 4377 2150 4426 mantes
2176 4385 2188 4421 :
2212 4367 2266 4421 4.
2292 4364 2611 4436 [inpossibile
2635 4365 2765 4417 enim
2787 4373 2858 4417 est
2881 4379 2963 4416 eos
2984 4364 3069 4432 qui
3091 4362 3246 4414 semel
3265 4371 3382 4415 sunt
3404 4362 3526 4415 illu-

1947 4456 2153 4521 minati,
2183 4463 2510 4526 gustaverunt
2535 4453 2686 4508 etiam
2720 4453 2909 4504 donum
2947 4451 3142 4504 crelcstc
3170 4459 3218 4504 et
3254 4452 3531 4521 participes

1944 4557 2059 4604 sunt
2085 4546 2312 4616 Spiritus
2334 4544 2518 4606 sancti,
2546 4543 2597 4598 5.
2629 4549 2952 4614 gustaverunt
2981 4539 3309 4594 nihilominus
3339 4539 3529 4593 bonum.

1945 4636 2044 4693 Dei
2073 4635 2276 4691 verbum
2299 4674 2314 4699 ,
2353 4634 2657 4702 virtutesque
2693 4631 2855 4701 [litari
2893 4631 3102 4698 swculi,
3141 4630 3192 4683 6.
3221 4638 3270 4683 et
3296 4629 3534 4699 prolapsi

1942 4739 2093 4796 sunt;
2119 4744 2295 4787 rursus
2320 4742 2560 4780 renovare
2587 4725 2656 4778 ad
2685 4723 3027 4794 paenitentimn
3049 4764 3063 4790 ,
3097 4739 3272 4776 rursus
3316 4721 3520 4788 cruci/i-

1939 4831 2108 4894 gentes
2134 4817 2456 4890 sibimetipsis
2482 4815 2676 4871 Filium
2712 4815 2827 4883 Dei,
2858 4826 2904 4868 et
2929 4814 3146 4868 ostentui
3167 4813 3424 4865 habentes.
3446 4809 3527 4882 (α)

1939 4911 2073 4968 Vide
2101 4919 2278 4965 autem
2310 4924 2467 4980 quam
2497 4917 2618 4977 apte
2647 4905 2866 4974 incipiat
2903 4904 2968 4958 ad
3017 4901 3277 4973 pudorem
3319 4899 3523 4956 suffun-

1936 5001 2171 5058 dendum
2197 5008 2254 5057 et
2280 4998 2674 5072 prohibendum
2702 5013 2713 5048 :
2742 4993 3063 5065 Impossibile
3089 5000 3198 5058 est,
3231 4992 3437 5062 inquit,
3468 4993 3524 5048 id

1936 5103 2040 5161 est,
2069 5108 2138 5148 ne
2166 5091 2396 5162 amplius
2421 5097 2704 5159 exspectes
2730 5085 2871 5157 quod
2903 5101 3008 5138 non
3036 5093 3212 5155 potest
3240 5085 3374 5139 fieri.
3403 5083 3518 5138 Non

1934 5188 2076 5243 enim
2108 5186 2265 5253 dixit,
2298 5183 2413 5241 Non
2443 5187 2632 5247 decet,
2665 5193 2874 5249 neque,
2909 5177 3028 5234 Non
3057 5178 3291 5250 expedit,
3322 5193 3512 5247 neque,

1931 5279 2045 5335 Non
2075 5279 2220 5342 licet,
2251 5277 2366 5343 sed,
2392 5276 2485 5330 Est
2506 5273 2849 5346 impossibile;
2880 5282 2935 5325 ut
2958 5286 3052 5326 eos
3075 5271 3295 5327 omnino
3316 5267 3519 5337 injiciat

1930 5371 1985 5425 in
2015 5369 2441 5439 desperationem
2466 5407 2482 5432 ,
2513 5366 2557 5419 si
2589 5364 2810 5418 omnino
2847 5364 3015 5420 semel
3041 5361 3329 5417 illuminati
3356 5360 3512 5413 estis.

2001 5463 2053 5517 '5.
2097 5457 2302 5517 Deinde
2328 5457 2624 5527 subjungit,
2653 5453 2990 5510 Gustaverunt
3013 5456 3164 5508 etiam
3192 5453 3382 5505 donum
3405 5466 3512 5505 ca:-

1927 5553 2081 5616 lesfe;
2111 5550 2212 5606 hoc
2243 5556 2346 5614 est,
2379 5547 2773 5606 remissionem.
2813 5545 2882 5599 Et
2920 5545 3192 5616 participes
3233 5543 3356 5614 facti
3395 5549 3518 5598 sunt

2001 5720 2076 5785 (η)
2096 5717 2186 5770 llic
2211 5714 2360 5768 trium
2381 5711 2489 5764 fere
2513 5711 2794 5774 paginarum
2816 5705 2974 5755 hiatus
2997 5705 3074 5752 est
3099 5701 3146 5750 in
3171 5697 3470 5751 Collicrtino.
