  <div class='ocr_page' id='page_1' title='image "/cluster/home/n/w/nwhite01/storage/ocr_20150623/63/hvd.32044054112164/085.png"; bbox 0 0 4088 6212; ppageno 0'>
   <div class='ocr_carea' id='block_1_1' title="bbox 534 340 3816 427">
    <p class='ocr_par' dir='ltr' id='par_1_1' title="bbox 534 340 3816 427">
     <span class='ocr_line' id='line_1_1' title="bbox 534 340 3816 427; baseline -0.008 -3"><span class='ocrx_word' id='word_1_1' title='bbox 534 366 602 427; x_wconf 68' lang='grc' dir='ltr'><strong>⁷ο</strong></span> <span class='ocrx_word' id='word_1_2' title='bbox 1342 359 1400 416; x_wconf 91' lang='lat' dir='ltr'><strong>S.</strong></span> <span class='ocrx_word' id='word_1_3' title='bbox 1427 357 1702 416; x_wconf 59' lang='lat' dir='ltr'><strong>JOANNIS</strong></span> <span class='ocrx_word' id='word_1_4' title='bbox 1740 347 2213 411; x_wconf 74' lang='lat' dir='ltr'><strong>CHRYSOSTOMI</strong></span> <span class='ocrx_word' id='word_1_5' title='bbox 2251 345 2565 402; x_wconf 76' lang='lat' dir='ltr'><strong>ARClilEP.</strong></span> <span class='ocrx_word' id='word_1_6' title='bbox 2606 344 3134 403; x_wconf 76' lang='lat' dir='ltr'><strong>CONSTANTINOP.</strong></span> <span class='ocrx_word' id='word_1_7' title='bbox 3746 340 3816 397; x_wconf 73' lang='grc' dir='ltr'><strong>ευ</strong></span> 
     </span>
    </p>
   </div>
   <div class='ocr_carea' id='block_1_2' title="bbox 552 462 3800 547">
    <p class='ocr_par' dir='ltr' id='par_1_2' title="bbox 552 462 3800 547">
     <span class='ocr_line' id='line_1_2' title="bbox 552 462 3800 547; baseline -0 -19"><span class='ocrx_word' id='word_1_8' title='bbox 552 473 779 547; x_wconf 85' lang='lat' dir='ltr'><strong>Spiritus</strong></span> <span class='ocrx_word' id='word_1_9' title='bbox 797 472 981 538; x_wconf 84' lang='lat' dir='ltr'><strong>sancti,</strong></span> <span class='ocrx_word' id='word_1_10' title='bbox 1010 478 1057 523; x_wconf 86' lang='lat' dir='ltr'><strong>et</strong></span> <span class='ocrx_word' id='word_1_11' title='bbox 1081 476 1406 540; x_wconf 83' lang='lat' dir='ltr'><strong>gustaverunt</strong></span> <span class='ocrx_word' id='word_1_12' title='bbox 1436 469 1622 521; x_wconf 84' lang='lat' dir='ltr'><strong>bonum</strong></span> <span class='ocrx_word' id='word_1_13' title='bbox 1643 466 1741 521; x_wconf 81' lang='lat' dir='ltr'><strong>Dei</strong></span> <span class='ocrx_word' id='word_1_14' title='bbox 1784 465 2013 522; x_wconf 82' lang='lat' dir='ltr'><strong><em>Verbum.</em></strong></span> <span class='ocrx_word' id='word_1_15' title='bbox 2036 467 2135 523; x_wconf 76' lang='lat' dir='ltr'><strong>llic</strong></span> <span class='ocrx_word' id='word_1_16' title='bbox 2225 462 2307 515; x_wconf 78' lang='lat' dir='ltr'><strong>llis</strong></span> <span class='ocrx_word' id='word_1_17' title='bbox 2330 466 2620 535; x_wconf 77' lang='lat' dir='ltr'><strong>mysteriis,</strong></span> <span class='ocrx_word' id='word_1_18' title='bbox 2648 476 2703 521; x_wconf 90' lang='lat' dir='ltr'><strong>et</strong></span> <span class='ocrx_word' id='word_1_19' title='bbox 2732 483 2801 522; x_wconf 84' lang='lat' dir='ltr'><strong>ne</strong></span> <span class='ocrx_word' id='word_1_20' title='bbox 2829 468 2907 522; x_wconf 87' lang='lat' dir='ltr'><strong>sic</strong></span> <span class='ocrx_word' id='word_1_21' title='bbox 2954 469 3171 538; x_wconf 84' lang='lat' dir='ltr'><strong>quidem</strong></span> <span class='ocrx_word' id='word_1_22' title='bbox 3201 470 3392 525; x_wconf 85' lang='lat' dir='ltr'><strong>melior</strong></span> <span class='ocrx_word' id='word_1_23' title='bbox 3421 470 3669 537; x_wconf 83' lang='lat' dir='ltr'><strong>etl&#39;ectns;</strong></span> <span class='ocrx_word' id='word_1_24' title='bbox 3702 476 3800 528; x_wconf 84' lang='lat' dir='ltr'><strong>sed</strong></span> 
     </span>
    </p>
   </div>
   <div class='ocr_carea' id='block_1_3' title="bbox 553 558 2130 630">
    <p class='ocr_par' dir='ltr' id='par_1_3' title="bbox 553 558 2130 630">
     <span class='ocr_line' id='line_1_3' title="bbox 553 558 2130 630; baseline -0.003 -11"><span class='ocrx_word' id='word_1_25' title='bbox 553 568 676 622; x_wconf 72' lang='lat' dir='ltr'><strong>dLCit</strong></span> <span class='ocrx_word' id='word_1_26' title='bbox 704 565 1024 619; x_wconf 70' lang='lat' dir='ltr'><strong>doctrinam.</strong></span> <span class='ocrx_word' id='word_1_27' title='bbox 1070 560 1383 630; x_wconf 82' lang='lat' dir='ltr'><strong>Virtutcsque</strong></span> <span class='ocrx_word' id='word_1_28' title='bbox 1410 558 1586 612; x_wconf 67' lang='lat' dir='ltr'><strong>saeculi</strong></span> <span class='ocrx_word' id='word_1_29' title='bbox 1615 559 1832 611; x_wconf 82' lang='lat' dir='ltr'><strong>venturi.</strong></span> <span class='ocrx_word' id='word_1_30' title='bbox 1861 558 2130 626; x_wconf 81' lang='lat' dir='ltr'><strong>Quasnam</strong></span> 
     </span>
    </p>
   </div>
   <div class='ocr_carea' id='block_1_4' title="bbox 547 649 2132 722">
    <p class='ocr_par' dir='ltr' id='par_1_4' title="bbox 547 649 2132 722">
     <span class='ocr_line' id='line_1_4' title="bbox 547 649 2132 722; baseline -0.002 -12"><span class='ocrx_word' id='word_1_31' title='bbox 547 657 676 711; x_wconf 86' lang='lat' dir='ltr'><strong>dicit</strong></span> <span class='ocrx_word' id='word_1_32' title='bbox 701 654 960 709; x_wconf 73' lang='lat' dir='ltr'><strong>virtutes?</strong></span> <span class='ocrx_word' id='word_1_33' title='bbox 990 650 1081 706; x_wconf 75' lang='lat' dir='ltr'><strong>Vel</strong></span> <span class='ocrx_word' id='word_1_34' title='bbox 1112 649 1289 704; x_wconf 80' lang='lat' dir='ltr'><strong>facere</strong></span> <span class='ocrx_word' id='word_1_35' title='bbox 1315 650 1591 715; x_wconf 85' lang='lat' dir='ltr'><strong>miracula,</strong></span> <span class='ocrx_word' id='word_1_36' title='bbox 1616 650 1699 703; x_wconf 88' lang='lat' dir='ltr'><strong>vel</strong></span> <span class='ocrx_word' id='word_1_37' title='bbox 1723 652 1936 705; x_wconf 86' lang='lat' dir='ltr'><strong>arrham</strong></span> <span class='ocrx_word' id='word_1_38' title='bbox 1964 650 2132 722; x_wconf 87' lang='lat' dir='ltr'><strong>Spiri-</strong></span> 
     </span>
    </p>
   </div>
   <div class='ocr_carea' id='block_1_5' title="bbox 549 743 2123 816">
    <p class='ocr_par' dir='ltr' id='par_1_5' title="bbox 549 743 2123 816">
     <span class='ocr_line' id='line_1_5' title="bbox 549 743 2123 816; baseline -0.001 -15"><span class='ocrx_word' id='word_1_39' title='bbox 549 758 652 803; x_wconf 83' lang='lat' dir='ltr'><strong>tus.</strong></span> <span class='ocrx_word' id='word_1_40' title='bbox 679 746 742 799; x_wconf 84' lang='lat' dir='ltr'><strong>Et</strong></span> <span class='ocrx_word' id='word_1_41' title='bbox 764 744 992 816; x_wconf 74' lang='lat' dir='ltr'><strong>prolapsi</strong></span> <span class='ocrx_word' id='word_1_42' title='bbox 1021 751 1157 808; x_wconf 86' lang='lat' dir='ltr'><strong>sunt,</strong></span> <span class='ocrx_word' id='word_1_43' title='bbox 1190 758 1367 795; x_wconf 80' lang='lat' dir='ltr'><strong>rursus</strong></span> <span class='ocrx_word' id='word_1_44' title='bbox 1408 758 1650 796; x_wconf 85' lang='lat' dir='ltr'><strong>renovare</strong></span> <span class='ocrx_word' id='word_1_45' title='bbox 1669 743 1737 796; x_wconf 86' lang='lat' dir='ltr'><strong>ad</strong></span> <span class='ocrx_word' id='word_1_46' title='bbox 1758 745 2123 813; x_wconf 70' lang='lat' dir='ltr'><strong>paenitentiam,</strong></span> 
     </span>
    </p>
   </div>
   <div class='ocr_carea' id='block_1_6' title="bbox 545 833 2129 907">
    <p class='ocr_par' dir='ltr' id='par_1_6' title="bbox 545 833 2129 907">
     <span class='ocr_line' id='line_1_6' title="bbox 545 833 2129 907; baseline -0.002 -13"><span class='ocrx_word' id='word_1_47' title='bbox 545 856 718 894; x_wconf 87' lang='lat' dir='ltr'><strong>rursus</strong></span> <span class='ocrx_word' id='word_1_48' title='bbox 741 838 1086 907; x_wconf 83' lang='lat' dir='ltr'><strong>cruciﬁgentes</strong></span> <span class='ocrx_word' id='word_1_49' title='bbox 1105 835 1426 903; x_wconf 73' lang='lat' dir='ltr'><strong>sibimetipsis</strong></span> <span class='ocrx_word' id='word_1_50' title='bbox 1455 833 1651 888; x_wconf 84' lang='lat' dir='ltr'><strong>Filium</strong></span> <span class='ocrx_word' id='word_1_51' title='bbox 1674 835 1786 902; x_wconf 85' lang='lat' dir='ltr'><strong>Dei,</strong></span> <span class='ocrx_word' id='word_1_52' title='bbox 1826 845 1874 889; x_wconf 90' lang='lat' dir='ltr'><strong>et</strong></span> <span class='ocrx_word' id='word_1_53' title='bbox 1911 838 2129 891; x_wconf 88' lang='lat' dir='ltr'><strong>ostentui</strong></span> 
     </span>
    </p>
   </div>
   <div class='ocr_carea' id='block_1_7' title="bbox 545 925 2123 996">
    <p class='ocr_par' dir='ltr' id='par_1_7' title="bbox 545 925 2123 996">
     <span class='ocr_line' id='line_1_7' title="bbox 545 925 2123 996; baseline -0.001 -10"><span class='ocrx_word' id='word_1_54' title='bbox 545 933 800 986; x_wconf 78' lang='lat' dir='ltr'><strong>habentes.</strong></span> <span class='ocrx_word' id='word_1_55' title='bbox 833 927 1112 982; x_wconf 83' lang='lat' dir='ltr'><strong>Renovare</strong></span> <span class='ocrx_word' id='word_1_56' title='bbox 1158 925 1291 980; x_wconf 84' lang='lat' dir='ltr'><strong>dicit</strong></span> <span class='ocrx_word' id='word_1_57' title='bbox 1338 925 1406 979; x_wconf 90' lang='lat' dir='ltr'><strong>ad</strong></span> <span class='ocrx_word' id='word_1_58' title='bbox 1454 926 1857 994; x_wconf 72' lang='lat' dir='ltr'><strong>pmnitcntiam:</strong></span> <span class='ocrx_word' id='word_1_59' title='bbox 1891 927 1993 983; x_wconf 89' lang='lat' dir='ltr'><strong>hoc</strong></span> <span class='ocrx_word' id='word_1_60' title='bbox 2019 938 2123 996; x_wconf 88' lang='lat' dir='ltr'><strong>est,</strong></span> 
     </span>
    </p>
   </div>
   <div class='ocr_carea' id='block_1_8' title="bbox 542 1016 2125 1091">
    <p class='ocr_par' dir='ltr' id='par_1_8' title="bbox 542 1016 2125 1091">
     <span class='ocr_line' id='line_1_8' title="bbox 542 1016 2125 1091; baseline 0.001 -15"><span class='ocrx_word' id='word_1_61' title='bbox 542 1039 638 1091; x_wconf 83' lang='lat' dir='ltr'><strong>per</strong></span> <span class='ocrx_word' id='word_1_62' title='bbox 667 1019 1058 1091; x_wconf 67' lang='lat' dir='ltr'><strong>paenitentiam.</strong></span> <span class='ocrx_word' id='word_1_63' title='bbox 1092 1016 1228 1085; x_wconf 86' lang='lat' dir='ltr'><strong>Quid</strong></span> <span class='ocrx_word' id='word_1_64' title='bbox 1259 1018 1424 1087; x_wconf 83' lang='lat' dir='ltr'><strong>ergo?</strong></span> <span class='ocrx_word' id='word_1_65' title='bbox 1459 1017 1629 1087; x_wconf 77' lang='lat' dir='ltr'><strong>ejecta</strong></span> <span class='ocrx_word' id='word_1_66' title='bbox 1654 1029 1738 1074; x_wconf 91' lang='lat' dir='ltr'><strong>est</strong></span> <span class='ocrx_word' id='word_1_67' title='bbox 1772 1022 2125 1090; x_wconf 70' lang='lat' dir='ltr'><strong>pmnitentia?</strong></span> 
     </span>
    </p>
   </div>
   <div class='ocr_carea' id='block_1_9' title="bbox 539 1109 2122 1183">
    <p class='ocr_par' dir='ltr' id='par_1_9' title="bbox 539 1109 2122 1183">
     <span class='ocr_line' id='line_1_9' title="bbox 539 1109 2122 1183; baseline -0.001 -13"><span class='ocrx_word' id='word_1_68' title='bbox 539 1113 656 1170; x_wconf 85' lang='lat' dir='ltr'><strong>Non</strong></span> <span class='ocrx_word' id='word_1_69' title='bbox 705 1112 1039 1182; x_wconf 61' lang='lat' dir='ltr'><strong>paenitentia,</strong></span> <span class='ocrx_word' id='word_1_70' title='bbox 1090 1110 1250 1174; x_wconf 89' lang='lat' dir='ltr'><strong>absit,</strong></span> <span class='ocrx_word' id='word_1_71' title='bbox 1285 1109 1381 1165; x_wconf 87' lang='lat' dir='ltr'><strong>scd</strong></span> <span class='ocrx_word' id='word_1_72' title='bbox 1409 1126 1528 1179; x_wconf 73' lang='lat' dir='ltr'><strong>qum</strong></span> <span class='ocrx_word' id='word_1_73' title='bbox 1554 1126 1741 1166; x_wconf 84' lang='lat' dir='ltr'><strong>rursus</strong></span> <span class='ocrx_word' id='word_1_74' title='bbox 1774 1113 1829 1166; x_wconf 86' lang='lat' dir='ltr'><strong>tit</strong></span> <span class='ocrx_word' id='word_1_75' title='bbox 1858 1128 1953 1183; x_wconf 88' lang='lat' dir='ltr'><strong>per</strong></span> <span class='ocrx_word' id='word_1_76' title='bbox 1974 1114 2122 1168; x_wconf 86' lang='lat' dir='ltr'><strong>lava-</strong></span> 
     </span>
    </p>
   </div>
   <div class='ocr_carea' id='block_1_10' title="bbox 538 1200 2122 1270">
    <p class='ocr_par' dir='ltr' id='par_1_10' title="bbox 538 1200 2122 1270">
     <span class='ocr_line' id='line_1_10' title="bbox 538 1200 2122 1270; baseline 0.002 -12"><span class='ocrx_word' id='word_1_77' title='bbox 538 1220 685 1258; x_wconf 87' lang='lat' dir='ltr'><strong>crum</strong></span> <span class='ocrx_word' id='word_1_78' title='bbox 717 1203 1021 1258; x_wconf 86' lang='lat' dir='ltr'><strong>renovatio.</strong></span> <span class='ocrx_word' id='word_1_79' title='bbox 1047 1200 1164 1255; x_wconf 87' lang='lat' dir='ltr'><strong>Non</strong></span> <span class='ocrx_word' id='word_1_80' title='bbox 1209 1201 1350 1256; x_wconf 90' lang='lat' dir='ltr'><strong>enim</strong></span> <span class='ocrx_word' id='word_1_81' title='bbox 1393 1200 1548 1267; x_wconf 74' lang='lat' dir='ltr'><strong>dixit,</strong></span> <span class='ocrx_word' id='word_1_82' title='bbox 1581 1200 1904 1270; x_wconf 82' lang='lat' dir='ltr'><strong>Impossibite</strong></span> <span class='ocrx_word' id='word_1_83' title='bbox 1940 1217 2011 1260; x_wconf 90' lang='lat' dir='ltr'><strong>est</strong></span> <span class='ocrx_word' id='word_1_84' title='bbox 2036 1223 2122 1261; x_wconf 89' lang='lat' dir='ltr'><strong>re-</strong></span> 
     </span>
    </p>
   </div>
   <div class='ocr_carea' id='block_1_11' title="bbox 538 1293 2116 1363">
    <p class='ocr_par' dir='ltr' id='par_1_11' title="bbox 538 1293 2116 1363">
     <span class='ocr_line' id='line_1_11' title="bbox 538 1293 2116 1363; baseline 0.003 -16"><span class='ocrx_word' id='word_1_85' title='bbox 538 1295 712 1348; x_wconf 74' lang='lat' dir='ltr'><strong>novari</strong></span> <span class='ocrx_word' id='word_1_86' title='bbox 741 1293 809 1346; x_wconf 85' lang='lat' dir='ltr'><strong>ad</strong></span> <span class='ocrx_word' id='word_1_87' title='bbox 840 1293 1206 1362; x_wconf 81' lang='lat' dir='ltr'><strong>pamitentiam,</strong></span> <span class='ocrx_word' id='word_1_88' title='bbox 1249 1301 1303 1346; x_wconf 90' lang='lat' dir='ltr'><strong>et</strong></span> <span class='ocrx_word' id='word_1_89' title='bbox 1346 1293 1536 1357; x_wconf 81' lang='lat' dir='ltr'><strong>tacuit;</strong></span> <span class='ocrx_word' id='word_1_90' title='bbox 1567 1293 1662 1346; x_wconf 89' lang='lat' dir='ltr'><strong>sed</strong></span> <span class='ocrx_word' id='word_1_91' title='bbox 1704 1309 1823 1347; x_wconf 88' lang='lat' dir='ltr'><strong>cmn</strong></span> <span class='ocrx_word' id='word_1_92' title='bbox 1873 1295 2116 1363; x_wconf 75' lang='lat' dir='ltr'><strong>dixisset,</strong></span> 
     </span>
    </p>
   </div>
   <div class='ocr_carea' id='block_1_12' title="bbox 537 1382 2119 1455">
    <p class='ocr_par' dir='ltr' id='par_1_12' title="bbox 537 1382 2119 1455">
     <span class='ocr_line' id='line_1_12' title="bbox 537 1382 2119 1455; baseline 0.002 -17"><span class='ocrx_word' id='word_1_93' title='bbox 537 1384 857 1455; x_wconf 80' lang='lat' dir='ltr'><strong>Impossibile</strong></span> <span class='ocrx_word' id='word_1_94' title='bbox 876 1394 967 1448; x_wconf 87' lang='lat' dir='ltr'><strong>est,</strong></span> <span class='ocrx_word' id='word_1_95' title='bbox 996 1383 1288 1452; x_wconf 79' lang='lat' dir='ltr'><strong>subjunxit,</strong></span> <span class='ocrx_word' id='word_1_96' title='bbox 1315 1382 1516 1435; x_wconf 77' lang='lat' dir='ltr'><strong>Rursus</strong></span> <span class='ocrx_word' id='word_1_97' title='bbox 1541 1384 1910 1453; x_wconf 76' lang='lat' dir='ltr'><strong>cruciﬁgentes.</strong></span> <span class='ocrx_word' id='word_1_98' title='bbox 1938 1386 2119 1441; x_wconf 87' lang='lat' dir='ltr'><strong>Reno-</strong></span> 
     </span>
    </p>
   </div>
   <div class='ocr_carea' id='block_1_13' title="bbox 535 1473 2118 1542">
    <p class='ocr_par' dir='ltr' id='par_1_13' title="bbox 535 1473 2118 1542">
     <span class='ocr_line' id='line_1_13' title="bbox 535 1473 2118 1542; baseline 0.001 -12"><span class='ocrx_word' id='word_1_99' title='bbox 535 1479 659 1541; x_wconf 81' lang='lat' dir='ltr'><strong>vari,</strong></span> <span class='ocrx_word' id='word_1_100' title='bbox 690 1476 789 1531; x_wconf 87' lang='lat' dir='ltr'><strong>huc</strong></span> <span class='ocrx_word' id='word_1_101' title='bbox 819 1484 921 1542; x_wconf 88' lang='lat' dir='ltr'><strong>est,</strong></span> <span class='ocrx_word' id='word_1_102' title='bbox 953 1490 1148 1528; x_wconf 90' lang='lat' dir='ltr'><strong>novum</strong></span> <span class='ocrx_word' id='word_1_103' title='bbox 1176 1474 1328 1528; x_wconf 84' lang='lat' dir='ltr'><strong>ﬁeri:</strong></span> <span class='ocrx_word' id='word_1_104' title='bbox 1358 1488 1525 1527; x_wconf 88' lang='lat' dir='ltr'><strong>novos</strong></span> <span class='ocrx_word' id='word_1_105' title='bbox 1545 1474 1689 1528; x_wconf 89' lang='lat' dir='ltr'><strong>enim</strong></span> <span class='ocrx_word' id='word_1_106' title='bbox 1720 1473 1898 1530; x_wconf 81' lang='lat' dir='ltr'><strong>facere</strong></span> <span class='ocrx_word' id='word_1_107' title='bbox 1925 1486 2008 1531; x_wconf 92' lang='lat' dir='ltr'><strong>est</strong></span> <span class='ocrx_word' id='word_1_108' title='bbox 2025 1493 2118 1532; x_wconf 88' lang='lat' dir='ltr'><strong>so-</strong></span> 
     </span>
    </p>
   </div>
   <div class='ocr_carea' id='block_1_14' title="bbox 533 1566 2116 1639">
    <p class='ocr_par' dir='ltr' id='par_1_14' title="bbox 533 1566 2116 1639">
     <span class='ocr_line' id='line_1_14' title="bbox 533 1566 2116 1639; baseline 0.001 -17"><span class='ocrx_word' id='word_1_109' title='bbox 533 1569 635 1623; x_wconf 86' lang='lat' dir='ltr'><strong>lius</strong></span> <span class='ocrx_word' id='word_1_110' title='bbox 668 1570 895 1622; x_wconf 75' lang='lat' dir='ltr'><strong>lavacri:</strong></span> <span class='ocrx_word' id='word_1_111' title='bbox 924 1566 1289 1632; x_wconf 82' lang='lat' dir='ltr'><strong>Renovabitur,</strong></span> <span class='ocrx_word' id='word_1_112' title='bbox 1324 1566 1517 1635; x_wconf 85' lang='lat' dir='ltr'><strong>inquit,</strong></span> <span class='ocrx_word' id='word_1_113' title='bbox 1549 1566 1679 1620; x_wconf 85' lang='lat' dir='ltr'><strong>sicut</strong></span> <span class='ocrx_word' id='word_1_114' title='bbox 1722 1566 1907 1637; x_wconf 79' lang='lat' dir='ltr'><strong>aquilw</strong></span> <span class='ocrx_word' id='word_1_115' title='bbox 1923 1568 2116 1639; x_wconf 84' lang='lat' dir='ltr'><strong>juven-</strong></span> 
     </span>
    </p>
   </div>
   <div class='ocr_carea' id='block_1_15' title="bbox 532 1656 1184 1729">
    <p class='ocr_par' dir='ltr' id='par_1_15' title="bbox 532 1656 1184 1729">
     <span class='ocr_line' id='line_1_15' title="bbox 532 1656 1184 1729; baseline -0.003 -17"><span class='ocrx_word' id='word_1_116' title='bbox 532 1668 613 1714; x_wconf 89' lang='lat' dir='ltr'><strong>tus</strong></span> <span class='ocrx_word' id='word_1_117' title='bbox 643 1667 731 1712; x_wconf 89' lang='lat' dir='ltr'><strong>tua</strong></span> <span class='ocrx_word' id='word_1_118' title='bbox 757 1656 928 1729; x_wconf 85' lang='lat' dir='ltr'><strong>(Psal.</strong></span> <span class='ocrx_word' id='word_1_119' title='bbox 959 1656 1082 1712; x_wconf 72' lang='lat'><strong>10&#39;2.</strong></span> <span class='ocrx_word' id='word_1_120' title='bbox 1106 1657 1184 1726; x_wconf 81' lang='lat'><strong>5).</strong></span> 
     </span>
    </p>
   </div>
   <div class='ocr_carea' id='block_1_16' title="bbox 599 1749 2115 1821">
    <p class='ocr_par' dir='ltr' id='par_1_16' title="bbox 599 1749 2115 1821">
     <span class='ocr_line' id='line_1_16' title="bbox 599 1749 2115 1821; baseline 0.005 -18"><span class='ocrx_word' id='word_1_121' title='bbox 599 1749 885 1805; x_wconf 78' lang='lat' dir='ltr'><strong>Lavacrum</strong></span> <span class='ocrx_word' id='word_1_122' title='bbox 905 1750 1138 1821; x_wconf 79' lang='lat' dir='ltr'><strong>baptismi</strong></span> <span class='ocrx_word' id='word_1_123' title='bbox 1162 1766 1262 1803; x_wconf 89' lang='lat' dir='ltr'><strong>non</strong></span> <span class='ocrx_word' id='word_1_124' title='bbox 1286 1758 1444 1820; x_wconf 87' lang='lat' dir='ltr'><strong>potest</strong></span> <span class='ocrx_word' id='word_1_125' title='bbox 1470 1751 1664 1806; x_wconf 91' lang='lat' dir='ltr'><strong>iterari.</strong></span> <span class='ocrx_word' id='word_1_126' title='bbox 1681 1783 1752 1792; x_wconf 96' lang='lat'><strong>—</strong></span> <span class='ocrx_word' id='word_1_127' title='bbox 1779 1752 2115 1811; x_wconf 68' lang='lat' dir='ltr'><strong>Pmuitentia:</strong></span> 
     </span>
    </p>
   </div>
   <div class='ocr_carea' id='block_1_17' title="bbox 528 1843 2115 1918">
    <p class='ocr_par' dir='ltr' id='par_1_17' title="bbox 528 1843 2115 1918">
     <span class='ocr_line' id='line_1_17' title="bbox 528 1843 2115 1918; baseline 0.004 -21"><span class='ocrx_word' id='word_1_128' title='bbox 528 1854 704 1899; x_wconf 86' lang='lat' dir='ltr'><strong>autem</strong></span> <span class='ocrx_word' id='word_1_129' title='bbox 732 1852 831 1909; x_wconf 88' lang='lat' dir='ltr'><strong>est,</strong></span> <span class='ocrx_word' id='word_1_130' title='bbox 864 1858 958 1898; x_wconf 90' lang='lat' dir='ltr'><strong>eos</strong></span> <span class='ocrx_word' id='word_1_131' title='bbox 978 1844 1064 1913; x_wconf 91' lang='lat' dir='ltr'><strong>qui</strong></span> <span class='ocrx_word' id='word_1_132' title='bbox 1099 1843 1222 1896; x_wconf 87' lang='lat' dir='ltr'><strong>novi</strong></span> <span class='ocrx_word' id='word_1_133' title='bbox 1250 1844 1373 1898; x_wconf 82' lang='lat' dir='ltr'><strong>facti</strong></span> <span class='ocrx_word' id='word_1_134' title='bbox 1394 1853 1536 1911; x_wconf 91' lang='lat' dir='ltr'><strong>sunt,</strong></span> <span class='ocrx_word' id='word_1_135' title='bbox 1562 1859 1625 1900; x_wconf 89' lang='lat' dir='ltr'><strong>ac</strong></span> <span class='ocrx_word' id='word_1_136' title='bbox 1644 1845 1841 1902; x_wconf 87' lang='lat' dir='ltr'><strong>deinde</strong></span> <span class='ocrx_word' id='word_1_137' title='bbox 1867 1864 1895 1901; x_wconf 89' lang='lat' dir='ltr'><strong>a</strong></span> <span class='ocrx_word' id='word_1_138' title='bbox 1925 1864 2115 1918; x_wconf 88' lang='lat' dir='ltr'><strong>pecca-</strong></span> 
     </span>
    </p>
   </div>
   <div class='ocr_carea' id='block_1_18' title="bbox 529 1935 2113 2012">
    <p class='ocr_par' dir='ltr' id='par_1_18' title="bbox 529 1935 2113 2012">
     <span class='ocr_line' id='line_1_18' title="bbox 529 1935 2113 2012; baseline 0.006 -23"><span class='ocrx_word' id='word_1_139' title='bbox 529 1936 596 1991; x_wconf 86' lang='lat' dir='ltr'><strong>tis</strong></span> <span class='ocrx_word' id='word_1_140' title='bbox 627 1936 1072 1999; x_wconf 87' lang='lat' dir='ltr'><strong>invetcraverunt,</strong></span> <span class='ocrx_word' id='word_1_141' title='bbox 1106 1935 1334 1991; x_wconf 89' lang='lat' dir='ltr'><strong>liberare</strong></span> <span class='ocrx_word' id='word_1_142' title='bbox 1358 1951 1387 1990; x_wconf 93' lang='lat' dir='ltr'><strong>a</strong></span> <span class='ocrx_word' id='word_1_143' title='bbox 1409 1946 1614 1992; x_wconf 84' lang='lat' dir='ltr'><strong>vetusta</strong></span> <span class='ocrx_word' id='word_1_144' title='bbox 1625 1948 1674 1994; x_wconf 92' lang='lat' dir='ltr'><strong>te</strong></span> <span class='ocrx_word' id='word_1_145' title='bbox 1692 1955 1967 2012; x_wconf 89' lang='lat' dir='ltr'><strong>novosque</strong></span> <span class='ocrx_word' id='word_1_146' title='bbox 1993 1944 2113 1999; x_wconf 91' lang='lat' dir='ltr'><strong>red-</strong></span> 
     </span>
    </p>
   </div>
   <div class='ocr_carea' id='block_1_19' title="bbox 526 2027 2107 2098">
    <p class='ocr_par' dir='ltr' id='par_1_19' title="bbox 526 2027 2107 2098">
     <span class='ocr_line' id='line_1_19' title="bbox 526 2027 2107 2098; baseline 0.007 -18"><span class='ocrx_word' id='word_1_147' title='bbox 526 2027 684 2081; x_wconf 87' lang='lat' dir='ltr'><strong>dere:</strong></span> <span class='ocrx_word' id='word_1_148' title='bbox 714 2027 777 2081; x_wconf 91' lang='lat' dir='ltr'><strong>ad</strong></span> <span class='ocrx_word' id='word_1_149' title='bbox 808 2027 953 2081; x_wconf 91' lang='lat' dir='ltr'><strong>illum</strong></span> <span class='ocrx_word' id='word_1_150' title='bbox 972 2037 1149 2083; x_wconf 90' lang='lat' dir='ltr'><strong>autem</strong></span> <span class='ocrx_word' id='word_1_151' title='bbox 1171 2028 1511 2098; x_wconf 90' lang='lat' dir='ltr'><strong>splendorem</strong></span> <span class='ocrx_word' id='word_1_152' title='bbox 1540 2046 1648 2085; x_wconf 90' lang='lat' dir='ltr'><strong>non</strong></span> <span class='ocrx_word' id='word_1_153' title='bbox 1675 2031 1800 2088; x_wconf 90' lang='lat' dir='ltr'><strong>licet</strong></span> <span class='ocrx_word' id='word_1_154' title='bbox 1817 2034 2107 2091; x_wconf 86' lang='lat' dir='ltr'><strong>reducere:</strong></span> 
     </span>
    </p>
   </div>
   <div class='ocr_carea' id='block_1_20' title="bbox 530 2118 2102 2188">
    <p class='ocr_par' dir='ltr' id='par_1_20' title="bbox 530 2118 2102 2188">
     <span class='ocr_line' id='line_1_20' title="bbox 530 2118 2102 2188; baseline -0.001 -14"><span class='ocrx_word' id='word_1_155' title='bbox 530 2120 638 2175; x_wconf 91' lang='lat' dir='ltr'><strong>illic</strong></span> <span class='ocrx_word' id='word_1_156' title='bbox 668 2121 807 2175; x_wconf 89' lang='lat' dir='ltr'><strong>enim</strong></span> <span class='ocrx_word' id='word_1_157' title='bbox 837 2128 1006 2174; x_wconf 90' lang='lat' dir='ltr'><strong>totum</strong></span> <span class='ocrx_word' id='word_1_158' title='bbox 1032 2129 1147 2173; x_wconf 82' lang='lat' dir='ltr'><strong>erat</strong></span> <span class='ocrx_word' id='word_1_159' title='bbox 1176 2120 1363 2188; x_wconf 75' lang='lat' dir='ltr'><strong>gratia.</strong></span> <span class='ocrx_word' id='word_1_160' title='bbox 1394 2118 1592 2171; x_wconf 77' lang='lat' dir='ltr'><strong>Rursus</strong></span> <span class='ocrx_word' id='word_1_161' title='bbox 1621 2119 1991 2187; x_wconf 76' lang='lat' dir='ltr'><strong>cruciﬁgentes,</strong></span> <span class='ocrx_word' id='word_1_162' title='bbox 2025 2120 2102 2173; x_wconf 57' lang='lat' dir='ltr'><strong>in.</strong></span> 
     </span>
    </p>
   </div>
   <div class='ocr_carea' id='block_1_21' title="bbox 530 2208 2109 2281">
    <p class='ocr_par' dir='ltr' id='par_1_21' title="bbox 530 2208 2109 2281">
     <span class='ocr_line' id='line_1_21' title="bbox 530 2208 2109 2281; baseline -0.001 -16"><span class='ocrx_word' id='word_1_163' title='bbox 530 2212 665 2281; x_wconf 88' lang='lat' dir='ltr'><strong>quit,</strong></span> <span class='ocrx_word' id='word_1_164' title='bbox 688 2211 742 2265; x_wconf 91' lang='lat' dir='ltr'><strong>in</strong></span> <span class='ocrx_word' id='word_1_165' title='bbox 771 2210 1049 2281; x_wconf 86' lang='lat' dir='ltr'><strong>semetipsis</strong></span> <span class='ocrx_word' id='word_1_166' title='bbox 1074 2208 1122 2262; x_wconf 84' lang='lat' dir='ltr'><em>F</em></span> <span class='ocrx_word' id='word_1_167' title='bbox 1126 2210 1268 2262; x_wconf 87' lang='lat' dir='ltr'><strong>ilium</strong></span> <span class='ocrx_word' id='word_1_168' title='bbox 1286 2209 1398 2276; x_wconf 85' lang='lat' dir='ltr'><strong>Dei,</strong></span> <span class='ocrx_word' id='word_1_169' title='bbox 1417 2218 1463 2263; x_wconf 92' lang='lat' dir='ltr'><strong>et</strong></span> <span class='ocrx_word' id='word_1_170' title='bbox 1481 2208 1697 2263; x_wconf 83' lang='lat' dir='ltr'><strong>ostentui</strong></span> <span class='ocrx_word' id='word_1_171' title='bbox 1721 2208 1977 2263; x_wconf 79' lang='lat' dir='ltr'><strong>habentes.</strong></span> <span class='ocrx_word' id='word_1_172' title='bbox 2000 2210 2109 2264; x_wconf 90' lang='lat' dir='ltr'><strong>lloc</strong></span> 
     </span>
    </p>
   </div>
   <div class='ocr_carea' id='block_1_22' title="bbox 529 2301 2111 2375">
    <p class='ocr_par' dir='ltr' id='par_1_22' title="bbox 529 2301 2111 2375">
     <span class='ocr_line' id='line_1_22' title="bbox 529 2301 2111 2375; baseline -0.002 -15"><span class='ocrx_word' id='word_1_173' title='bbox 529 2313 612 2360; x_wconf 88' lang='lat' dir='ltr'><strong>est</strong></span> <span class='ocrx_word' id='word_1_174' title='bbox 640 2313 816 2359; x_wconf 90' lang='lat' dir='ltr'><strong>autem</strong></span> <span class='ocrx_word' id='word_1_175' title='bbox 844 2304 984 2375; x_wconf 88' lang='lat' dir='ltr'><strong>quod</strong></span> <span class='ocrx_word' id='word_1_176' title='bbox 1024 2303 1188 2358; x_wconf 88' lang='lat' dir='ltr'><strong>dicit:</strong></span> <span class='ocrx_word' id='word_1_177' title='bbox 1221 2303 1484 2372; x_wconf 85' lang='lat' dir='ltr'><strong>baptisma</strong></span> <span class='ocrx_word' id='word_1_178' title='bbox 1515 2312 1596 2357; x_wconf 90' lang='lat' dir='ltr'><strong>est</strong></span> <span class='ocrx_word' id='word_1_179' title='bbox 1626 2318 1789 2367; x_wconf 78' lang='lat' dir='ltr'><strong>crux;</strong></span> <span class='ocrx_word' id='word_1_180' title='bbox 1823 2301 2111 2372; x_wconf 79' lang='lat' dir='ltr'><strong>Cruciﬁxus</strong></span> 
     </span>
    </p>
   </div>
   <div class='ocr_carea' id='block_1_23' title="bbox 529 2390 2109 2462">
    <p class='ocr_par' dir='ltr' id='par_1_23' title="bbox 529 2390 2109 2462">
     <span class='ocr_line' id='line_1_23' title="bbox 529 2390 2109 2462; baseline -0.001 -14"><span class='ocrx_word' id='word_1_181' title='bbox 529 2396 663 2448; x_wconf 87' lang='lat' dir='ltr'><strong>enim</strong></span> <span class='ocrx_word' id='word_1_182' title='bbox 689 2405 759 2449; x_wconf 87' lang='lat' dir='ltr'><strong>est</strong></span> <span class='ocrx_word' id='word_1_183' title='bbox 788 2404 922 2448; x_wconf 81' lang='lat' dir='ltr'><strong>vetus</strong></span> <span class='ocrx_word' id='word_1_184' title='bbox 956 2404 1123 2447; x_wconf 58' lang='lat' dir='ltr'><strong>noster</strong></span> <span class='ocrx_word' id='word_1_185' title='bbox 1170 2392 1354 2457; x_wconf 83' lang='lat' dir='ltr'><strong>homo;</strong></span> <span class='ocrx_word' id='word_1_186' title='bbox 1384 2403 1438 2447; x_wconf 91' lang='lat' dir='ltr'><strong>et</strong></span> <span class='ocrx_word' id='word_1_187' title='bbox 1467 2408 1674 2460; x_wconf 86' lang='lat' dir='ltr'><strong>rursus,</strong></span> <span class='ocrx_word' id='word_1_188' title='bbox 1708 2390 2001 2460; x_wconf 75' lang='lat' dir='ltr'><strong>Conformes</strong></span> <span class='ocrx_word' id='word_1_189' title='bbox 2028 2396 2109 2462; x_wconf 83' lang='lat' dir='ltr'><strong>{a-</strong></span> 
     </span>
    </p>
   </div>
   <div class='ocr_carea' id='block_1_24' title="bbox 527 2483 2114 2554">
    <p class='ocr_par' dir='ltr' id='par_1_24' title="bbox 527 2483 2114 2554">
     <span class='ocr_line' id='line_1_24' title="bbox 527 2483 2114 2554; baseline 0 -14"><span class='ocrx_word' id='word_1_190' title='bbox 527 2486 597 2540; x_wconf 80' lang='lat' dir='ltr'><strong>cti</strong></span> <span class='ocrx_word' id='word_1_191' title='bbox 636 2501 809 2539; x_wconf 88' lang='lat' dir='ltr'><strong>sumus</strong></span> <span class='ocrx_word' id='word_1_192' title='bbox 840 2485 1161 2540; x_wconf 84' lang='lat' dir='ltr'><strong>similitudini</strong></span> <span class='ocrx_word' id='word_1_193' title='bbox 1198 2484 1373 2538; x_wconf 88' lang='lat' dir='ltr'><strong>mortis</strong></span> <span class='ocrx_word' id='word_1_194' title='bbox 1402 2484 1542 2554; x_wconf 74' lang='lat' dir='ltr'><strong>eius;</strong></span> <span class='ocrx_word' id='word_1_195' title='bbox 1589 2493 1642 2538; x_wconf 90' lang='lat' dir='ltr'><strong>et</strong></span> <span class='ocrx_word' id='word_1_196' title='bbox 1688 2498 1895 2549; x_wconf 89' lang='lat' dir='ltr'><strong>rursus,</strong></span> <span class='ocrx_word' id='word_1_197' title='bbox 1928 2483 2114 2539; x_wconf 86' lang='lat' dir='ltr'><strong>Conse-</strong></span> 
     </span>
    </p>
   </div>
   <div class='ocr_carea' id='block_1_25' title="bbox 526 2574 2113 2645">
    <p class='ocr_par' dir='ltr' id='par_1_25' title="bbox 526 2574 2113 2645">
     <span class='ocr_line' id='line_1_25' title="bbox 526 2574 2113 2645; baseline -0.001 -14"><span class='ocrx_word' id='word_1_198' title='bbox 526 2576 656 2645; x_wconf 80' lang='lat' dir='ltr'><strong>pulti</strong></span> <span class='ocrx_word' id='word_1_199' title='bbox 680 2591 795 2627; x_wconf 89' lang='lat' dir='ltr'><strong>cum</strong></span> <span class='ocrx_word' id='word_1_200' title='bbox 837 2591 894 2627; x_wconf 91' lang='lat' dir='ltr'><strong>eo</strong></span> <span class='ocrx_word' id='word_1_201' title='bbox 940 2591 1116 2629; x_wconf 89' lang='lat' dir='ltr'><strong>sumus</strong></span> <span class='ocrx_word' id='word_1_202' title='bbox 1145 2591 1234 2643; x_wconf 84' lang='lat' dir='ltr'><strong>per</strong></span> <span class='ocrx_word' id='word_1_203' title='bbox 1272 2574 1579 2644; x_wconf 83' lang='lat' dir='ltr'><strong>baptismum</strong></span> <span class='ocrx_word' id='word_1_204' title='bbox 1619 2575 1669 2628; x_wconf 89' lang='lat' dir='ltr'><strong>in</strong></span> <span class='ocrx_word' id='word_1_205' title='bbox 1700 2585 1928 2628; x_wconf 82' lang='lat' dir='ltr'><strong>mortem.</strong></span> <span class='ocrx_word' id='word_1_206' title='bbox 1964 2574 2113 2631; x_wconf 86' lang='lat' dir='ltr'><strong>Sicut</strong></span> 
     </span>
    </p>
   </div>
   <div class='ocr_carea' id='block_1_26' title="bbox 526 2666 2109 2738">
    <p class='ocr_par' dir='ltr' id='par_1_26' title="bbox 526 2666 2109 2738">
     <span class='ocr_line' id='line_1_26' title="bbox 526 2666 2109 2738; baseline -0.003 -17"><span class='ocrx_word' id='word_1_207' title='bbox 526 2682 657 2737; x_wconf 77' lang='lat' dir='ltr'><strong>ergo</strong></span> <span class='ocrx_word' id='word_1_208' title='bbox 685 2666 796 2722; x_wconf 81' lang='lat' dir='ltr'><strong>ﬁeri</strong></span> <span class='ocrx_word' id='word_1_209' title='bbox 828 2683 930 2721; x_wconf 85' lang='lat' dir='ltr'><strong>non</strong></span> <span class='ocrx_word' id='word_1_210' title='bbox 960 2676 1135 2737; x_wconf 82' lang='lat' dir='ltr'><strong>potest</strong></span> <span class='ocrx_word' id='word_1_211' title='bbox 1165 2676 1222 2721; x_wconf 92' lang='lat' dir='ltr'><strong>ut</strong></span> <span class='ocrx_word' id='word_1_212' title='bbox 1250 2669 1441 2721; x_wconf 89' lang='lat' dir='ltr'><strong>iterum</strong></span> <span class='ocrx_word' id='word_1_213' title='bbox 1465 2666 1808 2738; x_wconf 81' lang='lat' dir='ltr'><strong>cruciﬁgatur</strong></span> <span class='ocrx_word' id='word_1_214' title='bbox 1828 2668 2109 2734; x_wconf 52' lang='lat' dir='ltr'><strong>Christus;</strong></span> 
     </span>
    </p>
   </div>
   <div class='ocr_carea' id='block_1_27' title="bbox 530 2757 2111 2829">
    <p class='ocr_par' dir='ltr' id='par_1_27' title="bbox 530 2757 2111 2829">
     <span class='ocr_line' id='line_1_27' title="bbox 530 2757 2111 2829; baseline 0.002 -18"><span class='ocrx_word' id='word_1_215' title='bbox 530 2758 631 2813; x_wconf 89' lang='lat' dir='ltr'><strong>hoc</strong></span> <span class='ocrx_word' id='word_1_216' title='bbox 656 2760 796 2812; x_wconf 89' lang='lat' dir='ltr'><strong>enim</strong></span> <span class='ocrx_word' id='word_1_217' title='bbox 830 2768 912 2814; x_wconf 89' lang='lat' dir='ltr'><strong>est</strong></span> <span class='ocrx_word' id='word_1_218' title='bbox 940 2774 1064 2813; x_wconf 91' lang='lat' dir='ltr'><strong>eum</strong></span> <span class='ocrx_word' id='word_1_219' title='bbox 1106 2757 1420 2813; x_wconf 87' lang='lat' dir='ltr'><strong>traducere:</strong></span> <span class='ocrx_word' id='word_1_220' title='bbox 1454 2759 1531 2812; x_wconf 90' lang='lat' dir='ltr'><strong>sic</strong></span> <span class='ocrx_word' id='word_1_221' title='bbox 1559 2775 1663 2812; x_wconf 90' lang='lat' dir='ltr'><strong>non</strong></span> <span class='ocrx_word' id='word_1_222' title='bbox 1694 2774 1978 2829; x_wconf 83' lang='lat' dir='ltr'><strong>possumus</strong></span> <span class='ocrx_word' id='word_1_223' title='bbox 2010 2762 2111 2815; x_wconf 90' lang='lat' dir='ltr'><strong>ite-</strong></span> 
     </span>
    </p>
   </div>
   <div class='ocr_carea' id='block_1_28' title="bbox 528 2847 2105 2918">
    <p class='ocr_par' dir='ltr' id='par_1_28' title="bbox 528 2847 2105 2918">
     <span class='ocr_line' id='line_1_28' title="bbox 528 2847 2105 2918; baseline 0.001 -17"><span class='ocrx_word' id='word_1_224' title='bbox 528 2864 643 2901; x_wconf 90' lang='lat' dir='ltr'><strong>rum</strong></span> <span class='ocrx_word' id='word_1_225' title='bbox 675 2847 955 2918; x_wconf 80' lang='lat' dir='ltr'><strong>baptizari.</strong></span> <span class='ocrx_word' id='word_1_226' title='bbox 987 2848 1118 2902; x_wconf 80' lang='lat' dir='ltr'><strong>Num</strong></span> <span class='ocrx_word' id='word_1_227' title='bbox 1149 2850 1191 2902; x_wconf 91' lang='lat' dir='ltr'><strong>si</strong></span> <span class='ocrx_word' id='word_1_228' title='bbox 1223 2864 1369 2903; x_wconf 87' lang='lat' dir='ltr'><strong>mors</strong></span> <span class='ocrx_word' id='word_1_229' title='bbox 1399 2850 1518 2918; x_wconf 91' lang='lat' dir='ltr'><strong>ejus</strong></span> <span class='ocrx_word' id='word_1_230' title='bbox 1542 2864 1644 2902; x_wconf 86' lang='lat' dir='ltr'><strong>non</strong></span> <span class='ocrx_word' id='word_1_231' title='bbox 1674 2848 1905 2918; x_wconf 82' lang='lat' dir='ltr'><strong>amplius</strong></span> <span class='ocrx_word' id='word_1_232' title='bbox 1939 2850 2105 2903; x_wconf 85' lang='lat' dir='ltr'><strong>domi-</strong></span> 
     </span>
    </p>
   </div>
   <div class='ocr_carea' id='block_1_29' title="bbox 526 2938 2113 3011">
    <p class='ocr_par' dir='ltr' id='par_1_29' title="bbox 526 2938 2113 3011">
     <span class='ocr_line' id='line_1_29' title="bbox 526 2938 2113 3011; baseline 0.003 -19"><span class='ocrx_word' id='word_1_233' title='bbox 526 2940 772 3003; x_wconf 80' lang='lat' dir='ltr'><strong>nabitur;</strong></span> <span class='ocrx_word' id='word_1_234' title='bbox 798 2940 841 2993; x_wconf 91' lang='lat' dir='ltr'><strong>si</strong></span> <span class='ocrx_word' id='word_1_235' title='bbox 886 2940 1201 3006; x_wconf 79' lang='lat' dir='ltr'><strong>resurrexit,</strong></span> <span class='ocrx_word' id='word_1_236' title='bbox 1234 2938 1565 3010; x_wconf 75' lang='lat' dir='ltr'><strong>resurgendo</strong></span> <span class='ocrx_word' id='word_1_237' title='bbox 1608 2949 1778 2993; x_wconf 88' lang='lat' dir='ltr'><strong>morte</strong></span> <span class='ocrx_word' id='word_1_238' title='bbox 1821 2940 1988 2995; x_wconf 79' lang='lat' dir='ltr'><strong>factus</strong></span> <span class='ocrx_word' id='word_1_239' title='bbox 2020 2958 2113 3011; x_wconf 80' lang='lat' dir='ltr'><strong>po-</strong></span> 
     </span>
    </p>
   </div>
   <div class='ocr_carea' id='block_1_30' title="bbox 527 3031 2109 3104">
    <p class='ocr_par' dir='ltr' id='par_1_30' title="bbox 527 3031 2109 3104">
     <span class='ocr_line' id='line_1_30' title="bbox 527 3031 2109 3104; baseline 0 -17"><span class='ocrx_word' id='word_1_240' title='bbox 527 3033 756 3098; x_wconf 86' lang='lat' dir='ltr'><strong>tentior;</strong></span> <span class='ocrx_word' id='word_1_241' title='bbox 781 3032 824 3086; x_wconf 89' lang='lat' dir='ltr'><strong>si</strong></span> <span class='ocrx_word' id='word_1_242' title='bbox 854 3049 949 3102; x_wconf 87' lang='lat' dir='ltr'><strong>per</strong></span> <span class='ocrx_word' id='word_1_243' title='bbox 975 3043 1203 3087; x_wconf 88' lang='lat' dir='ltr'><strong>mortem</strong></span> <span class='ocrx_word' id='word_1_244' title='bbox 1238 3041 1463 3087; x_wconf 90' lang='lat' dir='ltr'><strong>mortem</strong></span> <span class='ocrx_word' id='word_1_245' title='bbox 1492 3031 1687 3086; x_wconf 77' lang='lat' dir='ltr'><strong>devicit</strong></span> <span class='ocrx_word' id='word_1_246' title='bbox 1706 3048 1768 3087; x_wconf 88' lang='lat' dir='ltr'><strong>ac</strong></span> <span class='ocrx_word' id='word_1_247' title='bbox 1796 3035 2109 3104; x_wconf 77' lang='lat' dir='ltr'><strong>prostravit,</strong></span> 
     </span>
    </p>
   </div>
   <div class='ocr_carea' id='block_1_31' title="bbox 525 3122 2111 3194">
    <p class='ocr_par' dir='ltr' id='par_1_31' title="bbox 525 3122 2111 3194">
     <span class='ocr_line' id='line_1_31' title="bbox 525 3122 2111 3194; baseline 0.003 -17"><span class='ocrx_word' id='word_1_248' title='bbox 525 3124 722 3178; x_wconf 90' lang='lat' dir='ltr'><strong>deinde</strong></span> <span class='ocrx_word' id='word_1_249' title='bbox 770 3123 963 3178; x_wconf 87' lang='lat' dir='ltr'><strong>iterum</strong></span> <span class='ocrx_word' id='word_1_250' title='bbox 1015 3126 1065 3178; x_wconf 91' lang='lat' dir='ltr'><strong>in</strong></span> <span class='ocrx_word' id='word_1_251' title='bbox 1112 3140 1326 3179; x_wconf 88' lang='lat' dir='ltr'><strong>crucem</strong></span> <span class='ocrx_word' id='word_1_252' title='bbox 1379 3122 1806 3194; x_wconf 81' lang='lat' dir='ltr'><strong>agitur:fabul:u</strong></span> <span class='ocrx_word' id='word_1_253' title='bbox 1852 3137 1975 3179; x_wconf 90' lang='lat' dir='ltr'><strong>sunt</strong></span> <span class='ocrx_word' id='word_1_254' title='bbox 2024 3126 2111 3182; x_wconf 82' lang='lat' dir='ltr'><strong>illa</strong></span> 
     </span>
    </p>
   </div>
   <div class='ocr_carea' id='block_1_32' title="bbox 525 3214 2107 3286">
    <p class='ocr_par' dir='ltr' id='par_1_32' title="bbox 525 3214 2107 3286">
     <span class='ocr_line' id='line_1_32' title="bbox 525 3214 2107 3286; baseline 0.002 -18"><span class='ocrx_word' id='word_1_255' title='bbox 525 3214 703 3269; x_wconf 88' lang='lat' dir='ltr'><strong>onmia</strong></span> <span class='ocrx_word' id='word_1_256' title='bbox 733 3225 786 3270; x_wconf 89' lang='lat' dir='ltr'><strong>et</strong></span> <span class='ocrx_word' id='word_1_257' title='bbox 812 3215 1075 3270; x_wconf 76' lang='lat' dir='ltr'><strong>traducdo</strong></span> <span class='ocrx_word' id='word_1_258' title='bbox 1115 3232 1176 3271; x_wconf 91' lang='lat' dir='ltr'><strong>ac</strong></span> <span class='ocrx_word' id='word_1_259' title='bbox 1204 3216 1399 3269; x_wconf 82' lang='lat' dir='ltr'><strong>irrisio.</strong></span> <span class='ocrx_word' id='word_1_260' title='bbox 1431 3214 1502 3269; x_wconf 84' lang='lat' dir='ltr'><strong>Ita</strong></span> <span class='ocrx_word' id='word_1_261' title='bbox 1533 3215 1623 3285; x_wconf 88' lang='lat' dir='ltr'><strong>qui</strong></span> <span class='ocrx_word' id='word_1_262' title='bbox 1646 3230 1833 3269; x_wconf 90' lang='lat' dir='ltr'><strong>rursus</strong></span> <span class='ocrx_word' id='word_1_263' title='bbox 1870 3217 2107 3286; x_wconf 83' lang='lat' dir='ltr'><strong>scipsum</strong></span> 
     </span>
    </p>
   </div>
   <div class='ocr_carea' id='block_1_33' title="bbox 523 3304 2107 3376">
    <p class='ocr_par' dir='ltr' id='par_1_33' title="bbox 523 3304 2107 3376">
     <span class='ocr_line' id='line_1_33' title="bbox 523 3304 2107 3376; baseline 0.001 -17"><span class='ocrx_word' id='word_1_264' title='bbox 523 3305 775 3375; x_wconf 84' lang='lat' dir='ltr'><strong>baptizat,</strong></span> <span class='ocrx_word' id='word_1_265' title='bbox 829 3322 1015 3360; x_wconf 91' lang='lat' dir='ltr'><strong>rursus</strong></span> <span class='ocrx_word' id='word_1_266' title='bbox 1060 3305 1236 3376; x_wconf 87' lang='lat' dir='ltr'><strong>ipsum</strong></span> <span class='ocrx_word' id='word_1_267' title='bbox 1287 3306 1566 3375; x_wconf 80' lang='lat' dir='ltr'><strong>crucitigit.</strong></span> <span class='ocrx_word' id='word_1_268' title='bbox 1602 3304 1741 3372; x_wconf 84' lang='lat' dir='ltr'><strong>Quid</strong></span> <span class='ocrx_word' id='word_1_269' title='bbox 1783 3316 1862 3361; x_wconf 87' lang='lat' dir='ltr'><strong>est</strong></span> <span class='ocrx_word' id='word_1_270' title='bbox 1906 3317 2107 3372; x_wconf 79' lang='lat' dir='ltr'><strong>autem,</strong></span> 
     </span>
    </p>
   </div>
   <div class='ocr_carea' id='block_1_34' title="bbox 525 3396 2111 3469">
    <p class='ocr_par' dir='ltr' id='par_1_34' title="bbox 525 3396 2111 3469">
     <span class='ocr_line' id='line_1_34' title="bbox 525 3396 2111 3469; baseline 0.002 -20"><span class='ocrx_word' id='word_1_271' title='bbox 525 3396 723 3450; x_wconf 84' lang='lat' dir='ltr'><strong>Rursus</strong></span> <span class='ocrx_word' id='word_1_272' title='bbox 746 3399 1134 3467; x_wconf 79' lang='lat' dir='ltr'><strong>eruciﬁgentes?</strong></span> <span class='ocrx_word' id='word_1_273' title='bbox 1156 3398 1236 3451; x_wconf 85' lang='lat' dir='ltr'><strong>Ab</strong></span> <span class='ocrx_word' id='word_1_274' title='bbox 1263 3398 1414 3450; x_wconf 90' lang='lat' dir='ltr'><strong>initio</strong></span> <span class='ocrx_word' id='word_1_275' title='bbox 1441 3412 1563 3451; x_wconf 91' lang='lat' dir='ltr'><strong>eum</strong></span> <span class='ocrx_word' id='word_1_276' title='bbox 1592 3397 1768 3451; x_wconf 91' lang='lat' dir='ltr'><strong>denuo</strong></span> <span class='ocrx_word' id='word_1_277' title='bbox 1798 3398 2111 3469; x_wconf 79' lang='lat' dir='ltr'><strong>cruciﬁgen-</strong></span> 
     </span>
    </p>
   </div>
   <div class='ocr_carea' id='block_1_35' title="bbox 526 3486 2106 3553">
    <p class='ocr_par' dir='ltr' id='par_1_35' title="bbox 526 3486 2106 3553">
     <span class='ocr_line' id='line_1_35' title="bbox 526 3486 2106 3553; baseline 0.004 -13"><span class='ocrx_word' id='word_1_278' title='bbox 526 3497 626 3542; x_wconf 91' lang='lat' dir='ltr'><strong>tes.</strong></span> <span class='ocrx_word' id='word_1_279' title='bbox 651 3486 782 3541; x_wconf 81' lang='lat' dir='ltr'><strong>Nam</strong></span> <span class='ocrx_word' id='word_1_280' title='bbox 807 3498 863 3542; x_wconf 90' lang='lat' dir='ltr'><strong>ut</strong></span> <span class='ocrx_word' id='word_1_281' title='bbox 883 3489 1132 3543; x_wconf 81' lang='lat' dir='ltr'><strong>Christus</strong></span> <span class='ocrx_word' id='word_1_282' title='bbox 1154 3497 1395 3542; x_wconf 88' lang='lat' dir='ltr'><strong>mortuus</strong></span> <span class='ocrx_word' id='word_1_283' title='bbox 1418 3496 1501 3543; x_wconf 84' lang='lat' dir='ltr'><strong>est</strong></span> <span class='ocrx_word' id='word_1_284' title='bbox 1532 3489 1582 3542; x_wconf 92' lang='lat' dir='ltr'><strong>in</strong></span> <span class='ocrx_word' id='word_1_285' title='bbox 1616 3506 1796 3553; x_wconf 81' lang='lat' dir='ltr'><strong>cruce,</strong></span> <span class='ocrx_word' id='word_1_286' title='bbox 1828 3491 1898 3543; x_wconf 90' lang='lat' dir='ltr'><strong>ita</strong></span> <span class='ocrx_word' id='word_1_287' title='bbox 1928 3507 2023 3544; x_wconf 84' lang='lat' dir='ltr'><strong>nos</strong></span> <span class='ocrx_word' id='word_1_288' title='bbox 2054 3492 2106 3546; x_wconf 90' lang='lat' dir='ltr'><strong>in</strong></span> 
     </span>
    </p>
   </div>
   <div class='ocr_carea' id='block_1_36' title="bbox 524 3578 2111 3649">
    <p class='ocr_par' dir='ltr' id='par_1_36' title="bbox 524 3578 2111 3649">
     <span class='ocr_line' id='line_1_36' title="bbox 524 3578 2111 3649; baseline 0.002 -17"><span class='ocrx_word' id='word_1_289' title='bbox 524 3578 866 3647; x_wconf 78' lang='lat' dir='ltr'><strong>baptismate,</strong></span> <span class='ocrx_word' id='word_1_290' title='bbox 900 3594 1005 3632; x_wconf 91' lang='lat' dir='ltr'><strong>non</strong></span> <span class='ocrx_word' id='word_1_291' title='bbox 1037 3593 1222 3644; x_wconf 89' lang='lat' dir='ltr'><strong>carne,</strong></span> <span class='ocrx_word' id='word_1_292' title='bbox 1252 3578 1346 3635; x_wconf 89' lang='lat' dir='ltr'><strong>sed</strong></span> <span class='ocrx_word' id='word_1_293' title='bbox 1372 3590 1614 3649; x_wconf 88' lang='lat' dir='ltr'><strong>peccato.</strong></span> <span class='ocrx_word' id='word_1_294' title='bbox 1648 3579 1782 3636; x_wconf 80' lang='lat' dir='ltr'><strong>Vide</strong></span> <span class='ocrx_word' id='word_1_295' title='bbox 1812 3589 2036 3635; x_wconf 85' lang='lat' dir='ltr'><strong>mortem</strong></span> <span class='ocrx_word' id='word_1_296' title='bbox 2056 3593 2111 3636; x_wconf 87' lang='lat' dir='ltr'><strong>et</strong></span> 
     </span>
    </p>
   </div>
   <div class='ocr_carea' id='block_1_37' title="bbox 525 3671 2111 3742">
    <p class='ocr_par' dir='ltr' id='par_1_37' title="bbox 525 3671 2111 3742">
     <span class='ocr_line' id='line_1_37' title="bbox 525 3671 2111 3742; baseline 0.002 -17"><span class='ocrx_word' id='word_1_297' title='bbox 525 3680 788 3727; x_wconf 89' lang='lat' dir='ltr'><strong>mortem:</strong></span> <span class='ocrx_word' id='word_1_298' title='bbox 818 3671 909 3726; x_wconf 89' lang='lat' dir='ltr'><strong>ille</strong></span> <span class='ocrx_word' id='word_1_299' title='bbox 940 3680 1181 3725; x_wconf 91' lang='lat' dir='ltr'><strong>mortuus</strong></span> <span class='ocrx_word' id='word_1_300' title='bbox 1209 3671 1363 3726; x_wconf 89' lang='lat' dir='ltr'><strong>estin</strong></span> <span class='ocrx_word' id='word_1_301' title='bbox 1391 3686 1575 3737; x_wconf 89' lang='lat' dir='ltr'><strong>carne,</strong></span> <span class='ocrx_word' id='word_1_302' title='bbox 1610 3687 1708 3728; x_wconf 91' lang='lat' dir='ltr'><strong>nos</strong></span> <span class='ocrx_word' id='word_1_303' title='bbox 1736 3681 1977 3742; x_wconf 80' lang='lat' dir='ltr'><strong>peccatu.</strong></span> <span class='ocrx_word' id='word_1_304' title='bbox 2010 3672 2111 3728; x_wconf 82' lang='lat' dir='ltr'><strong>Per</strong></span> 
     </span>
    </p>
   </div>
   <div class='ocr_carea' id='block_1_38' title="bbox 523 3762 2107 3833">
    <p class='ocr_par' dir='ltr' id='par_1_38' title="bbox 523 3762 2107 3833">
     <span class='ocr_line' id='line_1_38' title="bbox 523 3762 2107 3833; baseline 0 -14"><span class='ocrx_word' id='word_1_305' title='bbox 523 3764 847 3833; x_wconf 83' lang='lat' dir='ltr'><strong>baptismum</strong></span> <span class='ocrx_word' id='word_1_306' title='bbox 871 3773 1025 3818; x_wconf 88' lang='lat' dir='ltr'><strong>vetus</strong></span> <span class='ocrx_word' id='word_1_307' title='bbox 1051 3773 1234 3818; x_wconf 91' lang='lat' dir='ltr'><strong>noster</strong></span> <span class='ocrx_word' id='word_1_308' title='bbox 1256 3762 1417 3817; x_wconf 88' lang='lat' dir='ltr'><strong>homo</strong></span> <span class='ocrx_word' id='word_1_309' title='bbox 1444 3764 1687 3833; x_wconf 89' lang='lat' dir='ltr'><strong>sepultus</strong></span> <span class='ocrx_word' id='word_1_310' title='bbox 1712 3771 1816 3829; x_wconf 89' lang='lat' dir='ltr'><strong>est,</strong></span> <span class='ocrx_word' id='word_1_311' title='bbox 1845 3770 1899 3816; x_wconf 90' lang='lat' dir='ltr'><strong>et</strong></span> <span class='ocrx_word' id='word_1_312' title='bbox 1927 3779 2107 3819; x_wconf 67' lang='lat' dir='ltr'><strong>resur-</strong></span> 
     </span>
    </p>
   </div>
   <div class='ocr_carea' id='block_1_39' title="bbox 525 3855 2108 3928">
    <p class='ocr_par' dir='ltr' id='par_1_39' title="bbox 525 3855 2108 3928">
     <span class='ocr_line' id='line_1_39' title="bbox 525 3855 2108 3928; baseline -0.001 -17"><span class='ocrx_word' id='word_1_313' title='bbox 525 3856 669 3911; x_wconf 75' lang='lat' dir='ltr'><strong>rexit</strong></span> <span class='ocrx_word' id='word_1_314' title='bbox 693 3872 879 3920; x_wconf 87' lang='lat' dir='ltr'><strong>novus,</strong></span> <span class='ocrx_word' id='word_1_315' title='bbox 904 3855 1199 3910; x_wconf 84' lang='lat' dir='ltr'><strong>conformis</strong></span> <span class='ocrx_word' id='word_1_316' title='bbox 1222 3856 1394 3912; x_wconf 79' lang='lat' dir='ltr'><strong>factus</strong></span> <span class='ocrx_word' id='word_1_317' title='bbox 1413 3857 1745 3911; x_wconf 87' lang='lat' dir='ltr'><strong>similitudini</strong></span> <span class='ocrx_word' id='word_1_318' title='bbox 1770 3859 1952 3911; x_wconf 88' lang='lat' dir='ltr'><strong>mortis</strong></span> <span class='ocrx_word' id='word_1_319' title='bbox 1972 3859 2108 3928; x_wconf 82' lang='lat' dir='ltr'><strong>ejus.</strong></span> 
     </span>
    </p>
   </div>
   <div class='ocr_carea' id='block_1_40' title="bbox 525 3946 2107 4019">
    <p class='ocr_par' dir='ltr' id='par_1_40' title="bbox 525 3946 2107 4019">
     <span class='ocr_line' id='line_1_40' title="bbox 525 3946 2107 4019; baseline 0.001 -18"><span class='ocrx_word' id='word_1_320' title='bbox 525 3946 582 4001; x_wconf 87' lang='lat' dir='ltr'><strong>Si</strong></span> <span class='ocrx_word' id='word_1_321' title='bbox 598 3962 725 4017; x_wconf 80' lang='lat' dir='ltr'><strong>ergo</strong></span> <span class='ocrx_word' id='word_1_322' title='bbox 744 3962 963 4002; x_wconf 84' lang='lat' dir='ltr'><strong>necesse</strong></span> <span class='ocrx_word' id='word_1_323' title='bbox 982 3955 1066 4002; x_wconf 85' lang='lat' dir='ltr'><strong>est</strong></span> <span class='ocrx_word' id='word_1_324' title='bbox 1088 3963 1273 4002; x_wconf 90' lang='lat' dir='ltr'><strong>rursus</strong></span> <span class='ocrx_word' id='word_1_325' title='bbox 1296 3948 1572 4019; x_wconf 84' lang='lat' dir='ltr'><strong>baptizari,</strong></span> <span class='ocrx_word' id='word_1_326' title='bbox 1600 3964 1822 4004; x_wconf 81' lang='lat' dir='ltr'><strong>necesse</strong></span> <span class='ocrx_word' id='word_1_327' title='bbox 1839 3961 1915 4003; x_wconf 78' lang='lat' dir='ltr'><strong>est</strong></span> <span class='ocrx_word' id='word_1_328' title='bbox 1938 3950 2107 4018; x_wconf 83' lang='lat' dir='ltr'><strong>ipsum</strong></span> 
     </span>
    </p>
   </div>
   <div class='ocr_carea' id='block_1_41' title="bbox 527 4039 2111 4111">
    <p class='ocr_par' dir='ltr' id='par_1_41' title="bbox 527 4039 2111 4111">
     <span class='ocr_line' id='line_1_41' title="bbox 527 4039 2111 4111; baseline 0.001 -20"><span class='ocrx_word' id='word_1_329' title='bbox 527 4054 711 4092; x_wconf 83' lang='lat' dir='ltr'><strong>rursus</strong></span> <span class='ocrx_word' id='word_1_330' title='bbox 739 4041 909 4093; x_wconf 87' lang='lat' dir='ltr'><strong>mori:</strong></span> <span class='ocrx_word' id='word_1_331' title='bbox 944 4039 1206 4108; x_wconf 87' lang='lat' dir='ltr'><strong>baptisma</strong></span> <span class='ocrx_word' id='word_1_332' title='bbox 1234 4042 1376 4095; x_wconf 89' lang='lat' dir='ltr'><strong>enim</strong></span> <span class='ocrx_word' id='word_1_333' title='bbox 1409 4041 1540 4095; x_wconf 85' lang='lat' dir='ltr'><strong>nihil</strong></span> <span class='ocrx_word' id='word_1_334' title='bbox 1579 4051 1661 4095; x_wconf 90' lang='lat' dir='ltr'><strong>est</strong></span> <span class='ocrx_word' id='word_1_335' title='bbox 1689 4057 1846 4110; x_wconf 80' lang='lat' dir='ltr'><strong>quant</strong></span> <span class='ocrx_word' id='word_1_336' title='bbox 1881 4041 1997 4110; x_wconf 86' lang='lat' dir='ltr'><strong>ejus</strong></span> <span class='ocrx_word' id='word_1_337' title='bbox 2019 4043 2111 4111; x_wconf 85' lang='lat' dir='ltr'><strong>qui</strong></span> 
     </span>
    </p>
   </div>
   <div class='ocr_carea' id='block_1_42' title="bbox 526 4129 2111 4201">
    <p class='ocr_par' dir='ltr' id='par_1_42' title="bbox 526 4129 2111 4201">
     <span class='ocr_line' id='line_1_42' title="bbox 526 4129 2111 4201; baseline 0.003 -19"><span class='ocrx_word' id='word_1_338' title='bbox 526 4129 829 4197; x_wconf 82' lang='lat' dir='ltr'><strong>baptizatur</strong></span> <span class='ocrx_word' id='word_1_339' title='bbox 858 4144 1037 4197; x_wconf 84' lang='lat' dir='ltr'><strong>perem</strong></span> <span class='ocrx_word' id='word_1_340' title='bbox 1048 4130 1177 4197; x_wconf 90' lang='lat' dir='ltr'><strong>ptio,</strong></span> <span class='ocrx_word' id='word_1_341' title='bbox 1208 4140 1261 4183; x_wconf 93' lang='lat' dir='ltr'><strong>et</strong></span> <span class='ocrx_word' id='word_1_342' title='bbox 1285 4132 1426 4185; x_wconf 90' lang='lat' dir='ltr'><strong>illius</strong></span> <span class='ocrx_word' id='word_1_343' title='bbox 1449 4132 1751 4186; x_wconf 86' lang='lat' dir='ltr'><strong>suscitatio.</strong></span> <span class='ocrx_word' id='word_1_344' title='bbox 1774 4133 1839 4186; x_wconf 84' lang='lat' dir='ltr'><strong>Et</strong></span> <span class='ocrx_word' id='word_1_345' title='bbox 1855 4132 2111 4201; x_wconf 69' lang='lat' dir='ltr'><strong>prmclare</strong></span> 
     </span>
    </p>
   </div>
   <div class='ocr_carea' id='block_1_43' title="bbox 526 4218 2111 4292">
    <p class='ocr_par' dir='ltr' id='par_1_43' title="bbox 526 4218 2111 4292">
     <span class='ocr_line' id='line_1_43' title="bbox 526 4218 2111 4292; baseline 0.002 -18"><span class='ocrx_word' id='word_1_346' title='bbox 526 4219 683 4287; x_wconf 81' lang='lat' dir='ltr'><strong>dixit,</strong></span> <span class='ocrx_word' id='word_1_347' title='bbox 724 4218 945 4274; x_wconf 87' lang='lat' dir='ltr'><strong>Rursum</strong></span> <span class='ocrx_word' id='word_1_348' title='bbox 973 4221 1322 4290; x_wconf 84' lang='lat' dir='ltr'><strong>cruci/igentcs</strong></span> <span class='ocrx_word' id='word_1_349' title='bbox 1342 4238 1360 4275; x_wconf 90' lang='lat'><strong>:</strong></span> <span class='ocrx_word' id='word_1_350' title='bbox 1380 4237 1502 4275; x_wconf 87' lang='lat' dir='ltr'><strong>nam</strong></span> <span class='ocrx_word' id='word_1_351' title='bbox 1532 4222 1623 4292; x_wconf 87' lang='lat' dir='ltr'><strong>qui</strong></span> <span class='ocrx_word' id='word_1_352' title='bbox 1657 4224 1757 4276; x_wconf 91' lang='lat' dir='ltr'><strong>hoc</strong></span> <span class='ocrx_word' id='word_1_353' title='bbox 1788 4223 1932 4289; x_wconf 76' lang='lat' dir='ltr'><strong>facit,</strong></span> <span class='ocrx_word' id='word_1_354' title='bbox 1978 4232 2111 4277; x_wconf 87' lang='lat' dir='ltr'><strong>tam-</strong></span> 
     </span>
    </p>
   </div>
   <div class='ocr_carea' id='block_1_44' title="bbox 528 4311 2111 4384">
    <p class='ocr_par' dir='ltr' id='par_1_44' title="bbox 528 4311 2111 4384">
     <span class='ocr_line' id='line_1_44' title="bbox 528 4311 2111 4384; baseline 0.003 -19"><span class='ocrx_word' id='word_1_355' title='bbox 528 4327 687 4383; x_wconf 89' lang='lat' dir='ltr'><strong>quam</strong></span> <span class='ocrx_word' id='word_1_356' title='bbox 718 4311 910 4382; x_wconf 87' lang='lat' dir='ltr'><strong>prioris</strong></span> <span class='ocrx_word' id='word_1_357' title='bbox 931 4312 1114 4382; x_wconf 73' lang='lat' dir='ltr'><strong>gratia:</strong></span> <span class='ocrx_word' id='word_1_358' title='bbox 1134 4311 1355 4379; x_wconf 90' lang='lat' dir='ltr'><strong>oblitus,</strong></span> <span class='ocrx_word' id='word_1_359' title='bbox 1380 4315 1566 4384; x_wconf 86' lang='lat' dir='ltr'><strong>ignave</strong></span> <span class='ocrx_word' id='word_1_360' title='bbox 1595 4322 1648 4368; x_wconf 90' lang='lat' dir='ltr'><strong>et</strong></span> <span class='ocrx_word' id='word_1_361' title='bbox 1668 4314 1928 4369; x_wconf 87' lang='lat' dir='ltr'><strong>dissolute</strong></span> <span class='ocrx_word' id='word_1_362' title='bbox 1950 4316 2111 4370; x_wconf 90' lang='lat' dir='ltr'><strong>vitam</strong></span> 
     </span>
    </p>
   </div>
   <div class='ocr_carea' id='block_1_45' title="bbox 527 4402 2111 4474">
    <p class='ocr_par' dir='ltr' id='par_1_45' title="bbox 527 4402 2111 4474">
     <span class='ocr_line' id='line_1_45' title="bbox 527 4402 2111 4474; baseline 0.002 -17"><span class='ocrx_word' id='word_1_363' title='bbox 527 4418 680 4457; x_wconf 90' lang='lat' dir='ltr'><strong>suam</strong></span> <span class='ocrx_word' id='word_1_364' title='bbox 704 4402 831 4473; x_wconf 82' lang='lat' dir='ltr'><strong>agit,</strong></span> <span class='ocrx_word' id='word_1_365' title='bbox 864 4403 1049 4473; x_wconf 86' lang='lat' dir='ltr'><strong>sicque</strong></span> <span class='ocrx_word' id='word_1_366' title='bbox 1072 4403 1249 4457; x_wconf 84' lang='lat' dir='ltr'><strong>omnia</strong></span> <span class='ocrx_word' id='word_1_367' title='bbox 1280 4402 1417 4474; x_wconf 83' lang='lat' dir='ltr'><strong>gerit</strong></span> <span class='ocrx_word' id='word_1_368' title='bbox 1446 4414 1713 4473; x_wconf 84' lang='lat' dir='ltr'><strong>tamquam</strong></span> <span class='ocrx_word' id='word_1_369' title='bbox 1756 4406 1825 4459; x_wconf 84' lang='lat' dir='ltr'><strong>sit</strong></span> <span class='ocrx_word' id='word_1_370' title='bbox 1844 4404 1989 4460; x_wconf 86' lang='lat' dir='ltr'><strong>aliud</strong></span> <span class='ocrx_word' id='word_1_371' title='bbox 2018 4408 2111 4460; x_wconf 90' lang='lat' dir='ltr'><strong>ba-</strong></span> 
     </span>
    </p>
   </div>
   <div class='ocr_carea' id='block_1_46' title="bbox 529 4494 2115 4564">
    <p class='ocr_par' dir='ltr' id='par_1_46' title="bbox 529 4494 2115 4564">
     <span class='ocr_line' id='line_1_46' title="bbox 529 4494 2115 4564; baseline 0.002 -16"><span class='ocrx_word' id='word_1_372' title='bbox 529 4494 1113 4564; x_wconf 82' lang='lat' dir='ltr'><strong>ptisma.Quamobrem</strong></span> <span class='ocrx_word' id='word_1_373' title='bbox 1131 4503 1215 4550; x_wconf 89' lang='lat' dir='ltr'><strong>est</strong></span> <span class='ocrx_word' id='word_1_374' title='bbox 1232 4494 1609 4550; x_wconf 87' lang='lat' dir='ltr'><strong>attendendum</strong></span> <span class='ocrx_word' id='word_1_375' title='bbox 1631 4506 1686 4550; x_wconf 90' lang='lat' dir='ltr'><strong>et</strong></span> <span class='ocrx_word' id='word_1_376' title='bbox 1705 4495 2007 4551; x_wconf 84' lang='lat' dir='ltr'><strong>adhibenda</strong></span> <span class='ocrx_word' id='word_1_377' title='bbox 2033 4505 2115 4551; x_wconf 90' lang='lat' dir='ltr'><strong>est</strong></span> 
     </span>
    </p>
   </div>
   <div class='ocr_carea' id='block_1_47' title="bbox 528 4585 2117 4655">
    <p class='ocr_par' dir='ltr' id='par_1_47' title="bbox 528 4585 2117 4655">
     <span class='ocr_line' id='line_1_47' title="bbox 528 4585 2117 4655; baseline 0.001 -13"><span class='ocrx_word' id='word_1_378' title='bbox 528 4588 723 4642; x_wconf 86' lang='lat' dir='ltr'><strong>cautio.</strong></span> <span class='ocrx_word' id='word_1_379' title='bbox 745 4586 882 4655; x_wconf 88' lang='lat' dir='ltr'><strong>Quid</strong></span> <span class='ocrx_word' id='word_1_380' title='bbox 900 4596 1002 4649; x_wconf 78' lang='lat' dir='ltr'><strong>est,</strong></span> <span class='ocrx_word' id='word_1_381' title='bbox 1028 4585 1362 4642; x_wconf 84' lang='lat' dir='ltr'><strong>Gustaverunt</strong></span> <span class='ocrx_word' id='word_1_382' title='bbox 1383 4590 1533 4643; x_wconf 87' lang='lat' dir='ltr'><strong>etiam</strong></span> <span class='ocrx_word' id='word_1_383' title='bbox 1554 4589 1740 4642; x_wconf 84' lang='lat' dir='ltr'><strong>donum</strong></span> <span class='ocrx_word' id='word_1_384' title='bbox 1757 4589 1891 4644; x_wconf 52' lang='lat' dir='ltr'><strong>caele.</strong></span> <span class='ocrx_word' id='word_1_385' title='bbox 1904 4590 1985 4645; x_wconf 84' lang='lat' dir='ltr'><strong>te?</strong></span> <span class='ocrx_word' id='word_1_386' title='bbox 2005 4588 2117 4644; x_wconf 85' lang='lat' dir='ltr'><strong>Hoc</strong></span> 
     </span>
    </p>
   </div>
   <div class='ocr_carea' id='block_1_48' title="bbox 528 4677 2111 4746">
    <p class='ocr_par' dir='ltr' id='par_1_48' title="bbox 528 4677 2111 4746">
     <span class='ocr_line' id='line_1_48' title="bbox 528 4677 2111 4746; baseline 0.001 -15"><span class='ocrx_word' id='word_1_387' title='bbox 528 4686 631 4741; x_wconf 90' lang='lat' dir='ltr'><strong>est,</strong></span> <span class='ocrx_word' id='word_1_388' title='bbox 666 4677 1034 4731; x_wconf 82' lang='lat' dir='ltr'><strong>remissionem</strong></span> <span class='ocrx_word' id='word_1_389' title='bbox 1079 4677 1582 4746; x_wconf 79' lang='lat' dir='ltr'><strong>peccatorumzhoc</strong></span> <span class='ocrx_word' id='word_1_390' title='bbox 1620 4678 1763 4733; x_wconf 90' lang='lat' dir='ltr'><strong>enim</strong></span> <span class='ocrx_word' id='word_1_391' title='bbox 1808 4679 1975 4733; x_wconf 85' lang='lat' dir='ltr'><strong>solius</strong></span> <span class='ocrx_word' id='word_1_392' title='bbox 2020 4679 2111 4732; x_wconf 88' lang='lat' dir='ltr'><strong>Dei</strong></span> 
     </span>
    </p>
   </div>
   <div class='ocr_carea' id='block_1_49' title="bbox 529 4766 2118 4840">
    <p class='ocr_par' dir='ltr' id='par_1_49' title="bbox 529 4766 2118 4840">
     <span class='ocr_line' id='line_1_49' title="bbox 529 4766 2118 4840; baseline 0 -19"><span class='ocrx_word' id='word_1_393' title='bbox 529 4776 613 4822; x_wconf 88' lang='lat' dir='ltr'><strong>est</strong></span> <span class='ocrx_word' id='word_1_394' title='bbox 636 4766 857 4833; x_wconf 89' lang='lat' dir='ltr'><strong>donare,</strong></span> <span class='ocrx_word' id='word_1_395' title='bbox 887 4777 942 4821; x_wconf 90' lang='lat' dir='ltr'><strong>et</strong></span> <span class='ocrx_word' id='word_1_396' title='bbox 964 4768 1077 4821; x_wconf 75' lang='lat' dir='ltr'><strong>lucc</strong></span> <span class='ocrx_word' id='word_1_397' title='bbox 1103 4766 1271 4837; x_wconf 79' lang='lat' dir='ltr'><strong>gratia</strong></span> <span class='ocrx_word' id='word_1_398' title='bbox 1291 4768 1457 4823; x_wconf 88' lang='lat' dir='ltr'><strong>semel</strong></span> <span class='ocrx_word' id='word_1_399' title='bbox 1480 4777 1563 4823; x_wconf 89' lang='lat' dir='ltr'><strong>est</strong></span> <span class='ocrx_word' id='word_1_400' title='bbox 1584 4769 1776 4839; x_wconf 75' lang='lat' dir='ltr'><strong>gratia.</strong></span> <span class='ocrx_word' id='word_1_401' title='bbox 1805 4768 1940 4835; x_wconf 79' lang='lat' dir='ltr'><strong>Quid</strong></span> <span class='ocrx_word' id='word_1_402' title='bbox 1963 4767 2118 4840; x_wconf 76' lang='lat' dir='ltr'><strong>ergo?</strong></span> 
     </span>
    </p>
   </div>
   <div class='ocr_carea' id='block_1_50' title="bbox 530 4858 2114 4932">
    <p class='ocr_par' dir='ltr' id='par_1_50' title="bbox 530 4858 2114 4932">
     <span class='ocr_line' id='line_1_50' title="bbox 530 4858 2114 4932; baseline 0.003 -21"><span class='ocrx_word' id='word_1_403' title='bbox 530 4859 837 4913; x_wconf 82' lang='lat' dir='ltr'><strong>manebimus</strong></span> <span class='ocrx_word' id='word_1_404' title='bbox 872 4860 924 4913; x_wconf 90' lang='lat' dir='ltr'><strong>in</strong></span> <span class='ocrx_word' id='word_1_405' title='bbox 951 4868 1153 4930; x_wconf 82' lang='lat' dir='ltr'><strong>peccato</strong></span> <span class='ocrx_word' id='word_1_406' title='bbox 1197 4869 1249 4912; x_wconf 92' lang='lat' dir='ltr'><strong>ut</strong></span> <span class='ocrx_word' id='word_1_407' title='bbox 1278 4858 1496 4914; x_wconf 81' lang='lat' dir='ltr'><strong>abundet</strong></span> <span class='ocrx_word' id='word_1_408' title='bbox 1541 4861 1746 4932; x_wconf 80' lang='lat' dir='ltr'><strong>gratia?</strong></span> <span class='ocrx_word' id='word_1_409' title='bbox 1769 4861 1910 4914; x_wconf 84' lang='lat' dir='ltr'><strong>Absit</strong></span> <span class='ocrx_word' id='word_1_410' title='bbox 1937 4861 2114 4932; x_wconf 81' lang='lat' dir='ltr'><strong>(Rom.</strong></span> 
     </span>
    </p>
   </div>
   <div class='ocr_carea' id='block_1_51' title="bbox 532 4948 2112 5025">
    <p class='ocr_par' dir='ltr' id='par_1_51' title="bbox 532 4948 2112 5025">
     <span class='ocr_line' id='line_1_51' title="bbox 532 4948 2112 5025; baseline 0.003 -22"><span class='ocrx_word' id='word_1_411' title='bbox 532 4951 584 5003; x_wconf 82' lang='lat' dir='ltr'><strong>ti.</strong></span> <span class='ocrx_word' id='word_1_412' title='bbox 622 4950 670 5003; x_wconf 86' lang='lat' dir='ltr'><strong>l.</strong></span> <span class='ocrx_word' id='word_1_413' title='bbox 698 4948 776 5022; x_wconf 71' lang='lat'><strong>9.).</strong></span> <span class='ocrx_word' id='word_1_414' title='bbox 810 4953 866 5006; x_wconf 88' lang='lat' dir='ltr'><strong>Si</strong></span> <span class='ocrx_word' id='word_1_415' title='bbox 896 4963 1074 5008; x_wconf 90' lang='lat' dir='ltr'><strong>autem</strong></span> <span class='ocrx_word' id='word_1_416' title='bbox 1108 4968 1321 5022; x_wconf 87' lang='lat' dir='ltr'><strong>semper</strong></span> <span class='ocrx_word' id='word_1_417' title='bbox 1348 4953 1483 5007; x_wconf 88' lang='lat' dir='ltr'><strong>salvi</strong></span> <span class='ocrx_word' id='word_1_418' title='bbox 1513 4952 1677 5008; x_wconf 84' lang='lat' dir='ltr'><strong>futuri</strong></span> <span class='ocrx_word' id='word_1_419' title='bbox 1703 4970 1889 5009; x_wconf 90' lang='lat' dir='ltr'><strong>sumus</strong></span> <span class='ocrx_word' id='word_1_420' title='bbox 1916 4956 2112 5025; x_wconf 87' lang='lat' dir='ltr'><strong>gratia,</strong></span> 
     </span>
    </p>
   </div>
   <div class='ocr_carea' id='block_1_52' title="bbox 533 5040 2114 5115">
    <p class='ocr_par' dir='ltr' id='par_1_52' title="bbox 533 5040 2114 5115">
     <span class='ocr_line' id='line_1_52' title="bbox 533 5040 2114 5115; baseline 0.003 -23"><span class='ocrx_word' id='word_1_421' title='bbox 533 5053 821 5106; x_wconf 81' lang='lat' dir='ltr'><strong>numquam</strong></span> <span class='ocrx_word' id='word_1_422' title='bbox 863 5042 1065 5097; x_wconf 89' lang='lat' dir='ltr'><strong>erimus</strong></span> <span class='ocrx_word' id='word_1_423' title='bbox 1102 5040 1247 5096; x_wconf 87' lang='lat' dir='ltr'><strong>boni.</strong></span> <span class='ocrx_word' id='word_1_424' title='bbox 1280 5042 1411 5097; x_wconf 88' lang='lat' dir='ltr'><strong>Nam</strong></span> <span class='ocrx_word' id='word_1_425' title='bbox 1440 5044 1507 5111; x_wconf 91' lang='lat' dir='ltr'><strong>si,</strong></span> <span class='ocrx_word' id='word_1_426' title='bbox 1552 5042 1641 5098; x_wconf 91' lang='lat' dir='ltr'><strong>ubi</strong></span> <span class='ocrx_word' id='word_1_427' title='bbox 1682 5059 1785 5100; x_wconf 87' lang='lat' dir='ltr'><strong>una</strong></span> <span class='ocrx_word' id='word_1_428' title='bbox 1815 5053 1897 5098; x_wconf 88' lang='lat' dir='ltr'><strong>est</strong></span> <span class='ocrx_word' id='word_1_429' title='bbox 1923 5042 2114 5115; x_wconf 82' lang='lat' dir='ltr'><strong>gratia,</strong></span> 
     </span>
    </p>
   </div>
   <div class='ocr_carea' id='block_1_53' title="bbox 551 5130 2119 5207">
    <p class='ocr_par' dir='ltr' id='par_1_53' title="bbox 551 5130 2119 5207">
     <span class='ocr_line' id='line_1_53' title="bbox 551 5130 2119 5207; baseline 0.01 -26"><span class='ocrx_word' id='word_1_430' title='bbox 551 5130 629 5181; x_wconf 86' lang='lat' dir='ltr'><strong>sic</strong></span> <span class='ocrx_word' id='word_1_431' title='bbox 660 5144 871 5199; x_wconf 81' lang='lat' dir='ltr'><strong>quoque</strong></span> <span class='ocrx_word' id='word_1_432' title='bbox 899 5148 1083 5191; x_wconf 87' lang='lat' dir='ltr'><strong>sumus</strong></span> <span class='ocrx_word' id='word_1_433' title='bbox 1114 5137 1290 5207; x_wconf 88' lang='lat' dir='ltr'><strong>ignavi</strong></span> <span class='ocrx_word' id='word_1_434' title='bbox 1335 5145 1389 5192; x_wconf 90' lang='lat' dir='ltr'><strong>et</strong></span> <span class='ocrx_word' id='word_1_435' title='bbox 1436 5138 1722 5204; x_wconf 85' lang='lat' dir='ltr'><strong>socordes;</strong></span> <span class='ocrx_word' id='word_1_436' title='bbox 1768 5141 1812 5195; x_wconf 92' lang='lat' dir='ltr'><strong>si</strong></span> <span class='ocrx_word' id='word_1_437' title='bbox 1861 5143 2119 5197; x_wconf 89' lang='lat' dir='ltr'><strong>sciremus</strong></span> 
     </span>
    </p>
   </div>
   <div class='ocr_carea' id='block_1_54' title="bbox 550 5221 2124 5302">
    <p class='ocr_par' dir='ltr' id='par_1_54' title="bbox 550 5221 2124 5302">
     <span class='ocr_line' id='line_1_54' title="bbox 550 5221 2124 5302; baseline 0.007 -25"><span class='ocrx_word' id='word_1_438' title='bbox 550 5221 813 5277; x_wconf 80' lang='lat' dir='ltr'><strong>abluenda</strong></span> <span class='ocrx_word' id='word_1_439' title='bbox 859 5239 1045 5281; x_wconf 89' lang='lat' dir='ltr'><strong>rursus</strong></span> <span class='ocrx_word' id='word_1_440' title='bbox 1075 5238 1310 5297; x_wconf 87' lang='lat' dir='ltr'><strong>peccata,</strong></span> <span class='ocrx_word' id='word_1_441' title='bbox 1359 5244 1767 5286; x_wconf 84' lang='lat' dir='ltr'><strong>cessaremusue</strong></span> <span class='ocrx_word' id='word_1_442' title='bbox 1790 5247 1819 5287; x_wconf 90' lang='lat' dir='ltr'><strong>a</strong></span> <span class='ocrx_word' id='word_1_443' title='bbox 1852 5234 2124 5302; x_wconf 70' lang='lat' dir='ltr'><strong>peccatis?</strong></span> 
     </span>
    </p>
   </div>
   <div class='ocr_carea' id='block_1_55' title="bbox 552 5313 2120 5391">
    <p class='ocr_par' dir='ltr' id='par_1_55' title="bbox 552 5313 2120 5391">
     <span class='ocr_line' id='line_1_55' title="bbox 552 5313 2120 5391; baseline 0.003 -22"><span class='ocrx_word' id='word_1_444' title='bbox 552 5315 663 5385; x_wconf 79' lang='lat' dir='ltr'><strong>Ego</strong></span> <span class='ocrx_word' id='word_1_445' title='bbox 677 5313 895 5385; x_wconf 88' lang='lat' dir='ltr'><strong>quidem</strong></span> <span class='ocrx_word' id='word_1_446' title='bbox 928 5317 1145 5374; x_wconf 89' lang='lat' dir='ltr'><strong>minime</strong></span> <span class='ocrx_word' id='word_1_447' title='bbox 1166 5322 1378 5391; x_wconf 88' lang='lat' dir='ltr'><strong>opinor.</strong></span> <span class='ocrx_word' id='word_1_448' title='bbox 1409 5321 1569 5376; x_wconf 83' lang='lat' dir='ltr'><strong>Multa</strong></span> <span class='ocrx_word' id='word_1_449' title='bbox 1599 5322 1684 5376; x_wconf 90' lang='lat' dir='ltr'><strong>hic</strong></span> <span class='ocrx_word' id='word_1_450' title='bbox 1708 5323 2120 5389; x_wconf 78' lang='lat' dir='ltr'><strong>ostenditdona,</strong></span> 
     </span>
    </p>
   </div>
   <div class='ocr_carea' id='block_1_56' title="bbox 549 5404 2124 5483">
    <p class='ocr_par' dir='ltr' id='par_1_56' title="bbox 549 5404 2124 5483">
     <span class='ocr_line' id='line_1_56' title="bbox 549 5404 2124 5483; baseline 0.006 -24"><span class='ocrx_word' id='word_1_451' title='bbox 549 5415 604 5459; x_wconf 88' lang='lat' dir='ltr'><strong>et</strong></span> <span class='ocrx_word' id='word_1_452' title='bbox 634 5415 690 5459; x_wconf 92' lang='lat' dir='ltr'><strong>ut</strong></span> <span class='ocrx_word' id='word_1_453' title='bbox 717 5405 984 5475; x_wconf 77' lang='lat' dir='ltr'><strong>intelligas</strong></span> <span class='ocrx_word' id='word_1_454' title='bbox 1014 5406 1136 5459; x_wconf 91' lang='lat' dir='ltr'><strong>audi</strong></span> <span class='ocrx_word' id='word_1_455' title='bbox 1160 5423 1174 5460; x_wconf 75' lang='grc' dir='ltr'>ε</span> <span class='ocrx_word' id='word_1_456' title='bbox 1201 5409 1478 5480; x_wconf 76' lang='lat' dir='ltr'><strong>Dignatus,</strong></span> <span class='ocrx_word' id='word_1_457' title='bbox 1525 5404 1714 5483; x_wconf 85' lang='lat' dir='ltr'><strong>inquit,</strong></span> <span class='ocrx_word' id='word_1_458' title='bbox 1761 5428 1819 5466; x_wconf 87' lang='lat' dir='ltr'><strong>es</strong></span> <span class='ocrx_word' id='word_1_459' title='bbox 1867 5421 2008 5465; x_wconf 87' lang='lat' dir='ltr'><strong>tanta</strong></span> <span class='ocrx_word' id='word_1_460' title='bbox 2038 5428 2124 5468; x_wconf 85' lang='lat' dir='ltr'><strong>rc-</strong></span> 
     </span>
    </p>
   </div>
   <div class='ocr_carea' id='block_1_57' title="bbox 550 5495 2121 5573">
    <p class='ocr_par' dir='ltr' id='par_1_57' title="bbox 550 5495 2121 5573">
     <span class='ocr_line' id='line_1_57' title="bbox 550 5495 2121 5573; baseline 0.006 -25"><span class='ocrx_word' id='word_1_461' title='bbox 550 5496 838 5551; x_wconf 75' lang='lat' dir='ltr'><strong>miSsione:</strong></span> <span class='ocrx_word' id='word_1_462' title='bbox 871 5495 960 5567; x_wconf 91' lang='lat' dir='ltr'><strong>qui</strong></span> <span class='ocrx_word' id='word_1_463' title='bbox 989 5496 1211 5550; x_wconf 90' lang='lat' dir='ltr'><strong>sedebat</strong></span> <span class='ocrx_word' id='word_1_464' title='bbox 1238 5499 1289 5551; x_wconf 91' lang='lat' dir='ltr'><strong>in</strong></span> <span class='ocrx_word' id='word_1_465' title='bbox 1322 5502 1576 5566; x_wconf 87' lang='lat' dir='ltr'><strong>tenebris,</strong></span> <span class='ocrx_word' id='word_1_466' title='bbox 1614 5503 1702 5573; x_wconf 90' lang='lat' dir='ltr'><strong>qui</strong></span> <span class='ocrx_word' id='word_1_467' title='bbox 1738 5502 2002 5568; x_wconf 65' lang='lat' dir='ltr'><strong>inimicus,</strong></span> <span class='ocrx_word' id='word_1_468' title='bbox 2030 5504 2121 5572; x_wconf 89' lang='lat' dir='ltr'><strong>qui</strong></span> 
     </span>
    </p>
   </div>
   <div class='ocr_carea' id='block_1_58' title="bbox 552 5584 2119 5664">
    <p class='ocr_par' dir='ltr' id='par_1_58' title="bbox 552 5584 2119 5664">
     <span class='ocr_line' id='line_1_58' title="bbox 552 5584 2119 5664; baseline 0.008 -29"><span class='ocrx_word' id='word_1_469' title='bbox 552 5584 744 5647; x_wconf 77' lang='lat' dir='ltr'><strong>bustis,</strong></span> <span class='ocrx_word' id='word_1_470' title='bbox 776 5585 864 5653; x_wconf 86' lang='lat' dir='ltr'><strong>qui</strong></span> <span class='ocrx_word' id='word_1_471' title='bbox 889 5587 1239 5652; x_wconf 76' lang='lat' dir='ltr'><strong>abalienatus,</strong></span> <span class='ocrx_word' id='word_1_472' title='bbox 1272 5589 1361 5657; x_wconf 91' lang='lat' dir='ltr'><strong>qui</strong></span> <span class='ocrx_word' id='word_1_473' title='bbox 1389 5590 1494 5644; x_wconf 88' lang='lat' dir='ltr'><strong>Deo</strong></span> <span class='ocrx_word' id='word_1_474' title='bbox 1516 5591 1736 5659; x_wconf 89' lang='lat' dir='ltr'><strong>invisus,</strong></span> <span class='ocrx_word' id='word_1_475' title='bbox 1758 5595 1841 5663; x_wconf 89' lang='lat' dir='ltr'><strong>qui</strong></span> <span class='ocrx_word' id='word_1_476' title='bbox 1862 5595 2119 5664; x_wconf 86' lang='lat' dir='ltr'><strong>perditus,</strong></span> 
     </span>
    </p>
   </div>
   <div class='ocr_carea' id='block_1_59' title="bbox 546 5674 2117 5750">
    <p class='ocr_par' dir='ltr' id='par_1_59' title="bbox 546 5674 2117 5750">
     <span class='ocr_line' id='line_1_59' title="bbox 546 5674 2117 5750; baseline 0.007 -25"><span class='ocrx_word' id='word_1_477' title='bbox 546 5674 592 5725; x_wconf 91' lang='lat' dir='ltr'><strong>is</strong></span> <span class='ocrx_word' id='word_1_478' title='bbox 622 5684 839 5739; x_wconf 81' lang='lat' dir='ltr'><strong>repente</strong></span> <span class='ocrx_word' id='word_1_479' title='bbox 861 5676 1209 5743; x_wconf 86' lang='lat' dir='ltr'><strong>illuminatns,</strong></span> <span class='ocrx_word' id='word_1_480' title='bbox 1231 5678 1421 5746; x_wconf 82' lang='lat' dir='ltr'><strong>spiritu</strong></span> <span class='ocrx_word' id='word_1_481' title='bbox 1438 5678 1706 5750; x_wconf 81' lang='lat' dir='ltr'><strong>dignatus,</strong></span> <span class='ocrx_word' id='word_1_482' title='bbox 1726 5684 1868 5736; x_wconf 86' lang='lat' dir='ltr'><strong>dnuo</strong></span> <span class='ocrx_word' id='word_1_483' title='bbox 1893 5682 2117 5750; x_wconf 66' lang='lat' dir='ltr'><strong>caelesti,</strong></span> 
     </span>
    </p>
   </div>
   <div class='ocr_carea' id='block_1_60' title="bbox 545 5764 2117 5844">
    <p class='ocr_par' dir='ltr' id='par_1_60' title="bbox 545 5764 2117 5844">
     <span class='ocr_line' id='line_1_60' title="bbox 545 5764 2117 5844; baseline 0.006 -23"><span class='ocrx_word' id='word_1_484' title='bbox 545 5764 832 5836; x_wconf 80' lang='lat' dir='ltr'><strong>adoptione</strong></span> <span class='ocrx_word' id='word_1_485' title='bbox 859 5768 909 5822; x_wconf 91' lang='lat' dir='ltr'><strong>in</strong></span> <span class='ocrx_word' id='word_1_486' title='bbox 940 5768 1130 5837; x_wconf 85' lang='lat' dir='ltr'><strong>tilium,</strong></span> <span class='ocrx_word' id='word_1_487' title='bbox 1166 5784 1333 5839; x_wconf 75' lang='lat' dir='ltr'><strong>regno</strong></span> <span class='ocrx_word' id='word_1_488' title='bbox 1362 5771 1586 5844; x_wconf 70' lang='lat' dir='ltr'><strong>Caelesti,</strong></span> <span class='ocrx_word' id='word_1_489' title='bbox 1618 5775 1736 5830; x_wconf 86' lang='lat' dir='ltr'><strong>aliis</strong></span> <span class='ocrx_word' id='word_1_490' title='bbox 1766 5776 1937 5838; x_wconf 89' lang='lat' dir='ltr'><strong>bouis.</strong></span> <span class='ocrx_word' id='word_1_491' title='bbox 1967 5791 2117 5832; x_wconf 87' lang='lat' dir='ltr'><strong>arca-</strong></span> 
     </span>
    </p>
   </div>
   <div class='ocr_carea' id='block_1_61' title="bbox 2224 555 3797 633">
    <p class='ocr_par' dir='ltr' id='par_1_61' title="bbox 2224 555 3797 633">
     <span class='ocr_line' id='line_1_61' title="bbox 2224 555 3797 633; baseline 0.005 -22"><span class='ocrx_word' id='word_1_492' title='bbox 2224 572 2342 611; x_wconf 89' lang='lat' dir='ltr'><strong>cum</strong></span> <span class='ocrx_word' id='word_1_493' title='bbox 2360 555 2431 610; x_wconf 88' lang='lat' dir='ltr'><strong>sit</strong></span> <span class='ocrx_word' id='word_1_494' title='bbox 2450 557 2661 627; x_wconf 88' lang='lat' dir='ltr'><strong>quidem</strong></span> <span class='ocrx_word' id='word_1_495' title='bbox 2687 558 2875 629; x_wconf 84' lang='lat' dir='ltr'><strong>dignus</strong></span> <span class='ocrx_word' id='word_1_496' title='bbox 2896 562 2985 630; x_wconf 91' lang='lat' dir='ltr'><strong>qui</strong></span> <span class='ocrx_word' id='word_1_497' title='bbox 3008 570 3210 631; x_wconf 86' lang='lat' dir='ltr'><strong>pereat,</strong></span> <span class='ocrx_word' id='word_1_498' title='bbox 3234 563 3458 617; x_wconf 83' lang='lat' dir='ltr'><strong>salutem</strong></span> <span class='ocrx_word' id='word_1_499' title='bbox 3481 577 3797 633; x_wconf 76' lang='lat' dir='ltr'><strong>assequutus</strong></span> 
     </span>
    </p>
   </div>
   <div class='ocr_carea' id='block_1_62' title="bbox 2221 647 3798 725">
    <p class='ocr_par' dir='ltr' id='par_1_62' title="bbox 2221 647 3798 725">
     <span class='ocr_line' id='line_1_62' title="bbox 2221 647 3798 725; baseline 0.008 -26"><span class='ocrx_word' id='word_1_500' title='bbox 2221 656 2276 700; x_wconf 84' lang='lat' dir='ltr'><strong>et</strong></span> <span class='ocrx_word' id='word_1_501' title='bbox 2299 647 2558 704; x_wconf 85' lang='lat' dir='ltr'><strong>honorem</strong></span> <span class='ocrx_word' id='word_1_502' title='bbox 2584 659 2849 721; x_wconf 90' lang='lat' dir='ltr'><strong>tamquam</strong></span> <span class='ocrx_word' id='word_1_503' title='bbox 2883 652 2973 722; x_wconf 88' lang='lat' dir='ltr'><strong>qui</strong></span> <span class='ocrx_word' id='word_1_504' title='bbox 3002 653 3256 721; x_wconf 73' lang='lat' dir='ltr'><strong>prmclare</strong></span> <span class='ocrx_word' id='word_1_505' title='bbox 3280 669 3344 707; x_wconf 85' lang='lat' dir='ltr'><strong>ex</strong></span> <span class='ocrx_word' id='word_1_506' title='bbox 3375 656 3572 708; x_wconf 86' lang='lat' dir='ltr'><strong>virtute</strong></span> <span class='ocrx_word' id='word_1_507' title='bbox 3591 672 3650 709; x_wconf 87' lang='lat' dir='ltr'><strong>se</strong></span> <span class='ocrx_word' id='word_1_508' title='bbox 3677 674 3798 725; x_wconf 77' lang='lat' dir='ltr'><strong>ges-</strong></span> 
     </span>
    </p>
   </div>
   <div class='ocr_carea' id='block_1_63' title="bbox 2221 735 3796 814">
    <p class='ocr_par' dir='ltr' id='par_1_63' title="bbox 2221 735 3796 814">
     <span class='ocr_line' id='line_1_63' title="bbox 2221 735 3796 814; baseline 0.01 -26"><span class='ocrx_word' id='word_1_509' title='bbox 2221 735 2400 800; x_wconf 76' lang='lat' dir='ltr'><strong>sisset,</strong></span> <span class='ocrx_word' id='word_1_510' title='bbox 2441 739 2710 808; x_wconf 87' lang='lat' dir='ltr'><strong>quomodo</strong></span> <span class='ocrx_word' id='word_1_511' title='bbox 2748 756 2935 796; x_wconf 89' lang='lat' dir='ltr'><strong>rursus</strong></span> <span class='ocrx_word' id='word_1_512' title='bbox 2984 744 3216 813; x_wconf 88' lang='lat' dir='ltr'><strong>potuerit</strong></span> <span class='ocrx_word' id='word_1_513' title='bbox 3258 743 3551 814; x_wconf 85' lang='lat' dir='ltr'><strong>baptizari?</strong></span> <span class='ocrx_word' id='word_1_514' title='bbox 3580 746 3796 803; x_wconf 84' lang='lat' dir='ltr'><strong>Duobus</strong></span> 
     </span>
    </p>
   </div>
   <div class='ocr_carea' id='block_1_64' title="bbox 2220 830 3800 906">
    <p class='ocr_par' dir='ltr' id='par_1_64' title="bbox 2220 830 3800 906">
     <span class='ocr_line' id='line_1_64' title="bbox 2220 830 3800 906; baseline 0.007 -25"><span class='ocrx_word' id='word_1_515' title='bbox 2220 841 2348 897; x_wconf 82' lang='lat' dir='ltr'><strong>ergo</strong></span> <span class='ocrx_word' id='word_1_516' title='bbox 2377 830 2551 883; x_wconf 91' lang='lat' dir='ltr'><strong>modis</strong></span> <span class='ocrx_word' id='word_1_517' title='bbox 2582 846 2693 884; x_wconf 89' lang='lat' dir='ltr'><strong>rem</strong></span> <span class='ocrx_word' id='word_1_518' title='bbox 2720 831 2855 886; x_wconf 84' lang='lat' dir='ltr'><strong>dixit</strong></span> <span class='ocrx_word' id='word_1_519' title='bbox 2879 848 2985 887; x_wconf 90' lang='lat' dir='ltr'><strong>non</strong></span> <span class='ocrx_word' id='word_1_520' title='bbox 3018 848 3174 903; x_wconf 89' lang='lat' dir='ltr'><strong>posse</strong></span> <span class='ocrx_word' id='word_1_521' title='bbox 3201 833 3337 900; x_wconf 85' lang='lat' dir='ltr'><strong>ﬁeri,</strong></span> <span class='ocrx_word' id='word_1_522' title='bbox 3367 843 3425 890; x_wconf 85' lang='lat' dir='ltr'><strong>et</strong></span> <span class='ocrx_word' id='word_1_523' title='bbox 3449 851 3571 890; x_wconf 86' lang='lat' dir='ltr'><strong>eum</strong></span> <span class='ocrx_word' id='word_1_524' title='bbox 3602 839 3688 906; x_wconf 91' lang='lat' dir='ltr'><strong>qui</strong></span> <span class='ocrx_word' id='word_1_525' title='bbox 3714 848 3800 894; x_wconf 82' lang='lat' dir='ltr'><strong>est</strong></span> 
     </span>
    </p>
   </div>
   <div class='ocr_carea' id='block_1_65' title="bbox 2220 918 3792 997">
    <p class='ocr_par' dir='ltr' id='par_1_65' title="bbox 2220 918 3792 997">
     <span class='ocr_line' id='line_1_65' title="bbox 2220 918 3792 997; baseline 0.008 -26"><span class='ocrx_word' id='word_1_526' title='bbox 2220 918 2425 973; x_wconf 83' lang='lat' dir='ltr'><strong>tirmior</strong></span> <span class='ocrx_word' id='word_1_527' title='bbox 2454 928 2510 973; x_wconf 90' lang='lat' dir='ltr'><strong>et</strong></span> <span class='ocrx_word' id='word_1_528' title='bbox 2556 920 2780 976; x_wconf 82' lang='lat' dir='ltr'><strong>validior</strong></span> <span class='ocrx_word' id='word_1_529' title='bbox 2825 923 3004 992; x_wconf 88' lang='lat' dir='ltr'><strong>posuit</strong></span> <span class='ocrx_word' id='word_1_530' title='bbox 3052 924 3319 993; x_wconf 85' lang='lat' dir='ltr'><strong>posterius</strong></span> <span class='ocrx_word' id='word_1_531' title='bbox 3354 942 3367 978; x_wconf 89' lang='lat'><strong>:</strong></span> <span class='ocrx_word' id='word_1_532' title='bbox 3401 942 3508 980; x_wconf 89' lang='lat' dir='ltr'><strong>uno</strong></span> <span class='ocrx_word' id='word_1_533' title='bbox 3557 927 3792 997; x_wconf 86' lang='lat' dir='ltr'><strong>quidem,</strong></span> 
     </span>
    </p>
   </div>
   <div class='ocr_carea' id='block_1_66' title="bbox 2216 1011 3797 1088">
    <p class='ocr_par' dir='ltr' id='par_1_66' title="bbox 2216 1011 3797 1088">
     <span class='ocr_line' id='line_1_66' title="bbox 2216 1011 3797 1088; baseline 0.006 -23"><span class='ocrx_word' id='word_1_534' title='bbox 2216 1011 2358 1081; x_wconf 86' lang='lat' dir='ltr'><strong>quod</strong></span> <span class='ocrx_word' id='word_1_535' title='bbox 2383 1027 2485 1067; x_wconf 92' lang='lat' dir='ltr'><strong>non</strong></span> <span class='ocrx_word' id='word_1_536' title='bbox 2505 1021 2586 1067; x_wconf 86' lang='lat' dir='ltr'><strong>est</strong></span> <span class='ocrx_word' id='word_1_537' title='bbox 2602 1013 2814 1083; x_wconf 87' lang='lat' dir='ltr'><strong>digntts,</strong></span> <span class='ocrx_word' id='word_1_538' title='bbox 2841 1015 2931 1085; x_wconf 88' lang='lat' dir='ltr'><strong>qui</strong></span> <span class='ocrx_word' id='word_1_539' title='bbox 2955 1024 3038 1070; x_wconf 90' lang='lat' dir='ltr'><strong>est</strong></span> <span class='ocrx_word' id='word_1_540' title='bbox 3060 1017 3223 1071; x_wconf 89' lang='lat' dir='ltr'><strong>rebus</strong></span> <span class='ocrx_word' id='word_1_541' title='bbox 3245 1018 3504 1085; x_wconf 78' lang='lat' dir='ltr'><strong>ejusmodi</strong></span> <span class='ocrx_word' id='word_1_542' title='bbox 3526 1019 3797 1088; x_wconf 85' lang='lat' dir='ltr'><strong>dignatus,</strong></span> 
     </span>
    </p>
   </div>
   <div class='ocr_carea' id='block_1_67' title="bbox 2221 1105 3802 1179">
    <p class='ocr_par' dir='ltr' id='par_1_67' title="bbox 2221 1105 3802 1179">
     <span class='ocr_line' id='line_1_67' title="bbox 2221 1105 3802 1179; baseline 0.005 -20"><span class='ocrx_word' id='word_1_543' title='bbox 2221 1112 2275 1159; x_wconf 91' lang='lat' dir='ltr'><strong>ct</strong></span> <span class='ocrx_word' id='word_1_544' title='bbox 2300 1105 2479 1160; x_wconf 87' lang='lat' dir='ltr'><strong>omnia</strong></span> <span class='ocrx_word' id='word_1_545' title='bbox 2508 1121 2628 1176; x_wconf 70' lang='lat' dir='ltr'><strong>quae</strong></span> <span class='ocrx_word' id='word_1_546' title='bbox 2656 1107 2760 1162; x_wconf 91' lang='lat' dir='ltr'><strong>sibi</strong></span> <span class='ocrx_word' id='word_1_547' title='bbox 2799 1117 2925 1162; x_wconf 90' lang='lat' dir='ltr'><strong>sunt</strong></span> <span class='ocrx_word' id='word_1_548' title='bbox 2966 1109 3161 1164; x_wconf 86' lang='lat' dir='ltr'><strong>donata</strong></span> <span class='ocrx_word' id='word_1_549' title='bbox 3204 1109 3458 1179; x_wconf 81' lang='lat' dir='ltr'><strong>prodidit,</strong></span> <span class='ocrx_word' id='word_1_550' title='bbox 3510 1119 3568 1165; x_wconf 91' lang='lat' dir='ltr'><strong>ut</strong></span> <span class='ocrx_word' id='word_1_551' title='bbox 3611 1128 3802 1167; x_wconf 84' lang='lat' dir='ltr'><strong>rursus</strong></span> 
     </span>
    </p>
   </div>
   <div class='ocr_carea' id='block_1_68' title="bbox 2221 1198 3798 1271">
    <p class='ocr_par' dir='ltr' id='par_1_68' title="bbox 2221 1198 3798 1271">
     <span class='ocr_line' id='line_1_68' title="bbox 2221 1198 3798 1271; baseline 0.006 -21"><span class='ocrx_word' id='word_1_552' title='bbox 2221 1205 2540 1261; x_wconf 80' lang='lat' dir='ltr'><strong>renovetur;</strong></span> <span class='ocrx_word' id='word_1_553' title='bbox 2569 1198 2761 1265; x_wconf 88' lang='lat' dir='ltr'><strong>altero,</strong></span> <span class='ocrx_word' id='word_1_554' title='bbox 2795 1199 2936 1269; x_wconf 91' lang='lat' dir='ltr'><strong>quod</strong></span> <span class='ocrx_word' id='word_1_555' title='bbox 2966 1200 3078 1255; x_wconf 81' lang='lat' dir='ltr'><strong>ﬁeri</strong></span> <span class='ocrx_word' id='word_1_556' title='bbox 3106 1215 3210 1254; x_wconf 88' lang='lat' dir='ltr'><strong>non</strong></span> <span class='ocrx_word' id='word_1_557' title='bbox 3240 1211 3417 1269; x_wconf 88' lang='lat' dir='ltr'><strong>potest</strong></span> <span class='ocrx_word' id='word_1_558' title='bbox 3448 1213 3503 1256; x_wconf 89' lang='lat' dir='ltr'><strong>ut</strong></span> <span class='ocrx_word' id='word_1_559' title='bbox 3534 1203 3648 1271; x_wconf 87' lang='lat' dir='ltr'><strong>ipse</strong></span> <span class='ocrx_word' id='word_1_560' title='bbox 3671 1219 3798 1260; x_wconf 85' lang='lat' dir='ltr'><strong>rur-</strong></span> 
     </span>
    </p>
   </div>
   <div class='ocr_carea' id='block_1_69' title="bbox 2218 1285 3795 1359">
    <p class='ocr_par' dir='ltr' id='par_1_69' title="bbox 2218 1285 3795 1359">
     <span class='ocr_line' id='line_1_69' title="bbox 2218 1285 3795 1359; baseline 0.007 -20"><span class='ocrx_word' id='word_1_561' title='bbox 2218 1301 2310 1339; x_wconf 89' lang='lat' dir='ltr'><strong>sus</strong></span> <span class='ocrx_word' id='word_1_562' title='bbox 2337 1288 2714 1355; x_wconf 78' lang='lat' dir='ltr'><strong>crucitigatur:</strong></span> <span class='ocrx_word' id='word_1_563' title='bbox 2745 1285 2848 1342; x_wconf 87' lang='lat' dir='ltr'><strong>hoc</strong></span> <span class='ocrx_word' id='word_1_564' title='bbox 2872 1288 3013 1343; x_wconf 88' lang='lat' dir='ltr'><strong>enim</strong></span> <span class='ocrx_word' id='word_1_565' title='bbox 3045 1298 3128 1344; x_wconf 91' lang='lat' dir='ltr'><strong>est</strong></span> <span class='ocrx_word' id='word_1_566' title='bbox 3164 1292 3400 1345; x_wconf 89' lang='lat' dir='ltr'><strong>ostentui</strong></span> <span class='ocrx_word' id='word_1_567' title='bbox 3442 1290 3661 1359; x_wconf 88' lang='lat' dir='ltr'><strong>habere,</strong></span> <span class='ocrx_word' id='word_1_568' title='bbox 3693 1307 3795 1349; x_wconf 86' lang='lat' dir='ltr'><strong>seu</strong></span> 
     </span>
    </p>
   </div>
   <div class='ocr_carea' id='block_1_70' title="bbox 2218 1374 3797 1447">
    <p class='ocr_par' dir='ltr' id='par_1_70' title="bbox 2218 1374 3797 1447">
     <span class='ocr_line' id='line_1_70' title="bbox 2218 1374 3797 1447; baseline 0.007 -18"><span class='ocrx_word' id='word_1_569' title='bbox 2218 1375 2519 1431; x_wconf 87' lang='lat' dir='ltr'><strong>traducere.</strong></span> <span class='ocrx_word' id='word_1_570' title='bbox 2537 1374 2656 1431; x_wconf 83' lang='lat' dir='ltr'><strong>Non</strong></span> <span class='ocrx_word' id='word_1_571' title='bbox 2675 1384 2759 1433; x_wconf 91' lang='lat' dir='ltr'><strong>est</strong></span> <span class='ocrx_word' id='word_1_572' title='bbox 2778 1393 2927 1447; x_wconf 81' lang='lat' dir='ltr'><strong>ergo,</strong></span> <span class='ocrx_word' id='word_1_573' title='bbox 2951 1392 3056 1433; x_wconf 91' lang='lat' dir='ltr'><strong>non</strong></span> <span class='ocrx_word' id='word_1_574' title='bbox 3082 1387 3165 1434; x_wconf 90' lang='lat' dir='ltr'><strong>est</strong></span> <span class='ocrx_word' id='word_1_575' title='bbox 3187 1379 3479 1434; x_wconf 88' lang='lat' dir='ltr'><strong>secundum</strong></span> <span class='ocrx_word' id='word_1_576' title='bbox 3501 1380 3797 1442; x_wconf 86' lang='lat' dir='ltr'><strong>lavacrum:</strong></span> 
     </span>
    </p>
   </div>
   <div class='ocr_carea' id='block_1_71' title="bbox 2217 1467 3796 1544">
    <p class='ocr_par' dir='ltr' id='par_1_71' title="bbox 2217 1467 3796 1544">
     <span class='ocr_line' id='line_1_71' title="bbox 2217 1467 3796 1544; baseline 0.006 -22"><span class='ocrx_word' id='word_1_577' title='bbox 2217 1467 2262 1523; x_wconf 90' lang='lat' dir='ltr'><strong>si</strong></span> <span class='ocrx_word' id='word_1_578' title='bbox 2289 1477 2370 1523; x_wconf 92' lang='lat' dir='ltr'><strong>est</strong></span> <span class='ocrx_word' id='word_1_579' title='bbox 2398 1478 2599 1536; x_wconf 87' lang='lat' dir='ltr'><strong>autem,</strong></span> <span class='ocrx_word' id='word_1_580' title='bbox 2642 1478 2727 1525; x_wconf 90' lang='lat' dir='ltr'><strong>est</strong></span> <span class='ocrx_word' id='word_1_581' title='bbox 2766 1471 2983 1525; x_wconf 89' lang='lat' dir='ltr'><strong>tertium</strong></span> <span class='ocrx_word' id='word_1_582' title='bbox 3025 1471 3185 1525; x_wconf 88' lang='lat' dir='ltr'><strong>etiam</strong></span> <span class='ocrx_word' id='word_1_583' title='bbox 3232 1480 3287 1526; x_wconf 91' lang='lat' dir='ltr'><strong>et</strong></span> <span class='ocrx_word' id='word_1_584' title='bbox 3334 1483 3617 1542; x_wconf 87' lang='lat' dir='ltr'><strong>quartum:</strong></span> <span class='ocrx_word' id='word_1_585' title='bbox 3650 1476 3796 1544; x_wconf 87' lang='lat' dir='ltr'><strong>prius</strong></span> 
     </span>
    </p>
   </div>
   <div class='ocr_carea' id='block_1_72' title="bbox 2217 1560 3799 1636">
    <p class='ocr_par' dir='ltr' id='par_1_72' title="bbox 2217 1560 3799 1636">
     <span class='ocr_line' id='line_1_72' title="bbox 2217 1560 3799 1636; baseline 0.006 -21"><span class='ocrx_word' id='word_1_586' title='bbox 2217 1561 2359 1615; x_wconf 84' lang='lat' dir='ltr'><strong>enim</strong></span> <span class='ocrx_word' id='word_1_587' title='bbox 2390 1576 2602 1631; x_wconf 89' lang='lat' dir='ltr'><strong>semper</strong></span> <span class='ocrx_word' id='word_1_588' title='bbox 2627 1560 2941 1617; x_wconf 84' lang='lat' dir='ltr'><strong>dissolvitur</strong></span> <span class='ocrx_word' id='word_1_589' title='bbox 2967 1579 2997 1617; x_wconf 87' lang='lat' dir='ltr'><strong>a</strong></span> <span class='ocrx_word' id='word_1_590' title='bbox 3027 1564 3341 1633; x_wconf 83' lang='lat' dir='ltr'><strong>posteriori,</strong></span> <span class='ocrx_word' id='word_1_591' title='bbox 3366 1575 3420 1619; x_wconf 90' lang='lat' dir='ltr'><strong>et</strong></span> <span class='ocrx_word' id='word_1_592' title='bbox 3446 1565 3548 1620; x_wconf 86' lang='lat' dir='ltr'><strong>hoc</strong></span> <span class='ocrx_word' id='word_1_593' title='bbox 3582 1581 3799 1636; x_wconf 75' lang='lat' dir='ltr'><strong>semper.</strong></span> 
     </span>
    </p>
   </div>
   <div class='ocr_carea' id='block_1_73' title="bbox 2217 1652 3794 1723">
    <p class='ocr_par' dir='ltr' id='par_1_73' title="bbox 2217 1652 3794 1723">
     <span class='ocr_line' id='line_1_73' title="bbox 2217 1652 3794 1723; baseline 0.006 -19"><span class='ocrx_word' id='word_1_594' title='bbox 2217 1652 2285 1705; x_wconf 86' lang='lat' dir='ltr'><strong>ab</strong></span> <span class='ocrx_word' id='word_1_595' title='bbox 2307 1653 2444 1717; x_wconf 91' lang='lat' dir='ltr'><strong>alio;</strong></span> <span class='ocrx_word' id='word_1_596' title='bbox 2477 1652 2639 1722; x_wconf 89' lang='lat' dir='ltr'><strong>idque</strong></span> <span class='ocrx_word' id='word_1_597' title='bbox 2664 1654 2719 1707; x_wconf 86' lang='lat' dir='ltr'><strong>in</strong></span> <span class='ocrx_word' id='word_1_598' title='bbox 2750 1653 3035 1707; x_wconf 83' lang='lat' dir='ltr'><strong>inﬁnitum.</strong></span> <span class='ocrx_word' id='word_1_599' title='bbox 3059 1653 3192 1708; x_wconf 88' lang='lat' dir='ltr'><strong>Cum</strong></span> <span class='ocrx_word' id='word_1_600' title='bbox 3214 1654 3438 1710; x_wconf 81' lang='lat' dir='ltr'><strong>dixisset</strong></span> <span class='ocrx_word' id='word_1_601' title='bbox 3463 1665 3660 1723; x_wconf 82' lang='lat' dir='ltr'><strong>autem,</strong></span> <span class='ocrx_word' id='word_1_602' title='bbox 3683 1659 3794 1713; x_wconf 85' lang='lat' dir='ltr'><strong>Gu-</strong></span> 
     </span>
    </p>
   </div>
   <div class='ocr_carea' id='block_1_74' title="bbox 2215 1746 3807 1823">
    <p class='ocr_par' dir='ltr' id='par_1_74' title="bbox 2215 1746 3807 1823">
     <span class='ocr_line' id='line_1_74' title="bbox 2215 1746 3807 1823; baseline 0.006 -24"><span class='ocrx_word' id='word_1_603' title='bbox 2215 1755 2470 1801; x_wconf 80' lang='lat' dir='ltr'><strong>staverunt</strong></span> <span class='ocrx_word' id='word_1_604' title='bbox 2485 1747 2669 1801; x_wconf 89' lang='lat' dir='ltr'><strong>bonum</strong></span> <span class='ocrx_word' id='word_1_605' title='bbox 2693 1746 2790 1801; x_wconf 85' lang='lat' dir='ltr'><strong>Dei</strong></span> <span class='ocrx_word' id='word_1_606' title='bbox 2803 1749 3026 1809; x_wconf 83' lang='lat' dir='ltr'><strong>verbum,</strong></span> <span class='ocrx_word' id='word_1_607' title='bbox 3049 1750 3349 1820; x_wconf 75' lang='lat' dir='ltr'><strong>virtutesque</strong></span> <span class='ocrx_word' id='word_1_608' title='bbox 3372 1753 3547 1806; x_wconf 75' lang='lat' dir='ltr'><strong>sa&#39;cuti</strong></span> <span class='ocrx_word' id='word_1_609' title='bbox 3565 1755 3757 1809; x_wconf 80' lang='lat' dir='ltr'><strong>venturi</strong></span> <span class='ocrx_word' id='word_1_610' title='bbox 3772 1772 3807 1823; x_wconf 82' lang='lat'><strong>,&#39;.</strong></span> 
     </span>
    </p>
   </div>
   <div class='ocr_carea' id='block_1_75' title="bbox 2219 1837 3797 1907">
    <p class='ocr_par' dir='ltr' id='par_1_75' title="bbox 2219 1837 3797 1907">
     <span class='ocr_line' id='line_1_75' title="bbox 2219 1837 3797 1907; baseline 0.006 -15"><span class='ocrx_word' id='word_1_611' title='bbox 2219 1852 2325 1892; x_wconf 86' lang='lat' dir='ltr'><strong>non</strong></span> <span class='ocrx_word' id='word_1_612' title='bbox 2355 1837 2409 1891; x_wconf 91' lang='lat' dir='ltr'><strong>id</strong></span> <span class='ocrx_word' id='word_1_613' title='bbox 2434 1838 2685 1907; x_wconf 77' lang='lat' dir='ltr'><strong>explicat,</strong></span> <span class='ocrx_word' id='word_1_614' title='bbox 2714 1838 2807 1893; x_wconf 85' lang='lat' dir='ltr'><strong>sed</strong></span> <span class='ocrx_word' id='word_1_615' title='bbox 2834 1838 3159 1906; x_wconf 86' lang='lat' dir='ltr'><strong>subindicat,</strong></span> <span class='ocrx_word' id='word_1_616' title='bbox 3191 1854 3253 1894; x_wconf 91' lang='lat' dir='ltr'><strong>ac</strong></span> <span class='ocrx_word' id='word_1_617' title='bbox 3273 1842 3315 1894; x_wconf 91' lang='lat' dir='ltr'><strong>si</strong></span> <span class='ocrx_word' id='word_1_618' title='bbox 3345 1840 3583 1897; x_wconf 87' lang='lat' dir='ltr'><strong>diceret:</strong></span> <span class='ocrx_word' id='word_1_619' title='bbox 3610 1844 3797 1901; x_wconf 83' lang='lat' dir='ltr'><strong>vivere</strong></span> 
     </span>
    </p>
   </div>
   <div class='ocr_carea' id='block_1_76' title="bbox 2211 1929 3795 2002">
    <p class='ocr_par' dir='ltr' id='par_1_76' title="bbox 2211 1929 3795 2002">
     <span class='ocr_line' id='line_1_76' title="bbox 2211 1929 3795 2002; baseline 0.01 -23"><span class='ocrx_word' id='word_1_620' title='bbox 2211 1933 2478 1996; x_wconf 83' lang='lat' dir='ltr'><strong>tamquam</strong></span> <span class='ocrx_word' id='word_1_621' title='bbox 2512 1929 2754 1999; x_wconf 85' lang='lat' dir='ltr'><strong>angelos,</strong></span> <span class='ocrx_word' id='word_1_622' title='bbox 2783 1945 2849 1986; x_wconf 81' lang='lat' dir='ltr'><strong>ex</strong></span> <span class='ocrx_word' id='word_1_623' title='bbox 2881 1931 2953 1987; x_wconf 86' lang='lat' dir='ltr'><strong>iis</strong></span> <span class='ocrx_word' id='word_1_624' title='bbox 2975 1948 3093 2002; x_wconf 70' lang='lat' dir='ltr'><strong>quae</strong></span> <span class='ocrx_word' id='word_1_625' title='bbox 3132 1933 3217 1989; x_wconf 91' lang='lat' dir='ltr'><strong>hic</strong></span> <span class='ocrx_word' id='word_1_626' title='bbox 3253 1944 3381 1990; x_wconf 88' lang='lat' dir='ltr'><strong>sunt</strong></span> <span class='ocrx_word' id='word_1_627' title='bbox 3421 1937 3614 1992; x_wconf 82' lang='lat' dir='ltr'><strong>nuliius</strong></span> <span class='ocrx_word' id='word_1_628' title='bbox 3650 1940 3795 1995; x_wconf 79' lang='lat' dir='ltr'><strong>iudi-</strong></span> 
     </span>
    </p>
   </div>
   <div class='ocr_carea' id='block_1_77' title="bbox 2216 2016 3785 2094">
    <p class='ocr_par' dir='ltr' id='par_1_77' title="bbox 2216 2016 3785 2094">
     <span class='ocr_line' id='line_1_77' title="bbox 2216 2016 3785 2094; baseline 0.012 -27"><span class='ocrx_word' id='word_1_629' title='bbox 2216 2030 2365 2085; x_wconf 82' lang='lat' dir='ltr'><strong>gere,</strong></span> <span class='ocrx_word' id='word_1_630' title='bbox 2396 2016 2533 2073; x_wconf 88' lang='lat' dir='ltr'><strong>scire</strong></span> <span class='ocrx_word' id='word_1_631' title='bbox 2559 2019 2699 2088; x_wconf 85' lang='lat' dir='ltr'><strong>quod</strong></span> <span class='ocrx_word' id='word_1_632' title='bbox 2731 2020 2961 2076; x_wconf 81' lang='lat' dir='ltr'><strong>ﬁliorum</strong></span> <span class='ocrx_word' id='word_1_633' title='bbox 2990 2022 3203 2094; x_wconf 86' lang='lat' dir='ltr'><strong>adoptio</strong></span> <span class='ocrx_word' id='word_1_634' title='bbox 3232 2026 3385 2081; x_wconf 88' lang='lat' dir='ltr'><strong>nobis</strong></span> <span class='ocrx_word' id='word_1_635' title='bbox 3416 2025 3579 2083; x_wconf 83' lang='lat' dir='ltr'><strong>futuri</strong></span> <span class='ocrx_word' id='word_1_636' title='bbox 3602 2033 3785 2086; x_wconf 58' lang='lat' dir='ltr'><strong>surculi</strong></span> 
     </span>
    </p>
   </div>
   <div class='ocr_carea' id='block_1_78' title="bbox 2213 2104 3791 2192">
    <p class='ocr_par' dir='ltr' id='par_1_78' title="bbox 2213 2104 3791 2192">
     <span class='ocr_line' id='line_1_78' title="bbox 2213 2104 3791 2192; baseline 0.01 -33"><span class='ocrx_word' id='word_1_637' title='bbox 2213 2104 2351 2161; x_wconf 82' lang='lat' dir='ltr'><strong>bona</strong></span> <span class='ocrx_word' id='word_1_638' title='bbox 2414 2108 2686 2176; x_wconf 89' lang='lat' dir='ltr'><strong>attribuat,</strong></span> <span class='ocrx_word' id='word_1_639' title='bbox 2741 2121 3050 2180; x_wconf 81' lang='lat' dir='ltr'><strong>exspectare</strong></span> <span class='ocrx_word' id='word_1_640' title='bbox 3103 2114 3481 2172; x_wconf 89' lang='lat' dir='ltr'><strong>admissionem</strong></span> <span class='ocrx_word' id='word_1_641' title='bbox 3530 2120 3583 2173; x_wconf 86' lang='lat' dir='ltr'><strong>in</strong></span> <span class='ocrx_word' id='word_1_642' title='bbox 3631 2120 3791 2192; x_wconf 81' lang='lat' dir='ltr'><strong>adyta</strong></span> 
     </span>
    </p>
   </div>
   <div class='ocr_carea' id='block_1_79' title="bbox 2219 2195 3790 2275">
    <p class='ocr_par' dir='ltr' id='par_1_79' title="bbox 2219 2195 3790 2275">
     <span class='ocr_line' id='line_1_79' title="bbox 2219 2195 3790 2275; baseline 0.011 -26"><span class='ocrx_word' id='word_1_643' title='bbox 2219 2195 2303 2251; x_wconf 86' lang='lat' dir='ltr'><strong>illa</strong></span> <span class='ocrx_word' id='word_1_644' title='bbox 2333 2214 2345 2249; x_wconf 95' lang='lat'><strong>:</strong></span> <span class='ocrx_word' id='word_1_645' title='bbox 2376 2195 2490 2252; x_wconf 69' lang='lat' dir='ltr'><strong>hrc</strong></span> <span class='ocrx_word' id='word_1_646' title='bbox 2535 2200 2661 2254; x_wconf 86' lang='lat' dir='ltr'><strong>licet</strong></span> <span class='ocrx_word' id='word_1_647' title='bbox 2687 2215 2779 2269; x_wconf 90' lang='lat' dir='ltr'><strong>per</strong></span> <span class='ocrx_word' id='word_1_648' title='bbox 2821 2203 3065 2271; x_wconf 86' lang='lat' dir='ltr'><strong>spiritum</strong></span> <span class='ocrx_word' id='word_1_649' title='bbox 3099 2203 3325 2262; x_wconf 89' lang='lat' dir='ltr'><strong>discere.</strong></span> <span class='ocrx_word' id='word_1_650' title='bbox 3358 2207 3614 2273; x_wconf 70' lang='lat' dir='ltr'><strong>Qumnam</strong></span> <span class='ocrx_word' id='word_1_651' title='bbox 3644 2222 3790 2275; x_wconf 88' lang='lat' dir='ltr'><strong>sunt,</strong></span> 
     </span>
    </p>
   </div>
   <div class='ocr_carea' id='block_1_80' title="bbox 2227 2282 3793 2368">
    <p class='ocr_par' dir='ltr' id='par_1_80' title="bbox 2227 2282 3793 2368">
     <span class='ocr_line' id='line_1_80' title="bbox 2227 2282 3793 2368; baseline 0.013 -33"><span class='ocrx_word' id='word_1_652' title='bbox 2227 2282 2447 2341; x_wconf 82' lang='lat' dir='ltr'><strong>Virtutes</strong></span> <span class='ocrx_word' id='word_1_653' title='bbox 2492 2289 2655 2358; x_wconf 77' lang='lat' dir='ltr'><strong>futuri</strong></span> <span class='ocrx_word' id='word_1_654' title='bbox 2698 2292 2916 2345; x_wconf 63' lang='lat' dir='ltr'><strong>saeculi?</strong></span> <span class='ocrx_word' id='word_1_655' title='bbox 2947 2292 3061 2346; x_wconf 73' lang='lat' dir='ltr'><strong>Vita</strong></span> <span class='ocrx_word' id='word_1_656' title='bbox 3111 2305 3331 2361; x_wconf 81' lang='lat' dir='ltr'><strong>:eterua,</strong></span> <span class='ocrx_word' id='word_1_657' title='bbox 3376 2300 3615 2368; x_wconf 88' lang='lat' dir='ltr'><strong>angelica</strong></span> <span class='ocrx_word' id='word_1_658' title='bbox 3669 2301 3793 2356; x_wconf 75' lang='lat' dir='ltr'><strong>vitas</strong></span> 
     </span>
    </p>
   </div>
   <div class='ocr_carea' id='block_1_81' title="bbox 2216 2376 3793 2459">
    <p class='ocr_par' dir='ltr' id='par_1_81' title="bbox 2216 2376 3793 2459">
     <span class='ocr_line' id='line_1_81' title="bbox 2216 2376 3793 2459; baseline 0.011 -30"><span class='ocrx_word' id='word_1_659' title='bbox 2216 2376 2496 2432; x_wconf 84' lang='lat' dir='ltr'><strong>institutio.</strong></span> <span class='ocrx_word' id='word_1_660' title='bbox 2526 2379 2725 2434; x_wconf 90' lang='lat' dir='ltr'><strong>llorum</strong></span> <span class='ocrx_word' id='word_1_661' title='bbox 2767 2381 2877 2451; x_wconf 89' lang='lat' dir='ltr'><strong>jam</strong></span> <span class='ocrx_word' id='word_1_662' title='bbox 2924 2384 3140 2439; x_wconf 88' lang='lat' dir='ltr'><strong>arrham</strong></span> <span class='ocrx_word' id='word_1_663' title='bbox 3170 2388 3473 2456; x_wconf 89' lang='lat' dir='ltr'><strong>accepimus</strong></span> <span class='ocrx_word' id='word_1_664' title='bbox 3506 2405 3603 2459; x_wconf 90' lang='lat' dir='ltr'><strong>per</strong></span> <span class='ocrx_word' id='word_1_665' title='bbox 3631 2390 3793 2446; x_wconf 74' lang='lat' dir='ltr'><strong>(idem</strong></span> 
     </span>
    </p>
   </div>
   <div class='ocr_carea' id='block_1_82' title="bbox 2213 2467 3793 2547">
    <p class='ocr_par' dir='ltr' id='par_1_82' title="bbox 2213 2467 3793 2547">
     <span class='ocr_line' id='line_1_82' title="bbox 2213 2467 3793 2547; baseline 0.011 -28"><span class='ocrx_word' id='word_1_666' title='bbox 2213 2481 2240 2519; x_wconf 91' lang='lat' dir='ltr'><strong>a</strong></span> <span class='ocrx_word' id='word_1_667' title='bbox 2270 2467 2492 2537; x_wconf 81' lang='lat' dir='ltr'><strong>Spiritu.</strong></span> <span class='ocrx_word' id='word_1_668' title='bbox 2544 2470 2641 2525; x_wconf 89' lang='lat' dir='ltr'><strong>Dic</strong></span> <span class='ocrx_word' id='word_1_669' title='bbox 2695 2487 2843 2542; x_wconf 84' lang='lat' dir='ltr'><strong>ergo,</strong></span> <span class='ocrx_word' id='word_1_670' title='bbox 2894 2476 2938 2528; x_wconf 90' lang='lat' dir='ltr'><strong>si</strong></span> <span class='ocrx_word' id='word_1_671' title='bbox 2993 2474 3045 2528; x_wconf 89' lang='lat' dir='ltr'><strong>in</strong></span> <span class='ocrx_word' id='word_1_672' title='bbox 3104 2478 3305 2547; x_wconf 87' lang='lat' dir='ltr'><strong>regiam</strong></span> <span class='ocrx_word' id='word_1_673' title='bbox 3352 2494 3502 2535; x_wconf 87' lang='lat' dir='ltr'><strong>esses</strong></span> <span class='ocrx_word' id='word_1_674' title='bbox 3547 2481 3793 2537; x_wconf 83' lang='lat' dir='ltr'><strong>introdu—</strong></span> 
     </span>
    </p>
   </div>
   <div class='ocr_carea' id='block_1_83' title="bbox 2214 2567 3803 2644">
    <p class='ocr_par' dir='ltr' id='par_1_83' title="bbox 2214 2567 3803 2644">
     <span class='ocr_line' id='line_1_83' title="bbox 2214 2567 3803 2644; baseline 0.011 -30"><span class='ocrx_word' id='word_1_675' title='bbox 2214 2569 2350 2626; x_wconf 76' lang='lat' dir='ltr'><strong>ctus,</strong></span> <span class='ocrx_word' id='word_1_676' title='bbox 2402 2572 2455 2615; x_wconf 89' lang='lat' dir='ltr'><strong>et</strong></span> <span class='ocrx_word' id='word_1_677' title='bbox 2498 2578 2615 2632; x_wconf 79' lang='lat' dir='ltr'><strong>qua:</strong></span> <span class='ocrx_word' id='word_1_678' title='bbox 2658 2575 2784 2619; x_wconf 91' lang='lat' dir='ltr'><strong>sunt</strong></span> <span class='ocrx_word' id='word_1_679' title='bbox 2834 2567 2944 2622; x_wconf 71' lang='lat' dir='ltr'><strong>illic</strong></span> <span class='ocrx_word' id='word_1_680' title='bbox 2990 2570 3167 2624; x_wconf 87' lang='lat' dir='ltr'><strong>omnia</strong></span> <span class='ocrx_word' id='word_1_681' title='bbox 3201 2571 3293 2627; x_wconf 89' lang='lat' dir='ltr'><strong>tibi</strong></span> <span class='ocrx_word' id='word_1_682' title='bbox 3334 2584 3515 2629; x_wconf 82' lang='lat' dir='ltr'><strong>essent</strong></span> <span class='ocrx_word' id='word_1_683' title='bbox 3561 2575 3803 2644; x_wconf 68' lang='lat' dir='ltr'><strong>credita,</strong></span> 
     </span>
    </p>
   </div>
   <div class='ocr_carea' id='block_1_84' title="bbox 2212 2650 3790 2724">
    <p class='ocr_par' dir='ltr' id='par_1_84' title="bbox 2212 2650 3790 2724">
     <span class='ocr_line' id='line_1_84' title="bbox 2212 2650 3790 2724; baseline 0.012 -21"><span class='ocrx_word' id='word_1_684' title='bbox 2212 2650 2406 2705; x_wconf 87' lang='lat' dir='ltr'><strong>deinde</strong></span> <span class='ocrx_word' id='word_1_685' title='bbox 2434 2652 2764 2722; x_wconf 88' lang='lat' dir='ltr'><strong>prodidisses</strong></span> <span class='ocrx_word' id='word_1_686' title='bbox 2804 2659 3002 2724; x_wconf 89' lang='lat' dir='ltr'><strong>omnia,</strong></span> <span class='ocrx_word' id='word_1_687' title='bbox 3046 2675 3180 2716; x_wconf 81' lang='lat' dir='ltr'><strong>eane</strong></span> <span class='ocrx_word' id='word_1_688' title='bbox 3222 2664 3313 2717; x_wconf 88' lang='lat' dir='ltr'><strong>tibi</strong></span> <span class='ocrx_word' id='word_1_689' title='bbox 3355 2679 3545 2720; x_wconf 82' lang='lat' dir='ltr'><strong>rursus</strong></span> <span class='ocrx_word' id='word_1_690' title='bbox 3590 2666 3790 2722; x_wconf 82' lang='lat' dir='ltr'><strong>crede-</strong></span> 
     </span>
    </p>
   </div>
   <div class='ocr_carea' id='block_1_85' title="bbox 2212 2743 2430 2796">
    <p class='ocr_par' dir='ltr' id='par_1_85' title="bbox 2212 2743 2430 2796">
     <span class='ocr_line' id='line_1_85' title="bbox 2212 2743 2430 2796; baseline 0.005 -1"><span class='ocrx_word' id='word_1_691' title='bbox 2212 2743 2430 2796; x_wconf 85' lang='lat' dir='ltr'><strong>rentur?</strong></span> 
     </span>
    </p>
   </div>
   <div class='ocr_carea' id='block_1_86' title="bbox 2283 2837 3799 2921">
    <p class='ocr_par' dir='ltr' id='par_1_86' title="bbox 2283 2837 3799 2921">
     <span class='ocr_line' id='line_1_86' title="bbox 2283 2837 3799 2921; baseline 0.009 -30"><span class='ocrx_word' id='word_1_692' title='bbox 2283 2837 2336 2891; x_wconf 73' lang='grc'><strong>4.</strong></span> <span class='ocrx_word' id='word_1_693' title='bbox 2377 2837 2511 2904; x_wconf 49' lang='lat' dir='ltr'><strong>Quid</strong></span> <span class='ocrx_word' id='word_1_694' title='bbox 2540 2839 2701 2910; x_wconf 83' lang='lat' dir='ltr'><strong>ergo?</strong></span> <span class='ocrx_word' id='word_1_695' title='bbox 2728 2840 2918 2910; x_wconf 87' lang='lat' dir='ltr'><strong>inquit,</strong></span> <span class='ocrx_word' id='word_1_696' title='bbox 2951 2859 3054 2898; x_wconf 93' lang='lat' dir='ltr'><strong>non</strong></span> <span class='ocrx_word' id='word_1_697' title='bbox 3083 2854 3162 2900; x_wconf 91' lang='lat' dir='ltr'><strong>est</strong></span> <span class='ocrx_word' id='word_1_698' title='bbox 3189 2847 3532 2916; x_wconf 66' lang='lat' dir='ltr'><strong>poenitentia?</strong></span> <span class='ocrx_word' id='word_1_699' title='bbox 3554 2849 3652 2904; x_wconf 83' lang='lat' dir='ltr'><strong>Est</strong></span> <span class='ocrx_word' id='word_1_700' title='bbox 3676 2865 3799 2921; x_wconf 73' lang='lat' dir='ltr'><strong>pm-</strong></span> 
     </span>
    </p>
   </div>
   <div class='ocr_carea' id='block_1_87' title="bbox 2215 2928 3793 3011">
    <p class='ocr_par' dir='ltr' id='par_1_87' title="bbox 2215 2928 3793 3011">
     <span class='ocr_line' id='line_1_87' title="bbox 2215 2928 3793 3011; baseline 0.011 -29"><span class='ocrx_word' id='word_1_701' title='bbox 2215 2928 2433 2983; x_wconf 73' lang='lat' dir='ltr'><strong>nittnzia</strong></span> <span class='ocrx_word' id='word_1_702' title='bbox 2461 2931 2698 3000; x_wconf 82' lang='lat' dir='ltr'><strong>quidem,</strong></span> <span class='ocrx_word' id='word_1_703' title='bbox 2722 2942 2777 2986; x_wconf 88' lang='lat' dir='ltr'><strong>at</strong></span> <span class='ocrx_word' id='word_1_704' title='bbox 2801 2950 2930 2989; x_wconf 90' lang='lat' dir='ltr'><strong>vero</strong></span> <span class='ocrx_word' id='word_1_705' title='bbox 2954 2951 3055 2990; x_wconf 89' lang='lat' dir='ltr'><strong>non</strong></span> <span class='ocrx_word' id='word_1_706' title='bbox 3085 2949 3167 2991; x_wconf 89' lang='lat' dir='ltr'><strong>est</strong></span> <span class='ocrx_word' id='word_1_707' title='bbox 3188 2940 3480 2995; x_wconf 83' lang='lat' dir='ltr'><strong>secundum</strong></span> <span class='ocrx_word' id='word_1_708' title='bbox 3504 2942 3793 3011; x_wconf 80' lang='lat' dir='ltr'><strong>baptisma.</strong></span> 
     </span>
    </p>
   </div>
   <div class='ocr_carea' id='block_1_88' title="bbox 2216 3020 3798 3106">
    <p class='ocr_par' dir='ltr' id='par_1_88' title="bbox 2216 3020 3798 3106">
     <span class='ocr_line' id='line_1_88' title="bbox 2216 3020 3798 3106; baseline 0.012 -33"><span class='ocrx_word' id='word_1_709' title='bbox 2216 3020 2310 3074; x_wconf 81' lang='lat' dir='ltr'><strong>Est</strong></span> <span class='ocrx_word' id='word_1_710' title='bbox 2330 3031 2507 3076; x_wconf 86' lang='lat' dir='ltr'><strong>autem</strong></span> <span class='ocrx_word' id='word_1_711' title='bbox 2537 3024 2850 3092; x_wconf 70' lang='lat' dir='ltr'><strong>pteuitentia</strong></span> <span class='ocrx_word' id='word_1_712' title='bbox 2878 3042 2995 3096; x_wconf 67' lang='lat' dir='ltr'><strong>qua:</strong></span> <span class='ocrx_word' id='word_1_713' title='bbox 3024 3043 3270 3099; x_wconf 82' lang='lat' dir='ltr'><strong>magnam</strong></span> <span class='ocrx_word' id='word_1_714' title='bbox 3315 3030 3472 3087; x_wconf 90' lang='lat' dir='ltr'><strong>habet</strong></span> <span class='ocrx_word' id='word_1_715' title='bbox 3501 3034 3626 3099; x_wconf 92' lang='lat' dir='ltr'><strong>vim,</strong></span> <span class='ocrx_word' id='word_1_716' title='bbox 3672 3052 3798 3106; x_wconf 74' lang='lat' dir='ltr'><strong>qua:</strong></span> 
     </span>
    </p>
   </div>
   <div class='ocr_carea' id='block_1_89' title="bbox 2218 3115 3789 3191">
    <p class='ocr_par' dir='ltr' id='par_1_89' title="bbox 2218 3115 3789 3191">
     <span class='ocr_line' id='line_1_89' title="bbox 2218 3115 3789 3191; baseline 0.012 -27"><span class='ocrx_word' id='word_1_717' title='bbox 2218 3122 2395 3183; x_wconf 85' lang='lat' dir='ltr'><strong>potest</strong></span> <span class='ocrx_word' id='word_1_718' title='bbox 2421 3129 2542 3168; x_wconf 90' lang='lat' dir='ltr'><strong>eum</strong></span> <span class='ocrx_word' id='word_1_719' title='bbox 2575 3115 2662 3184; x_wconf 90' lang='lat' dir='ltr'><strong>qui</strong></span> <span class='ocrx_word' id='word_1_720' title='bbox 2691 3124 2774 3169; x_wconf 90' lang='lat' dir='ltr'><strong>est</strong></span> <span class='ocrx_word' id='word_1_721' title='bbox 2804 3119 3037 3187; x_wconf 87' lang='lat' dir='ltr'><strong>peccatis</strong></span> <span class='ocrx_word' id='word_1_722' title='bbox 3063 3119 3370 3188; x_wconf 84' lang='lat' dir='ltr'><strong>immersus,</strong></span> <span class='ocrx_word' id='word_1_723' title='bbox 3392 3123 3440 3177; x_wconf 89' lang='lat' dir='ltr'><strong>si</strong></span> <span class='ocrx_word' id='word_1_724' title='bbox 3478 3125 3622 3191; x_wconf 81' lang='lat' dir='ltr'><strong>velit,</strong></span> <span class='ocrx_word' id='word_1_725' title='bbox 3648 3127 3789 3182; x_wconf 71' lang='lat' dir='ltr'><strong>Iibe~</strong></span> 
     </span>
    </p>
   </div>
   <div class='ocr_carea' id='block_1_90' title="bbox 2216 3204 3791 3284">
    <p class='ocr_par' dir='ltr' id='par_1_90' title="bbox 2216 3204 3791 3284">
     <span class='ocr_line' id='line_1_90' title="bbox 2216 3204 3791 3284; baseline 0.01 -27"><span class='ocrx_word' id='word_1_726' title='bbox 2216 3220 2335 3259; x_wconf 85' lang='lat' dir='ltr'><strong>rare</strong></span> <span class='ocrx_word' id='word_1_727' title='bbox 2357 3204 2423 3258; x_wconf 87' lang='lat' dir='ltr'><strong>ab</strong></span> <span class='ocrx_word' id='word_1_728' title='bbox 2444 3219 2609 3259; x_wconf 88' lang='lat' dir='ltr'><strong>onere</strong></span> <span class='ocrx_word' id='word_1_729' title='bbox 2635 3216 2992 3275; x_wconf 86' lang='lat' dir='ltr'><strong>peccatorum,</strong></span> <span class='ocrx_word' id='word_1_730' title='bbox 3017 3221 3071 3264; x_wconf 91' lang='lat' dir='ltr'><strong>et</strong></span> <span class='ocrx_word' id='word_1_731' title='bbox 3087 3225 3205 3264; x_wconf 91' lang='lat' dir='ltr'><strong>eum</strong></span> <span class='ocrx_word' id='word_1_732' title='bbox 3231 3213 3319 3281; x_wconf 90' lang='lat' dir='ltr'><strong>qui</strong></span> <span class='ocrx_word' id='word_1_733' title='bbox 3345 3222 3430 3269; x_wconf 89' lang='lat' dir='ltr'><strong>est</strong></span> <span class='ocrx_word' id='word_1_734' title='bbox 3454 3216 3504 3268; x_wconf 92' lang='lat' dir='ltr'><strong>in</strong></span> <span class='ocrx_word' id='word_1_735' title='bbox 3527 3217 3791 3284; x_wconf 89' lang='lat' dir='ltr'><strong>periculo,</strong></span> 
     </span>
    </p>
   </div>
   <div class='ocr_carea' id='block_1_91' title="bbox 2216 3295 3792 3375">
    <p class='ocr_par' dir='ltr' id='par_1_91' title="bbox 2216 3295 3792 3375">
     <span class='ocr_line' id='line_1_91' title="bbox 2216 3295 3792 3375; baseline 0.009 -27"><span class='ocrx_word' id='word_1_736' title='bbox 2216 3295 2266 3348; x_wconf 92' lang='lat' dir='ltr'><strong>in</strong></span> <span class='ocrx_word' id='word_1_737' title='bbox 2299 3304 2410 3349; x_wconf 91' lang='lat' dir='ltr'><strong>tuto</strong></span> <span class='ocrx_word' id='word_1_738' title='bbox 2435 3296 2721 3360; x_wconf 87' lang='lat' dir='ltr'><strong>collocare,</strong></span> <span class='ocrx_word' id='word_1_739' title='bbox 2755 3298 2964 3353; x_wconf 86' lang='lat' dir='ltr'><strong>etiamsi</strong></span> <span class='ocrx_word' id='word_1_740' title='bbox 2993 3300 3199 3357; x_wconf 78' lang='lat' dir='ltr'><strong>venerit</strong></span> <span class='ocrx_word' id='word_1_741' title='bbox 3227 3303 3276 3356; x_wconf 94' lang='lat' dir='ltr'><strong>in</strong></span> <span class='ocrx_word' id='word_1_742' title='bbox 3306 3303 3482 3369; x_wconf 75' lang='lat' dir='ltr'><strong>ipsum</strong></span> <span class='ocrx_word' id='word_1_743' title='bbox 3522 3306 3630 3360; x_wconf 89' lang='lat' dir='ltr'><strong>vitii</strong></span> <span class='ocrx_word' id='word_1_744' title='bbox 3663 3323 3792 3375; x_wconf 90' lang='lat' dir='ltr'><strong>pro-</strong></span> 
     </span>
    </p>
   </div>
   <div class='ocr_carea' id='block_1_92' title="bbox 2217 3386 3795 3464">
    <p class='ocr_par' dir='ltr' id='par_1_92' title="bbox 2217 3386 3795 3464">
     <span class='ocr_line' id='line_1_92' title="bbox 2217 3386 3795 3464; baseline 0.008 -25"><span class='ocrx_word' id='word_1_745' title='bbox 2217 3386 2456 3440; x_wconf 79' lang='lat' dir='ltr'><strong>fundum.</strong></span> <span class='ocrx_word' id='word_1_746' title='bbox 2489 3386 2544 3440; x_wconf 84' lang='lat' dir='ltr'><strong>Id</strong></span> <span class='ocrx_word' id='word_1_747' title='bbox 2575 3396 2750 3441; x_wconf 87' lang='lat' dir='ltr'><strong>autem</strong></span> <span class='ocrx_word' id='word_1_748' title='bbox 2796 3405 2860 3443; x_wconf 80' lang='lat' dir='ltr'><strong>ex</strong></span> <span class='ocrx_word' id='word_1_749' title='bbox 2912 3390 3096 3445; x_wconf 86' lang='lat' dir='ltr'><strong>multis</strong></span> <span class='ocrx_word' id='word_1_750' title='bbox 3133 3402 3215 3446; x_wconf 89' lang='lat' dir='ltr'><strong>est</strong></span> <span class='ocrx_word' id='word_1_751' title='bbox 3244 3395 3598 3464; x_wconf 81' lang='lat' dir='ltr'><strong>perspicuum.</strong></span> <span class='ocrx_word' id='word_1_752' title='bbox 3630 3397 3795 3462; x_wconf 73' lang='lat' dir='ltr'><strong>Num,</strong></span> 
     </span>
    </p>
   </div>
   <div class='ocr_carea' id='block_1_93' title="bbox 2217 3476 3799 3556">
    <p class='ocr_par' dir='ltr' id='par_1_93' title="bbox 2217 3476 3799 3556">
     <span class='ocr_line' id='line_1_93' title="bbox 2217 3476 3799 3556; baseline 0.009 -27"><span class='ocrx_word' id='word_1_753' title='bbox 2217 3476 2406 3546; x_wconf 88' lang='lat' dir='ltr'><strong>inquit,</strong></span> <span class='ocrx_word' id='word_1_754' title='bbox 2450 3478 2537 3546; x_wconf 89' lang='lat' dir='ltr'><strong>qui</strong></span> <span class='ocrx_word' id='word_1_755' title='bbox 2585 3479 2721 3531; x_wconf 82' lang='lat' dir='ltr'><strong>radit</strong></span> <span class='ocrx_word' id='word_1_756' title='bbox 2753 3496 2855 3534; x_wconf 88' lang='lat' dir='ltr'><strong>non</strong></span> <span class='ocrx_word' id='word_1_757' title='bbox 2898 3482 3156 3550; x_wconf 86' lang='lat' dir='ltr'><strong>resurgit?</strong></span> <span class='ocrx_word' id='word_1_758' title='bbox 3183 3495 3271 3537; x_wconf 88' lang='lat' dir='ltr'><strong>aut</strong></span> <span class='ocrx_word' id='word_1_759' title='bbox 3300 3487 3388 3555; x_wconf 87' lang='lat' dir='ltr'><strong>qui</strong></span> <span class='ocrx_word' id='word_1_760' title='bbox 3427 3498 3502 3541; x_wconf 90' lang='lat' dir='ltr'><strong>est</strong></span> <span class='ocrx_word' id='word_1_761' title='bbox 3526 3488 3799 3556; x_wconf 73' lang='lat' dir='ltr'><strong>adversus,</strong></span> 
     </span>
    </p>
   </div>
   <div class='ocr_carea' id='block_1_94' title="bbox 2214 3569 3796 3644">
    <p class='ocr_par' dir='ltr' id='par_1_94' title="bbox 2214 3569 3796 3644">
     <span class='ocr_line' id='line_1_94' title="bbox 2214 3569 3796 3644; baseline 0.011 -24"><span class='ocrx_word' id='word_1_762' title='bbox 2214 3584 2313 3621; x_wconf 87' lang='lat' dir='ltr'><strong>non</strong></span> <span class='ocrx_word' id='word_1_763' title='bbox 2342 3570 2652 3622; x_wconf 82' lang='lat' dir='ltr'><strong>convertitur</strong></span> <span class='ocrx_word' id='word_1_764' title='bbox 2680 3569 2816 3639; x_wconf 83' lang='lat' dir='ltr'><strong>(Jer.</strong></span> <span class='ocrx_word' id='word_1_765' title='bbox 2853 3572 2907 3627; x_wconf 89' lang='lat'><strong>8.</strong></span> <span class='ocrx_word' id='word_1_766' title='bbox 2938 3573 3031 3643; x_wconf 64' lang='grc' dir='ltr'>ψ</span> <span class='ocrx_word' id='word_1_767' title='bbox 3063 3575 3261 3639; x_wconf 86' lang='lat' dir='ltr'><strong>Potest,</strong></span> <span class='ocrx_word' id='word_1_768' title='bbox 3291 3579 3334 3631; x_wconf 90' lang='lat' dir='ltr'><strong>si</strong></span> <span class='ocrx_word' id='word_1_769' title='bbox 3364 3578 3607 3644; x_wconf 83' lang='lat' dir='ltr'><strong>velimus,</strong></span> <span class='ocrx_word' id='word_1_770' title='bbox 3635 3580 3796 3637; x_wconf 87' lang='lat' dir='ltr'><strong>Chri-</strong></span> 
     </span>
    </p>
   </div>
   <div class='ocr_carea' id='block_1_95' title="bbox 2215 3658 3794 3725">
    <p class='ocr_par' dir='ltr' id='par_1_95' title="bbox 2215 3658 3794 3725">
     <span class='ocr_line' id='line_1_95' title="bbox 2215 3658 3794 3725; baseline 0.008 -12"><span class='ocrx_word' id='word_1_771' title='bbox 2215 3668 2330 3713; x_wconf 89' lang='lat' dir='ltr'><strong>stus</strong></span> <span class='ocrx_word' id='word_1_772' title='bbox 2361 3658 2412 3712; x_wconf 90' lang='lat' dir='ltr'><strong>iu</strong></span> <span class='ocrx_word' id='word_1_773' title='bbox 2443 3660 2596 3713; x_wconf 78' lang='lat' dir='ltr'><strong>nobis</strong></span> <span class='ocrx_word' id='word_1_774' title='bbox 2624 3676 2809 3715; x_wconf 86' lang='lat' dir='ltr'><strong>rursus</strong></span> <span class='ocrx_word' id='word_1_775' title='bbox 2839 3661 3057 3717; x_wconf 80' lang='lat' dir='ltr'><strong>formari</strong></span> <span class='ocrx_word' id='word_1_776' title='bbox 3086 3683 3099 3720; x_wconf 90' lang='lat'><strong>:</strong></span> <span class='ocrx_word' id='word_1_777' title='bbox 3128 3666 3251 3720; x_wconf 88' lang='lat' dir='ltr'><strong>audi</strong></span> <span class='ocrx_word' id='word_1_778' title='bbox 3281 3670 3423 3722; x_wconf 86' lang='lat' dir='ltr'><strong>enim</strong></span> <span class='ocrx_word' id='word_1_779' title='bbox 3458 3669 3676 3724; x_wconf 84' lang='lat' dir='ltr'><strong>Paulum</strong></span> <span class='ocrx_word' id='word_1_780' title='bbox 3704 3672 3794 3725; x_wconf 83' lang='lat' dir='ltr'><strong>di-</strong></span> 
     </span>
    </p>
   </div>
   <div class='ocr_carea' id='block_1_96' title="bbox 2215 3747 3797 3834">
    <p class='ocr_par' dir='ltr' id='par_1_96' title="bbox 2215 3747 3797 3834">
     <span class='ocr_line' id='line_1_96' title="bbox 2215 3747 3797 3834; baseline 0.01 -32"><span class='ocrx_word' id='word_1_781' title='bbox 2215 3757 2423 3803; x_wconf 72' lang='lat' dir='ltr'><strong>centeni</strong></span> <span class='ocrx_word' id='word_1_782' title='bbox 2447 3766 2459 3802; x_wconf 91' lang='lat'><strong>:</strong></span> <span class='ocrx_word' id='word_1_783' title='bbox 2486 3747 2669 3804; x_wconf 84' lang='lat' dir='ltr'><strong>Filioli</strong></span> <span class='ocrx_word' id='word_1_784' title='bbox 2694 3752 2812 3818; x_wconf 88' lang='lat' dir='ltr'><strong>mei,</strong></span> <span class='ocrx_word' id='word_1_785' title='bbox 2839 3769 2964 3822; x_wconf 88' lang='lat' dir='ltr'><strong>quos</strong></span> <span class='ocrx_word' id='word_1_786' title='bbox 2993 3756 3174 3808; x_wconf 82' lang='lat' dir='ltr'><strong>iterant</strong></span> <span class='ocrx_word' id='word_1_787' title='bbox 3206 3760 3457 3826; x_wconf 84' lang='lat' dir='ltr'><strong>parturio,</strong></span> <span class='ocrx_word' id='word_1_788' title='bbox 3488 3760 3647 3816; x_wconf 82' lang='lat' dir='ltr'><strong>donec</strong></span> <span class='ocrx_word' id='word_1_789' title='bbox 3687 3765 3797 3834; x_wconf 82' lang='lat' dir='ltr'><strong>{or-</strong></span> 
     </span>
    </p>
   </div>
   <div class='ocr_carea' id='block_1_97' title="bbox 2215 3839 3795 3921">
    <p class='ocr_par' dir='ltr' id='par_1_97' title="bbox 2215 3839 3795 3921">
     <span class='ocr_line' id='line_1_97' title="bbox 2215 3839 3795 3921; baseline 0.012 -31"><span class='ocrx_word' id='word_1_790' title='bbox 2215 3848 2376 3892; x_wconf 81' lang='lat' dir='ltr'><strong>inetur</strong></span> <span class='ocrx_word' id='word_1_791' title='bbox 2403 3839 2637 3895; x_wconf 80' lang='lat' dir='ltr'><strong>Christus</strong></span> <span class='ocrx_word' id='word_1_792' title='bbox 2663 3842 2716 3895; x_wconf 92' lang='lat' dir='ltr'><strong>in</strong></span> <span class='ocrx_word' id='word_1_793' title='bbox 2741 3842 2878 3897; x_wconf 81' lang='lat' dir='ltr'><strong>vobis</strong></span> <span class='ocrx_word' id='word_1_794' title='bbox 2908 3844 3049 3916; x_wconf 75' lang='lat' dir='ltr'><strong>(Gal.</strong></span> <span class='ocrx_word' id='word_1_795' title='bbox 3072 3846 3130 3901; x_wconf 67' lang='grc'><strong>4.</strong></span> <span class='ocrx_word' id='word_1_796' title='bbox 3162 3847 3249 3918; x_wconf 79' lang='grc'><strong>19)</strong></span> <span class='ocrx_word' id='word_1_797' title='bbox 3275 3866 3288 3902; x_wconf 91' lang='lat'><strong>:</strong></span> <span class='ocrx_word' id='word_1_798' title='bbox 3318 3850 3638 3921; x_wconf 83' lang='lat' dir='ltr'><strong>attingamus</strong></span> <span class='ocrx_word' id='word_1_799' title='bbox 3670 3863 3795 3908; x_wconf 86' lang='lat' dir='ltr'><strong>tan-</strong></span> 
     </span>
    </p>
   </div>
   <div class='ocr_carea' id='block_1_98' title="bbox 2218 3933 3803 4009">
    <p class='ocr_par' dir='ltr' id='par_1_98' title="bbox 2218 3933 3803 4009">
     <span class='ocr_line' id='line_1_98' title="bbox 2218 3933 3803 4009; baseline 0.01 -25"><span class='ocrx_word' id='word_1_800' title='bbox 2218 3940 2327 3985; x_wconf 92' lang='lat' dir='ltr'><strong>tum</strong></span> <span class='ocrx_word' id='word_1_801' title='bbox 2348 3933 2736 4001; x_wconf 65' lang='lat' dir='ltr'><strong>paenitentiam.</strong></span> <span class='ocrx_word' id='word_1_802' title='bbox 2768 3934 2901 3989; x_wconf 89' lang='lat' dir='ltr'><strong>Nam</strong></span> <span class='ocrx_word' id='word_1_803' title='bbox 2933 3935 3053 3991; x_wconf 79' lang='lat' dir='ltr'><strong>vide</strong></span> <span class='ocrx_word' id='word_1_804' title='bbox 3082 3939 3172 3992; x_wconf 90' lang='lat' dir='ltr'><strong>Dei</strong></span> <span class='ocrx_word' id='word_1_805' title='bbox 3205 3940 3587 4009; x_wconf 70' lang='lat' dir='ltr'><strong>benignitatem</strong></span> <span class='ocrx_word' id='word_1_806' title='bbox 3610 3954 3664 3998; x_wconf 92' lang='lat' dir='ltr'><strong>et</strong></span> <span class='ocrx_word' id='word_1_807' title='bbox 3689 3946 3803 4001; x_wconf 83' lang='lat' dir='ltr'><strong>cle-</strong></span> 
     </span>
    </p>
   </div>
   <div class='ocr_carea' id='block_1_99' title="bbox 2215 4023 3789 4099">
    <p class='ocr_par' dir='ltr' id='par_1_99' title="bbox 2215 4023 3789 4099">
     <span class='ocr_line' id='line_1_99' title="bbox 2215 4023 3789 4099; baseline 0.005 -23"><span class='ocrx_word' id='word_1_808' title='bbox 2215 4023 2467 4076; x_wconf 87' lang='lat' dir='ltr'><strong>tuentiam</strong></span> <span class='ocrx_word' id='word_1_809' title='bbox 2509 4042 2522 4077; x_wconf 91' lang='lat'><strong>:</strong></span> <span class='ocrx_word' id='word_1_810' title='bbox 2551 4026 2831 4094; x_wconf 84' lang='lat' dir='ltr'><strong>Oportebat</strong></span> <span class='ocrx_word' id='word_1_811' title='bbox 2857 4042 2956 4081; x_wconf 90' lang='lat' dir='ltr'><strong>nos</strong></span> <span class='ocrx_word' id='word_1_812' title='bbox 2980 4029 3126 4081; x_wconf 89' lang='lat' dir='ltr'><strong>omni</strong></span> <span class='ocrx_word' id='word_1_813' title='bbox 3163 4031 3321 4085; x_wconf 90' lang='lat' dir='ltr'><strong>modo</strong></span> <span class='ocrx_word' id='word_1_814' title='bbox 3344 4033 3514 4099; x_wconf 90' lang='lat' dir='ltr'><strong>puniri</strong></span> <span class='ocrx_word' id='word_1_815' title='bbox 3538 4032 3590 4088; x_wconf 92' lang='lat' dir='ltr'><strong>in</strong></span> <span class='ocrx_word' id='word_1_816' title='bbox 3616 4035 3789 4098; x_wconf 83' lang='lat' dir='ltr'><strong>initio,</strong></span> 
     </span>
    </p>
   </div>
   <div class='ocr_carea' id='block_1_100' title="bbox 2222 4099 3803 4182">
    <p class='ocr_par' dir='ltr' id='par_1_100' title="bbox 2222 4099 3803 4182">
     <span class='ocr_line' id='line_1_100' title="bbox 2222 4099 3803 4182; baseline 0.015 -32"><span class='ocrx_word' id='word_1_817' title='bbox 2222 4099 2382 4166; x_wconf 86' lang='lat' dir='ltr'><strong>quod,</strong></span> <span class='ocrx_word' id='word_1_818' title='bbox 2415 4115 2535 4153; x_wconf 91' lang='lat' dir='ltr'><strong>cum</strong></span> <span class='ocrx_word' id='word_1_819' title='bbox 2564 4113 2617 4157; x_wconf 90' lang='lat' dir='ltr'><strong>et</strong></span> <span class='ocrx_word' id='word_1_820' title='bbox 2647 4103 2817 4174; x_wconf 85' lang='lat' dir='ltr'><strong>legem</strong></span> <span class='ocrx_word' id='word_1_821' title='bbox 2843 4111 3241 4179; x_wconf 89' lang='lat' dir='ltr'><strong>accepissemus</strong></span> <span class='ocrx_word' id='word_1_822' title='bbox 3280 4117 3595 4182; x_wconf 88' lang='lat' dir='ltr'><strong>naturalem,</strong></span> <span class='ocrx_word' id='word_1_823' title='bbox 3619 4127 3673 4172; x_wconf 90' lang='lat' dir='ltr'><strong>et</strong></span> <span class='ocrx_word' id='word_1_824' title='bbox 3704 4120 3803 4172; x_wconf 84' lang='lat' dir='ltr'><strong>ad-</strong></span> 
     </span>
    </p>
   </div>
   <div class='ocr_carea' id='block_1_101' title="bbox 2222 4189 3805 4280">
    <p class='ocr_par' dir='ltr' id='par_1_101' title="bbox 2222 4189 3805 4280">
     <span class='ocr_line' id='line_1_101' title="bbox 2222 4189 3805 4280; baseline 0.016 -42"><span class='ocrx_word' id='word_1_825' title='bbox 2222 4190 2325 4257; x_wconf 76' lang='lat' dir='ltr'><strong>epli</strong></span> <span class='ocrx_word' id='word_1_826' title='bbox 2357 4189 2492 4245; x_wconf 86' lang='lat' dir='ltr'><strong>bona</strong></span> <span class='ocrx_word' id='word_1_827' title='bbox 2520 4208 2763 4251; x_wconf 88' lang='lat' dir='ltr'><strong>essemus</strong></span> <span class='ocrx_word' id='word_1_828' title='bbox 2790 4198 3222 4271; x_wconf 84' lang='lat' dir='ltr'><strong>innumerabilia,</strong></span> <span class='ocrx_word' id='word_1_829' title='bbox 3258 4217 3312 4262; x_wconf 87' lang='lat' dir='ltr'><strong>et</strong></span> <span class='ocrx_word' id='word_1_830' title='bbox 3342 4208 3623 4264; x_wconf 91' lang='lat' dir='ltr'><strong>Dominum</strong></span> <span class='ocrx_word' id='word_1_831' title='bbox 3650 4213 3805 4280; x_wconf 63' lang='lat' dir='ltr'><strong>ignea</strong></span> 
     </span>
    </p>
   </div>
   <div class='ocr_carea' id='block_1_102' title="bbox 2222 4280 3798 4360">
    <p class='ocr_par' dir='ltr' id='par_1_102' title="bbox 2222 4280 3798 4360">
     <span class='ocr_line' id='line_1_102' title="bbox 2222 4280 3798 4360; baseline 0.016 -28"><span class='ocrx_word' id='word_1_832' title='bbox 2222 4280 2532 4348; x_wconf 74' lang='lat' dir='ltr'><strong>raverimus,</strong></span> <span class='ocrx_word' id='word_1_833' title='bbox 2568 4286 2932 4360; x_wconf 85' lang='lat' dir='ltr'><strong>impuramque</strong></span> <span class='ocrx_word' id='word_1_834' title='bbox 2961 4304 3015 4347; x_wconf 91' lang='lat' dir='ltr'><strong>et</strong></span> <span class='ocrx_word' id='word_1_835' title='bbox 3045 4296 3370 4353; x_wconf 88' lang='lat' dir='ltr'><strong>immundam</strong></span> <span class='ocrx_word' id='word_1_836' title='bbox 3401 4302 3561 4354; x_wconf 85' lang='lat' dir='ltr'><strong>vitam</strong></span> <span class='ocrx_word' id='word_1_837' title='bbox 3591 4302 3798 4356; x_wconf 80' lang='lat' dir='ltr'><strong>vixeri-</strong></span> 
     </span>
    </p>
   </div>
   <div class='ocr_carea' id='block_1_103' title="bbox 2221 4372 3797 4456">
    <p class='ocr_par' dir='ltr' id='par_1_103' title="bbox 2221 4372 3797 4456">
     <span class='ocr_line' id='line_1_103' title="bbox 2221 4372 3797 4456; baseline 0.016 -37"><span class='ocrx_word' id='word_1_838' title='bbox 2221 4383 2374 4424; x_wconf 86' lang='lat' dir='ltr'><strong>mus:</strong></span> <span class='ocrx_word' id='word_1_839' title='bbox 2407 4372 2493 4426; x_wconf 87' lang='lat' dir='ltr'><strong>ille</strong></span> <span class='ocrx_word' id='word_1_840' title='bbox 2532 4388 2712 4431; x_wconf 91' lang='lat' dir='ltr'><strong>autem</strong></span> <span class='ocrx_word' id='word_1_841' title='bbox 2761 4396 2864 4434; x_wconf 86' lang='lat' dir='ltr'><strong>non</strong></span> <span class='ocrx_word' id='word_1_842' title='bbox 2898 4381 3067 4438; x_wconf 89' lang='lat' dir='ltr'><strong>solmu</strong></span> <span class='ocrx_word' id='word_1_843' title='bbox 3114 4401 3218 4439; x_wconf 92' lang='lat' dir='ltr'><strong>non</strong></span> <span class='ocrx_word' id='word_1_844' title='bbox 3264 4389 3454 4456; x_wconf 91' lang='lat' dir='ltr'><strong>puniit,</strong></span> <span class='ocrx_word' id='word_1_845' title='bbox 3500 4390 3591 4445; x_wconf 85' lang='lat' dir='ltr'><strong>sed</strong></span> <span class='ocrx_word' id='word_1_846' title='bbox 3636 4394 3797 4445; x_wconf 89' lang='lat' dir='ltr'><strong>etiam</strong></span> 
     </span>
    </p>
   </div>
   <div class='ocr_carea' id='block_1_104' title="bbox 2221 4461 3796 4550">
    <p class='ocr_par' dir='ltr' id='par_1_104' title="bbox 2221 4461 3796 4550">
     <span class='ocr_line' id='line_1_104' title="bbox 2221 4461 3796 4550; baseline 0.015 -37"><span class='ocrx_word' id='word_1_847' title='bbox 2221 4461 2358 4516; x_wconf 84' lang='lat' dir='ltr'><strong>bona</strong></span> <span class='ocrx_word' id='word_1_848' title='bbox 2405 4464 2660 4534; x_wconf 85' lang='lat' dir='ltr'><strong>impertiit</strong></span> <span class='ocrx_word' id='word_1_849' title='bbox 2704 4471 3004 4538; x_wconf 88' lang='lat' dir='ltr'><strong>innumera,</strong></span> <span class='ocrx_word' id='word_1_850' title='bbox 3051 4478 3272 4546; x_wconf 87' lang='lat' dir='ltr'><strong>perinde</strong></span> <span class='ocrx_word' id='word_1_851' title='bbox 3300 4489 3460 4550; x_wconf 89' lang='lat' dir='ltr'><strong>atque</strong></span> <span class='ocrx_word' id='word_1_852' title='bbox 3489 4482 3533 4535; x_wconf 91' lang='lat' dir='ltr'><strong>si</strong></span> <span class='ocrx_word' id='word_1_853' title='bbox 3562 4498 3648 4537; x_wconf 81' lang='lat' dir='ltr'><strong>res</strong></span> <span class='ocrx_word' id='word_1_854' title='bbox 3679 4499 3796 4535; x_wconf 76' lang='lat' dir='ltr'><strong>mu-</strong></span> 
     </span>
    </p>
   </div>
   <div class='ocr_carea' id='block_1_105' title="bbox 2219 4559 3145 4632">
    <p class='ocr_par' dir='ltr' id='par_1_105' title="bbox 2219 4559 3145 4632">
     <span class='ocr_line' id='line_1_105' title="bbox 2219 4559 3145 4632; baseline 0.019 -32"><span class='ocrx_word' id='word_1_855' title='bbox 2219 4563 2348 4619; x_wconf 75' lang='lat' dir='ltr'><strong>guns</strong></span> <span class='ocrx_word' id='word_1_856' title='bbox 2378 4564 2431 4608; x_wconf 90' lang='lat' dir='ltr'><strong>et</strong></span> <span class='ocrx_word' id='word_1_857' title='bbox 2458 4559 2742 4624; x_wconf 65' lang='lat' dir='ltr'><strong>prxeclaras</strong></span> <span class='ocrx_word' id='word_1_858' title='bbox 2768 4566 3145 4632; x_wconf 88' lang='lat' dir='ltr'><strong>gessissemus.</strong></span> 
     </span>
    </p>
   </div>
   <div class='ocr_carea' id='block_1_106' title="bbox 2225 4643 3799 4732">
    <p class='ocr_par' dir='ltr' id='par_1_106' title="bbox 2225 4643 3799 4732">
     <span class='ocr_line' id='line_1_106' title="bbox 2225 4643 3799 4732; baseline 0.016 -37"><span class='ocrx_word' id='word_1_859' title='bbox 2225 4686 2232 4703; x_wconf 85' lang='grc'><strong><em>,</em></strong></span> <span class='ocrx_word' id='word_1_860' title='bbox 2290 4643 2607 4705; x_wconf 74' lang='lat' dir='ltr'><strong>Ptenitcntia:</strong></span> <span class='ocrx_word' id='word_1_861' title='bbox 2635 4653 2705 4707; x_wconf 88' lang='lat' dir='ltr'><strong>vis</strong></span> <span class='ocrx_word' id='word_1_862' title='bbox 2731 4671 2934 4727; x_wconf 84' lang='lat' dir='ltr'><strong>magna.</strong></span> <span class='ocrx_word' id='word_1_863' title='bbox 2957 4688 3030 4699; x_wconf 95' lang='lat'>—</span> <span class='ocrx_word' id='word_1_864' title='bbox 3053 4658 3248 4716; x_wconf 87' lang='lat' dir='ltr'><strong>lterum</strong></span> <span class='ocrx_word' id='word_1_865' title='bbox 3281 4662 3410 4732; x_wconf 90' lang='lat' dir='ltr'><strong>lapsi</strong></span> <span class='ocrx_word' id='word_1_866' title='bbox 3436 4681 3637 4729; x_wconf 71' lang='lat' dir='ltr'><strong>sumus,</strong></span> <span class='ocrx_word' id='word_1_867' title='bbox 3658 4676 3709 4719; x_wconf 89' lang='lat' dir='ltr'><strong>et</strong></span> <span class='ocrx_word' id='word_1_868' title='bbox 3728 4683 3799 4720; x_wconf 90' lang='lat' dir='ltr'><strong>uo</strong></span> 
     </span>
    </p>
   </div>
   <div class='ocr_carea' id='block_1_107' title="bbox 2217 4734 3795 4824">
    <p class='ocr_par' dir='ltr' id='par_1_107' title="bbox 2217 4734 3795 4824">
     <span class='ocr_line' id='line_1_107' title="bbox 2217 4734 3795 4824; baseline 0.016 -41"><span class='ocrx_word' id='word_1_869' title='bbox 2217 4734 2293 4786; x_wconf 88' lang='lat' dir='ltr'><strong>sic</strong></span> <span class='ocrx_word' id='word_1_870' title='bbox 2317 4737 2530 4819; x_wconf 83' lang='lat' dir='ltr'><strong>quidem</strong></span> <span class='ocrx_word' id='word_1_871' title='bbox 2566 4743 2737 4808; x_wconf 91' lang='lat' dir='ltr'><strong>punit,</strong></span> <span class='ocrx_word' id='word_1_872' title='bbox 2767 4747 2860 4799; x_wconf 90' lang='lat' dir='ltr'><strong>sed</strong></span> <span class='ocrx_word' id='word_1_873' title='bbox 2887 4745 3034 4802; x_wconf 89' lang='lat' dir='ltr'><strong>dedit</strong></span> <span class='ocrx_word' id='word_1_874' title='bbox 3057 4750 3499 4808; x_wconf 85' lang='lat' dir='ltr'><strong>medicamentum</strong></span> <span class='ocrx_word' id='word_1_875' title='bbox 3531 4755 3795 4824; x_wconf 61' lang='lat' dir='ltr'><strong>pteniten-</strong></span> 
     </span>
    </p>
   </div>
   <div class='ocr_carea' id='block_1_108' title="bbox 2220 4825 3799 4916">
    <p class='ocr_par' dir='ltr' id='par_1_108' title="bbox 2220 4825 3799 4916">
     <span class='ocr_line' id='line_1_108' title="bbox 2220 4825 3799 4916; baseline 0.018 -41"><span class='ocrx_word' id='word_1_876' title='bbox 2220 4825 2303 4877; x_wconf 80' lang='lat' dir='ltr'><strong>tiu:</strong></span> <span class='ocrx_word' id='word_1_877' title='bbox 2334 4828 2474 4897; x_wconf 87' lang='lat' dir='ltr'><strong>quod</strong></span> <span class='ocrx_word' id='word_1_878' title='bbox 2504 4831 2699 4888; x_wconf 83' lang='lat' dir='ltr'><strong>sufticit</strong></span> <span class='ocrx_word' id='word_1_879' title='bbox 2726 4836 2791 4891; x_wconf 89' lang='lat' dir='ltr'><strong>ad</strong></span> <span class='ocrx_word' id='word_1_880' title='bbox 2838 4837 3065 4895; x_wconf 88' lang='lat' dir='ltr'><strong>delenda</strong></span> <span class='ocrx_word' id='word_1_881' title='bbox 3118 4853 3173 4897; x_wconf 92' lang='lat' dir='ltr'><strong>et</strong></span> <span class='ocrx_word' id='word_1_882' title='bbox 3214 4845 3570 4916; x_wconf 77' lang='lat' dir='ltr'><strong>abstergenda</strong></span> <span class='ocrx_word' id='word_1_883' title='bbox 3616 4851 3799 4903; x_wconf 76' lang='lat' dir='ltr'><strong>onnna</strong></span> 
     </span>
    </p>
   </div>
   <div class='ocr_carea' id='block_1_109' title="bbox 2218 4926 3800 5003">
    <p class='ocr_par' dir='ltr' id='par_1_109' title="bbox 2218 4926 3800 5003">
     <span class='ocr_line' id='line_1_109' title="bbox 2218 4926 3800 5003; baseline 0.016 -35"><span class='ocrx_word' id='word_1_884' title='bbox 2218 4927 2433 4985; x_wconf 80' lang='lat' dir='ltr'><strong>peccata</strong></span> <span class='ocrx_word' id='word_1_885' title='bbox 2466 4931 2668 4988; x_wconf 90' lang='lat' dir='ltr'><strong>nostra,</strong></span> <span class='ocrx_word' id='word_1_886' title='bbox 2698 4926 2742 4979; x_wconf 91' lang='lat' dir='ltr'><strong>si</strong></span> <span class='ocrx_word' id='word_1_887' title='bbox 2775 4930 2934 4984; x_wconf 90' lang='lat' dir='ltr'><strong>modo</strong></span> <span class='ocrx_word' id='word_1_888' title='bbox 2965 4933 3211 4988; x_wconf 85' lang='lat' dir='ltr'><strong>novimus</strong></span> <span class='ocrx_word' id='word_1_889' title='bbox 3251 4935 3550 5003; x_wconf 84' lang='lat' dir='ltr'><strong>cujusmodi</strong></span> <span class='ocrx_word' id='word_1_890' title='bbox 3587 4939 3657 4992; x_wconf 90' lang='lat' dir='ltr'><strong>sit</strong></span> <span class='ocrx_word' id='word_1_891' title='bbox 3685 4954 3800 4993; x_wconf 89' lang='lat' dir='ltr'><strong>me-</strong></span> 
     </span>
    </p>
   </div>
   <div class='ocr_carea' id='block_1_110' title="bbox 2216 5005 3803 5097">
    <p class='ocr_par' dir='ltr' id='par_1_110' title="bbox 2216 5005 3803 5097">
     <span class='ocr_line' id='line_1_110' title="bbox 2216 5005 3803 5097; baseline 0.015 -37"><span class='ocrx_word' id='word_1_892' title='bbox 2216 5005 2600 5081; x_wconf 89' lang='lat' dir='ltr'><strong>dicamentum,</strong></span> <span class='ocrx_word' id='word_1_893' title='bbox 2626 5025 2681 5071; x_wconf 92' lang='lat' dir='ltr'><strong>et</strong></span> <span class='ocrx_word' id='word_1_894' title='bbox 2708 5021 2978 5089; x_wconf 89' lang='lat' dir='ltr'><strong>quomodo</strong></span> <span class='ocrx_word' id='word_1_895' title='bbox 3005 5023 3056 5077; x_wconf 88' lang='lat' dir='ltr'><strong>id</strong></span> <span class='ocrx_word' id='word_1_896' title='bbox 3082 5024 3152 5078; x_wconf 90' lang='lat' dir='ltr'><strong>sit</strong></span> <span class='ocrx_word' id='word_1_897' title='bbox 3177 5026 3573 5096; x_wconf 66' lang='lat' dir='ltr'><strong>applicandum.</strong></span> <span class='ocrx_word' id='word_1_898' title='bbox 3607 5027 3803 5097; x_wconf 70' lang='lat' dir='ltr'><strong>Cujus-</strong></span> 
     </span>
    </p>
   </div>
   <div class='ocr_carea' id='block_1_111' title="bbox 2217 5100 3801 5189">
    <p class='ocr_par' dir='ltr' id='par_1_111' title="bbox 2217 5100 3801 5189">
     <span class='ocr_line' id='line_1_111' title="bbox 2217 5100 3801 5189; baseline 0.015 -39"><span class='ocrx_word' id='word_1_899' title='bbox 2217 5100 2358 5153; x_wconf 91' lang='lat' dir='ltr'><strong>modi</strong></span> <span class='ocrx_word' id='word_1_900' title='bbox 2378 5118 2504 5172; x_wconf 80' lang='lat' dir='ltr'><strong>ergo</strong></span> <span class='ocrx_word' id='word_1_901' title='bbox 2522 5115 2603 5160; x_wconf 89' lang='lat' dir='ltr'><strong>est</strong></span> <span class='ocrx_word' id='word_1_902' title='bbox 2621 5108 3064 5167; x_wconf 86' lang='lat' dir='ltr'><strong>medicamentum</strong></span> <span class='ocrx_word' id='word_1_903' title='bbox 3091 5119 3436 5185; x_wconf 70' lang='lat' dir='ltr'><strong>pmniteutim,</strong></span> <span class='ocrx_word' id='word_1_904' title='bbox 3459 5129 3512 5173; x_wconf 90' lang='lat' dir='ltr'><strong>et</strong></span> <span class='ocrx_word' id='word_1_905' title='bbox 3527 5121 3801 5189; x_wconf 84' lang='lat' dir='ltr'><strong>quomodo</strong></span> 
     </span>
    </p>
   </div>
   <div class='ocr_carea' id='block_1_112' title="bbox 2215 5192 3801 5277">
    <p class='ocr_par' dir='ltr' id='par_1_112' title="bbox 2215 5192 3801 5277">
     <span class='ocr_line' id='line_1_112' title="bbox 2215 5192 3801 5277; baseline 0.016 -37"><span class='ocrx_word' id='word_1_906' title='bbox 2215 5192 2529 5246; x_wconf 70' lang='lat' dir='ltr'><strong>conficitur?</strong></span> <span class='ocrx_word' id='word_1_907' title='bbox 2566 5195 2803 5251; x_wconf 88' lang='lat' dir='ltr'><strong>Primum</strong></span> <span class='ocrx_word' id='word_1_908' title='bbox 2833 5210 2916 5255; x_wconf 88' lang='lat' dir='ltr'><strong>est</strong></span> <span class='ocrx_word' id='word_1_909' title='bbox 2945 5217 3009 5257; x_wconf 84' lang='lat' dir='ltr'><strong>ex</strong></span> <span class='ocrx_word' id='word_1_910' title='bbox 3051 5220 3269 5260; x_wconf 89' lang='lat' dir='ltr'><strong>suormn</strong></span> <span class='ocrx_word' id='word_1_911' title='bbox 3303 5220 3642 5277; x_wconf 80' lang='lat' dir='ltr'><strong>peccatorum</strong></span> <span class='ocrx_word' id='word_1_912' title='bbox 3670 5225 3801 5265; x_wconf 85' lang='lat' dir='ltr'><strong>cou-</strong></span> 
     </span>
    </p>
   </div>
   <div class='ocr_carea' id='block_1_113' title="bbox 2210 5278 3799 5373">
    <p class='ocr_par' dir='ltr' id='par_1_113' title="bbox 2210 5278 3799 5373">
     <span class='ocr_line' id='line_1_113' title="bbox 2210 5278 3799 5373; baseline 0.016 -41"><span class='ocrx_word' id='word_1_913' title='bbox 2210 5278 2580 5354; x_wconf 74' lang='lat' dir='ltr'><strong>denumtione,</strong></span> <span class='ocrx_word' id='word_1_914' title='bbox 2628 5298 2682 5343; x_wconf 90' lang='lat' dir='ltr'><strong>et</strong></span> <span class='ocrx_word' id='word_1_915' title='bbox 2726 5306 2792 5345; x_wconf 82' lang='lat' dir='ltr'><strong>ex</strong></span> <span class='ocrx_word' id='word_1_916' title='bbox 2829 5293 3170 5353; x_wconf 75' lang='lat' dir='ltr'><strong>confessione</strong></span> <span class='ocrx_word' id='word_1_917' title='bbox 3212 5316 3228 5352; x_wconf 92' lang='lat'><strong>:</strong></span> <span class='ocrx_word' id='word_1_918' title='bbox 3278 5299 3549 5365; x_wconf 84' lang='lat' dir='ltr'><strong>Delictum,</strong></span> <span class='ocrx_word' id='word_1_919' title='bbox 3597 5303 3799 5373; x_wconf 81' lang='lat' dir='ltr'><strong>inquit,</strong></span> 
     </span>
    </p>
   </div>
   <div class='ocr_carea' id='block_1_114' title="bbox 2213 5379 3802 5457">
    <p class='ocr_par' dir='ltr' id='par_1_114' title="bbox 2213 5379 3802 5457">
     <span class='ocr_line' id='line_1_114' title="bbox 2213 5379 3802 5457; baseline 0.016 -34"><span class='ocrx_word' id='word_1_920' title='bbox 2213 5386 2377 5426; x_wconf 87' lang='lat' dir='ltr'><strong>meum</strong></span> <span class='ocrx_word' id='word_1_921' title='bbox 2406 5379 2663 5447; x_wconf 85' lang='lat' dir='ltr'><strong>cognitum</strong></span> <span class='ocrx_word' id='word_1_922' title='bbox 2693 5383 2783 5435; x_wconf 87' lang='lat' dir='ltr'><strong>tibi</strong></span> <span class='ocrx_word' id='word_1_923' title='bbox 2823 5384 2942 5451; x_wconf 80' lang='lat' dir='ltr'><strong>feci,</strong></span> <span class='ocrx_word' id='word_1_924' title='bbox 2976 5396 3021 5439; x_wconf 89' lang='lat' dir='ltr'><strong>et</strong></span> <span class='ocrx_word' id='word_1_925' title='bbox 3050 5399 3311 5457; x_wconf 85' lang='lat' dir='ltr'><strong>peccatum</strong></span> <span class='ocrx_word' id='word_1_926' title='bbox 3358 5408 3523 5447; x_wconf 87' lang='lat' dir='ltr'><strong>meum</strong></span> <span class='ocrx_word' id='word_1_927' title='bbox 3569 5410 3669 5448; x_wconf 87' lang='lat' dir='ltr'><strong>non</strong></span> <span class='ocrx_word' id='word_1_928' title='bbox 3708 5396 3802 5447; x_wconf 84' lang='lat' dir='ltr'><strong>ab-</strong></span> 
     </span>
    </p>
   </div>
   <div class='ocr_carea' id='block_1_115' title="bbox 2212 5465 3801 5552">
    <p class='ocr_par' dir='ltr' id='par_1_115' title="bbox 2212 5465 3801 5552">
     <span class='ocr_line' id='line_1_115' title="bbox 2212 5465 3801 5552; baseline 0.015 -38"><span class='ocrx_word' id='word_1_929' title='bbox 2212 5465 2420 5529; x_wconf 84' lang='lat' dir='ltr'><strong>scondi;</strong></span> <span class='ocrx_word' id='word_1_930' title='bbox 2444 5478 2517 5532; x_wconf 91' lang='lat' dir='ltr'><strong>et,</strong></span> <span class='ocrx_word' id='word_1_931' title='bbox 2552 5467 2909 5529; x_wconf 80' lang='lat' dir='ltr'><strong>Pronuntiabo</strong></span> <span class='ocrx_word' id='word_1_932' title='bbox 2938 5488 3116 5531; x_wconf 86' lang='lat' dir='ltr'><strong>contra</strong></span> <span class='ocrx_word' id='word_1_933' title='bbox 3156 5496 3235 5533; x_wconf 86' lang='lat' dir='ltr'><strong>me</strong></span> <span class='ocrx_word' id='word_1_934' title='bbox 3276 5482 3593 5552; x_wconf 87' lang='lat' dir='ltr'><strong>iniquitatem</strong></span> <span class='ocrx_word' id='word_1_935' title='bbox 3633 5500 3801 5539; x_wconf 81' lang='lat' dir='ltr'><strong>meum</strong></span> 
     </span>
    </p>
   </div>
   <div class='ocr_carea' id='block_1_116' title="bbox 2213 5553 3796 5647">
    <p class='ocr_par' dir='ltr' id='par_1_116' title="bbox 2213 5553 3796 5647">
     <span class='ocr_line' id='line_1_116' title="bbox 2213 5553 3796 5647; baseline 0.015 -40"><span class='ocrx_word' id='word_1_936' title='bbox 2213 5553 2456 5626; x_wconf 88' lang='lat' dir='ltr'><strong>Domino,</strong></span> <span class='ocrx_word' id='word_1_937' title='bbox 2484 5571 2532 5615; x_wconf 77' lang='lat' dir='ltr'><strong>et</strong></span> <span class='ocrx_word' id='word_1_938' title='bbox 2547 5571 2601 5614; x_wconf 90' lang='lat' dir='ltr'><strong>tu</strong></span> <span class='ocrx_word' id='word_1_939' title='bbox 2622 5566 2859 5619; x_wconf 90' lang='lat' dir='ltr'><strong>remisisti</strong></span> <span class='ocrx_word' id='word_1_940' title='bbox 2876 5568 3185 5638; x_wconf 85' lang='lat' dir='ltr'><strong>impietatem</strong></span> <span class='ocrx_word' id='word_1_941' title='bbox 3204 5573 3371 5628; x_wconf 83' lang='lat' dir='ltr'><strong>cordis</strong></span> <span class='ocrx_word' id='word_1_942' title='bbox 3393 5576 3491 5628; x_wconf 87' lang='lat' dir='ltr'><strong>mei</strong></span> <span class='ocrx_word' id='word_1_943' title='bbox 3510 5573 3682 5647; x_wconf 84' lang='lat' dir='ltr'><strong>(Psat.</strong></span> <span class='ocrx_word' id='word_1_944' title='bbox 3702 5577 3765 5630; x_wconf 82' lang='lat'><strong>5|</strong></span> <span class='ocrx_word' id='word_1_945' title='bbox 3782 5616 3796 5630; x_wconf 95' lang='lat'><strong>.</strong></span> 
     </span>
    </p>
   </div>
   <div class='ocr_carea' id='block_1_117' title="bbox 2212 5648 3801 5737">
    <p class='ocr_par' dir='ltr' id='par_1_117' title="bbox 2212 5648 3801 5737">
     <span class='ocr_line' id='line_1_117' title="bbox 2212 5648 3801 5737; baseline 0.012 -34"><span class='ocrx_word' id='word_1_946' title='bbox 2212 5648 2266 5703; x_wconf 83' lang='lat'><strong>5.</strong></span> <span class='ocrx_word' id='word_1_947' title='bbox 2298 5648 2376 5718; x_wconf 88' lang='lat'><strong>6).</strong></span> <span class='ocrx_word' id='word_1_948' title='bbox 2407 5650 2475 5705; x_wconf 91' lang='lat' dir='ltr'><strong>Et</strong></span> <span class='ocrx_word' id='word_1_949' title='bbox 2503 5653 2817 5719; x_wconf 83' lang='lat' dir='ltr'><strong>iterum,Dic</strong></span> <span class='ocrx_word' id='word_1_950' title='bbox 2841 5669 3050 5729; x_wconf 87' lang='lat' dir='ltr'><strong>peccata</strong></span> <span class='ocrx_word' id='word_1_951' title='bbox 3093 5671 3183 5717; x_wconf 89' lang='lat' dir='ltr'><strong>tua</strong></span> <span class='ocrx_word' id='word_1_952' title='bbox 3227 5664 3390 5734; x_wconf 85' lang='lat' dir='ltr'><strong>prior,</strong></span> <span class='ocrx_word' id='word_1_953' title='bbox 3422 5675 3477 5719; x_wconf 89' lang='lat' dir='ltr'><strong>ut</strong></span> <span class='ocrx_word' id='word_1_954' title='bbox 3490 5666 3801 5737; x_wconf 78' lang='lat' dir='ltr'><strong>justiﬁceris</strong></span> 
     </span>
    </p>
   </div>
   <div class='ocr_carea' id='block_1_118' title="bbox 2217 5740 3803 5834">
    <p class='ocr_par' dir='ltr' id='par_1_118' title="bbox 2217 5740 3803 5834">
     <span class='ocr_line' id='line_1_118' title="bbox 2217 5740 3803 5834; baseline 0.015 -39"><span class='ocrx_word' id='word_1_955' title='bbox 2217 5740 2368 5813; x_wconf 88' lang='lat' dir='ltr'><strong>(Isai.</strong></span> <span class='ocrx_word' id='word_1_956' title='bbox 2394 5745 2483 5803; x_wconf 72' lang='grc'><strong>45.</strong></span> <span class='ocrx_word' id='word_1_957' title='bbox 2507 5746 2637 5819; x_wconf 77' lang='grc'><strong>26);</strong></span> <span class='ocrx_word' id='word_1_958' title='bbox 2662 5757 2739 5821; x_wconf 89' lang='lat' dir='ltr'><strong>et,</strong></span> <span class='ocrx_word' id='word_1_959' title='bbox 2766 5751 2947 5813; x_wconf 81' lang='lat' dir='ltr'><strong>Justus</strong></span> <span class='ocrx_word' id='word_1_960' title='bbox 2971 5765 3048 5814; x_wconf 86' lang='lat' dir='ltr'><strong>est</strong></span> <span class='ocrx_word' id='word_1_961' title='bbox 3071 5758 3152 5815; x_wconf 87' lang='lat' dir='ltr'><strong>sui</strong></span> <span class='ocrx_word' id='word_1_962' title='bbox 3178 5769 3441 5817; x_wconf 81' lang='lat' dir='ltr'><strong>accusator</strong></span> <span class='ocrx_word' id='word_1_963' title='bbox 3466 5762 3518 5817; x_wconf 90' lang='lat' dir='ltr'><strong>in</strong></span> <span class='ocrx_word' id='word_1_964' title='bbox 3544 5762 3803 5834; x_wconf 83' lang='lat' dir='ltr'><strong>principio</strong></span> 
     </span>
    </p>
   </div>
  </div>
