4036 6206
234 318 313 378 79
1088 318 1168 390 [IN
1202 312 1562 379 εριετςιω
1600 322 1841 380 ηεοιιε

1941 317 2168 381 ἱζιϐᾹΡ.
2208 323 2296 379 Vl.
2340 323 2577 380 HOMIL.
2619 324 2708 380 IX.
3443 324 3515 381 80

232 438 382 494 Υιὸν
401 436 510 491 τοῦ
540 434 692 491 Θεοῦ
706 434 805 489 καί
826 435 1483 507 παραδειγματίζοντας.
1521 440 1575 493 Ἀ
1585 440 1832 496 νακαινί-

234 525 380 590 ζειν,
400 523 593 593 φησὶν,
622 521 706 584 εἰς
729 521 1020 589 μετάνοιαν
1038 537 1051 549 ’
1081 523 1354 586 τουτέστι,
1378 524 1468 577 διά
1498 525 1790 594 μετανοίας
1814 540 1829 556 ο

234 607 296 660 τί
355 601 493 670 οὗν;
527 603 914 673 ἑκϐέόληταιὴ
947 604 1245 674 μετάνοια;
1291 607 1469 678 Ούχή
1537 607 1830 678 μετάνοια,

242 690 324 761 μὴ
352 689 589 759 γένοιτο,
618 687 736 740 ἀλλ’
767 688 796 740 0
826 687 916 740 διά
945 687 1171 758 λουτροῦ
1204 688 1370 742 πάλιν
1408 691 1828 762 ἀνακαινισμός.

239 773 322 826 υύ
351 771 468 842 γάρ
495 767 674 832 εἶπεν,
722 768 1050 824 Ἀδύνατον
1075 770 1579 840 ἁνακαινισθῆναι
1622 774 1709 839 είς
1736 789 1834 842 με·

240 857 531 918 τάνοιαν,
584 854 682 907 καὶ
747 855 1045 924 ὲτίγησεν·
1081 854 1199 907 ἀλλ’
1260 854 1455 921 εἰπὼν,
1502 855 1834 910 Ἀδύνατον

239 939 561 1008 ἀπήγαγεν,
624 936 1195 1006 Ἀνασταυροῦντας.
1262 938 1784 1005 Ἀνακαινισθῆναι
1815 954 1829 969 ’

241 1022 518 1083 τουτέστι,
544 1020 734 1074 καινὸν
764 1020 1020 1088 γενέσθαι
1052 1033 1068 1049 ⁸
1098 1020 1160 1072 τὸ
1180 1018 1292 1090 γάρ
1323 1022 1547 1084 καινοὺς
1578 1021 1830 1090 ποιῆσαι,
1882 1034 1898 1051 ι

242 1105 340 1158 τοῦ
360 1102 595 1174 λουτροῦ
631 1102 792 1174 μόνον
824 1104 972 1156 ἐστίν
994 1119 1007 1132 ⁸
1054 1102 1653 1170 Ἀνακαινισθήσεται
1695 1106 1829 1173 γὰρ,

245 1187 439 1257 νησὶν.
469 1188 554 1253 ὡς
570 1186 751 1242 ἀετοῦ
772 1188 810 1257 ἡ
832 1188 1047 1256 νεότης
1082 1202 1220 1241 σου.

320 1348 437 1418 Τῆς
468 1346 529 1402 δὲ
560 1349 853 1419 μετανοίας
896 1349 1016 1403 ἐστί
1046 1350 1126 1415 τὸ,
1196 1351 1424 1414 καινοὺς
1480 1350 1829 1422 γενομένους,

248 1429 375 1485 εἶτα
405 1432 823 1497 παλαιωθέντας
858 1434 964 1486 ὑπὸ
988 1434 1096 1486 τῶν
1152 1434 1595 1505 ἁμαρτημάτων,
1657 1435 1835 1491 ἀπαλ-

246 1514 414 1579 λάξαι
432 1516 535 1586 τῆς
562 1516 928 1586 παλαιότητος
951 1518 1046 1571 καὶ
1074 1519 1299 1583 καινοὺς
1340 1518 1684 1588 ἐργάσασθαι
1709 1533 1725 1548 ·
1752 1520 1834 1580 εἰς

248 1599 474 1670 ὲκείνην
532 1599 713 1670 μέντοι
757 1599 858 1671 τὴν
907 1600 1270 1672 λαμπρότητα
1316 1602 1549 1671 ἀγαγεῖν
1580 1601 1683 1654 οὐκ
1714 1600 1830 1653 ἔνι’

250 1685 373 1736 ἐκεῖ
404 1682 518 1753 γάρ
533 1684 594 1735 τὸ
620 1683 739 1736 ὅλον
767 1685 802 1754 ἡ
820 1684 979 1755 χάρις
1004 1679 1092 1754 ἦν.
1112 1685 1677 1753 Ἀνασταυροῦντας
1692 1684 1833 1738 ἐαυ-

249 1763 400 1830 τοῖς,
433 1764 590 1832 φησί,
619 1763 729 1817 τὸν
765 1765 902 1819 rw:-
934 1763 1043 1818 τοῦ
1082 1766 1230 1820 Θεοῦ
1254 1765 1355 1819 καί
1388 1763 1837 1833 παραδειγματί-

253 1846 484 1911 ζοντας.
525 1846 590 1899 Ὃ
609 1846 666 1899 δὲ
698 1846 869 1916 λέγει,
896 1847 1055 1901 τοῦτό
1079 1849 1195 1902 ἐστι
1214 1864 1229 1878 ’
1262 1847 1336 1900 T0
1357 1847 1642 1917 βάπτισμα
1675 1862 1838 1899 σταυ-

256 1929 351 2001 ρός
370 1929 489 1982 ἐστι
514 1946 529 1961 ο
557 1928 1029 1999 Συνεσταιφώθη
1077 1930 1189 2000 τὰρ
1210 1934 1242 1985 ὁ
1269 1930 1528 1996 παλαιὸς
1551 1928 1719 1998 ἡμῶν
1738 1928 1838 1981 ἀν-

255 2015 505 2080 θρωπος.
557 2014 666 2067 Καὶ
712 2014 878 2068 πάλιν
906 2030 920 2044 ·
974 2016 1318 2084 Σύμμορφοι
1358 2014 1693 2085 γεγόναμεν
1754 2011 1838 2077 τῷ

256 2096 579 2166 ὁμοιώματι
598 2096 703 2152 τοῦ
719 2097 984 2153 θανάτου
1018 2099 1204 2153 αὐτοῦ
1220 2116 1235 2131 ·
1257 2100 1350 2153 καὶ
1372 2098 1556 2153 πάλινο
1582 2095 1838 2151 Συνετά-

252 2195 455 2249 φημεν
482 2176 597 2236 οὖν
644 2180 807 2247 αὐτῷ
861 2182 955 2236 διὰ
1000 2183 1107 2237 τοῦ
1136 2182 1563 2252 ,βαπτίσματος
1586 2183 1673 2246 είς
1730 2179 1838 2233 τὸν

253 2264 761 2336 θάνατον.”Ωσπερ
785 2261 880 2319 οὖν
927 2266 1028 2320 οὐκ
1066 2265 1147 2320 ἔνι
1197 2266 1454 2339 δεύτερον
1514 2264 1840 2337 σταυρωθῆ-

251 2364 342 2401 ναι
374 2347 469 2401 τὸν
494 2348 733 2420 Χριστόν
754 2364 770 2380 ’
790 2349 949 2404 τοῦτο
974 2350 1086 2422 γάρ
1106 2349 1619 2422 παραδειγματίσαι
1672 2348 1838 2403 αὐτόν

251 2435 408 2489 ἐστιν
427 2453 443 2469 ·
479 2435 654 2500 οὕτως
683 2437 803 2490 οὐδὲ
836 2436 1226 2508 βαπτισθῆναι.
1253 2438 1317 2491 Εἰ
1345 2436 1457 2508 γὰρ
1488 2436 1717 2500 θάνατος
1748 2436 1839 2489 αὐ-

250 2518 352 2572 τοῦ
381 2519 578 2572 οὐκέτι
594 2520 888 2591 κυριεύσει,
911 2524 959 2575 εἰ
976 2520 1205 2591 ἀνέστη.
1233 2522 1302 2593 τῇ
1327 2519 1630 2573 ἀναστάσει
1657 2519 1839 2590 κρείτ-

248 2618 369 2655 των
382 2602 685 2673 γενόμενος
698 2604 789 2657 τοῦ
809 2604 1060 2672 θανάτου,
1086 2606 1134 2657 εἰ
1151 2603 1241 2657 διά
1257 2603 1352 2657 τοῦ
1379 2602 1613 2656 θανάτου
1637 2601 1838 2656 τὸνθά-

250 2702 421 2740 νατον
442 2686 842 2741 κατεπάλαισεν
860 2729 875 2753 ,
910 2684 1030 2742 εἶτα
1059 2688 1221 2741 πάλιν
1251 2685 1584 2757 σταυροῦται
1608 2701 1623 2715 ·
1666 2683 1838 2755 μῦθος

252 2768 434 2821 πάντα
449 2770 636 2823 ἐκεῖνα
666 2771 761 2823 καὶ
812 2769 1385 2843 παραδειγματισμός.
1420 2770 1478 2822 ὐ
1502 2768 1689 2821 τοίνυν
1714 2766 1836 2819 δεύ-

250 2869 412 2924 τερον
437 2854 631 2907 ἑαυτὸν
657 2852 959 2925 βαπτίζων,
995 2855 1159 2909 πάλιν
1210 2853 1375 2907 αὑτὸν
1407 2853 1654 2924 σταυροῖ.
1678 2850 1746 2903 Τί
1777 2850 1837 2903 δέ

251 2937 427 2999 ἐστιν,
446 2937 1043 3007 Ἀνασταυροῦνταςς
1068 2936 1311 2991 ’Δνωθεν
1332 2936 1503 2991 πάλιν
1534 2932 1835 3005 σταυροῦν-

248 3035 377 3083 τας.
397 3020 604 3093 Ὠσπερ
623 3019 735 3093 [97]
754 3021 864 3094 γάρ
889 3021 1162 3076 ἀπέθανεν
1177 3024 1205 3076 0
1223 3020 1461 3092 Χριστὸς
1480 3021 1540 3073 ἐν
1564 3018 1648 3090 τῷ
1676 3034 1839 3072 σταυ·

253 3103 355 3176 ρῷ,
381 3103 559 3169 οὕτως
576 3106 738 3176 ἡμεῖς
758 3109 816 3160 έν
837 3105 915 3177 τῷ
937 3106 1297 3177 βαπτίσματι,
1315 3105 1374 3159 οὐ
1389 3107 1456 3176 τῇ
1485 3102 1672 3174 σαρκὶ,
1699 3102 1837 3158 ἀλλά

252 3189 318 3258 τῇ
342 3188 612 3260 ἁμαρτίᾳ.
633 3189 777 3262 Ὅρα
800 3189 1052 3253 θάνατον,
1084 3190 1176 3244 καὶ
1207 3188 1455 3243 θάνατον’
1483 3189 1688 3249 ἐκεῖνος
1703 3186 1838 3240 ἀπέ-

254 3267 413 3323 θανεν
429 3272 489 3325 ὲν
507 3273 575 3343 τῇ
600 3272 789 3344 σαρκὶ,
822 3274 985 3343 ἡμεῖς
1009 3273 1068 3326 δὲ
1099 3275 1166 3343 τῇ
1193 3271 1461 3343 ἁμαρτίᾳ.
1484 3269 1583 3323 Διά
1615 3269 1710 3323 τοῦ
1749 3268 1838 3339 βα-

261 3355 566 3426 πτίσματος
587 3356 747 3427 ἡμῶν
770 3356 799 3409 0
825 3356 1057 3421 παλαιὸς
1086 3355 1373 3428 ἄνθρωπος
1404 3354 1601 3426 ἐτάφη,
1632 3354 1725 3407 καὶ
1751 3354 1839 3407 ἀν-

256 3437 388 3508 έστη
418 3440 446 3491 0
471 3438 686 3504 καινὸς,
714 3442 743 3493 ό
764 3440 828 3493 σύ
836 3457 1091 3511 μμορφος
1110 3438 1407 3509 γενόμενος
1428 3436 1506 3508 τῷ
1521 3435 1838 3508 ὁμοιώματι

256 3518 349 3572 τοῦ
384 3519 620 3575 θανάτου
649 3521 837 3576 αὐτοῦ.
871 3523 934 3576 ΕΞ
960 3523 1140 3575 τοίνυν
1169 3522 1386 3592 ἀνάγκη
1423 3520 1588 3574 πάλιν
1646 3518 1841 3589 βαπτι-

260 3601 473 3672 σθῆναι,
498 3605 713 3676 ἀνάγκη
734 3605 897 3661 πάλιν
913 3606 1075 3661 αὐτὸν
1094 3605 1387 3660 ἀποθανεῖν
1406 3603 1595 3657 τοῦτον
1615 3619 1630 3633 ’
1653 3602 1716 3656 τὸ
1730 3601 1842 3673 γάρ

260 3682 546 3755 βάπτισμα
564 3687 717 3740 οὐδέν
746 3691 892 3743 ἐστιν
914 3688 1065 3753 ἄλλο,
1092 3688 1125 3760 ἦ
1150 3688 1430 3759 ἀναίρεσις
1454 3685 1548 3740 τοῦ
1582 3684 1842 3755 βαπτιζο-

263 3767 455 3835 μένου,
484 3771 581 3823 καὶ
603 3770 822 3842 ἔγερσις
844 3774 936 3824 ὲκε
947 3771 1080 3827 ίνου.
1114 3773 1226 3826 Καὶ
1255 3769 1437 3833 καλῶς
1458 3766 1634 3835 εἶπεν,
1669 3769 1842 3823 Ἐαυο

257 3851 386 3917 τοῖς
408 3853 947 3923 ἀνασταυροῦντας
967 3873 980 3888 υ
1019 3856 1049 3909 0
1070 3856 1178 3928 γάρ
1201 3855 1360 3909 τοῦτο
1407 3852 1577 3907 ποιῶν
1592 3890 1607 3917 ,
1641 3851 1719 3916 ώς
1742 3853 1843 3923 τῆς

260 3937 540 4008 προτέρας
571 3939 799 4012 χάριτος
845 3940 1259 4012 ἐπιλαθόμενος,
1294 3939 1389 3995 καὶ
1434 3938 1696 4011 ῥᾳθύμως
1748 3937 1842 3993 τὸν

260 4019 462 4073 ἑαυτοῦ
485 4020 601 4091 βίον
627 4024 1037 4093 οἰκονομῶν,ώς
1059 4025 1211 4088 ὄντος
1227 4022 1415 4094 ἑτέρου
1439 4022 1840 4093 βαπτίσματος,

260 4099 407 4155 οὕτω
431 4103 617 4159 πάντα
641 4105 1061 4177 διαπράττεται.
1086 4107 1289 4178 Διόπερ
1308 4105 1598 4176 προσέχειν
1610 4105 1717 4176 χρὴ
1744 4104 1843 4158 καί⁸

263 4185 687 4254 ἀσφαλίζεσθαι.
744 4190 810 4245 Τί
831 4193 969 4256 ἐστι,
999 4189 1431 4260 Γευσαμένους
1469 4187 1579 4259 τῆς
1621 4186 1844 4258 δωρεᾶς

263 4270 376 4341 τῆς
388 4273 795 4346 ἐπουρανίου;
827 4278 1108 4345 Τουτέστι,
1137 4280 1236 4351 τῆς
1266 4277 1515 4347 ἀφέσεως
1541 4276 1649 4330 τῶν
1665 4277 1847 4350 ἀμαρ-

263 4357 563 4426 τημάτων·
591 4360 750 4415 τοῦτο
792 4362 901 4435 γὰρ
962 4362 1097 4417 Θεοῦ
1136 4363 1299 4434 μόνου
1349 4360 1696 4433 χαρίζεσθαι,
1750 4361 1846 4415 καὶ

265 4441 483 4512 ήχάρις
541 4442 689 4512 ἅπαξ
718 4447 832 4499 ἐστὶ
858 4445 1038 4519 χάρις.
1075 4447 1136 4502 Τί
1173 4441 1287 4500 οὖν
1331 4444 1737 4514 ἐπιμενοῦμεν
1771 4443 1846 4513 τῇ

264 4522 547 4593 ἁμαρτίᾳ,
577 4527 680 4580 ἵνα
711 4529 751 4597 ἡ
780 4528 954 4599 χάρις
985 4528 1298 4597 πλεονάσῃ
1318 4544 1337 4593 ;
1361 4526 1455 4596 Μὴ
1491 4524 1745 4597 γένοιτο.
1782 4528 1846 4581 Εἰ

267 4606 324 4660 δὲ
344 4610 435 4663 ἀεὶ
465 4610 734 4683 μέλλομεν
760 4614 943 4684 χάριτι
980 4610 1277 4677 σώζεσθαι,
1308 4611 1573 4665 οὐδέποτε
1607 4610 1848 4681 ἐσόμεθα

267 4692 488 4762 ἀγαθοί.
522 4695 698 4749 Ὅπου
730 4697 839 4767 γάρ
866 4697 966 4767 μία
988 4697 1103 4750 ἐστί
1133 4698 1315 4767 χάρις,
1350 4696 1445 4748 καὶ
1474 4694 1619 4748 οὓτω
1675 4694 1848 4766 ῥᾳθυ-

272 4775 514 4847 μοῦμεν·
539 4780 588 4831 εἰ
617 4779 839 4851 ⁴ᾔδειμεν
865 4781 948 4834 ὅτι
976 4780 1140 4834 πάλιν
1164 4779 1313 4832 ἔστιν
1343 4777 1753 4832 ἀπολούσασθαι
1778 4778 1847 4832 τά

268 4861 670 4932 ἁμαρτήματα,
718 4859 828 4935 ἆρα
882 4863 948 4919 ἂν
999 4862 1361 4934 ἐπαυσάμεθα
1405 4861 1847 4932 ἀμαρτάνοντες;

269 4944 385 4998 Οὐκ
410 4945 590 5015 ἔγωγε
617 4942 790 5019 οἶμαι.
822 4947 999 5003 Πολλὰ
1043 4946 1278 5002 ἐνταῦθα
1303 4945 1542 4999 δείκνυσι
1564 4943 1633 4996 τά
1659 4942 1810 5015 δῶρα
1834 4959 1848 4973 ’

268 5028 368 5081 καὶ
397 5029 489 5084 ἵνα
525 5030 724 5103 μάθῃς,
754 5033 1012 5088 ἄκουσον·
1037 5029 1418 5103 Κατηξιώθης,
1451 5027 1603 5097 φησί,
1652 5026 1853 5081 τοσαύ-

269 5128 372 5183 της
422 5114 710 5183 ἀφέσεως,
736 5119 796 5173 ὲν
832 5120 1052 5191 σκότῳι
1107 5115 1474 5185 καθεζόμενος
1498 5114 1526 5165 6
1558 5111 1773 5184 ἐχθρὸς,
1824 5114 1852 5167 6

271 5198 558 5270 πολέμιος,
588 5205 617 5255 0
652 5201 1186 5274 ἀπηλλοτριωμένος,
1211 5202 1240 5254 0
1266 5197 1587 5267 θεοστυγὴς,
1622 5198 1650 5250 0
1692 5197 1853 5251 ἀπολ-

270 5278 507 5355 λύμενος
529 5302 545 5319 ’
569 5288 597 5339 0
619 5284 865 5350 τοιοῦτος
892 5281 982 5339 οὖν
1015 5284 1279 5354 ἐξαίφνης
1332 5281 1644 5351 φωτισθείς,
1678 5280 1852 5333 Πνεύ-

277 5386 447 5442 ματος
466 5369 745 5435 ἀξιωθεὶς,
760 5370 970 5441 δωρεάς
993 5368 1342 5439 ἐπουρανίου,
1372 5364 1670 5430 υἱοθεσίας,
1693 5364 1853 5435 βασι-ο

272 5451 427 5517 λείας
454 5451 727 5523 οὐρανῶν,
751 5452 862 5507 τῶν
886 5452 1060 5507 ἀλλων
1081 5452 1323 5520 ἀγαθῶν,
1347 5448 1663 5522 μυστηρίων
1690 5450 1856 5522 ἀποῤ·

301 5699 356 5767 .¹
382 5699 532 5767 Legi}
553 5700 819 5767 Mutiagus,
844 5703 1078 5760 τοσαύτης
1110 5703 1339 5767 ἀφέσεως.
1373 5698 1433 5751 ⁸0
1456 5699 1544 5763 γὰρ
1583 5699 1632 5748 έν
1672 5697 1853 5761 σκότῳ,

274 5763 475 5826 δίαινε
495 5763 674 5827 Βεκεη
701 5765 888 5817 Comm.
915 5771 968 5816 el
1000 5777 1156 5828 marg.
1181 5763 1331 5813 Savil.

1943 441 2144 512 ρήτων,
2171 443 2266 495 καί
2289 443 2412 497 οὐδὲ
2444 442 2585 496 οὕτω
2613 438 2840 510 βελτίων
2867 436 3158 507 γενόμενος
3177 478 3191 501 ,
3219 438 3333 491 ἀλλ’
3363 440 3512 505 ἄξιος

1939 523 2042 593 μὲν
2074 524 2149 578 ὢν
2196 525 2493 587 ἀπωλείας,
2516 522 2694 592 τυχὼν
2720 521 2777 574 δὲ
2810 520 3085 590 σωτηρίας
3109 520 3205 573 καὶ
3229 522 3411 591 τιμῆς,
3436 524 3514 586 ὡς

1932 609 2000 661 τά
2034 607 2247 677 μεγάλα
2280 604 2689 678 κατωρθωκὼς,
2727 603 2843 666 πῶς
2865 602 2931 656 ἂν
2956 602 3173 655 δύναιτο
3205 602 3512 672 βαπτισθῆ-

1933 708 2020 743 ναι
2046 691 2241 753 πάλινς
2268 689 2372 743 Δύο
2399 690 2581 742 τοίνυν
2611 689 2834 759 τρόποις
2867 686 2923 739 τὸ
2954 687 3188 756 πρᾶγμα
3251 686 3513 739 ἀδύνατον

1932 772 2136 844 ἔφησεν
2166 770 2329 839 εἶναι,
2352 774 2446 826 καὶ
2473 771 2565 825 τὸν
2618 770 2967 841 ἰσχυρότερον
3016 769 3240 838 ὓστερον
3282 767 3476 839 έθηκεν
3497 787 3509 797 ·

1934 859 2016 910 ἐνὶ
2047 859 2146 927 μὲν
2165 898 2181 923 ,
2211 858 2294 911 δτι
2325 858 2427 910 οὐκ
2476 856 2625 920 ἄξιος
2645 856 2673 907 0
2695 853 2951 907 τοιούτων
2990 850 3370 918 καταξιωθεκ,
3420 852 3516 904 καὶ

1934 943 2112 995 πάντα
2140 942 2375 1013 προδοὺς
2389 939 2460 994 τά
2488 939 2801 1009 δωρηθέντα
2831 936 3001 1005 αὐτῷ,
3023 936 3186 989 πάλιν
3216 938 3508 989 ἀνακαινι-

1941 1025 2157 1093 ῖθῆναιο
2188 1024 2428 1093 δευτέρῳ
2461 1022 2539 1085 δὲ,
2565 1022 2648 1075 ὅτι
2680 1021 2741 1073 ού
2771 1019 2999 1073 δυνατόν
3028 1020 3177 1070 ἐστιν
3211 1019 3374 1071 αὑτὸν
3406 1018 3513 1071 πά-

1931 1107 2015 1161 λιν
2049 1105 2526 1177 άνασταυροῦσθαι
2560 1121 2575 1136 '
2603 1103 2762 1156 τοῦτο
2790 1102 2901 1173 γάρ
2933 1104 3051 1155 ἐστι
3084 1101 3515 1172 παραδειγματί-

1934 1206 2044 1242 σαι.
2077 1191 2192 1242 Οὐκ
2226 1188 2343 1240 ἐστι
2370 1187 2550 1240 τοίνυν
2574 1185 2828 1255 δεύτερον
2851 1184 3098 1255 λουτρὸν,
3125 1184 3225 1236 οὐκ
3254 1184 3399 1238 ἔστιν
3425 1202 3437 1214 ·
3465 1186 3514 1238 εἰ

1932 1273 1988 1325 δὲ
2018 1271 2159 1337 ἐστι,
2188 1270 2284 1323 καὶ
2312 1269 2497 1340 τρίτον
2526 1269 2663 1330 ἐστι,
2697 1269 2792 1321 καὶ
2822 1267 3082 1338 τέταρτόν
3114 1267 3253 1332 ἐστι,
3285 1268 3378 1321 καί
3402 1268 3508 1321 ὑπὸ

1932 1353 2025 1407 τοῦ
2069 1353 2299 1424 ὑστέρου
2353 1352 2441 1404 ἀεὶ
2462 1351 2522 1404 τὸ
2548 1351 2765 1422 πρῶτον
2818 1349 3171 1406 καταλύεται.
3220 1350 3317 1403 καί⁸
3357 1349 3517 1403 τοῦτο

1933 1437 2094 1492 πάλιν
2116 1436 2222 1489 ὑπὸ
2248 1434 2344 1488 τοῦ
2374 1435 2559 1496 ἄλλου,
2589 1435 2685 1487 καὶ
2723 1433 2882 1486 τοῦτο
2910 1435 2992 1495 εἰς
3031 1433 3280 1503 ἄπειρον.
3337 1432 3516 1485 Εἰπὼν

1931 1519 2008 1585 δὲ,
2040 1517 2148 1574 Καὶ
2177 1518 2373 1573 καλὸν
2404 1517 2553 1571 Θεοῦ
2569 1514 2983 1585 γευσαμένους
3000 1513 3210 1583 Ῥἦιια,
3232 1514 3517 1583 δυνάμεις

1932 1619 1997 1655 τε
2023 1601 2236 1668 αἰῶνος
2274 1600 2607 1669 μέλλοντος
2628 1640 2643 1663 ,
2696 1601 2797 1653 οὐκ
2818 1597 3190 1653 ἀποκαλύπτει
3219 1596 3335 1670 [98]
3362 1598 3518 1659 αὐτὸ.

1935 1685 2049 1738 ἀλλ’
2071 1684 2394 1748 αἰνίττεται,
2428 1684 2526 1738 καί
2577 1682 2863 1754 μονονουχὶ
2907 1681 3080 1735 ταῦτα
3128 1681 3277 1750 λέγει
3311 1696 3328 1711 ⁸
3354 1680 3519 1733 ὅτιτὸ

1935 1766 2035 1838 ζῇν
2058 1768 2133 1831 ὡς
2163 1766 2454 1835 ἀγγέλους,
2479 1766 2542 1818 τὸ
2572 1765 2799 1837 μηδενὸς
2840 1765 3052 1818 δεῖσθαι
3080 1765 3190 1818 τῶν
3239 1762 3472 1817 ἐνταῦθα
3497 1801 3514 1825 ,

1933 1852 1996 1905 τὸ
2024 1850 2224 1903 εἰδέναι
2251 1852 2335 1904 ὅτι
2357 1850 2456 1918 τῆς
2481 1848 2591 1901 τῶν
2647 1847 2952 1918 μελλόντων
3002 1846 3214 1901 αἰώνων
3274 1845 3516 1900 ἀπολαύ-

1938 1953 2076 1998 σεως
2106 1934 2365 2005 πρόξενος
2390 1934 2524 2003 ἡμῖν
2546 1934 2579 2000 ὴ
2606 1932 2853 1984 υἱοθεσία
2870 1931 3101 1998 γίνεται,
3128 1931 3190 1984 τὸ
3214 1932 3292 1994 εἰς
3313 1929 3517 1984 τάάδυ-

1935 2036 2005 2073 τα
2038 2021 2225 2071 ἐκεῖνα
2256 2015 2525 2069 εἰσελθεῖν
2566 2014 2896 2084 προσδοκᾷν,
2929 2013 3017 2066 διὰ
3046 2012 3142 2066 τοῦ
3195 2012 3334 2066 Πνεύ
3346 2028 3516 2078 ματος

1937 2102 2053 2154 ἐστι
2085 2100 2260 2153 ταῦτα
2292 2096 2508 2167 μαθεῖν.
2538 2097 2603 2149 Τί
2637 2098 2777 2158 ἐστι,
2808 2093 3103 2163 Δυνάμεις
3140 2112 3204 2148 τε
3235 2094 3340 2149 τοῦ
3368 2093 3518 2163 μέλ-

1933 2186 2153 2249 λοντος
2176 2181 2420 2247 αἰῶνοςξ
2462 2181 2527 2233 Ἠ
2557 2178 2671 2250 ζωὴ
2712 2180 2745 2249 ἡ
2778 2178 3018 2242 αἰώνιος,
3073 2180 3105 2248 ἡ
3137 2176 3407 2248 ἀγγελικὴ
3435 2177 3517 2229 δι-

1935 2267 2152 2338 αγωγή.
2187 2266 2405 2320 Τούτων
2427 2263 2527 2334 ἤδη
2557 2263 2648 2316 τὸν
2677 2261 2976 2334 ἀρραϐῶνα
3001 2261 3266 2331 ἐλάϐομεν
3301 2259 3388 2313 διὰ
3417 2260 3518 2330 τῆς

1935 2350 2176 2413 πίστεως
2204 2348 2358 2420 παρά
2381 2347 2477 2400 τοῦ
2501 2345 2640 2399 Πνεύ
2652 2362 2842 2415 ματος.
2868 2344 3003 2398 Εἰπέ
3038 2362 3126 2416 μοι
3149 2344 3332 2400 τοίνυν
3355 2343 3405 2396 εἰ
3437 2344 3517 2405 εἰς

1938 2434 2184 2507 βασίλεια
2216 2432 2514 2503 εἰσαχθεὶς.
2542 2432 2636 2485 καὶ
2667 2431 2844 2484 πάντα
2870 2429 3256 2495 ἐμπιστευθείς
3280 2428 3349 2481 τά
3377 2429 3516 2491 ἐκεῖ,

1937 2516 2055 2572 εἶτα
2103 2516 2427 2589 προῦδωκας
2481 2516 2718 2581 ἅπαντα,
2772 2509 2883 2586 ἄρα
2911 2514 2975 2568 ἂν
3024 2510 3413 2579 ὲνεπιστεύθης
3449 2511 3517 2562 τά

1936 2603 2054 2655 ἐκεῖ
2084 2600 2246 2655 πάλιν
2267 2617 2282 2667 ;

2008 2751 2074 2806 δ’.
2092 2751 2159 2805 Τί
2179 2745 2310 2817 οὗν;
2339 2750 2441 2804 οὐκ
2466 2749 2580 2804 ἔστι
2610 2748 2888 2820 μετάνοια,
2919 2744 3119 2816 φησίν;
3155 2744 3311 2797 Ἔστι
3356 2741 3517 2811 μετά-

1935 2852 2075 2902 νοια,
2100 2833 2238 2887 ἀλλά
2262 2833 2548 2904 βάπτισμα
2573 2834 2676 2886 οὐκ
2708 2831 2827 2884 ἔστι
2850 2828 3127 2899 δεύτερον.
3159 2825 3437 2881 Μετάνοια
3462 2822 3517 2876 δὲ

1936 2920 2053 2974 ἐστι
2087 2916 2290 2988 πολλὴν
2318 2916 2520 2988 ἔχουσα
2556 2918 2658 2986 τὴν
2695 2915 2872 2986 ἰσχὺν,
2907 2912 3123 2967 καὶτὸν
3161 2910 3370 2981 σφόδρα
3407 2910 3520 2972 τοῖς

1938 3002 2305 3073 ἁμαρτήμασι
2335 2998 2788 3069 βεϐαπτισμένον,
2821 2998 2872 3049 εἰ
2902 2994 3216 3066 βουληθείη,
3242 2991 3518 3061 δυναμένη

1937 3086 2247 3153 ἀπαλλάξαι
2275 3084 2369 3138 τοῦ
2398 3082 2509 3137 τῶν
2545 3080 2962 3153 ἁμαρτημάτων
3013 3078 3259 3149 φορτίου,
3293 3076 3386 3129 καὶ
3427 3074 3520 3127 τὸν

1937 3169 2321 3224 κινδυνεύοντα
2372 3166 2721 3235 καταστῆσαι
2771 3167 2831 3218 ἐν
2879 3161 3175 3232 ἀσφαλείᾳ,
3222 3161 3326 3214 κάν
3363 3159 3520 3228 ’πρὸς

1939 3256 2103 3310 αὐτὸν
2134 3253 2264 3326 ἔλθῃ
2293 3254 2391 3322 τῆς
2417 3250 2615 3313 κακίας
2640 3249 2730 3302 τὸν
2756 3248 3034 3315 πυθμένα.
3062 3246 3171 3300 Καὶ
3197 3244 3356 3297 τοῦτο
3391 3242 3521 3295 πολ-

1937 3338 2166 3410 λαχόθεν
2198 3335 2423 3389 δυνατὸν
2449 3330 2749 3397 ἀποδεῖξαι.
2796 3332 2892 3398 Μὴ
2919 3333 2952 3384 ὁ
2980 3330 3221 3382 ’πίπτων
3243 3327 3376 3396 τὰρ,
3412 3343 3523 3394 φη-

1940 3423 2047 3489 σὶν,
2094 3423 2206 3475 οὐκ
2252 3418 2588 3481 ἀνίσταται,
2640 3416 2680 3483 ἢ
2725 3418 2758 3469 ό
2786 3411 3186 3481 ἀποστρέφων
3233 3412 3344 3464 οὐκ
3382 3410 3521 3462 -ἐπι-

1939 3505 2220 3575 στρέφεις
2253 3504 2464 3563 Ἔστιν,
2502 3502 2598 3553 ὲάν
2642 3497 2983 3570 βουλώμεθα,
3021 3494 3382 3565 μορφωθῆναι
3429 3492 3523 3546 τον

1940 3587 2179 3661 Χριστὸν
2211 3588 2272 3639 ὲν
2309 3586 2438 3656 ἡμῖν
2470 3583 2634 3637 πάλιν
2666 3595 2684 3612 ⁸
2713 3583 2880 3636 ἄκουε
2921 3579 3031 3650 γάρ
3081 3578 3300 3631 Παύλου
3319 3575 3524 3661 ⁸,λέγον-

1939 3655 2054 3738 τός,
2090 3671 2299 3727 Τεκνία
2318 3655 2459 3739 μου,
2489 3667 2597 3733 οὓς
2617 3665 2806 3719 πάλιν
2835 3665 3047 3728 ὠδίνω,
3078 3661 3251 3731 ἄχρις
3276 3655 3348 3715 οὖ
3378 3674 3525 3725 μορ-

1941 3754 2111 3827 φωθῇ
2131 3752 2386 3824 Χριστὸς
2414 3751 2483 3805 ἐν
2511 3749 2654 3819 ὑμῖν
2678 3764 2693 3780 ⁸
2730 3747 2889 3817 μόνον
2930 3743 3197 3813 ἁψώμεθα
3218 3742 3322 3827 τῆς
3355 3756 3523 3827 μετα-

1942 3824 2119 3901 νοίας.
2175 3837 2318 3905 Ὅρα
2354 3832 2465 3903 γάρ
2506 3829 2642 3883 Θεοῦ
2705 3826 3117 3899 φιλανθρωπίαν
3145 3841 3162 3859 ο
3212 3824 3318 3877 ἔδει
3375 3825 3525 3893 ἡμᾶς

1944 3922 2110 3975 παντί
2140 3918 2330 3990 τρόπῳ
2361 3914 2696 3982 κολασθῆναι
2730 3912 2886 3982 παρά
2937 3910 3037 3981 τὴν
3086 3906 3283 3979 ἀρχὴν,
3310 3907 3395 3990 ὅτι
3431 3907 3525 3960 καὶ

1944 4005 2110 4076 νόμον
2141 3988 2400 4062 λαὸόντες
2430 3998 2521 4051 τὸν
2548 3995 2778 4066 φυσικὸν
2812 3995 2908 4047 καὶ
2940 3993 3152 4065 μυρίων
3177 3988 3522 4045 ἀπολαύσαν-

1945 4072 2037 4152 τες
2072 4084 2323 4155 ἀγαθῶν,
2357 4081 2451 4135 τόν
2476 4097 2535 4133 τε
2565 4078 2845 4147 Δεσπότην
2875 4078 3250 4147 ἠγνοήκαμεν,
3290 4074 3384 4127 καὶ
3413 4072 3525 4143 βίον

1946 4170 2258 4241 ἀκάθαρτον
2289 4164 2634 4236 βεϐιώκαμεν
2659 4179 2673 4193 ·
2709 4163 2738 4215 0
2763 4162 2820 4214 δὲ
2835 4161 2896 4213 ού
2932 4159 3091 4229 μόνον
3120 4159 3220 4211 οὐκ
3242 4157 3524 4220 ἐκόλασεν,

1946 4254 2081 4309 ἀλλά
2114 4240 2210 4305 καὶ
2242 4248 2452 4322 μυρίων
2495 4247 2801 4317 μετέδωκεν
2851 4243 3093 4313 ἀγαθῶν,
3132 4242 3208 4306 ώς
3240 4240 3306 4295 ἀν
3342 4244 3391 4294 εἰ
3429 4257 3525 4311 με-

1947 4338 2092 4409 γάλα
2123 4333 2551 4407 κατωρθωκότες
2571 4326 2734 4402 ἦμεν.

2020 4502 2191 4557 Πάλιν
2225 4499 2581 4569 ὲξεπέσομεν,
2641 4496 2737 4549 καὶ
2783 4495 2905 4548 οὐδὲ
2936 4494 3082 4547 οὕτω
3110 4494 3328 4557 κολάζει
3354 4533 3369 4555 ,
3412 4494 3528 4545 ἀλλ’

1952 4588 2121 4642 ἔδωκε
2145 4585 2209 4639 τὸ
2240 4585 2339 4653 τῆς
2378 4580 2665 4653 μετανοίας
2693 4578 3010 4650 φάρμακον,
3047 4577 3226 4631 πάντα
3271 4575 3430 4646 ήμῶν
3461 4578 3530 4628 τά

1955 4670 2332 4742 ἁμαρτήματα
2360 4664 2549 4719 ἰκανὸν
2580 4663 2844 4731 ἀφανίσαι
2872 4661 2967 4714 καὶ
3000 4658 3321 4742 ἀπαλεῖψαι,
3362 4658 3524 4742 μόνον

1954 4740 2049 4808 ὲάν
2072 4740 2303 4820 εἰδῶμεν
2330 4749 2395 4802 τὸ
2421 4748 2718 4817 φάρμακον
2748 4745 2932 4799 ὁποῖόν
2962 4746 3099 4805 ἐστι,
3129 4744 3222 4795 καὶ
3249 4740 3365 4803 πῶς
3390 4740 3523 4793 αὐτὸ

1953 4834 2259 4891 ἐπιτιθέναι
2287 4832 2387 4886 δεῖ.
2422 4832 2581 4883 Ποῖον
2613 4824 2705 4882 οὖν
2735 4829 2853 4881 ἐστι
2881 4827 2942 4879 τὸ
2970 4827 3259 4896 φάρμακον
3295 4823 3395 4893 τῆς
3426 4839 3524 4892 με-

1951 4920 2192 4982 τανοίας,
2238 4916 2332 4970 καὶ
2372 4913 2489 4977 πῶς
2540 4913 2674 4966 αὐτὸ
2722 4910 3228 4974 κατασκευάζεταις
3277 4907 3522 4978 Πρῶτον,

1954 5003 2064 5057 ἀπὸ
2092 4997 2498 5068 καταγνώσεως
2526 4995 2636 5047 τῶν
2686 4993 2904 5046 οἰκείων
2940 4993 3161 5062 ἀμαρτη
3174 4991 3381 5061 μάτων,
3425 4991 3523 5044 καὶ

1953 5087 2062 5142 ἀπὸ
2104 5079 2531 5152 ὲξαγορεύσεως.
2575 5077 2695 5145 Τὴν
2725 5076 2982 5144 ἀνομίαν
3014 5078 3123 5145 γάρ
3156 5093 3299 5145 μου.
3337 5076 3526 5147 φησὶν,

1952 5168 2270 5239 ἐγνώρισα,
2299 5163 2397 5218 καί
2434 5162 2549 5229 τὴν
2593 5159 2890 5229 ἁμαρτίαν
2907 5176 3025 5225 μου
3064 5161 3176 5213 οὐκ
3213 5160 3527 5239 ἐκάλυψαξ

1955 5238 2071 5311 καί,
2115 5248 2520 5317 Ἐξαγορεύσω
2539 5244 2667 5298 κατ’
2691 5241 2837 5310 ἐμοῦ
2863 5242 2977 5309 τὴν
2996 5243 3252 5313 ἀνομίαν
3293 5260 3413 5311 μου
3452 5238 3533 5305 τῷ

1956 5335 2169 5402 Κυρίῳ,
2195 5331 2293 5386 καί
2315 5330 2396 5385 σὺ
2418 5326 2656 5398 ἀφῆκας
2677 5324 2793 5390 τὴν
2812 5326 3095 5380 ἀσέϐειαν
3143 5325 3256 5395 τῆς
3286 5325 3534 5393 καρδίας

1953 5435 2071 5489 μου
2091 5429 2105 5445 ’
2133 5414 2228 5468 καὶ
2262 5412 2446 5466 πάλιν·
2479 5408 2628 5479 Λέγε
2654 5408 2735 5463 σὺ
2772 5409 2878 5476 τὰς
2909 5410 3197 5480 ἁμαρτίας
3227 5422 3345 5489 σου
3377 5407 3533 5489 πρῶ-

1955 5488 2079 5566 τος,
2115 5500 2215 5552 ἵνα
2240 5492 2555 5561 δικαιωθῇς
2585 5506 2599 5521 '
2634 5493 2749 5554 καὶ,
2780 5494 3016 5558 Δίκαιος
3041 5488 3257 5545 ἑαυτοῦ
3283 5488 3527 5557 κατήγο.

1950 5603 2061 5656 ρος
2084 5583 2155 5636 ἐν
2182 5578 2574 5648 πρωτολοτίᾳ.
2615 5577 2898 5647 Δεύτερον,
2953 5575 3063 5628 ἀπὸ
3096 5573 3533 5644 ταπεινοφροσύ-

1959 5685 2055 5736 νης
2078 5664 2281 5733 πολλῆς
2314 5681 2326 5693 ·
2362 5661 2553 5733 ὥσπερ
2582 5662 2691 5734 γὰρ
2720 5660 2878 5730 σειρά
2904 5658 2989 5721 τίς
3023 5661 3138 5712 ἐστι
3176 5656 3290 5728 {99}
3332 5660 3533 5727 χρυσῆ,

1968 5750 2070 5805 κᾶν
2095 5748 2269 5821 ἀρχὴν
2296 5746 2457 5818 λάὸῃ,
2495 5746 2671 5802 πάντα
2699 5746 2915 5799 ἕπεται.
2959 5744 3083 5797 Ἐάν
3142 5739 3251 5818 γάρ
3269 5743 3534 5814 ὁμολογή-
