4088 6212
225 302 300 356 8!
1075 304 1140 360 IN
1183 301 1400 358 srzsr.
1444 299 1536 356 an
1579 293 1937 353 "sanans.
1972 295 2126 350 cap.
2156 293 2242 350 Vt.
2276 291 2488 350 uuam.
2537 291 2630 348 ιι.
3437 288 3508 342 32

239 408 490 463 sermonis
515 407 700 479 (Prov.
726 409 812 464 l8.
839 409 947 480 17).
970 408 1220 466 Secundo
1241 428 1304 467 ex
1324 417 1489 492 multa
1507 413 1826 470 humilitate:

243 508 335 552 est
361 499 504 552 enim
546 499 708 554 veluti
740 499 985 568 quaedam
1016 511 1206 556 catena
1221 517 1416 566 aurea,
1459 513 1513 558 et
1550 506 1593 557 si
1622 505 1832 560 initium

244 592 453 661 ceperit
495 599 800 661 sequuntur
848 593 1051 646 omnia.
1083 593 1216 648 Nam
1255 596 1300 648 si
1346 607 1626 664 peceatum
1666 597 1833 653 fueris

244 683 532 737 confessus
558 693 613 737 ut
643 692 856 752 oportet
871 685 1138 748 confiteri,
1165 684 1221 739 fit
1247 685 1462 740 humilis
1482 688 1656 742 anima
1681 703 1834 742 :eam

235 773 392 830 enim
423 787 644 827 versans
670 783 724 827 et
750 775 960 842 agitans
984 775 1330 839 conscientia,
1355 775 1592 831 efficitut
1621 778 1690 834 sit
1716 793 1837 832 cono

249 873 441 918 tracta.
469 862 691 932 Oportet
721 873 900 918 autem
928 864 1029 918 alia
1053 879 1262 934 quoque
1293 865 1489 921 addere
1520 866 1833 934 Mmilitati,

243 952 295 1005 si
321 953 443 1006 talis
463 953 533 1006 sit
558 951 772 1020 qualem
807 953 995 1007 beatus
1024 953 1185 1008 David
1213 954 1462 1021 habebat,
1490 955 1704 1012 dicens:
1736 958 1838 1013 Cor

251 1048 498 1098 mundum
522 1061 637 1098 :rea
660 1045 712 1097 in
733 1062 811 1098 me
834 1044 1007 1109 Deus;
1035 1053 1088 1100 et
1120 1049 1333 1114 iterum,
1362 1047 1461 1102 Cor
1492 1051 1762 1102 contritum
1791 1059 1838 1103 et

245 1138 575 1189 humiliatum
605 1135 741 1189 Deus
767 1153 868 1189 non
895 1137 1131 1206 despiciet
1154 1137 1325 1209 (Psaf.
1345 1140 1434 1194 50.
1464 1140 1550 1193 12.
1573 1141 1685 1210 19).
1706 1143 1834 1196 Nam

252 1228 399 1296 quod
430 1236 512 1281 cst
542 1227 858 1290 contritum,
898 1243 1002 1281 non
1031 1231 1292 1299 exsurgit,
1325 1247 1430 1285 non
1461 1231 1607 1298 ferit,
1639 1234 1733 1288 sed
1757 1245 1841 1289 cst

253 1331 497 1388 paratum
525 1317 591 1370 ad
612 1319 748 1372 male
771 1318 1100 1386 patiendum,
1118 1320 1289 1390 ipsum
1311 1331 1488 1376 autem
1513 1339 1620 1378 non
1647 1340 1840 1380 exsur-

247 1413 350 1481 git.
381 1409 528 1463 Talis
559 1419 640 1463 est
678 1409 859 1464 cordis
885 1411 1170 1476 contritio;
1201 1412 1412 1468 etiamsi
1451 1413 1638 1468 affecta
1682 1416 1842 1472 fuerit

253 1502 604 1564 contumelia,
635 1503 844 1555 etiamsi
879 1503 1016 1557 male
1045 1517 1224 1571 passa,
1250 1505 1497 1573 quiescit,
1532 1522 1629 1561 nec
1654 1508 1839 1562 conci-

257 1591 408 1636 tatur
434 1583 500 1637 ad
526 1583 834 1638 vindictam.
867 1584 994 1639 Post
1021 1585 1372 1642 humilitatem
1402 1605 1531 1646 vero
1557 1606 1691 1659 opus
1729 1602 1833 1654 est.

255 1675 489 1731 intensis
514 1677 782 1747 precibus,
815 1677 1000 1732 multis
1029 1678 1301 1749 laerymis,
1328 1690 1382 1736 et
1416 1682 1649 1738 interdiu
1669 1693 1722 1739 et
1743 1701 1840 1739 uo-

247 1772 383 1819 ειυς
412 1763 615 1818 Lavabo
641 1766 804 1832 enim,
825 1767 1018 1836 inquit,
1067 1786 1157 1838 per
1200 1771 1430 1842 singulas
1457 1784 1626 1828 noctes
1656 1775 1840 1829 lectum

257 1871 464 1919 meum;
491 1857 730 1928 lacrymis
769 1859 892 1911 meis
929 1869 1143 1914 stratum
1183 1877 1346 1915 nicum
1372 1863 1586 1932 rigabo;
1616 1865 1842 1919 laboravi

255 1945 316 1996 in
343 1947 529 2012 gemitu
567 1963 676 1999 meo
706 1947 878 2020 (Psat.
905 1948 960 2004 6.
993 1950 1070 2020 7).
1102 1951 1166 2004 Et
1194 1951 1385 2006 iterum
1414 1971 1427 2006 :
1465 1954 1718 2020 Quoniam
1763 1957 1838 2009 ci-

260 2051 434 2087 nerem
456 2044 712 2106 tamquam
744 2055 928 2104 panem
959 2040 1346 2106 manducabam,
1377 2054 1421 2096 et
1460 2053 1631 2114 potum
1678 2064 1842 2100 meum

255 2141 377 2179 cum
397 2130 518 2198 ﬂetu
540 2130 804 2182 miscebant
832 2129 1001 2202 (Psal.
1030 2132 1150 2186 101.
1177 2132 1289 2202 10).
1316 2134 1381 2188 Ει
1403 2145 1522 2204 post
1543 2139 1839 2192 orationem

258 2217 398 2270 adeo
430 2218 690 2273 intensam
712 2221 875 2273 multa
905 2236 1038 2290 Opus
1063 2232 1145 2276 est
1172 2223 1534 2296 eleemosyna.
1563 2227 1674 2283 lloc
1701 2229 1846 2284 enim

261 2317 346 2360 est
375 2310 512 2377 quod
547 2311 720 2366 reddit
765 2312 1054 2367 admodum
1106 2316 1339 2370 validum
1396 2319 1841 2377 medicamentum

259 2403 631 2467 pieiiitentizc:
660 2413 714 2457 et
755 2405 896 2458 sicut
929 2406 980 2458 in
1031 2407 1361 2461 medicorum
1409 2409 1734 2479 adjumentis
1765 2420 1847 2466 est

261 2490 724 2548 medicamentum
745 2495 880 2564 quod
906 2497 1100 2551 multas
1120 2498 1333 2567 quidem
1358 2502 1499 2569 capit
1522 2501 1732 2565 herbas.
1752 2502 1846 2558 sed

259 2597 438 2636 unam
465 2600 585 2653 qua:
629 2586 832 2641 obtinet
874 2587 1266 2658 principatum:
1295 2593 1366 2645 ita
1399 2594 1556 2646 etiam
1589 2596 1638 2647 in
1671 2597 1848 2666 poeni-

257 2676 441 2728 tentia
473 2677 585 2730 haec
611 2688 690 2730 est
719 2680 981 2747 prmeipua
1023 2680 1182 2735 herba
1207 2723 1221 2746 ,
1269 2693 1324 2736 et
1368 2684 1478 2748 ipsa
1531 2694 1695 2740 totum
1743 2697 1846 2742 est.

261 2765 410 2820 Audi
446 2767 588 2821 enim
619 2770 744 2838 quid
777 2771 956 2824 divina
984 2771 1126 2829 dieat
1153 2771 1462 2841 Scriptura:
1492 2775 1618 2828 Date
1637 2778 1853 2833 electile-

261 2875 472 2926 sgnum,
503 2869 548 2912 et
569 2861 738 2914 omnia
764 2871 908 2920 erant
937 2864 1072 2916 vobis
1112 2865 1302 2921 munda
1333 2866 1482 2935 (an.
1529 2869 1616 2922 11.
1646 2871 1766 2938 tl);
1800 2881 1854 2926 et

265 2951 492 3010 iterum,
525 2948 870 3021 Eleemosynis
907 2962 950 3005 et
979 2954 1080 3021 [ide
1120 2960 1433 3011 mandantur
1463 2970 1666 3028 peccata
1698 2960 1849 3026 (Tob.

263 3041 326 3095 4.
364 3040 495 3110 ll);
542 3052 613 3104 et,
663 3040 844 3113 Ignem
893 3045 1239 3114 ﬂammantem
1286 3050 1566 3120 exslinguct
1611 3069 1761 3120 aqua,
1809 3062 1857 3107 et

267 3131 591 3200 eleemosyna
617 3143 901 3200 compescet
937 3151 1122 3204 magna
1161 3147 1368 3206 peccata
1423 3138 1606 3209 (Eccfi.
1639 3141 1692 3195 5.
1731 3143 1854 3210 55).

274 3221 480 3275 Deinde
507 3238 613 3275 non
648 3223 826 3288 irasci,
850 3241 1023 3294 neque
1042 3227 1248 3296 injurim
1267 3241 1503 3299 accepta:
1522 3232 1854 3300 meminisse,

273 3311 526 3363 omnibus
558 3322 772 3381 peceata
824 3315 1144 3370 remittere:
1193 3316 1361 3373 Homo
1401 3320 1616 3386 homini,
1666 3323 1855 3392 inquit,

273 3413 495 3455 reservat
517 3403 668 3468 iram,
692 3415 738 3456 et
760 3405 902 3474 apud
922 3404 1189 3460 Dominum
1210 3412 1386 3478 quierit
1407 3413 1652 3466 medelam
1669 3414 1858 3485 (Eccfi.

272 3489 371 3544 28.
400 3491 477 3559 3).
511 3492 788 3560 Rcmittite,
836 3495 1028 3565 inquit,
1077 3507 1131 3552 ut
1169 3501 1454 3556 remittatur
1481 3506 1614 3559 vobis
1645 3506 1857 3577 (Matth.

275 3585 334 3638 6.
367 3583 480 3653 14).
511 3583 580 3638 Ει
609 3583 797 3640 fratres
814 3588 882 3639 ab
906 3602 1091 3644 errore
1107 3601 1457 3648 coovertere:
1492 3595 1647 3660 Vade,
1669 3597 1858 3667 inquit,

277 3684 329 3727 et
352 3685 579 3728 converte
609 3679 792 3747 fratres
822 3687 934 3733 tuos
963 3678 1111 3751 (Luc.
1145 3681 1236 3736 22.
1269 3681 1382 3754 52),
1439 3694 1497 3740 ιιι
1524 3688 1865 3744 remittantur

281 3765 380 3818 tibi
413 3775 628 3834 peccata
661 3777 772 3821 tua.
806 3767 875 3822 Et
900 3784 959 3824 se
984 3770 1034 3824 in
1061 3773 1368 3828 sacerdotes
1400 3784 1456 3830 ut
1483 3780 1732 3834 convenit
1766 3796 1864 3852 ge-

279 3873 407 3913 rere
427 3877 439 3911 :
464 3856 588 3912 Etsi
616 3861 810 3928 fecerit,
831 3861 1018 3931 inquit,
1041 3865 1291 3932 quispiam
1309 3877 1533 3935 peccata,
1556 3872 1865 3926 remittantur

282 3953 330 4005 ei
357 3951 497 4020 (Jac.
523 3952 576 4006 5.
611 3953 737 4022 15):
770 3969 863 4007 eos
892 3955 1027 4010 tueri
1059 3971 1122 4009 ac
1158 3968 1437 4027 protegere
1478 3961 1674 4030 quibus
1701 3962 1758 4016 fit
1784 3953 1874 4016 iu-‘

280 4041 445 4109 juria,
481 4041 616 4097 iram
650 4058 754 4096 non
787 4044 1007 4110 habere,
1038 4048 1216 4101 omnia
1266 4048 1471 4118 placide
1512 4061 1568 4107 et
1593 4053 1869 4110 moderate

285 4131 448 4184 terre.

361 4223 416 4276 5.
457 4223 651 4276 Annon
687 4223 996 4293 priusquam
1017 4225 1358 4295 didicissetis,
1391 4232 1529 4301 quod
1569 4249 1667 4304 per
1691 4239 1868 4306 poeni-

293 4315 510 4368 tentiam
546 4313 687 4366 ablui
740 4324 961 4382 possunt
991 4329 1203 4384 peccata
1228 4362 1238 4378 .
1265 4323 1426 4376 eratis
1469 4326 1647 4390 anxii,
1689 4338 1745 4382 ut
1781 4327 1882 4399 qui

289 4405 504 4458 sciretis
536 4419 643 4457 non
674 4418 794 4457 esse
838 4405 976 4458 aliud
1025 4409 1297 4463 lavacrum
1322 4452 1335 4468 .
1367 4423 1419 4464 et
1451 4414 1516 4464 de.
1544 4417 1690 4468 νοιιίς
1721 4435 1868 4483 spem

287 4490 647 4560 abjeceratis?
673 4493 823 4551 Nunc
843 4504 1019 4550 autem
1049 4509 1170 4548 cum
1192 4509 1252 4549 ea
1279 4494 1594 4557 didiceritis,
1627 4507 1722 4562 per
1748 4507 1870 4562 qua:

287 4593 434 4637 recte
463 4585 643 4654 agitur
691 4585 1001 4651 paenitentia
1042 4593 1096 4641 et
1122 4586 1369 4640 remissio
1392 4625 1407 4651 ,
1439 4593 1492 4639 et
1517 4582 1659 4655 quod
1686 4581 1865 4637 omnia

291 4674 588 4741 poterimus
619 4675 851 4746 effugere
871 4717 886 4742 ,
916 4676 958 4729 si
987 4691 1048 4731 ea
1075 4686 1285 4730 utamur
1324 4685 1381 4730 ut
1410 4685 1654 4744 oportet,
1684 4688 1874 4745 quam-

289 4779 412 4819 nam
444 4782 798 4837 assequemur
832 4769 1040 4822 veniam
1069 4808 1085 4835 ,
1117 4769 1160 4822 si
1188 4784 1256 4823 ne
1299 4769 1351 4822 in
1396 4777 1628 4822 mentem
1659 4765 1874 4837 quidem

293 4857 448 4911 nobis
496 4859 720 4913 veniant
768 4869 949 4914 nostra
997 4859 1252 4928 peccata?
1297 4859 1428 4913 Nam
1457 4859 1501 4913 si
1546 4861 1648 4912 hoc
1685 4865 1873 4921 esset,

295 4948 470 5001 omnia
500 4957 684 5004 essent
711 4949 978 5004 confecta.
1004 4949 1151 5004 Sicut
1170 4950 1314 5004 enim
1341 4949 1429 5019 qui
1458 4949 1651 5003 ostium
1681 4956 1764 5002 est
1789 4946 1875 5000 in-

295 5051 544 5105 gressus,
569 5049 653 5091 est
679 5039 859 5094 intus:
893 5039 970 5094 sic
992 5039 1080 5110 qui
1124 5040 1334 5108 propria
1370 5040 1504 5093 mala
1545 5038 1778 5108 cogitat,
1831 5037 1874 5090 si

297 5129 381 5182 illa
412 5140 672 5202 supputet
714 5133 955 5203 quotidie
975 5175 990 5200 ,
1019 5135 1239 5188 omnino
1266 5134 1445 5189 veniet
1482 5131 1548 5188 ad
1574 5146 1758 5187 eorum
1785 5144 1878 5184 cu-

299 5223 567 5276 rationem
591 5240 605 5276 :
633 5223 717 5278 sin
740 5233 920 5280 autem
949 5224 1130 5281 dicat:
1158 5224 1289 5281 Sum
1313 5233 1586 5294 peccator,
1617 5237 1678 5278 ea
1698 5230 1876 5277 autem

299 5326 390 5377 per
435 5312 648 5380 species
674 5329 780 5369 non
813 5315 1012 5386 cogitet
1043 5330 1106 5370 ac
1143 5321 1396 5386 supputct
1419 5354 1436 5378 ,
1462 5322 1649 5370 etnon
1693 5312 1874 5368 dicat:

300 5399 410 5456 Hoc
432 5415 489 5458 et
530 5403 666 5458 illud
711 5415 988 5473 peccatum
1015 5404 1243 5472 admisi;
1276 5418 1566 5474 numquam
1599 5401 1834 5458 cessabit
1857 5440 1874 5467 ,

301 5505 519 5561 semper
561 5493 780 5563 quidem
809 5495 1074 5550 conﬁtens
1097 5537 1114 5561 ,
1145 5509 1328 5550 curam
1353 5501 1530 5549 autem
1558 5492 1759 5547 nullam
1786 5506 1879 5562 ge-

303 5598 425 5637 rens
471 5588 843 5644 correctionis.
887 5587 1019 5646 Nam
1070 5591 1116 5644 si
1158 5589 1417 5660 ccepcrit,
1456 5588 1674 5642 omnino
1714 5563 1890 5642 etiam.

297 5687 591 5744 sequentur
616 5679 720 5733 alia
743 5719 761 5746 ,
792 5679 840 5735 si
867 5681 920 5738 in
951 5695 1058 5737 uno
1085 5680 1383 5738 ostenderit
1407 5677 1643 5735 aditum:
1666 5692 1880 5748 semper

1926 393 2066 450 enim
2091 395 2413 465 principium
2445 404 2500 450 et
2521 390 2746 447 exordia
2775 398 2900 444 sunt
2927 386 3190 444 difficilia.
3223 387 3348 443 Ilmc
3379 403 3507 458 ergo

1923 487 2181 555 jaciamus
2223 496 2494 553 tamquam
2539 482 2926 547 fundamenta,
2953 488 3011 534 et
3058 478 3305 549 expedita
3349 489 3510 533 erunt

1926 579 2103 633 omnia
2145 586 2198 632 ct
2244 576 2514 630 facillima.

1999 668 2317 722 Paenitentia
2358 669 2515 722 modi.
2573 667 2765 722 Rerum
2809 665 3150 718 humanarum
3195 663 3413 717 vanitas.
3438 691 3518 703 —-~

1929 758 2244 827 incipiamus
2275 775 2422 828 argo,
2453 773 2616 828 rogo;
2650 759 2785 811 alius
2811 756 3024 826 quidem
3055 756 3279 810 intensis
3309 754 3512 809 utendo

1929 851 2206 920 precibus,
2230 854 2363 902 alius
2397 864 2522 903 vero
2548 849 2760 901 assidue
2791 847 3154 918 lacrymaudo,
3175 847 3308 899 alius
3329 854 3509 900 autem

1932 944 2247 998 maerendo:
2281 959 2400 996 nam
2434 959 2500 996 ne
2547 942 2648 996 hoc
2675 941 2890 1011 quidem
2936 939 3077 1009 quod
3110 951 3190 994 est
3220 939 3356 993 adeo
3384 953 3508 1008 par-

1932 1051 2076 1100 vum,
2108 1045 2190 1088 est
2219 1036 2403 1089 inutile
2428 1052 2442 1089 :
2483 1033 2636 1100 Vidi,
2668 1033 2877 1102 inquit,
2905 1033 3040 1101 quod
3068 1047 3280 1084 maerore
3328 1041 3401 1084 est
3429 1030 3516 1099 af-

1933 1131 2092 1198 fectus
2116 1171 2129 1190 ,
2164 1137 2208 1181 rt
2245 1127 2518 1180 ambulavit
2560 1127 2717 1180 tristis
2740 1167 2754 1189 ,
2796 1134 2841 1178 et
2869 1125 3042 1177 curavi
3086 1124 3190 1176 vias
3219 1122 3329 1189 eius
3356 1121 3508 1190 (Isai.

1933 1222 2024 1278 57.
2059 1222 2169 1290 l7).
2198 1221 2396 1275 Omnes
2423 1230 2599 1274 autem
2643 1219 2982 1287 eleemnsyna
3002 1257 3016 1281 ,
3047 1224 3100 1271 et
3130 1214 3385 1284 proximis
3423 1229 3514 1268 rc-

1935 1314 2196 1368 mittendo
2220 1323 2433 1382 peccata
2456 1354 2470 1379 ,
2504 1321 2559 1367 ct
2585 1311 2796 1379 injuria:
2821 1317 3052 1378 accepta:
3080 1324 3185 1360 non
3222 1305 3514 1360 recordan-

1936 1407 2005 1460 do
2024 1449 2039 1472 ,
2071 1421 2170 1461 nec
2198 1404 2506 1460 ulciscendo
2530 1446 2544 1468 ,
2580 1403 2810 1458 humiles
2838 1411 3048 1455 nostras
3079 1399 3364 1454 reddamus
3393 1399 3521 1450 aniv

1937 1511 2072 1550 mas.
2098 1495 2151 1550 Si
2179 1494 2392 1549 assidue
2419 1495 2714 1562 cogitemus
2743 1509 2803 1546 ea
2837 1507 2955 1562 qua:
2981 1489 3316 1558 peccavimus
3336 1528 3352 1552 ,
3379 1487 3510 1542 nihil

1934 1601 1998 1640 ex
2029 1586 2190 1640 rebus
2229 1586 2464 1640 externis
2489 1600 2585 1639 nos
2615 1584 2811 1654 poterit
2838 1582 3094 1636 extollere
3121 1599 3132 1632 :
3158 1597 3262 1634 non
3292 1580 3519 1644 divitia‘,

1936 1692 2043 1729 non
2077 1677 2333 1745 potentia,
2367 1691 2473 1729 non
2507 1674 2836 1744 principatus
2859 1684 2912 1726 et
2938 1672 3254 1740 imperium,
3286 1685 3392 1724 non
3419 1669 3517 1724 bo-

1939 1781 2036 1820 nor
2061 1783 2074 1832 ;
2099 1765 2189 1819 sed
2223 1766 2324 1822 etsi
2374 1767 2427 1820 in
2469 1766 2583 1834 ipso
2615 1766 2756 1834 regis
2777 1779 2937 1818 curru
2961 1762 3261 1829 sederimus
3284 1801 3299 1826 ,
3325 1760 3520 1816 acerbe

1936 1857 2370 1927 ingemiscemus.
2418 1855 2548 1910 Nam
2597 1855 2756 1911 etiam
2787 1855 2975 1908 beatus
3021 1853 3186 1907 David
3235 1862 3469 1908 eratrex
3497 1891 3519 1918 ,

1939 1959 1992 2002 et
2019 1947 2260 2002 dicebat:
2300 1947 2504 2001 Lavabo
2533 1963 2622 2016 per
2650 1947 2879 2015 singulas
2907 1955 3077 1998 noctes
3121 1947 3306 1998 fectum
3351 1962 3521 1998 meum

1942 2037 2116 2104 (Psal.
2146 2037 2200 2092 6.
2233 2038 2324 2107 6);
2357 2053 2459 2093 nec
2506 2053 2568 2092 ex
2601 2053 2833 2108 purpura
2880 2046 2934 2091 et
2976 2053 3039 2092 ex
3070 2037 3371 2092 diademate
3420 2037 3519 2091 fuit

1946 2120 2134 2186 Ιωειιδ,
2182 2136 2280 2176 nec
2325 2123 2573 2191 superbia
2613 2125 2825 2178 elatus:
2860 2125 3063 2179 sciebat
3105 2125 3246 2179 enim
3296 2140 3354 2180 se
3403 2141 3526 2181 esse

1947 2211 2213 2266 hominem
2243 2230 2257 2265 :
2289 2223 2342 2266 et
2371 2215 2620 2282 quoniam
2649 2226 2766 2270 erat
2795 2218 3056 2271 contritus
3081 2217 3244 2272 corde
3265 2260 3280 2284 ,
3313 2217 3532 2272 tamen-

1948 2303 2177 2358 tabatur.
2225 2305 2362 2372 Quid
2394 2306 2535 2359 enim
2566 2315 2691 2361 sunt
2721 2322 2808 2362 res
2833 2307 3122 2361 humanae?
3149 2309 3284 2363 ciuis
3316 2317 3369 2363 et
3415 2308 3530 2377 pul-

1948 2394 2027 2448 vis
2053 2437 2066 2457 ,
2101 2405 2154 2450 et
2185 2407 2457 2466 tamquam
2485 2398 2657 2467 pulvis
2689 2408 2813 2454 ante
2842 2399 3026 2453 faciem
3059 2401 3198 2452 venti
3225 2441 3239 2464 ,
3273 2399 3447 2454 fumus
3474 2408 3527 2454 et

1948 2487 2165 2551 umbra,
2191 2497 2245 2540 et
2272 2485 2452 2540 folium
2499 2489 2641 2559 quod
2670 2488 3044 2543 circumfertur
3087 2499 3139 2544 ct
3184 2489 3312 2552 ﬂos,
3344 2500 3395 2544 et
3438 2505 3532 2544 sn-

1947 2580 2152 2633 mnium
2181 2589 2232 2632 et
2256 2580 2490 2634 narratio
2526 2589 2580 2634 et
2605 2580 2804 2645 fabula,
2835 2589 3022 2636 ventus
3048 2589 3102 2636 et
3131 2595 3222 2634 aer
3249 2581 3421 2634 mollis
3455 2591 3535 2634 te.

1950 2685 2098 2724 mere
2145 2668 2397 2723 difﬂuens
2426 2711 2441 2737 ,
2490 2686 2669 2740 penna
2725 2687 2827 2724 non
2881 2672 3182 2724 consistens
3213 2711 3227 2734 ,
3272 2669 3533 2726 ﬂuentum

1947 2773 2376 2834 prmtercurreus
2396 2805 2411 2830 ,
2445 2773 2496 2817 et
2525 2779 2644 2832 qua:
2670 2772 2795 2817 sunt
2819 2778 2978 2833 quam
3009 2765 3123 2817 ha'c
3151 2763 3316 2833 magis
3356 2763 3530 2817 nihili.

1949 2852 2086 2917 Quid
2121 2854 2261 2906 enim
2284 2896 2298 2919 ,
2333 2852 2418 2907 die
2446 2867 2630 2922 quzeso
2657 2893 2672 2918 ,
2704 2867 2953 2922 magnum
3000 2853 3316 2906 existimas?
3343 2869 3533 2922 quam-

1950 2961 2110 3014 quam
2166 2953 2322 3016 putas
2379 2961 2625 3017 magnam
2671 2960 2792 3000 esse
2850 2946 3205 3015 dignitatem?
3251 2947 3536 3002 consulis?

1953 3051 2072 3089 nam
2105 3035 2204 3090 hac
2229 3037 2486 3106 dignitate
2529 3037 2729 3090 nullam
2760 3037 3028 3091 existimat
3059 3038 3249 3107 vulgus
3276 3053 3396 3094 esse
3423 3054 3536 3092 ma-

1945 3127 2140 3196 jorem.
2171 3128 2246 3181 Eo
2277 3143 2406 3198 ergo
2445 3129 2532 3196 qui
2563 3137 2709 3182 tanto
2736 3127 2834 3181 fuit
2874 3127 3163 3198 splendore
3186 3171 3200 3194 ,
3231 3129 3320 3197 qui
3353 3129 3445 3183 fuit
3483 3129 3536 3184 in

1952 3234 2141 3289 magna
2183 3219 2392 3272 habitus
2431 3218 2820 3284 admiratione,
2855 3220 2902 3274 is
2940 3220 3026 3288 qui
3060 3236 3165 3273 non
3195 3231 3276 3274 cst
3304 3221 3530 3284 consul,

1952 3312 2085 3366 nihil
2113 3311 2278 3366 habet
2305 3311 2480 3365 minus
2507 3329 2523 3365 :
2554 3321 2606 3368 et
2636 3311 2723 3368 hic
2748 3321 2802 3367 et
2830 3313 2917 3368 ille
2947 3323 3030 3368 est
3060 3314 3112 3367 in
3140 3314 3327 3368 eadem
3363 3315 3536 3384 digni-

1952 3413 2060 3458 tate
2087 3422 2098 3458 :
2129 3404 2374 3459 similiter
2395 3403 2606 3473 utrique
2643 3404 2800 3474 paulo
2829 3413 2944 3475 post
2973 3419 3078 3459 non
3110 3415 3288 3460 erunt.
3312 3405 3540 3474 Quando

1952 3495 2050 3550 fuit
2079 3538 2094 3563 ,
2139 3507 2339 3566 quanto
2370 3506 2612 3564 tempore
2637 3537 2652 3564 ,
2700 3495 2788 3550 dic
2831 3496 3000 3550 mihi?
3027 3496 3256 3551 duorum
3285 3497 3492 3553 dierum
3515 3499 3540 3551 ?

1955 3586 2059 3642 hoc
2083 3588 2242 3642 etiam
2279 3586 2336 3640 fit
2368 3587 2417 3640 in
2444 3586 2669 3640 somnis.
2697 3585 2804 3642 Sed
2843 3596 2966 3653 est,
2998 3587 3170 3657 inquit
3199 3629 3212 3653 ,
3243 3591 3535 3642 somnium.

1954 3679 2023 3734 Et
2051 3679 2176 3750 quid
2215 3679 2364 3734 tum?
2389 3678 2528 3749 quod
2557 3678 2701 3733 enim
2747 3677 2806 3733 fit
2858 3678 3127 3744 interdiu,
3171 3694 3274 3732 non
3315 3687 3399 3734 est
3446 3693 3540 3733 so-

1955 3770 2206 3826 mnium?
2245 3769 2332 3824 dic
2360 3769 2490 3824 mihi
2537 3784 2634 3824 cur
2661 3783 2769 3823 non
2821 3768 2937 3824 bxc
2977 3769 3145 3839 magis
3199 3768 3424 3823 dicimus
3453 3783 3542 3822 so-

1954 3864 2157 3918 mnium
2184 3861 2208 3913 ?
2237 3861 2308 3916 Ut
2333 3862 2477 3917 enim
2505 3861 2735 3926 somnia,
2765 3875 2886 3916 cum
2918 3860 3035 3914 dies
3064 3862 3376 3926 accesserit,
3408 3861 3540 3915 nihil

1957 3969 2076 4012 esse
2101 3954 2530 4010 convincuntur:
2564 3954 2636 4007 ita
2669 3962 2724 4007 et
2752 3953 2866 4007 haec
2901 3960 3056 4007 nocte
3085 3961 3372 4022 appetente
3407 3952 3542 4008 nihil

1957 4055 2118 4100 sunt:
2152 4044 2483 4100 tantumdem
2515 4044 2658 4100 enim
2692 4043 2949 4112 temporis
2975 4052 3031 4099 et
3073 4058 3175 4098 nox
3217 4051 3273 4098 et
3300 4042 3418 4099 dies
3446 4058 3543 4098 ac-

1957 4138 2200 4208 cipiunt,
2247 4147 2302 4192 et
2351 4146 2520 4191 totum
2555 4144 2765 4206 tempus
2793 4152 2859 4191 ex
2889 4149 3044 4204 aequo
3073 4133 3335 4189 dividunt.
3393 4135 3544 4190 Sicut

1959 4247 2086 4302 ergo
2114 4231 2179 4286 iis
2209 4245 2328 4301 qum
2361 4238 2520 4286 noctu
2549 4228 2687 4284 facta
2719 4237 2846 4284 sunt
2885 4244 2991 4283 non
3019 4228 3232 4282 laztatur
3260 4227 3544 4299 quisquam

1962 4321 2232 4375 interdiu:
2266 4323 2334 4374 ita
2387 4337 2486 4376 nec
2529 4320 2644 4375 fieri
2689 4329 2863 4390 potest
2909 4328 2968 4374 ut
3015 4333 3175 4374 noctu
3224 4318 3428 4374 fruatur
3481 4319 3548 4374 iis

1963 4427 2080 4480 quzc
2118 4411 2350 4466 interdiu
2381 4409 2516 4464 facta
2547 4419 2689 4464 sunt.
2724 4408 2895 4464 Fuisti
2925 4409 3154 4462 consul?
3197 4417 3251 4462 et
3279 4423 3378 4478 ego
3407 4425 3544 4478 quo—

1961 4517 2088 4572 que.
2136 4501 2241 4556 Sed
2283 4517 2382 4570 ego
2415 4510 2611 4564 noctu,
2660 4508 2714 4554 et
2746 4507 2800 4553 tu
2847 4498 3099 4552 interdiu.
3135 4496 3270 4564 Quid
3302 4498 3451 4550 tum?
3479 4513 3546 4552 ne

1963 4594 2039 4647 sic
2065 4591 2277 4663 quidem
2307 4591 2424 4661 plus
2449 4591 2613 4645 habes
2641 4605 2798 4661 quam
2828 4604 2949 4658 ego.
2982 4587 3094 4643 Nisi
3128 4586 3266 4642 forte
3293 4586 3434 4641 hunc
3460 4588 3544 4641 vel

1969 4683 2114 4736 illum
2161 4682 2265 4737 dici
2317 4681 2630 4743 consulem.
2683 4695 2802 4736 eam
2853 4695 2974 4750 qua:
3025 4695 3092 4733 ex
3145 4677 3326 4732 verbis
3375 4677 3548 4732 oritur

1965 4787 2158 4842 capere
2202 4772 2553 4842 voluptatem,
2583 4773 2704 4842 plus
2750 4771 2948 4826 habere
2976 4769 3141 4825 efficit
3176 4787 3189 4823 :
3221 4777 3278 4822 ut
3315 4769 3547 4838 exempli

1967 4880 2128 4920 causa
2149 4906 2166 4930 ,
2199 4863 2248 4920 id
2281 4864 2427 4919 enim
2450 4864 2622 4919 dicam
2651 4864 2888 4932 apertius
2909 4901 2926 4925 ,
2973 4862 3017 4915 si
3061 4861 3284 4915 dixero:
3321 4859 3417 4914 llic
3461 4859 3549 4915 vel

1970 4957 2057 5010 ille
2087 4955 2310 5023 consul,
2343 4964 2397 5011 ct
2441 4955 2714 5010 donavere
2744 4952 2846 5009 hoc
2885 4967 3079 5008 nomen
3101 4992 3118 5017 ,
3163 4965 3341 5005 annon
3391 4952 3549 5006 simul

1970 5045 2172 5101 il‘ctum
2195 5053 2356 5100 estet
2389 5044 2556 5098 abiit?
2597 5045 2672 5100 lla
2705 5060 2792 5099 res
2819 5057 3030 5113 quoque
3066 5058 3080 5094 :
3113 5042 3269 5095 simul
3306 5043 3550 5110 apparuit

1973 5130 2175 5195 consul,
2203 5139 2258 5185 et
2288 5146 2391 5186 non
2421 5139 2505 5189 est
2533 5131 2782 5201 amplius.
2813 5129 3084 5184 Ponamus
3107 5140 3285 5184 autem
3311 5144 3512 5185 annum
3531 5169 3549 5195 ,

1973 5230 2024 5276 et
2053 5219 2188 5276 duos
2213 5235 2382 5276 annos
2405 5230 2458 5278 et
2481 5231 2588 5277 tres
2617 5231 2670 5276 et
2698 5228 2928 5291 quatuor
2952 5239 2964 5275 :
2990 5221 3077 5276 ubi
3100 5229 3225 5277 sunt
3252 5221 3343 5293 qui
3363 5221 3552 5277 decem

1968 5326 2139 5366 annos
2168 5311 2382 5368 fuerunt
2409 5313 2659 5368 consules
2677 5317 2702 5367 ‘t
2726 5311 3022 5383 Nusquam.
3048 5313 3153 5370 Sed
3181 5329 3288 5369 non
3309 5313 3386 5368 sic
3415 5313 3555 5367 Pau-

1968 5402 2080 5456 lus:
2102 5418 2225 5458 nam
2249 5402 2666 5474 fuitsplendidus
2691 5413 2799 5459 tum
2829 5405 3040 5472 vivens,
3066 5421 3171 5461 non
3194 5419 3357 5458 unum
3379 5403 3546 5469 diem,

1967 5509 2066 5549 nec
2105 5494 2242 5549 duos
2261 5534 2277 5559 ,
2307 5510 2479 5564 neque
2509 5495 2696 5550 decem
2717 5537 2732 5562 ,
2772 5512 2878 5551 non
2907 5497 3090 5566 viginti
3113 5537 3126 5560 ,
3154 5509 3254 5548 nec
3285 5495 3498 5564 triginta
3529 5533 3546 5558 ,

1965 5602 2134 5656 neque
2160 5601 2330 5640 atinas
2357 5585 2563 5649 decem.
2598 5603 2694 5643 nec
2724 5588 2930 5658 viginti,
2956 5602 3054 5642 nec
3081 5586 3289 5654 triginta
3313 5601 3326 5648 ;
3360 5586 3454 5640 sed
3493 5593 3548 5640 et

1965 5687 2046 5733 est
2079 5685 2352 5744 mortuus,
2383 5681 2436 5733 et
2462 5679 3016 5750 quadringentesimus
3054 5692 3226 5732 anuus
3253 5677 3362 5747 jam
3407 5692 3568 5748 prato,
