4088 6212
594 278 669 336 83
1393 287 1451 341 S.
1489 286 1761 347 JOANNIS
1795 289 2268 348 CIIRYSOSTOMI
2308 293 2619 349 ARCHIEP.
2661 292 3190 352 CONSTANTINOP.

574 378 715 430 teritt
740 378 816 447 (α)
835 418 850 443 ,
884 390 936 435 et
966 381 1140 438 adhuc
1169 400 1307 440 nunc
1334 396 1418 442 est
1444 389 1663 454 clarior,
1692 404 1745 447 et
1770 397 1938 449 multo
1960 399 2156 454 clarior

566 481 725 534 quam
755 467 969 535 quando
999 470 1230 526 vivebat.
1262 472 1329 527 Et
1359 472 1477 529 hac
1494 476 1712 544 quidem
1742 478 1793 531 in
1816 486 1957 533 terra
1983 497 1996 533 :
2024 495 2152 535 san-

565 564 772 608 ctorum
806 567 983 612 autem
1016 560 1341 628 claritatem,
1370 579 1490 633 qua:
1508 575 1591 621 est
1618 568 1669 621 in
1700 568 1872 635 ett-lis,
1903 584 2149 639 qua-nam

467 642 472 646 ’
562 645 843 713 explicarit
863 649 1077 704 oratio?
1102 652 1483 722 Quamobrem,
1507 671 1657 728 rogo,
1683 657 1821 714 hanc
1844 674 2147 730 qumramus

620 910 696 972 (ιι)
720 907 864 972 Same
886 904 1092 954 vidimus
1107 901 1498 972 rchrysostomum
1521 896 1571 944 in
1602 902 1877 956 temporum
1901 892 2149 949 computa-

562 970 695 1020 tione
719 983 814 1018 non
841 970 904 1016 ita
927 971 1203 1014 accurattun
1229 972 1359 1010 esse.

576 1148 585 1158 ι
650 1151 701 1156 ,η-
720 1150 735 1157 ,
762 1146 865 1154 ___,__.-
886 1141 1225 1152 *ρῳ-μη
1244 1143 1299 1150 -ν
1326 1138 2001 1148 -μ-ῌυ--σ--υ-δ-ι-ῤ-ουη

564 1350 690 1405 Car.
723 1346 775 1402 ϐ.
821 1362 870 1398 v.
900 1345 954 1396 7.
1001 1340 1161 1396 Terra
1187 1340 1319 1394 enim
1345 1353 1479 1406 stupe
1505 1335 1781 1390 venientem
1808 1349 1960 1403 super
1983 1349 2035 1386 se
2061 1333 2142 1385 bi-

634 1441 753 1494 bens
779 1435 986 1490 imbrem
1012 1476 1026 1500 ,
1050 1444 1096 1486 et
1125 1431 1416 1500 germinans
1441 1428 1647 1481 herbam
1672 1434 2012 1495 opportunam
2039 1425 2145 1479 illis

634 1549 665 1585 a
683 1530 862 1603 quibus
883 1528 1086 1590 colitur,
1107 1525 1296 1593 accipit
1321 1520 1720 1575 benedictionem
1747 1535 1778 1570 a
1800 1516 1933 1580 Deo;
1955 1516 2005 1571 8.
2029 1533 2148 1586 pro—

572 1608 575 1617 .
631 1625 801 1693 ferens
830 1631 999 1675 autem
1028 1618 1203 1689 spinas
1229 1625 1274 1669 et
1317 1613 1550 1675 tribulos,
1581 1609 1799 1677 reprobo
1825 1618 1897 1663 est
1945 1616 1989 1660 et
2034 1624 2144 1661 ma-

628 1717 816 1771 ledicto
872 1712 1105 1784 proxima
1147 1726 1165 1764 :
1209 1708 1357 1779 cujus
1410 1702 1779 1760 consummatio
1835 1701 1889 1754 in
1939 1699 2143 1753 combu-

630 1809 865 1862 stionem.
876 1808 887 1820 ⁴

568 1880 575 1885 ’
643 1902 692 1954 l.
741 1897 813 1967 ia)
845 1896 976 1951 Cum
1005 1894 1194 1946 timore
1221 1888 1500 1944 audiamus
1525 1884 1622 1941 Dei
1648 1883 1898 1954 eloquia;
1932 1897 2051 1936 cum
2083 1880 2147 1935 ti-

569 2006 719 2048 more
741 2000 792 2044 et
820 1988 986 2042 multo
1010 1996 1242 2039 tremore
1268 2001 1281 2034 :
1307 1981 1503 2035 Servite
1522 1978 1684 2043 enim,
1713 1978 1903 2046 inquit,
1928 1974 2147 2028 Domino

559 2084 614 2137 in
645 2084 840 2144 timore,
865 2088 910 2132 et
938 2075 1187 2131 cxsultate
1226 2073 1273 2128 ei
1316 2088 1430 2126 cum
1474 2079 1689 2124 tremore
1732 2066 1904 2137 (Psal.
1931 2066 1987 2121 2.
2024 2064 2137 2136 ll).

553 2174 620 2239 ,Si
663 2183 840 2228 autem
886 2179 940 2224 et
978 2167 1228 2238 gaudium
1261 2173 1505 2218 nostrum
1535 2170 1590 2217 et
1629 2159 1919 2214 exsultatio
1960 2167 2145 2212 nostra

568 2265 730 2320 debet
770 2276 890 2316 esse
917 2276 1038 2317 cum
1073 2268 1308 2313 tremore
1341 2271 1355 2307 :
1395 2252 1610 2325 quando
1636 2251 1796 2306 etiam
1825 2265 1886 2305 ea
1915 2264 2033 2319 qua:
2060 2248 2144 2302 di-

562 2363 758 2410 cuntur
794 2360 919 2406 sunt
968 2345 1224 2402 terribilia
1252 2385 1267 2411 ,
1308 2353 1368 2398 ut
1412 2358 1588 2407 nunc,
1618 2355 1725 2410 quo
1750 2339 2009 2408 supplicio
2040 2353 2143 2389 non

562 2459 752 2501 sumus
777 2440 957 2510 digni,
985 2439 1028 2492 si
1058 2453 1118 2492 ea
1149 2451 1270 2506 qua:
1296 2435 1546 2489 dicuntur
1573 2446 1681 2484 non
1711 2428 1995 2483 audiamus
2020 2442 2141 2480 cum

568 2533 838 2592 tremore?
866 2532 996 2584 Cum
1045 2528 1276 2581 dixisset
1317 2524 1431 2579 ﬁeri
1473 2536 1579 2576 non
1623 2534 1783 2590 posse
1811 2526 1868 2573 ut
1893 2519 1979 2587 qui
2012 2518 2148 2585 lapsi

567 2635 691 2681 situt
734 2626 925 2679 iterum
976 2621 1329 2688 baptizentur,
1358 2624 1412 2672 et
1439 2614 1815 2669 remissionem
1843 2626 1937 2681 per
1962 2609 2135 2678 bapti-

570 2732 741 2769 smum
771 2715 949 2767 denuo
975 2710 1272 2779 accipiant,
1310 2714 1364 2760 et
1408 2703 1731 2760 ostendisset
1770 2715 1926 2772 quam
1972 2700 2014 2754 si
2060 2714 2146 2754 res

550 2792 855 2865 horrenda,
879 2803 1149 2872 subiungit
1177 2820 1189 2856 :
1216 2798 1373 2853 Terra
1394 2798 1524 2852 enim
1546 2813 1680 2867 saepe
1699 2796 1975 2850 venientem
1996 2809 2147 2861 super

569 2917 623 2953 se
639 2899 807 2953 bibens
831 2896 1058 2955 imbrem,
1084 2902 1128 2947 et
1145 2892 1435 2963 germinans
1456 2888 1661 2943 herbam
1682 2893 2021 2955 Opportunum
2047 2882 2150 2935 illis

569 2994 660 3062 per
682 3007 805 3061 quos
835 2989 1040 3049 colitur,
1074 2985 1256 3054 accipit
1287 2980 1681 3037 benedictionem
1720 2994 1754 3031 a
1798 2976 1944 3040 Deo;
1986 2977 2157 3045 profc-

571 3101 690 3138 rens
714 3091 884 3135 autem
910 3080 1083 3149 spinas
1113 3086 1157 3132 et
1182 3075 1393 3130 tribulos
1418 3071 1633 3144 reproba
1662 3080 1770 3134 est,
1799 3079 1846 3123 et
1887 3066 2156 3120 maledicto

574 3174 806 3242 proxima
828 3189 846 3225 :
870 3170 1013 3240 cujus
1038 3165 1401 3222 consummatio
1421 3165 1472 3218 in
1500 3162 1914 3217 combustionem.
1943 3157 2158 3213 Timea-

548 3252 694 3320 ‘mus
719 3278 846 3333 ergo
867 3304 883 3327 ,
912 3278 945 3314 ο
975 3258 1196 3315 dilecti:
1226 3273 1333 3312 non
1363 3264 1487 3311 sunt
1525 3251 1673 3309 Pauli
1706 3252 1789 3306 ha:
1820 3250 1980 3304 mium
2004 3290 2018 3313 ,
2050 3263 2156 3303 non

573 3367 698 3414 sunt
726 3356 888 3411 verba
920 3353 1155 3408 hominis
1180 3369 1192 3404 :
1218 3360 1343 3406 sunt
1370 3348 1600 3418 Spiritus
1626 3344 1820 3408 sancti,
1850 3349 1977 3397 sunt
1997 3339 2157 3394 Chri-

575 3448 666 3513 sti,
700 3447 787 3515 qui
818 3447 868 3499 in
900 3446 1018 3514 ipso
1047 3441 1302 3512 loquitur.
1356 3438 1522 3492 Estne
1547 3451 1675 3506 ergo
1703 3434 1896 3504 aliquis
1928 3429 2158 3485 mundus

576 3537 646 3593 ab
677 3536 762 3591 his
792 3533 1000 3604 spinis?
1027 3531 1180 3600 Quod
1213 3532 1256 3585 si
1285 3529 1448 3584 etiam
1477 3539 1723 3582 essemus
1752 3522 1956 3587 mundi,
1986 3536 2053 3576 ne
2083 3521 2159 3575 sic

571 3621 785 3696 quidem
811 3617 1082 3675 conﬁdere
1103 3621 1371 3685 Oporterct
1390 3654 1406 3679 ,
1436 3611 1530 3666 sed
1561 3612 1747 3664 timere
1772 3618 1824 3664 et
1861 3618 2095 3662 tremere
2113 3648 2129 3674 ,

572 3728 643 3770 ne
668 3712 721 3768 in
748 3709 903 3766 nobis
926 3708 1227 3779 germinent
1252 3703 1456 3772 spinae:
1488 3716 1609 3755 cum
1652 3708 1827 3754 autem
1858 3699 1950 3752 toti
1978 3697 2134 3767 peni-

572 3815 659 3860 tus
704 3803 869 3857 simus
913 3800 1079 3870 spina:
1122 3806 1177 3851 et
1221 3793 1432 3859 tribuli,
1462 3790 1727 3847 undenam
1753 3831 1766 3853 ,
1793 3788 1878 3843 die
1922 3801 2131 3858 quaeso,

577 3894 924 3957 conﬁdimus,
951 3900 1005 3946 et
1037 3888 1212 3958 supini
1254 3886 1532 3957 ignavique
1562 3881 1871 3937 reddimur?
1900 3878 2023 3949 quid
2052 3884 2137 3933 est

576 3984 717 4054 quod
749 3998 844 4036 nos
875 3980 999 4035 facit
1026 3980 1243 4048 ignavos
1270 3985 1322 4030 ct
1351 3974 1638 4029 socordes?
1662 3972 1717 4027 Si
1743 3973 1787 4026 is
1812 3971 1898 4041 qui
1922 3969 2137 4024 videtur

573 4086 735 4132 stare,
760 4072 919 4125 debet
944 4071 1127 4124 timere
1149 4084 1214 4123 ne
1235 4067 1390 4121 cadat
1413 4083 1426 4118 :
1454 4081 1573 4119 nam
1595 4065 1679 4131 qui
1705 4064 1918 4127 videtur,
1940 4062 2131 4129 inquit,

575 4172 726 4222 stare,
760 4159 922 4214 rideat
966 4175 1026 4210 ne
1064 4157 1210 4209 cadat
1256 4156 1329 4225 (l.
1354 4153 1471 4209 Cor.
1502 4153 1698 4222 10.19.)
1732 4170 1744 4204 :
1777 4153 1865 4221 qui
1900 4151 2130 4218 cecidit,

578 4267 736 4321 quam
781 4250 938 4303 debet
980 4262 1100 4301 esse
1146 4246 1406 4299 sollicitus
1432 4253 1488 4297 ut
1516 4243 1797 4312 rcsm'gat?
1838 4242 1893 4297 Si
1934 4242 2132 4296 Paulus

580 4346 728 4399 timet
754 4357 820 4396 ne
849 4356 968 4394 cum
1001 4338 1119 4391 aliis
1150 4335 1546 4405 prmdicavcrit,
1582 4334 1693 4403 ipse
1740 4334 1830 4386 tiat
1871 4333 2132 4402 reprobus

575 4432 786 4503 (l.Cor.
813 4432 866 4486 9.
892 4431 1007 4499 27),
1032 4430 1119 4499 qui
1144 4436 1225 4482 est
1250 4426 1383 4481 adeo
1414 4425 1611 4495 probus
1637 4443 1650 4478 :
1678 4439 1775 4478 nos
1803 4425 1889 4494 qui
1915 4424 2023 4493 jam
2054 4425 2134 4480 fa-

576 4528 645 4582 cti
691 4540 872 4579 sumus
915 4522 1162 4591 reprobi,
1195 4531 1475 4589 quamnam
1505 4532 1852 4586 assequemur
1884 4518 2089 4571 veniam
2112 4557 2128 4581 ,

575 4633 693 4674 eum
741 4614 871 4669 nihil
911 4614 1208 4675 timeamus,
1238 4609 1328 4664 sed
1378 4617 1643 4676 tamquam
1690 4606 2129 4662 consuetudinem

570 4704 1036 4763 Christianismum
1080 4700 1427 4768 impleamus,
1461 4705 1515 4751 et
1543 4712 1607 4750 eo
1647 4697 1834 4751 leviter
1870 4696 2128 4767 dcl'unga-

571 4799 721 4853 mur?
750 4797 1055 4852 Timeamus
1087 4807 1243 4860 ergo,
1274 4805 1305 4842 o
1349 4790 1557 4855 dilecti;
1593 4789 1860 4843 Revelatur
1888 4791 2019 4843 enim
2050 4792 2127 4845 ira

573 4890 668 4945 Dei
695 4891 755 4943 de
783 4889 904 4943 ca’lo
928 4884 1100 4955 (Rom.
1128 4885 1179 4937 l.
1206 4881 1289 4947 18)
1319 4899 1332 4935 :
1359 4882 1667 4944 timeamus;
1698 4883 1959 4936 revelatur
1986 4883 2128 4937 enim

570 4995 673 5033 non
704 4980 872 5032 solum
903 4977 1157 5031 adversus
1187 4972 1531 5042 impietatem,
1563 4971 1655 5026 sed
1688 4972 1845 5026 etiam
1869 4972 2127 5027 adversus

569 5082 781 5119 omnem
803 5066 1152 5135 iniquitatem,
1176 5071 1232 5119 et
1261 5077 1474 5131 parvam
1500 5070 1554 5115 et
1582 5077 1845 5132 magnam.
1879 5062 1975 5117 llic
2001 5062 2127 5117 sub-

569 5158 767 5214 indicat
798 5156 886 5209 Dei
920 5156 1296 5226 benignitatem
1318 5163 1370 5207 et
1391 5153 1742 5207 clemenliam.
1769 5153 1994 5208 imbrem
2025 5169 2125 5209 au-

569 5259 673 5302 tem
704 5245 829 5299 dicit
856 5244 1182 5308 doctrinam;
1215 5253 1269 5299 et
1294 5243 1432 5315 quod
1461 5243 1706 5310 superius
1728 5242 1938 5297 dicebat
1957 5285 1971 5309 ,
2003 5244 2127 5299 Cum

568 5338 806 5393 deberetis
835 5350 939 5390 esse
966 5335 1188 5404 magistri
1230 5343 1430 5404 preptcr
1469 5348 1692 5402 tempus,
1724 5333 1775 5386 id
1805 5332 1890 5388 hic
1918 5348 2128 5403 quoque

566 5432 713 5487 dicit.
771 5428 839 5483 Et
877 5424 1058 5482 multis
1103 5424 1153 5477 in
1200 5424 1329 5478 locis
1358 5425 1636 5493 Scriptura
1665 5424 1961 5478 doctrinam
1992 5423 2120 5479 dicit

635 5559 707 5636 ςρ)
732 5560 786 5610 ln
805 5560 932 5636 Edit.
955 5559 1150 5634 litorei”
1188 5562 1292 5636 haec
1324 5563 1896 5636 lionuliadecimaioeipit
1917 5586 2029 5636 pag,
2047 5574 2156 5625 79b.

571 5619 863 5694 φυῇ-γυνθ,
889 5624 1078 5694 caussis
1093 5619 1339 5694 omnibus,
1365 5626 1610 5694 humilium
1635 5619 2157 5694 incipitbvmroriili-es-v

571 5679 975 5746 ltcrtationc'qnte
1000 5685 1189 5735 initium
1215 5679 1365 5736 habet
1385 5694 1435 5735 N.
1463 5690 1507 5737 l.

2232 1135 2401 1142 ...υ-.-

2013 1136 2484 1249 uellit-5;.

2246 404 2546 460 claritatem
2565 444 2580 468 ,
2609 403 2749 459 hanc
2777 418 3181 474 persequamur,
3215 414 3273 459 ut
3298 418 3684 475 assequamur:
3712 405 3832 463 iure

2247 498 2391 552 enim
2430 505 2513 552 est
2539 512 2658 566 qua:
2689 506 2772 551 est
2801 512 2929 552 vere
2954 497 3190 552 claritas.
3222 496 3460 552 Tandem
3485 498 3830 554 discedamus

2247 589 2314 642 ab
2338 588 2404 642 iis
2434 604 2554 658 qua:
2594 587 2664 644 ad
2700 588 2838 643 hanc
2866 589 3028 642 vitam
3057 590 3328 659 pertinent
3366 607 3380 642 :
3410 597 3468 644 ut
3496 589 3830 645 inveniamus

2246 682 2471 752 gratiam
2520 689 2577 735 et
2626 681 3051 737 misericordiam
3091 682 3142 736 in
3177 681 3393 737 Christo
3432 681 3561 737 Jesu
3604 682 3829 735 Domino

2247 780 2454 837 nostro,
2483 785 2605 826 cum
2628 785 2734 840 quo
2756 771 2899 826 Patri
2922 787 3026 826 una
3054 786 3173 826 eum
3197 780 3384 826 sancto
3410 771 3609 841 Spiritu
3632 773 3825 842 gloria,

2247 860 2533 930 imperium
2555 900 2569 927 ,
2602 860 2776 917 honor
2802 869 2856 916 et
2885 860 3149 927 adoratio,
3179 875 3322 916 nunc
3346 869 3403 917 et
3426 876 3659 931 semper,
3690 873 3741 914 et
3772 863 3826 916 in

2244 952 2444 1009 saecula
2469 952 2813 1008 saculos-um.
2848 953 3042 1008 Amen.

2260 1347 2483 1404 imbrem
2511 1368 2523 1404 :
2549 1344 2805 1403 Mandabo
2831 1348 2971 1405 enim
2991 1392 3007 1417 ,
3034 1352 3222 1423 inquit,
3256 1352 3465 1413 nubibus
3491 1377 3554 1416 ne
3575 1337 3628 1419 in
3655 1364 3820 1436 ipsum

2260 1440 2435 1509 pluunt
2460 1441 2665 1495 imbrem
2694 1440 2844 1511 (Isai.
2867 1442 2923 1497 5.
2957 1442 3065 1515 6),
3097 1443 3319 1514 loquens
3347 1448 3414 1504 de
3446 1451 3600 1508 vinea
3632 1473 3646 1508 :
3676 1458 3818 1527 quod

2238 1532 2466 1600 [quidem
2496 1532 2621 1587 alibi
2650 1542 2802 1588 vocat
2825 1533 3017 1597 famem
3047 1536 3201 1605 panis
3221 1546 3275 1592 et
3295 1539 3435 1593 sitim
3465 1558 3615 1614 aqua:
3638 1546 3814 1620 (Amos

2254 1622 2307 1676 8.
2344 1623 2463 1691 ll).
2510 1621 2577 1677 Et
2623 1624 2810 1678 iterum
2845 1641 2857 1677 :
2896 1623 3110 1679 Flavius
3157 1626 3253 1680 Dei
3293 1632 3513 1699 repletus
3558 1646 3629 1690 est
3670 1644 3815 1707 aquis

2257 1709 2424 1780 (Psal.
2451 1710 2538 1766 6L
2567 1711 2675 1783 10).
2706 1712 2861 1767 Terra
2886 1716 3039 1779 enim,
3069 1716 3253 1784 inquit,
3277 1735 3409 1787 stupe
3439 1724 3704 1780 venientem
3726 1746 3815 1782 su-

2248 1816 2338 1871 per
2378 1818 2432 1855 se
2476 1801 2644 1857 bibens
2682 1803 2908 1857 imbrem.
2956 1805 3050 1859 llic
3077 1808 3306 1863 ostendit
3335 1812 3474 1881 quod
3506 1824 3562 1869 et
3590 1820 3809 1875 verbum

2247 1894 2550 1962 acceperint
2570 1937 2583 1957 ,
2616 1903 2669 1949 et
2698 1894 2853 1949 simul
2881 1895 3115 1953 biberint
3144 1940 3159 1965 ,
3184 1908 3237 1955 et
3268 1901 3318 1955 id
3349 1916 3491 1974 saepe
3520 1906 3629 1963 sint
3655 1926 3807 1967 asse-

2246 1983 2414 2052 qunti,
2440 1999 2536 2038 nec
2563 1984 2614 2039 id
2644 1994 2814 2040 tamen
2837 1987 2914 2041 eis
2941 1986 3217 2056 profuerit.
3241 1989 3294 2045 Si
3318 1995 3584 2063 agricola),
3610 2000 3804 2070 inquit,

2245 2087 2403 2142 opera
2437 2088 2539 2128 non
2571 2074 2760 2129 fuisses
2789 2076 2976 2141 cultus,
3016 2078 3061 2130 si
3094 2078 3351 2137 imbribus
3379 2099 3482 2139 non
3512 2102 3659 2144 esses
3687 2092 3808 2146 irri-

2242 2176 2427 2233 gatus,
2461 2182 2562 2221 non
2590 2178 2733 2222 esset
2757 2176 2956 2223 tantum
2994 2170 3188 2225 malum
3222 2190 3234 2225 :
3264 2189 3384 2228 nam
3410 2176 3472 2231 Si
3510 2196 3609 2233 non
3633 2185 3803 2236 venis-

2248 2266 2372 2312 sem,
2403 2252 2593 2321 inquit,
2626 2263 2671 2306 et
2696 2253 2765 2306 eis
2793 2270 2890 2306 non
2913 2257 3116 2323 fuissem
3145 2258 3395 2325 loquutus,
3428 2270 3679 2329 peccatum
3710 2278 3812 2315 non

2248 2341 2533 2396 habuissent
2573 2342 2753 2411 (Joan.
2799 2345 2887 2399 l5.
2931 2343 3045 2416 2?.)
3071 2362 3082 2397 :
3112 2346 3155 2399 si
3181 2358 3358 2403 autem
3385 2364 3528 2418 saepe
3555 2351 3728 2405 bibisti
3755 2360 3812 2405 et

2248 2431 2502 2500 accepisti
2527 2473 2541 2496 ,
2570 2447 2667 2486 cur
2708 2449 2801 2501 pro
2829 2431 3088 2489 fructibus
3115 2436 3218 2489 alia
3249 2437 3578 2507 produxisti?
3615 2439 3812 2508 Exspe-

2244 2521 2394 2585 ctavi,
2424 2523 2613 2590 inquit,
2639 2531 2692 2574 ut
2720 2527 2907 2591 faceret
2934 2541 3099 2588 uvam,
3131 2527 3247 2595 fecit
3270 2538 3433 2582 autem
3457 2530 3630 2597 spinas
3654 2527 3808 2600 (Isai.

2243 2608 2298 2664 ϐ.
2324 2610 2404 2674 2).
2436 2611 2594 2666 Vides
2614 2613 2753 2680 quod
2783 2613 3054 2684 Scriptura
3081 2616 3275 2686 ubique
3300 2618 3480 2687 spinas
3508 2629 3659 2672 vocat
3688 2634 3812 2692 pec.-

2245 2700 2401 2754 cata?
2430 2700 2557 2753 Nam
2582 2713 2633 2755 et
2659 2703 2820 2757 David
2843 2704 2971 2757 dicit
2998 2722 3012 2758 :
3040 2704 3312 2760 Conversus
3330 2724 3439 2761 sum
3460 2708 3510 2761 in
3529 2722 3811 2762 (erumnam

2245 2789 2366 2843 dum
2382 2790 2503 2844 mihi
2524 2791 2684 2859 inﬁxa
2699 2802 2771 2846 est
2782 2794 2930 2862 spina
2947 2791 3097 2864 (Psal
3105 2835 3118 2848 .
3134 2794 3222 2849 '51.
3240 2795 3315 2864 4).
3338 2794 3451 2850 Νοη
3476 2796 3644 2851 solum
3664 2799 3808 2850 enim

2247 2881 2561 2953 ingreditur,
2595 2883 2687 2940 sed
2715 2886 2875 2942 etiam
2906 2885 3142 2955 inligitur
3171 2904 3184 2940 :
3215 2886 3336 2941 etsi
3363 2902 3548 2956 parum
3574 2887 3687 2957 ejus
3719 2904 3810 2942 rc—

2246 2985 2491 3038 maneat,
2519 2986 2568 3031 ct
2615 2994 2718 3032 non
2764 2989 2930 3035 totmn
2977 2980 3152 3051 ipsum
3198 2977 3590 3042 exemerim”:
3623 2993 3805 3046 Ρπιιηι

2246 3064 2373 3120 illud
2404 3083 2551 3137 reque
2582 3069 2740 3124 infert
2781 3072 3020 3127 dolorem
3042 3113 3057 3137 ,
3097 3074 3257 3143 atque
3286 3068 3342 3121 in
3365 3069 3536 3137 spina.
3583 3070 3646 3123 Et
3679 3070 3805 3138 quid

2246 3155 2365 3210 dico
2383 3157 2551 3226 ipsum
2576 3161 2797 3227 parum?
2817 3164 2979 3217 etiam
3004 3172 3281 3233 postquam
3305 3161 3459 3219 fuerit
3483 3169 3802 3227 exemptum.

2246 3247 2334 3302 diu
2367 3249 2601 3304 immittit
2629 3252 2795 3322 plagae
2812 3253 3083 3309 dolorem:
3106 3254 3331 3324 ideoque
3352 3256 3515 3310 multa
3541 3250 3806 3311 medicina

2244 3351 2377 3406 opus
2401 3348 2484 3394 est
2509 3350 2560 3393 ct
2592 3343 2888 3409 curatione,
2921 3354 2980 3398 ut
3008 3343 3240 3414 perfecte
3268 3345 3599 3403 liberemur:
3631 3360 3804 3414 neque

2243 3429 2384 3482 enim
2431 3441 2702 3500 peccatum
2751 3433 2924 3487 solum
2971 3434 3206 3489 eximere
3248 3434 3462 3501 sufﬁcit,
3503 3434 3596 3490 sed
3640 3436 3801 3489 etiam

2244 3527 2453 3586 Oportet
2484 3535 2675 3574 curare
2722 3522 2895 3576 locum
2923 3537 3256 3592 percussum.
3293 3524 3397 3580 Sed
3428 3524 3587 3579 timeo
3611 3539 3677 3577 ne
3707 3539 3803 3578 no-

2244 3606 2326 3663 bis
2351 3611 2517 3678 magis
2545 3610 2806 3678 dicantur,
2848 3628 3005 3683 quam
3050 3615 3167 3668 aliis
3206 3614 3411 3670 dicatur
3450 3613 3613 3676 illud.
3649 3613 3804 3668 Terra

2244 3699 2395 3764 enim,
2428 3700 2615 3770 inquit,
2646 3717 2778 3771 scepe
2807 3719 2955 3772 super
2982 3719 3035 3757 se
3066 3705 3337 3757 venientem
3364 3703 3533 3759 bibens
3560 3703 3766 3757 imbrem
3783 3718 3805 3757 :

2243 3803 2456 3860 semper
2484 3794 2625 3847 cnim
2656 3793 2907 3857 bibimus,
2934 3809 3148 3864 semper
3175 3795 3451 3851 audimus:
3489 3795 3582 3850 sed
3611 3795 3804 3851 humo~

2241 3896 2357 3936 rem
2385 3882 2560 3936 statim
2589 3883 2876 3951 perdimus,
2906 3885 3115 3940 oriente
3141 3886 3279 3953 sole,
3302 3893 3354 3940 et
3384 3895 3663 3955 propterea
3690 3888 3802 3955 spi-

2243 3987 2341 4026 nas
2369 3970 2659 4026 efferimus.
2693 3972 2946 4040 Qnmnam
2978 3983 3102 4027 sunt
3127 3990 3254 4045 ergo
3283 3975 3486 4044 spinae?
3510 3975 3804 4031 Audiamus

2240 4063 2511 4119 Christum
2539 4064 2824 4129 dicentem,
2853 4065 2992 4130 quod
3015 4066 3317 4120 sollicitudo
3340 4067 3496 4136 hujus
3523 4068 3726 4131 saeculi,
3751 4076 3805 4122 ct

2243 4153 2450 4210 fallacia
2477 4155 2777 4209 divitiarum
2807 4156 3030 4211 suli'ocat
3059 4158 3278 4212 verbum
3300 4199 3315 4223 ,
3343 4166 3399 4213 et
3428 4159 3485 4212 lit
3513 4159 3794 4229 inlrugil'e-

2242 4260 2358 4300 rum
2384 4243 2533 4316 (Luc.
2560 4245 2613 4299 8.
2648 4245 2759 4313 lli).
2787 4245 2944 4299 Terra
2969 4247 3123 4314 enim,
3158 4248 3345 4317 inquit,
3379 4263 3513 4317 stupe
3530 4250 3790 4303 veniente»

2241 4352 2390 4406 super
2414 4353 2469 4391 se
2491 4335 2661 4390 bibens
2690 4336 2928 4401 imbrem,
2958 4348 3005 4392 et
3044 4326 3330 4409 germinans
3371 4339 3573 4394 herbam
3619 4355 3808 4410 oppor-

2242 4438 2436 4483 tunam.

2312 4521 2370 4574 2.
2410 4520 2545 4575 Nihil
2587 4529 2669 4575 est
2709 4521 2840 4575 adeo
2879 4530 3288 4590 Opportunum,
3316 4529 3373 4576 ut
3412 4523 3532 4578 vita:
3565 4522 3811 4593 puritasa

2243 4613 2373 4668 nihil
2398 4613 2533 4668 adeo
2556 4628 2896 4668 numerosum
2921 4629 2982 4667 ac
3002 4615 3343 4679 concinnant,
3371 4622 3426 4669 ut
3452 4614 3554 4667 vita
3581 4614 3803 4681 optima,

2244 4704 2374 4760 nihil
2402 4704 2536 4758 adeo
2562 4720 2880 4775 congruens,
2912 4714 2967 4758 ut
2991 4707 3175 4759 virtus.
3202 4703 3589 4775 Etgerminans.
3613 4706 3801 4773 inquit,

2244 4796 2447 4850 herbam
2467 4806 2803 4865 Opportunum
2835 4797 2939 4849 illis
2963 4813 2995 4848 α
3021 4795 3199 4865 quibus
3228 4796 3434 4862 colitur,
3460 4796 3643 4864 accipit
3668 4794 3829 4847 bene”

2244 4885 2510 4938 dictionem
2558 4902 2589 4936 a
2638 4883 2765 4938 Deo.
2824 4884 2919 4938 llic
2967 4883 3094 4938 dicit
3146 4885 3307 4937 Deum
3359 4898 3479 4938 esse
3532 4894 3806 4938 auctorem

2245 4977 2480 5029 omnium
2503 5016 2517 5035 ,
2545 4975 2757 5030 Grmcos
2785 4975 2982 5028 sensim
3018 4973 3212 5027 feriens
3237 5015 3251 5033 .
3296 4975 3383 5041 qui
3423 4974 3601 5028 virtuti
3647 4984 3803 5025 terra:

2243 5063 2554 5121 adscribunt
2572 5063 2837 5117 fructuum
2861 5060 3281 5131 generationem.
3299 5056 3484 5127 Neque
3501 5056 3641 5109 enim
3667 5061 3813 5113 sunt,

2243 5157 2448 5227 inquit,
2477 5170 2679 5211 manus
2701 5152 3053 5223 agricolarum
3083 5166 3201 5220 qua:
3231 5149 3403 5219 ipsam
3432 5156 3628 5202 terram
3661 5141 3820 5197 esci-

2246 5253 2360 5300 tant
2399 5245 2465 5301 ad
2503 5245 2704 5299 fructus
2730 5240 3000 5303 ferendos,
3033 5240 3126 5296 sed
3156 5239 3250 5294 Dei
3275 5236 3505 5308 jussus:
3535 5245 3822 5304 propterea

2248 5338 2376 5391 dicit
2401 5355 2418 5392 :
2445 5335 2638 5405 Accipit
2672 5331 3070 5388 benedictionem
3092 5346 3124 5383 a
3147 5329 3276 5384 Deo.
3309 5328 3444 5384 Vide
3467 5334 3643 5382 autem
3676 5323 3820 5395 quod

2247 5429 2297 5481 in
2328 5426 2497 5496 spinis
2526 5441 2632 5480 non
2660 5423 2816 5488 dixit,
2847 5422 3072 5478 Pariens
3101 5421 3285 5491 spinas
3305 5461 3321 5486 ,
3353 5431 3529 5490 neque
3566 5415 3669 5469 hoc
3701 5412 3822 5467 utili

2245 5531 2369 5570 usus
2396 5526 2480 5571 est
2508 5515 2761 5578 nomine;
2795 5511 2889 5568 sed
2917 5511 3042 5582 quid
3063 5511 3087 5566 ?
3112 5509 3396 5582 Proferam
3424 5508 3601 5580 spinas
3624 5521 3643 5559 :
3665 5503 3822 5575 quasi

2244 5606 2410 5670 dicas,
2440 5620 2633 5661 eruens
2656 5616 2714 5661 et
2736 5604 3032 5674 expellens.
3088 5601 3323 5672 Reproba
3369 5609 3477 5662 est,
3524 5597 3729 5667 inquit,
3772 5604 3824 5649 et

2245 5697 2509 5753 malrdicto
2531 5699 2787 5765 proxima.
2818 5697 3004 5762 Papus!
3037 5704 3288 5763 quantam
3318 5692 3478 5748 habet
3498 5687 3824 5746 consolation

3828 5793 3853 5807 ς
