4088 6212
339 287 414 343 $5
1144 294 1210 351 lN
1251 295 1462 353 EPIST.
1507 295 1597 350 AD
1636 289 2008 349 lIEBREOS.
2047 294 2206 353 CAP.
2250 295 2335 353 Vl.
2376 295 2613 361 ﬂOMlL
2656 296 2726 353 Χ.
3533 294 3599 353 86

340 414 464 453 nem
492 399 637 467 quod
663 398 889 457 dicitur!
922 400 1047 469 Est,
1093 404 1302 477 inquit,
1339 405 1609 459 maledicto
1649 408 1921 477 proxima,

342 506 455 545 non
481 492 827 546 maledictum
856 512 871 553 :
896 494 985 562 qui
1011 503 1187 549 autem
1216 496 1453 549 nondum
1479 497 1664 551 incidit
1687 497 1738 552 in
1766 498 1923 554 male-

333 583 564 649 dictum,
588 583 684 639 sed
709 599 876 654 prope
897 592 999 651 est,
1027 586 1188 641 etiam
1220 590 1406 656 procul
1426 602 1548 643 esse
1579 590 1788 658 poterit.
1808 589 1923 646 Nec

337 672 443 729 hoc
471 674 647 729 solum
678 684 763 731 est
789 678 1135 743 consolatus,
1164 679 1260 733 sed
1295 695 1361 734 eo
1387 681 1549 734 etiam
1581 681 1722 750 quod
1762 681 1921 737 dein-

330 784 468 838 ceps
497 771 776 839 sequitur:
800 786 908 825 non
935 772 1077 827 enim
1106 772 1271 826 dixit:
1298 772 1542 843 Reproba
1572 784 1655 829 est
1679 784 1732 829 et
1758 775 1922 830 male-

334 860 483 914 dicto
530 862 768 929 proxima
794 903 809 927 ,
851 878 973 932 quia
1000 864 1377 927 comburetur;
1425 866 1519 919 sed
1565 868 1733 936 quid?
1761 866 1920 937 Cujus

334 952 460 1018 linis
482 960 557 1005 est
578 958 631 1005 tu
650 951 1070 1006 conibustionem.
1091 954 1145 1009 Si
1174 966 1507 1023 permaneat,
1540 958 1726 1025 inquit,
1753 974 1921 1027 usilue

332 1040 402 1093 ad
435 1040 705 1105 linem,‘id
736 1040 986 1111 patietur.
1015 1043 1378 1111 Quamobrem
1411 1047 1455 1098 si
1484 1048 1669 1115 spinas
1701 1049 1914 1103 excide-

331 1132 504 1184 rimus
532 1139 588 1184 et
613 1132 1014 1199 exusserimus,
1046 1136 1341 1204 poterimus
1368 1136 1468 1197 frui
1498 1138 1650 1194 bonis
1674 1140 1918 1194 innume-

328 1222 614 1287 nubilibus,
648 1231 703 1277 et
734 1223 887 1292 probi
916 1225 1055 1279 ellici
1075 1266 1091 1290 ,
1124 1236 1326 1282 etesse
1371 1228 1659 1300 participes
1692 1230 1917 1286 benedi-

329 1312 550 1385 ctionis.
577 1313 769 1367 Merito
794 1323 976 1370 autem
1006 1328 1282 1385 peccatum
1311 1320 1600 1389 appellavit
1626 1322 1879 1384 tribulutn
1899 1365 1915 1389 ,

329 1402 543 1469 dicens,
578 1403 856 1474 Proferens
884 1416 1051 1459 autem
1078 1408 1255 1478 spinas
1282 1426 1343 1464 ac
1371 1411 1582 1468 tribulos
1603 1427 1622 1465 .'
1650 1429 1772 1470 nam
1813 1431 1917 1468 un—

326 1495 633 1565 (tecumque
662 1496 715 1551 id
748 1498 1007 1562 tenueris,
1036 1499 1155 1554 terit
1185 1510 1237 1555 et
1264 1502 1494 1564 mordet.
1529 1513 1584 1559 et
1606 1506 1722 1559 visu
1753 1506 1915 1561 etiam

327 1594 418 1637 est
445 1583 687 1641 deforme
712 1596 768 1641 ct
800 1597 1019 1642 tetrum.
1042 1588 1176 1644 Cum
1199 1605 1328 1662 ergo
1351 1608 1445 1648 eos
1473 1596 1605 1648 satis
1628 1596 1914 1666 tetigisset,

328 1676 613 1730 tenuisset
661 1692 723 1731 ac
772 1680 1123 1748 pupugisset,
1159 1698 1346 1737 rursus
1368 1694 1523 1739 curat
1553 1700 1613 1740 ac
1646 1687 1914 1755 medetur,

328 1780 400 1819 ne
428 1780 525 1820 eos
556 1767 674 1836 plus
701 1784 863 1836 quam
894 1785 988 1839 par
1015 1771 1087 1825 sit
1107 1772 1345 1841 dejiciat,
1380 1774 1703 1853 ignavosque
1728 1778 1917 1834 reddat

327 1872 394 1910 ac
420 1858 641 1927 supinos
671 1877 686 1918 ;
718 1874 841 1913 nam
872 1861 963 1929 qui
993 1875 1216 1931 segnem
1249 1865 1369 1917 ierit
1397 1879 1459 1921 ac
1486 1866 1762 1932 desidem,
1791 1883 1915 1925 eum

328 1948 506 2003 reddit
536 1951 867 2020 segniorem.
900 1951 1086 2022 Neque
1114 1970 1243 2026 ergo
1274 1958 1496 2013 omnino
1524 1959 1817 2030 blanditur,
1849 1978 1917 2018 ne

329 2044 512 2098 animo
528 2044 784 2110 extollat;
809 2060 985 2117 neque
1005 2046 1219 2118 gravius
1242 2048 1382 2117 ferit,
1409 2067 1476 2105 ne
1497 2052 1684 2110 reddat
1705 2057 1918 2125 segnio-

327 2151 444 2201 res;
474 2136 571 2190 sed
621 2138 918 2206 pauxillum
966 2138 1215 2208 injicicns
1259 2140 1399 2211 quod
1450 2143 1639 2210 feriat,
1686 2149 1914 2205 multum

326 2229 549 2283 adhibet
576 2230 718 2300 quod
749 2242 905 2285 curet
931 2246 992 2285 ac
1020 2232 1304 2288 medeatur
1332 2249 1429 2304 per
1455 2250 1517 2290 ea
1546 2251 1666 2305 quze
1692 2240 1917 2309 subjun-

325 2323 399 2389 git
418 2364 435 2386 ,
466 2335 523 2374 ut
552 2321 695 2390 quod
723 2323 836 2377 vult
863 2323 1090 2379 el’llciat.
1122 2325 1259 2393 Quid
1284 2326 1428 2382 enim
1451 2328 1619 2384 dicit?
1663 2334 1741 2400 (α)
1775 2334 1913 2405 [Νοιι

328 2411 442 2463 hJ'C
480 2410 714 2465 dicimus
762 2418 1034 2481 tamquam
1080 2413 1171 2483 qui
1204 2429 1297 2471 vos
1328 2417 1911 2492 condemnaverimus,

320 2507 430 2544 nec
460 2502 521 2544 nt
548 2493 641 2560 qui
671 2494 1038 2551 existimemus
1066 2513 1162 2553 vos
1188 2513 1310 2556 esse
1334 2504 1521 2572 plenos
1548 2506 1719 2577 spinis
1741 2549 1758 2577 ,
1801 2511 1902 2568 sed

319 2594 383 2636 ut
407 2584 499 2653 qui
534 2582 807 2639 timeamus
832 2602 898 2642 ne
920 2588 1023 2643 hoc
1045 2590 1251 2646 accidat
1276 2609 1289 2646 :
1319 2594 1510 2651 melius
1533 2607 1616 2653 est
1636 2602 1778 2656 enim
1800 2618 1897 2659 vos

320 2674 509 2727 verbis
528 2685 746 2742 terrere,
768 2693 833 2732 ne
857 2693 913 2733 re
938 2677 1051 2748 ipsa
1071 2679 1320 2739 doleatis.
1342 2684 1410 2740 Et
1434 2684 1535 2742 hoc
1562 2692 1798 2749 maxime
1818 2705 1902 2751 est

320 2764 470 2818 Pauli
514 2765 835 2836 prudentis.
865 2769 934 2824 Et
964 2786 1070 2827 non
1102 2772 1258 2840 dixit,
1292 2774 1676 2835 Existimamus
1697 2824 1712 2848 ,
1757 2798 1855 2839 nec
1881 2826 1898 2849 ,

319 2853 670 2924 Coiijicimus,
704 2873 824 2922 nec,
861 2861 1266 2931 Exspectamus,
1299 2881 1418 2933 nec,
1443 2867 1772 2939 Speramus;
1804 2875 1898 2930 sed

322 2944 521 3016 quidi]
550 2944 602 2999 9.
627 2946 943 3016 Conﬁdimus
965 2960 1134 3005 autem
1160 2954 1226 3008 de
1245 2955 1404 3022 vobis,
1428 2958 1767 3028 dilectissimi,
1796 2981 1904 3020 tne-

321 3038 461 3089 liora
484 3045 532 3089 et
562 3038 803 3093 viciniora
830 3042 1009 3106 saluti,
1045 3047 1247 3099 tametsi
1267 3047 1337 3100 ita
1358 3049 1639 3117 loquimur.
1664 3053 1777 3109 Hoc
1794 3065 1900 3124 est,

318 3126 436 3182 Non
462 3138 517 3181 ut
537 3130 966 3187 condemnantes
990 3151 1104 3202 vos,
1134 3138 1231 3191 ista
1256 3138 1503 3209 dicimus,
1533 3159 1705 3216 neque
1733 3157 1789 3201 ut
1814 3164 1901 3201 aro

322 3218 583 3275 bitrantes
614 3238 712 3277 vos
756 3222 929 3293 spinis
957 3241 1077 3282 esse
1109 3230 1315 3285 obsitos
1355 3242 1411 3287 et
1452 3236 1640 3304 plenos
1661 3279 1675 3303 ,
1708 3238 1801 3293 sed
1832 3240 1901 3294 tio

323 3321 531 3365 mentes
562 3327 628 3367 ne
661 3314 763 3369 huc
793 3314 883 3369 ﬁat
911 3333 925 3370 :
958 3328 1176 3386 praestat
1201 3324 1344 3377 enim
1374 3339 1467 3379 vos
1496 3341 1562 3381 ex
1594 3328 1769 3383 verbis
1794 3329 1898 3385 lor.

323 3401 561 3467 midare,
592 3419 661 3457 ne
686 3420 745 3458 re
773 3406 888 3473 ipsa
921 3408 1135 3464 tandem
1179 3411 1432 3471 deleatis.
1480 3418 1655 3487 Atque
1699 3419 1750 3474 in
1797 3419 1901 3479 hoc

324 3495 619 3562 puesertim
643 3496 925 3565 prudentia
958 3499 1106 3554 Pauli
1138 3514 1375 3572 apparet.
1396 3505 1579 3576 Neque
1599 3524 1728 3565 vero
1747 3512 1900 3582 dixit,

323 3582 681 3649 Arbitrantur,
728 3601 935 3658 neque,
965 3589 1346 3660 Conjeeturam
1392 3594 1620 3655 facimus
1645 3642 1658 3664 ,
1694 3618 1867 3673 neque
1890 3645 1905 3670 ,

322 3671 735 3742 Exspectamus,
766 3694 962 3748 neque,
990 3680 1278 3751 Speremus
1301 3725 1317 3751 ,
1347 3686 1442 3745 sed
1473 3690 1638 3759 quid?
1663 3671 1899 3763 Conﬁdi-

324 3779 457 3816 usus.
481 3766 634 3833 Quod
654 3769 815 3822 etiam
834 3771 1045 3826 dicebat
1073 3775 1314 3833 scribens
1336 3779 1401 3833 ad
1424 3779 1640 3837 Galatas
1657 3802 1670 3837 :
1685 3784 1902 3855 Con/ida

322 3864 491 3907 autem
519 3858 583 3909 de
620 3857 759 3911 vobis
797 3861 851 3913 in
893 3860 1113 3917 Domino
1133 3906 1148 3929 ,
1179 3870 1319 3935 quod
1347 3871 1479 3925 nihil
1518 3874 1666 3927 aliud
1694 3878 1905 3947 sapietis

326 3942 489 4013 (Gal.
520 3946 580 3999 5.
610 3948 741 4016 10).
771 3947 887 4004 Non
933 3951 1088 4020 dixit,
1116 3955 1333 4024 Sapitis,
1370 3960 1465 4015 sed
1511 3942 1764 4036 Sapietis:
1793 3966 1904 4029 lllic

320 4037 535 4102 quidem
560 4080 575 4103 ,
607 4041 728 4109 quia
759 4041 913 4097 valde
939 4058 1035 4101 eos
1062 4048 1481 4116 reprehenderat
1500 4094 1515 4120 ,
1543 4071 1642 4111 nec
1672 4056 1904 4115 habebat

318 4127 465 4180 uttde
490 4142 587 4182 eos
615 4144 644 4183 a
678 4131 838 4189 rebus
866 4140 1221 4203 prmsentibus
1252 4141 1527 4213 laudaret,
1557 4162 1587 4200 a
1630 4146 1824 4206 futuris
1850 4152 1901 4212 id

322 4220 650 4289 aggreditur,
683 4221 887 4289 dicens,
921 4226 1073 4282 Nihil
1100 4232 1249 4287 aliud
1271 4236 1484 4305 sapietis
1508 4253 1527 4291 :
1554 4238 1641 4295 hic
1664 4251 1842 4299 autem
1874 4261 1905 4303 tt

322 4313 684 4378 prmsentibus
711 4333 725 4369 :
750 4316 1071 4386 Con/idimus
1100 4332 1293 4388 autem,
1321 4327 1518 4395 dilecti,
1545 4332 1609 4385 de
1635 4335 1771 4390 vobis
1796 4354 1900 4393 ine-

321 4400 452 4453 liora
479 4412 527 4455 et
552 4404 797 4459 viciniora
822 4408 999 4473 saluti,
1033 4412 1127 4465 etsi
1150 4414 1225 4468 sic
1248 4416 1527 4486 loquimur.
1556 4422 1620 4476 Et
1650 4427 1904 4494 quoniam

320 4505 349 4543 a
377 4494 734 4559 przesentibus
756 4512 859 4552 non
888 4501 1050 4555 multa
1080 4504 1307 4560 habebat
1329 4524 1447 4576 qua:
1469 4510 1692 4579 diceret,
1714 4532 1741 4570 a
1769 4534 1902 4588 prae-

318 4582 494 4636 teritis
517 4584 749 4639 instituit
774 4590 1225 4660 consolationem,
1250 4606 1304 4653 et
1328 4598 1494 4659 dicit:
1523 4603 1610 4657 l0.
1634 4604 1753 4661 Non
1769 4582 1903 4667 enim

316 4672 547 4740 injustas
576 4686 649 4729 est
676 4675 815 4732 Deus
835 4722 850 4743 ,
880 4691 936 4733 ut
964 4682 1289 4740 obliviscatur
1315 4694 1485 4761 operis
1512 4698 1662 4750 vestri
1698 4709 1746 4752 et
1777 4702 1909 4756 dile-

317 4762 504 4817 ctionis
526 4804 540 4826 ,
573 4781 724 4831 quam
768 4771 1055 4825 ostendistis
1092 4774 1143 4828 in
1187 4779 1390 4834 nomine
1418 4783 1611 4854 ipsius,
1649 4789 1738 4859 qui
1762 4792 1910 4852 inini-

320 4856 525 4908 strastis
556 4858 749 4911 sanctis
777 4870 824 4913 et
855 4863 1175 4921 ministratis.
1209 4867 1396 4940 Papia!
1424 4856 1692 4942 quomodo
1720 4897 1908 4941 eorum

319 4955 530 4997 recreat
570 4962 624 5001 et
662 4950 947 5005 conﬁrmat
995 4955 1252 5024 animam,
1283 4976 1370 5015 res
1400 4973 1625 5022 veteres‘
1645 4985 1907 5031 revocans

323 5034 375 5086 iu
417 5038 772 5105 memoriam,
812 5050 866 5095 et
892 5043 1143 5115 redigens
1173 5049 1239 5103 ad
1270 5056 1646 5115 necessitatem
1682 5076 1785 5116 non
1818 5080 1911 5118 ex-

323 5126 601 5193 spectandi
645 5128 813 5184 Deum
853 5146 977 5188 esse
1006 5136 1268 5194 oblitum?
1310 5140 1545 5203 Necesse
1570 5159 1649 5203 est
1676 5153 1819 5209 enim
1854 5163 1909 5207 ut

324 5214 412 5267 ille
442 5226 631 5283 peccet
650 5260 664 5283 ,
694 5222 784 5289 qui
829 5238 935 5276 non
965 5237 1167 5282 certam
1210 5229 1367 5287 ltabet
1411 5239 1813 5303 persuasionem
1842 5243 1911 5299 de

320 5306 467 5375 justo
493 5309 588 5365 Dei
617 5311 824 5381 judicio
843 5325 901 5373 et
928 5317 996 5374 de
1019 5320 1446 5391 mqua'ntercede
1473 5330 1763 5394 secundum
1787 5334 1910 5391 vine

390 5469 466 5546 to)
488 5469 610 5546 quae
632 5474 779 5546 inter
811 5471 934 5522 duos
965 5474 1503 5546 nneinpsclaudunuu:
1534 5479 1597 5527 ab
1631 5479 1914 5546 Interprete

326 5527 520 5601 latino,
538 5544 602 5601 ex
627 5540 795 5601 Graeco
816 5546 905 5581 suo
928 5534 1195 5601 exemplari
1219 5527 1455 5601 expressa
1480 5527 1915 5601 merere-lviii“;

324 5592 443 5656 tiam
470 5594 698 5656 versione
725 5593 971 5654 leguntur.
992 5596 1046 5644 In
1067 5592 1217 5647 Editis
1230 5592 1393 5649 autem
1417 5601 1597 5652 Graecis
1620 5592 1796 5655 uestris
1813 5592 1914 5656 Iis}.

324 5650 586 5703 habentur.
612 5650 923 5705 Colbeﬂinus
945 5657 1108 5709 Codex
1132 5658 1212 5714 hic
1232 5660 1412 5722 deficit,
1432 5650 1488 5715 ’ui
1510 5650 1737 5717 diiiiiriis'.‘

644 5754 922 5815 Parant.
970 5754 1365 5835 Gna’LXlll.

2023 407 2286 458 rationem
2331 402 2542 469 danda,
2572 413 2631 491 et
2671 412 2729 457 ut
2770 401 2916 458 dicat
2959 403 3127 459 Deum
3170 418 3292 462 esse
3319 407 3597 477 iniustum.

2023 492 2380 560 Quamobrem
2400 507 2497 548 eos
2517 493 2738 550 omnino
2758 493 2936 561 coegit
2955 504 3269 561 exspectare
3288 495 3377 551 illa
3396 497 3597 558 futura.

2026 587 2165 643 Eum
2193 585 2339 643 enim
2368 588 2457 654 qui
2486 600 2553 642 ex
2595 586 2756 640 rebus
2800 586 3159 662 prtesentibus
3201 586 3506 657 desperavit
3546 601 3604 648 et

2018 662 2257 719 animum
2284 663 2576 735 despondit
2594 704 2610 731 ,
2638 680 2703 721 ex
2732 663 2921 720 futuris
2952 665 3146 735 poterit
3176 665 3439 734 quispiam
3470 679 3596 719 cor-

2021 756 2320 813 roborare:
2355 757 2495 811 sicut
2540 760 2655 827 ipse
2703 770 2916 827 quoque
2971 758 3037 809 ad
3089 755 3312 813 Galatas
3358 754 3603 816 scribens

2020 848 2234 908 dicebat
2266 866 2279 901 :
2310 848 2599 906 Currebatis
2641 848 2802 913 bene;
2833 848 2946 915 quis
2983 863 3069 904 vos
3097 846 3395 919 impedivit?
3422 855 3477 903 et
3506 846 3606 900 ito.

2019 956 2135 998 rum
2163 957 2175 992 :
2202 940 2368 994 Tanta
2390 940 2525 1010 passi
2550 939 2668 997 estis
2688 939 2796 997 sine
2816 938 3012 996 pausa?
3035 939 3077 994 si
3101 946 3265 997 tamen
3287 937 3396 997 sine
3419 951 3597 999 causa,

2016 1033 2164 1091 Sicut
2190 1042 2368 1087 autem
2398 1033 2484 1089 ltic
2515 1047 2636 1092 cum
2666 1028 3036 1100 increpatione
3067 1029 3278 1088 laudem
3316 1031 3483 1105 ponit,
3512 1028 3601 1083 di.

2016 1137 2144 1178 cens
2170 1142 2184 1184 ;
2208 1120 2333 1183 Cum
2360 1122 2604 1183 deberetis
2632 1140 2738 1177 esse
2765 1122 2995 1192 magistri
3023 1132 3231 1191 propter
3261 1130 3456 1191 tempus
3482 1136 3501 1183 :
3528 1121 3601 1183 ita

2017 1214 2128 1273 illic
2156 1231 2366 1286 quoque
2392 1233 2407 1270 :
2432 1215 2600 1269 Miror
2624 1216 2759 1285 quod
2782 1225 2887 1271 tam
2913 1213 3012 1269 cito
3042 1214 3411 1285 transferimini
3438 1214 3455 1283 (
3476 1212 3597 1274 Gal.

2014 1304 2069 1356 5.
2101 1304 2151 1356 7.
2179 1315 2224 1357 et
2255 1306 2307 1359 '5.
2328 1306 2380 1360 4.
2401 1314 2447 1358 et
2483 1306 2525 1359 l.
2550 1305 2625 1375 6).
2650 1304 2789 1367 Laus
2814 1314 2897 1360 est
2919 1321 3039 1363 cum
3061 1303 3415 1368 admiratione
3440 1322 3456 1359 :
3477 1320 3599 1367 nam

2013 1392 2080 1449 de
2111 1394 2268 1449 rebus
2295 1394 2499 1466 magnis
2526 1394 2743 1466 quando
2782 1394 3082 1450 exciderint
3124 1394 3402 1457 miramur,
3436 1394 3600 1451 Vides

2012 1486 2072 1546 in
2099 1489 2441 1545 accusatione
2464 1498 2517 1544 et
2544 1488 2965 1559 reprehensione
2990 1489 3312 1554 abseonsam
3336 1505 3457 1546 esse
3484 1490 3600 1549 lau-

2013 1577 2172 1634 dem?
2201 1579 2310 1635 Nec
2334 1579 2401 1638 de
2429 1595 2490 1636 se
2515 1581 2691 1639 solum
2718 1579 2822 1635 hoc
2850 1580 3003 1645 dicit,
3028 1580 3120 1635 sed
3144 1581 3305 1637 etiam
3327 1581 3395 1638 de
3423 1583 3601 1638 omni-

2013 1670 2113 1726 bus
2134 1690 2147 1724 :
2168 1686 2273 1725 non
2299 1672 2442 1729 enim
2459 1670 2614 1736 dixit,
2633 1670 2881 1737 Conﬁdo,
2902 1670 3021 1735 sed,
3037 1670 3356 1741 Con/ﬁdimus
3377 1673 3442 1731 de
3461 1672 3599 1730 vobis

2017 1763 2232 1818 meliora
2253 1778 2274 1821 ;
2298 1762 2350 1820 id
2364 1772 2480 1843 .est,
2526 1763 2688 1821 bona.
2721 1764 2826 1821 Aut
2854 1761 2971 1823 haec
2997 1773 3174 1825 autem
3209 1763 3339 1826 dicit
3366 1764 3434 1820 de
3459 1766 3600 1825 bona

2015 1854 2137 1909 vitae
2180 1853 2399 1923 agendis:
2430 1854 2637 1911 ratione
2656 1895 2671 1918 ,
2703 1862 2795 1909 aut
2818 1852 2887 1911 de
2913 1854 3363 1918 remuneratione.
3396 1855 3600 1919 Deinde

2010 1958 2132 2000 cum
2172 1944 2396 2002 dixisset
2426 1944 2673 2013 superius
2701 1945 2843 2015 quod
2876 1945 2946 2000 sit
2972 1945 3202 2014 reprobo
3227 1955 3283 2007 ct
3312 1947 3599 2008 maledicto

2017 2034 2290 2105 proxima,
2316 2044 2370 2091 et
2394 2035 2538 2107 quod
2565 2037 2665 2090 erit
2693 2035 2749 2093 in
2775 2035 3208 2095 combustionem
3229 2052 3243 2089 :
3265 2051 3332 2094 ne
3355 2036 3599 2100 videatur

2011 2126 2079 2181 de
2110 2127 2176 2185 iis
2206 2126 2394 2183 isthmc
2421 2126 2594 2191 ell‘ari,
2628 2127 2905 2195 subjunxit
2934 2125 3115 2186 statim
3152 2146 3165 2181 :
3197 2126 3321 2184 Non
3350 2130 3484 2185 enim
3508 2130 3599 2190 in-

2006 2216 2185 2287 iustus
2210 2227 2282 2272 est
2313 2216 2471 2283 Deus,
2508 2227 2561 2271 ut
2582 2217 2906 2279 obliviscatur
2925 2217 3097 2285 operis
3126 2219 3277 2276 vestri
3300 2228 3349 2281 et
3371 2221 3599 2280 dilectio.

2025 2308 2136 2373 nis;
2167 2307 2478 2374 ostendens,
2504 2307 2645 2377 quod
2673 2308 2773 2363 etsi
2799 2306 2873 2368 ita
2905 2306 3205 2385 loquimur,
3240 2324 3347 2371 non
3374 2312 3597 2369 omnino

2020 2400 2134 2455 ha-c
2152 2397 2221 2456 de
2247 2399 2398 2455 vobis
2420 2400 2673 2455 dicimus.
2707 2399 2773 2453 Et
2798 2400 2845 2454 si
2874 2399 2940 2455 de
2965 2396 3123 2459 nobis
3150 2414 3257 2455 non
3280 2399 3438 2468 dicis,
3466 2401 3598 2472 quid

2013 2489 2228 2544 demum
2257 2498 2527 2559 tamquam
2549 2488 2764 2545 desides
2793 2488 3127 2557 perstringis,
3151 2497 3205 2543 et
3227 2498 3398 2547 terres
3418 2492 3597 2559 spina-

2010 2596 2127 2635 rum
2154 2579 2412 2635 rel'ricans
2439 2580 2791 2635 memoriam?
2821 2579 2908 2640 11.
2928 2579 3177 2647 Cupimus
3208 2589 3380 2637 autem
3410 2590 3597 2642 unum-

2009 2686 2255 2743 quemque
2294 2679 2514 2729 vestrum
2543 2671 2773 2725 eamdem
2805 2669 3067 2729 ostendere
3092 2670 3493 2732 sollicitudinem
3522 2673 3593 2732 ad

2008 2765 2343 2835 expiationem
2368 2764 2475 2833 spei
2502 2779 2660 2833 usque
2689 2763 2743 2817 in
2769 2764 2954 2831 ﬁnem;
2985 2761 3073 2823 12.
3103 2772 3158 2814 ut
3185 2779 3286 2817 non
3312 2780 3489 2834 segnes
3511 2767 3591 2834 ef.

2011 2857 2259 2927 ﬁciamini
2279 2896 2292 2921 ,
2324 2871 2499 2911 verum
2525 2856 2804 2911 imitatores
2833 2870 3006 2910 eorum
3031 2854 3120 2923 qui
3147 2855 3251 2922 ﬁde
3277 2865 3323 2909 et
3349 2857 3596 2926 patientia

2012 2947 2358 3003 hereditatium
2386 2946 2760 3014 promissiones.

2072 3023 2123 3075 5.
2158 3021 2317 3078 Pauli
2355 3021 2628 3093 prudentia
2673 3025 2939 3085 mirabilis.
2965 3055 3034 3070 -ο
3064 3027 3308 3099 Cupintus
3328 3072 3342 3096 .
3373 3031 3579 3105 inquit;

2007 3127 2111 3168 non
2130 3113 2301 3166 solum
2332 3127 2461 3182 ergo
2492 3112 2558 3169 ad
2577 3112 2737 3174 verba
2757 3130 2925 3185 usque
2943 3115 3044 3172 hoc
3060 3119 3326 3174 Volumus.
3344 3120 3448 3177 Sed
3461 3126 3588 3194 quid

2005 3204 2195 3273 cupis?
2222 3204 2479 3275 Cupimus
2504 3220 2598 3259 vos
2621 3204 2896 3267 adhaerere
2922 3208 3104 3263 virtuti
3130 3251 3145 3276 ,
3178 3226 3284 3264 non
3316 3220 3590 3283 tamquam

2005 3297 2179 3367 priora
2202 3297 2644 3366 condemnantes,
2668 3299 2763 3354 scd
2784 3300 2851 3354 de
2874 3299 3063 3355 futuris
3083 3303 3356 3364 timentes.
3387 3304 3457 3367 Et
3480 3323 3588 3365 non

2004 3387 2157 3455 dixit,
2182 3388 2474 3461 Tamquam
2496 3391 2671 3460 priora
2691 3391 3129 3456 condemnantes.
3153 3395 3247 3450 sed
3271 3401 3589 3467 imusenlia:

2003 3482 2133 3540 estis
2158 3483 2300 3538 enim
2346 3482 2628 3551 dissoluti,
2683 3483 2809 3545 iacti
2840 3488 2971 3541 estis
3010 3489 3304 3558 segniores.
3335 3491 3442 3551 Sed
3472 3496 3591 3550 vine

2004 3586 2161 3640 quam
2191 3573 2399 3642 placide
2446 3574 2501 3632 id
2531 3576 2769 3631 ostendit
2789 3619 2804 3643 ,
2835 3586 2891 3632 et
2914 3594 3020 3633 non
3064 3578 3227 3639 leriit.
3273 3580 3412 3649 Quid
3446 3584 3588 3638 enim

2003 3662 2171 3718 dicit?
2198 3663 2444 3734 Cupimus
2462 3678 2634 3722 autem
2669 3685 3073 3740 unumquemque
3114 3681 3332 3726 vestrum
3361 3674 3588 3729 eamdem

2003 3756 2666 3817 ostenderesollicitudinem
2682 3778 2840 3831 usque
2855 3762 2906 3820 iu
2930 3764 3100 3829 ﬁnem.
3129 3764 3242 3818 Hoc
3264 3764 3407 3818 enim
3439 3765 3590 3829 Pauli

2005 3846 2302 3915 prudentie
2348 3858 2431 3903 est
2474 3850 2830 3915 admirabile,
2887 3852 3028 3920 quod
3076 3868 3183 3908 non
3220 3856 3453 3911 ostendit
3496 3872 3591 3913 eos

2004 3937 2254 4003 cessisse,
2275 3948 2328 3993 et
2357 3938 2528 3999 laetos
2545 3953 2668 3995 esse
2693 3942 3050 3997 remissiores.
3080 3943 3268 4000 Dicere
3295 3947 3460 4013 enim,
3483 3946 3589 4005 Cu-

2005 4029 2172 4097 pimus
2201 4046 2601 4102 unumquemque
2630 4043 2797 4088 vestris
2817 4052 2869 4098 n,
2901 4033 3002 4089 hoc
3051 4046 3158 4103 est,
3191 4038 3427 4106 ,perinde
3456 4055 3520 4095 ac
3544 4042 3589 4100 Si

2002 4119 2151 4179 dicas
2184 4139 2198 4180 :
2230 4122 2363 4177 Volo
2392 4132 2443 4178 te
2473 4138 2687 4194 semper
2706 4124 2947 4191 studere,
2975 4135 3031 4181 et
3059 4127 3231 4197 qualis
3253 4131 3399 4200 prius
3429 4148 3586 4198 eras,

2006 4210 2167 4271 talem
2206 4228 2327 4270 esse
2358 4224 2412 4269 et
2440 4231 2583 4270 nunc
2605 4225 2659 4271 et
2688 4216 2738 4272 in
2769 4227 3063 4287 posterum.
3096 4218 3209 4276 Hoc
3243 4222 3385 4277 enim
3408 4223 3591 4279 milio-.-

2004 4320 2117 4361 rem
2139 4304 2264 4366 facit
2290 4307 2786 4377 reprehensionem,
2806 4320 2864 4364 et
2888 4325 2991 4365 non
3014 4326 3156 4381 aegre
3183 4312 3589 4371 admittendam.

2004 4394 2115 4451 Nec
2140 4396 2291 4461 dicit,
2323 4396 2480 4462 Volo,
2509 4399 2654 4468 quod
2682 4408 2798 4454 erat
2821 4399 3048 4454 docendi
3074 4403 3440 4467 auctoritatis;
3472 4405 3587 4469 scd,

2005 4487 2149 4557 quod
2179 4496 2415 4557 paternae
2460 4500 2578 4544 erat
2606 4488 2997 4545 benevolentia:
3026 4491 3198 4560 magis
3226 4508 3382 4560 quam
3414 4495 3549 4548 velle
3571 4536 3589 4561 ,

2006 4578 2285 4650 Cupimus;
2309 4581 2693 4650 propemodum
2721 4581 2938 4638 dicens:
2970 4581 3234 4653 Ignoscite
3259 4584 3302 4637 si
3330 4584 3454 4653 quid
3479 4601 3591 4638 tuo-

2006 4669 2198 4725 lestum
2236 4678 2292 4725 et
2335 4686 2496 4740 grave
2522 4670 2851 4727 dixerimus.
2895 4673 3140 4741 Cupimus
3194 4690 3595 4744 unumquemque

2006 4773 2224 4817 vestrum
2264 4763 2494 4817 eamdem
2541 4766 2810 4820 ostendere
2836 4765 3230 4822 sollicitudinem
3251 4766 3319 4818 ad
3344 4766 3593 4834 expletio-

2009 4870 2121 4907 nem
2144 4853 2251 4923 spei
2272 4863 2448 4907 vestra:
2473 4871 2631 4925 usque
2655 4858 2705 4909 in
2735 4858 2908 4924 ﬁnem.
2936 4856 3075 4921 Quid
3105 4867 3187 4911 est
3230 4857 3372 4910 hoc?
3414 4858 3549 4927 Spes
3572 4898 3589 4927 ,

2008 4945 2197 5012 inquit,
2224 4953 2425 5014 portat,
2465 4945 2580 5016 ipsa
2622 4958 2831 5003 recreat
2865 4948 2980 5003 :Ne
3026 4947 3353 5017 afﬂigamini,
3401 4965 3468 5003 ne
3494 4951 3593 5005 ile-

2008 5039 2253 5107 speretis,
2290 5055 2356 5093 ne
2387 5040 2456 5093 sit
2483 5049 2660 5094 vestra
2702 5056 2824 5110 spes
2866 5055 3258 5109 supervacanea
3290 5058 3303 5095 :
3338 5059 3457 5097 nam
3501 5045 3593 5113 qui

2010 5129 2146 5183 bona
2176 5139 2451 5199 operatur,
2498 5130 2635 5185 bona
2668 5140 2869 5201 Sperat,
2919 5140 2973 5184 ct
3004 5148 3288 5201 numquam
3315 5134 3382 5188 de
3411 5151 3469 5189 se
3499 5135 3597 5189 tle-

2009 5229 2209 5290 sperat.
2249 5218 2318 5275 Ut
2366 5237 2468 5275 non
2493 5237 2669 5292 segnes
2708 5221 3011 5292 eﬁiciamini,
3034 5222 3210 5279 adhuc
3240 5224 3545 5278 ciliciamini
3577 5242 3592 5279 :

2011 5314 2174 5385 Atqui
2240 5314 2455 5369 dicebat
2502 5316 2793 5384 superius,
2870 5316 3121 5384 Quoniam
3184 5319 3419 5372 imbecilli
3474 5319 3599 5387 facti

2019 5402 2138 5452 estis
2166 5398 2236 5450 ad
2259 5398 2586 5453 audiendum.
2616 5398 2721 5451 Sed
2759 5398 2877 5452 vide
2907 5400 3172 5468 quomodo
3213 5399 3493 5467 segnitiem
3522 5400 3596 5454 ibi

2020 5491 2084 5544 ad
2114 5490 2353 5544 auditum
2400 5503 2566 5557 usque
2605 5491 2884 5555 statuerit;
2920 5490 3007 5545 llic
3045 5500 3221 5543 autem
3268 5489 3410 5543 aliud
3439 5490 3602 5550 tacite

2020 5582 2277 5649 signiﬁcat
2299 5599 2313 5633 :
2333 5595 2454 5633 cum
2484 5579 2725 5634 dicturus
2755 5581 2897 5636 enim
2925 5589 3085 5643 esset,
3116 5577 3191 5632 Ne
3219 5582 3597 5648 permaneatis,

2020 5673 2175 5743 dixit,
2220 5671 2302 5727 Ne
2350 5689 2526 5745 segnes
2573 5672 2880 5743 eﬂiciamini.
2912 5672 3113 5727 liursus
3140 5687 3233 5725 eos
3270 5672 3333 5721 ad
3362 5672 3598 5738 futurum

3247 5763 3287 5831 6
