4088 6212
478 278 544 331 n‘.’
1194 271 1254 329 3.
1293 267 1572 329 .IOANNIS
1605 265 2071 326 CIIRYSOSTOMI

2168 266 2438 324 BCIIIEP.
2477 262 3012 324 CONSTANTINOP.
3671 261 3739 316 88

485 398 697 456 tempus
722 382 928 456 profert
948 383 1088 454 quod
1115 383 1287 452 culpae
1315 398 1422 438 non
1447 393 1530 439 cst
1553 383 1732 448 aliine,
1759 383 1963 448 dicens,
1995 379 2062 436 Ut

484 495 589 532 non
632 480 884 549 segniores
936 475 1240 546 eﬁiciamini.
1289 475 1437 529 Illius
1479 477 1622 531 enim
1649 475 1794 544 quod
1824 475 2062 529 nondum

481 583 588 633 est.
620 586 904 642 numquam
925 571 1184 633 fuerimus
1207 570 1380 640 culpre
1399 569 1636 624 obnoxii.
1660 571 1790 625 Nam
1815 571 1880 635 is,
1905 584 2062 638 quem

487 664 606 731 quis
634 662 876 715 hortatur
899 668 960 714 ut
987 659 1042 714 in
1080 674 1324 729 praesens
1350 658 1421 713 sit
1444 659 1672 730 diligens
1697 670 1751 715 et
1778 660 2061 726 sollicitus,

484 769 608 807 cum
640 754 708 806 sit
735 753 1030 822 negligens,
1051 751 1282 806 fortasse
1327 753 1429 806 erit
1457 752 1616 806 etiam
1659 753 1855 825 pigrior
1879 765 1932 808 et
1967 770 2062 810 ne-

489 843 805 912 gligentior;
839 857 996 912 quem
1021 850 1198 897 autem
1222 843 1274 896 in
1304 841 1559 908 futurum,
1583 857 1686 896 non
1716 843 1802 898 ita.
1823 842 2066 913 Cupirnus

487 944 673 995 autem,
716 935 905 1003 inquit,
950 950 1352 1004 unumquemque
1374 944 1612 988 vestrum.
1645 934 1803 988 Multa
1833 936 2066 993 benevo-

484 1027 649 1080 lentia
679 1037 761 1080 est
784 1045 797 1078 :
823 1035 876 1080 et
900 1041 1210 1096 magnorum
1237 1036 1288 1080 et
1310 1041 1592 1095 parvorum
1615 1027 1865 1082 similiter
1885 1044 2066 1086 curam

489 1119 643 1186 gerit,
676 1127 730 1172 et
759 1117 912 1170 novit
947 1131 1160 1183 omnes,
1196 1126 1250 1171 et
1299 1117 1568 1170 neminem
1599 1116 1855 1187 despicit;
1887 1118 1980 1173 sed
2011 1121 2065 1174 in

491 1223 922 1279 unumquemque
964 1208 1206 1264 eamdem
1262 1211 1400 1278 gerit
1451 1224 1658 1274 curam,
1691 1219 1745 1264 et
1781 1224 1961 1279 parem
2013 1212 2064 1265 in

490 1316 678 1355 omnes
708 1302 988 1354 honorem.
1028 1299 1178 1355 Unde
1219 1301 1378 1354 etiam
1409 1301 1580 1370 magis
1607 1301 1979 1370 persuadebat,
2009 1312 2068 1355 ut

490 1392 774 1445 verborum
799 1390 1131 1458 susciperent
1174 1389 1473 1443 molestiam
1503 1399 1558 1444 et
1605 1391 1966 1459 asperitatem.
1999 1389 2067 1446 Ut

491 1496 590 1533 non
619 1497 812 1550 segnes,
847 1479 1036 1549 inquit,
1071 1479 1374 1549 e/fieimnini.
1409 1479 1539 1534 Nam
1570 1489 1630 1535 ut
1670 1481 1875 1536 desidia
1924 1481 2069 1537 iredit

485 1579 725 1637 corpus:
759 1569 829 1621 ita
855 1568 1019 1621 etiam
1047 1569 1281 1622 animam
1302 1569 1528 1622 cessatio
1574 1583 1604 1621 a
1645 1568 1800 1624 bonis
1829 1571 2068 1639 supinio-

476 1674 604 1712 trem
647 1658 840 1723 reddit,
886 1666 942 1712 et
969 1658 1292 1728 ignaviorem
1323 1668 1378 1712 et
1405 1658 1744 1714 imbecillam.
1780 1658 2068 1716 lmitatores

479 1759 675 1813 autem,
695 1750 886 1818 inquit,
903 1763 1076 1801 eorum
1095 1749 1181 1818 qui
1205 1765 1294 1817 per
1309 1749 1461 1817 ﬁdem
1485 1759 1534 1804 et
1554 1751 1846 1819 patieptiam
1871 1751 2068 1806 heredi-

493 1851 600 1894 tarrt
632 1841 1004 1910 prontissiones.
1035 1839 1102 1894 Et
1127 1841 1342 1909 quinam
1374 1842 1426 1895 bi
1478 1842 1604 1905 sint,
1631 1842 1888 1912 deinceps
1915 1843 2061 1898 dicit.

475 1930 810 1995 'Priusdixit,
827 1930 1187 1986 lmitaminiea
1207 1947 1324 2002 qua:
1353 1933 1496 2002 prius
1518 1947 1545 1986 a
1569 1933 1720 1988 vobis
1753 1944 1897 1990 recte
1920 1947 2066 2006 gesta

485 2031 617 2076 sunt
649 2040 660 2075 :
691 2023 884 2077 deinde
911 2037 978 2076 ne
1002 2022 1203 2090 dicant,
1227 2027 1502 2093 quaenam?
1519 2039 1614 2080 eos
1638 2024 1856 2080 deducit
1874 2027 1939 2081 ad
1971 2043 2064 2097 pa-

497 2113 812 2178 triarcbam,
833 2128 1020 2167 eorum
1047 2113 1261 2182 quidem
1287 2129 1405 2184 qua:
1431 2125 1574 2170 recte
1594 2125 1742 2186 gesta
1773 2125 1918 2184 sunt,
1940 2118 2069 2188 ipsis

489 2205 704 2275 propria
728 2205 970 2274 exempla
997 2204 1254 2271 all'ereus;
1287 2221 1353 2260 ne
1394 2216 1570 2260 autem
1599 2215 1845 2276 putarent
1871 2223 1930 2264 se
1948 2223 2070 2264 esse

479 2292 758 2361 desertos,
789 2309 819 2349 a
848 2296 1147 2365 patriarcha
1169 2295 1453 2351 contortat.
1489 2297 1598 2352 Hoc
1619 2307 1796 2352 autem
1825 2297 1972 2366 facit,
2000 2315 2069 2355 ne

483 2387 736 2442 dicerent
762 2402 822 2442 se
849 2395 1187 2457 contemptos
1206 2387 1356 2458 quasi
1389 2388 1584 2442 nullius
1610 2389 1764 2459 pretii
1786 2389 2069 2445 derelictos

494 2478 695 2543 fuisse;
722 2477 815 2532 sed
830 2487 1052 2550 possent
1072 2477 1212 2532 seire
1237 2477 1375 2548 quod
1403 2479 1640 2533 virorum
1673 2478 1825 2533 valde
1843 2493 2070 2548 genero-

493 2582 674 2624 sorum
702 2578 758 2625 et
803 2571 1018 2624 fortium
1062 2569 1132 2624 sit
1165 2570 1285 2634 hoc,
1313 2584 1506 2639 nempe
1533 2571 1670 2624 viam
1724 2570 1928 2640 ingredi
1973 2585 2069 2641 per

494 2661 834 2724 tentationes,
864 2667 918 2715 et
941 2659 1082 2729 quod
1120 2659 1248 2714 viris
1277 2661 1484 2731 magnis
1522 2669 1579 2716 et
1625 2659 1953 2717 admirandis
1990 2663 2070 2718 sic

494 2765 624 2805 usus
668 2750 736 2804 sit
764 2750 923 2804 Deus.
972 2749 1192 2819 Oportet
1220 2761 1422 2814 autem,
1464 2751 1652 2820 inquit,
1705 2751 1882 2806 omnia
1927 2750 2069 2806 ferre

483 2858 615 2896 cum
643 2843 924 2911 patientia:
947 2841 1048 2896 hoc
1077 2843 1216 2897 enim
1245 2850 1328 2897 est
1353 2843 1514 2898 etiam
1542 2844 1783 2899 credere.
1805 2844 1862 2898 Si
1893 2853 2068 2898 autem

494 2931 636 2986 dicat
652 2933 788 3002 quod
806 2933 914 2998 det,
932 2941 984 2987 et
1002 2934 1176 2986 statim
1194 2934 1484 3004 acceperis,
1505 2935 1630 3005 quid
1647 2935 1950 2990 credidisti?
1966 2951 2070 2990 non

493 3031 597 3087 est,
630 3022 816 3092 inquit,
841 3021 1066 3092 amplius
1095 3030 1198 3077 tote
1243 3020 1385 3088 lidei,
1415 3022 1508 3078 sed
1551 3037 1704 3090 mete,
1753 3024 1954 3096 inquit,
1979 3026 2070 3096 qui

504 3109 763 3175 promissa
793 3109 940 3178 prius
971 3111 1180 3182 explevi
1236 3122 1291 3169 et
1314 3112 1458 3170 dedi.
1511 3114 1606 3171 Sin
1644 3126 1820 3172 autem
1858 3118 2028 3176 dicam
2057 3164 2075 3192 ,

505 3197 600 3261 Do,
624 3207 678 3252 et
707 3209 825 3267 post
851 3209 1063 3256 centum
1093 3219 1262 3259 annos
1282 3203 1442 3270 dabo,
1468 3215 1522 3261 tu
1553 3217 1729 3262 autem
1759 3209 2076 3282 nondespe—

503 3287 728 3354 raveris,
757 3297 882 3344 tunc
913 3307 997 3346 me
1021 3294 1336 3350 existimasti
1361 3295 1464 3351 ﬁde
1490 3295 1727 3367 dignum,
1759 3306 1884 3355 tunc
1915 3300 2078 3357 babes

503 3379 571 3430 de
608 3392 694 3430 me
745 3393 865 3433 eam
902 3397 1060 3448 quam
1116 3400 1214 3454 par
1249 3396 1330 3440 est
1373 3387 1701 3456 opinionem.
1745 3388 1906 3445 Vides
1934 3393 2078 3463 quod

490 3480 648 3535 arripe
684 3469 920 3524 nascitur
947 3473 1314 3540 incredulitas,
1344 3492 1450 3532 non
1481 3478 1654 3532 solum
1683 3491 1748 3532 ex
1799 3480 1914 3547 spei
1953 3496 2079 3550 ege-

485 3565 662 3620 state,
691 3556 787 3613 sed
815 3561 973 3614 etiam
1001 3576 1064 3616 ex
1108 3563 1564 3632 pusillanimitate,
1601 3576 1655 3620 et
1687 3569 1827 3635 quod
1855 3583 1964 3623 non
2004 3571 2082 3626 sis

489 3651 725 3718 apatiettti
764 3650 964 3720 animo,
1013 3665 1068 3709 et
1105 3669 1212 3709 non
1237 3670 1303 3710 ex
1330 3671 1397 3712 eo
1426 3657 1516 3726 qui
1563 3659 1822 3726 promisit.
1859 3658 1980 3714 Non
2008 3672 2080 3715 est

476 3740 655 3802 κρύει.
689 3741 881 3812 inquit,
908 3742 1132 3814 injustas
1158 3744 1316 3811 Deus,
1351 3753 1410 3799 ut
1445 3746 1769 3802 obliviscatur
1797 3751 2080 3807 dilectionis

502 3836 1122 3900 vesti-teetsotlicitudinis,
1137 3852 1294 3908 quam
1311 3838 1598 3892 ostendistis
1615 3841 1668 3892 in
1681 3839 1881 3894 nomine
1897 3841 2078 3912 ipsius,

503 3924 590 3988 qui
617 3925 938 3978 mirsistrastis
955 3926 1146 3980 sanctis
1161 3937 1211 3980 et
1230 3929 1546 3982 ministrutis.
1567 3928 1750 4000 Magna
1770 3930 1840 3984 de
1870 3931 1974 3984 illis
2003 3941 2080 3986 te-

503 4011 784 4075 stiticatur,
815 4029 926 4067 non
953 4029 1114 4082 opera
1145 4026 1374 4080 tantum,
1400 4018 1492 4071 sed
1525 4028 1582 4073 et
1608 4020 1773 4073 alacri
1802 4021 1979 4073 animo
2001 4023 2079 4074 ra-

491 4109 586 4150 .eta
617 4117 631 4151 :
665 4101 716 4152 id
743 4102 883 4169 quod
915 4105 1038 4158 alibi
1067 4108 1144 4157 ait
1171 4122 1183 4158 :
1221 4105 1342 4160 Non
1369 4108 1533 4162 solum
1567 4119 1756 4179 autem,
1809 4114 1898 4165 sed
1926 4123 1974 4164 et
1999 4129 2074 4166 se-

475 4191 642 4256 -ipsos
685 4192 931 4245 dederunt
975 4191 1198 4249 Domino
1240 4207 1287 4251 et
1334 4200 1496 4251 nobis.
1545 4202 1711 4265 Quam
1751 4205 2076 4264 ostendistis.

505 4280 695 4349 inquit,
729 4282 779 4334 in
810 4283 1012 4337 nomine
1033 4285 1168 4356 ejus,
1189 4287 1274 4354 qui
1297 4289 1620 4342 ministrastis
1647 4293 1835 4345 sanctis
1859 4303 1906 4346 et
1932 4294 2082 4346 ruini-

503 4374 694 4427 stratis.
727 4373 855 4429 Vide
876 4377 1145 4446 quomodo
1169 4377 1290 4435 illos
1315 4393 1499 4434 rursus
1525 4391 1695 4448 curat,
1729 4393 1784 4438 ut
1811 4386 1898 4454 qui
1927 4385 2067 4439 dixe-

498 4465 573 4517 rit
595 4476 647 4518 et
681 4465 768 4519 lric
810 4467 1104 4536 repetierit.
1135 4467 1240 4536 Qui
1282 4469 1610 4537 ministratis,
1643 4483 1703 4526 ut
1727 4486 1822 4528 eos
1859 4477 2075 4542 excitat,

503 4555 795 4610 ostendens
841 4558 982 4626 quod
1029 4572 1133 4613 non
1181 4559 1293 4615 illis
1323 4559 1567 4629 fecerint,
1615 4564 1711 4618 sed
1742 4565 1868 4620 Deo.
1904 4565 2072 4630 Quam

461 4646 813 4711 'ostendistis,
870 4647 1058 4717 inquit,
1119 4663 1225 4704 non
1270 4649 1470 4705 solum
1499 4653 1554 4706 in
1594 4664 1827 4721 sanctos,
1871 4655 1963 4710 sed
2019 4658 2071 4711 in

465 4735 714 4791 -Deutn‘;
743 4735 847 4791 hoc
873 4739 1014 4791 enim
1061 4748 1166 4804 est,
1222 4737 1290 4792 In
1329 4741 1530 4795 nontine
1567 4742 1766 4810 ipsius;
1817 4758 1882 4799 ac
1910 4745 1953 4798 si
1999 4746 2078 4800 di-

498 4839 670 4893 ceret,
701 4829 923 4898 Propter
952 4843 1144 4885 nomen
1191 4829 1310 4900 ejus
1350 4832 1529 4885 omnia
1573 4833 1794 4889 fecistis.
1821 4834 1924 4903 Qui
1950 4851 2077 4907 ergo

503 4926 708 4972 tantam
758 4935 786 4973 a
841 4919 992 4976 vobis
1035 4921 1685 4990 accipit-sollicitudinem
1729 4935 1784 4980 et
1827 4925 2074 4983 dilectio-

507 5021 668 5072 nem,
718 5024 812 5064 vos
865 5027 1156 5084 numquam
1203 5013 1479 5085 despiciet,
1511 5030 1683 5087 neque
1729 5019 1898 5074 vestri
1941 5020 2080 5077 obli-

506 5097 754 5153 viscetur.

574 5191 632 5244 4.
664 5189 788 5244 litec
813 5191 1110 5261 audientes,
1137 5211 1286 5268 rogo,
1317 5197 1682 5255 ministremus
1701 5201 1919 5258 sanctis.
1948 5203 2075 5258 0m-

506 5283 590 5338 nis
626 5283 770 5337 enim
801 5281 975 5338 fidelis
1017 5296 1100 5341 est
1141 5299 1358 5346 sanctus
1386 5331 1400 5355 ,
1430 5301 1694 5361 quatenus
1736 5301 1820 5348 est
1858 5293 2032 5350 ﬁdelis
2062 5312 2077 5352 :

503 5377 712 5431 etiamsi
740 5375 860 5446 quis
887 5375 957 5431 sit
983 5378 1282 5436 mundanus
1308 5392 1362 5438 et
1409 5384 1702 5450 saecularis,
1727 5395 1808 5440 est
1829 5394 2078 5442 sanctus:

506 5466 871 5536 Sanctiﬁcatus
898 5465 1080 5533 enim,
1109 5466 1312 5538 inquit,
1345 5485 1420 5525 est
1457 5474 1534 5527 vir
1560 5474 1781 5543 inﬁdelis
1807 5475 1860 5528 in
1901 5492 2077 5543 uxore,

506 5567 550 5606 et
578 5574 704 5610 uror
729 5560 946 5627 inﬁdelis
969 5562 1022 5613 in
1044 5562 1153 5615 uiro
1183 5562 1257 5630 (Ι.
1285 5560 1403 5617 Cor.
1438 5564 1491 5619 7.
1525 5565 1634 5638 14).
1658 5567 1790 5624 Vide
1811 5578 2082 5638 quomodo

459 5677 462 5684 -
508 5647 638 5702 tutos
666 5647 786 5703 facit
809 5651 1309 5709 sanctiﬁcatiouem.
1338 5651 1393 5710 Si
1419 5667 1551 5722 ergo
1582 5657 1908 5715 mundanum
1931 5659 2081 5718 vidc-

2163 370 2340 444 .riuttts
2379 370 2428 421 itt
2472 369 2651 439 aliquo
2696 370 3008 433 infortunio.
3048 385 3262 426 manum
3290 377 3343 425 et
3382 373 3738 444 porrigatur".

2171 458 2248 512 Nc
2292 461 2342 510 in
2390 475 2483 512 eos
2528 461 2700 513 soiurn
2745 461 2835 530 qui
2879 461 3068 516 sedent
3110 463 3162 516 in
3202 465 3470 518 montibus
3500 477 3738 522 rio-trum

2169 551 2402 606 studium
2431 551 2774 607 ostendamus
2813 571 2826 606 :
2853 554 2926 607 illi
2956 553 3172 623 quidem
3199 564 3323 609 sunt
3359 558 3528 610 sancti
3556 567 3609 612 et
3637 560 3742 614 vita

2171 654 2223 700 et
2253 643 2389 706 lide;
2439 645 2606 698 sancti
2641 655 2819 698 autent
2859 643 2911 697 lii
2956 659 3168 714 quoque
3212 644 3336 712 fide,
3371 647 3524 701 multi
3565 659 3743 704 autem

2169 739 2329 794 etiam
2359 735 2487 791 vita.
2519 736 2596 790 Ne
2620 777 2636 802 ,
2665 737 2711 790 si
2740 738 3058 793 monachum
3095 736 3384 793 viderimus
3410 738 3462 793 in
3491 755 3742 805 carcere.

2164 829 2292 880 tunc
2320 823 2711 896 ingrediamur;
2740 826 2822 877 sin
2850 835 3025 878 autem
3057 826 3404 889 mundanum,
3434 842 3538 880 non
3571 829 3742 897 ingre-

2164 919 2373 971 diurnur
2401 933 2415 970 :
2445 924 2526 970 est
2555 914 2638 969 hic.
2659 930 2872 985 quoque
2891 927 3110 971 sanctus
3135 928 3186 970 et
3213 916 3391 972 frater.
3423 919 3559 987 Quid
3587 935 3736 984 vero,

2165 1007 2354 1076 tuquit,
2402 1005 2448 1060 si
2487 1007 2558 1059 sit
2602 1006 2906 1060 immundus
2945 1017 3001 1060 et
3042 1008 3371 1062 sceleratus?
3402 1009 3536 1062 Audi
3580 1009 3740 1063 Citri-

2164 1112 2303 1154 stttm
2351 1098 2656 1153 dicentem:
2711 1096 2886 1151 Nolite
2921 1099 3179 1168 judicare,
3211 1109 3266 1152 ut
3305 1117 3406 1153 non
3437 1101 3742 1170 judicaniui

2167 1189 2377 1255 (Matth.
2416 1189 2468 1242 7.
2511 1189 2588 1256 l).
2621 1187 2699 1240 Tu
2742 1186 2823 1241 fac
2859 1199 3076 1256 propter
3107 1188 3293 1242 Deum.
3331 1190 3395 1244 Et
3424 1189 3549 1260 quid
3579 1191 3742 1244 dico‘l

2170 1279 2367 1332 tlittltlSl
2396 1295 2459 1334 es
2492 1278 2740 1348 gentibus
2765 1279 3067 1349 quempiam
3100 1279 3390 1334 viderimus
3417 1281 3469 1334 in
3515 1280 3740 1336 intortu-

2167 1369 2276 1432 ttio,
2306 1376 2517 1437 oportet
2544 1369 2593 1422 ei
2625 1369 2974 1432 benefacere;
3005 1378 3079 1432 et,
3101 1379 3161 1422 ut
3181 1370 3347 1425 semei
3373 1370 3569 1438 dicunt,
3590 1373 3739 1426 omni

2167 1457 2368 1511 homini
2395 1458 2479 1512 cui
2507 1458 2722 1513 adversi
2751 1458 2948 1528 aliquid
2974 1459 3206 1513 accidit:
3232 1461 3402 1514 multo
3430 1471 3606 1516 autem
3629 1478 3741 1524 mas-

2163 1549 2244 1618 εἰς
2273 1550 2540 1604 mundano
2571 1549 2734 1606 lideli.
2778 1551 2912 1604 Audi
2943 1551 3164 1607 Paulum
3197 1551 3462 1608 dicentem
3484 1595 3502 1620 ,
3542 1553 3742 1610 Bonum

2164 1640 2312 1702 facile
2349 1641 2418 1693 ad
2447 1656 2651 1706 omnes,
2692 1640 2912 1695 maxime
2948 1652 3116 1697 autem
3160 1642 3229 1696 ad
3274 1646 3576 1698 datttesticos
3621 1647 3742 1712 ﬁdei

2160 1731 2307 1794 (Gal.
2340 1731 2390 1786 (ἓ.
2428 1731 2541 1804 10).
2574 1731 2680 1787 Sed
2721 1735 2903 1788 nescio
2930 1734 3072 1790 unde
3098 1735 3203 1789 hoc
3229 1738 3301 1790 sit
3337 1737 3696 1818 introductum
3719 1779 3738 1805 ,

2161 1834 2218 1879 et
2254 1823 2520 1879 undeuam
2557 1823 2670 1878 brcc
2702 1825 2954 1880 invaserit
2978 1826 3333 1882 consuetudo.
3367 1827 3498 1884 Nam
3527 1830 3618 1900 qui
3646 1845 3742 1885 eos

2161 1915 2335 1992 solum
2365 1915 2556 1984 qmcrit
2583 1915 2671 1984 qui
2695 1915 2852 1968 vitam
2880 1925 3044 1985 agunt
3073 1916 3389 1983 solitariam,
3419 1929 3476 1974 et
3506 1921 3616 1974 vult
3635 1920 3741 1975 illis

2164 2005 2498 2072 benefacere,
2528 2015 2582 2060 et
2610 2006 2678 2060 de
2709 2006 2815 2060 illis
2847 2021 3034 2062 rursus
3067 2009 3278 2062 curiose
3313 2019 3560 2065 scrutans
3582 2012 3644 2066 et
3660 2010 3741 2066 di-

2162 2111 2290 2152 cens
2320 2114 2334 2150 :
2363 2096 2418 2151 Si
2451 2112 2555 2150 non
2585 2096 2655 2150 sit
2681 2096 2894 2166 dignus,
2921 2098 2968 2151 si
2999 2113 3104 2152 non
3131 2099 3201 2152 sit
3219 2099 3420 2169 justus,
3451 2101 3498 2154 si
3528 2115 3634 2155 non
3661 2101 3740 2155 l’a-

2161 2189 2266 2242 ciat
2292 2189 2464 2257 signa,
2504 2201 2717 2240 manum
2757 2203 2859 2240 non
2889 2187 3155 2257 porrigam
3189 2205 3203 2243 :
3235 2189 3594 2261 elemosynae
3624 2193 3741 2260 pitt-

2169 2283 2363 2337 rimum
2393 2279 2654 2343 detraxit,
2694 2278 2820 2349 quin
2846 2279 3006 2333 etiam
3036 2279 3136 2333 hoc
3173 2279 3345 2349 ipsum
3371 2296 3583 2352 quoque
3608 2292 3742 2337 tetu-

2163 2387 2291 2441 pore
2317 2368 2642 2440 procedente
2683 2383 2869 2424 rursus
2895 2368 3120 2424 auferet.
3155 2371 3312 2440 Atqui
3352 2372 3438 2426 illa
3469 2373 3630 2427 etiam
3657 2384 3740 2429 est

2163 2464 2503 2533 eleemosyna
2530 2474 2649 2530 quat
2677 2459 2737 2514 lit
2763 2459 2818 2514 in
2849 2470 3184 2530 peccatores,
3226 2477 3346 2530 qua:
3371 2463 3422 2516 in
3453 2479 3595 2518 reos.
3626 2465 3739 2521 lloe

2161 2556 2302 2610 enim
2342 2562 2425 2627 est
2451 2553 2794 2623 eleemosyua
2813 2589 2837 2616 ,
2865 2567 2972 2606 non
2999 2566 3186 2606 eorum
3215 2553 3304 2623 qui
3338 2553 3473 2608 bona
3503 2554 3741 2613 fecerunt

2162 2663 2346 2718 Opera,
2394 2646 2491 2702 sed
2533 2660 2722 2702 eorum
2765 2645 2858 2714 qui
2901 2654 3212 2714 peccaruut,
3257 2645 3524 2701 misereri.
3567 2649 3634 2704 Et
3681 2660 3742 2704 ut

2161 2741 2320 2802 scias,
2351 2737 2473 2791 audi
2494 2735 2690 2792 Christi
2721 2735 3050 2805 parabolam.
3081 2733 3372 2799 Descendit.
3405 2737 3594 2806 inquit,
3626 2741 3740 2807 qui-

2162 2833 2281 2886 dam
2309 2829 2371 2882 ab
2409 2826 2744 2897 Jerosolymis
2783 2827 2836 2879 in
2874 2824 3118 2890 Jericlto,
3158 2837 3204 2879 et
3233 2827 3408 2880 incidit
3435 2827 3487 2881 in
3517 2828 3740 2885 latrones

2161 2921 2309 2994 (Luc.
2335 2919 2424 2974 l0.
2451 2918 2542 2974 30.
2573 2917 2734 2986 seqq.)
2761 2931 2780 2971 :
2809 2924 2866 2971 et
2891 2931 3013 2970 cum
3041 2931 3166 2971 eum
3215 2916 3616 2986 verberasseut,
3647 2934 3738 2976 re-

2161 3015 2434 3084 liquerunt
2462 3012 2516 3063 in
2545 3009 2626 3061 via
2655 3007 3060 3062 seruimortuum
3091 3009 3414 3064 sauciatam.
3456 3009 3614 3065 Venit
3639 3026 3740 3066 au-

2162 3113 2269 3160 tem
2312 3101 2448 3158 forte
2475 3097 2690 3170 quidam
2739 3097 2945 3163 Levita,
2990 3105 3046 3152 et
3083 3113 3203 3152 eum
3233 3099 3405 3155 visum
3435 3104 3736 3170 prmteriit:

2162 3193 2512 3260 similiterque
2550 3187 2803 3243 sacerdos
2846 3187 2938 3242 illo
2966 3189 3080 3242 viso
3111 3190 3426 3258 prurterivit.
3458 3191 3611 3247 Venit
3639 3194 3736 3249 de-

2165 3301 2309 3343 mum
2355 3283 2568 3354 quidam
2614 3281 3003 3374 Samaritanus,
3047 3289 3102 3336 ct
3141 3281 3362 3336 multam
3402 3283 3519 3353 ejus
3553 3300 3736 3340 curans

2161 3379 2327 3452 gessit
2357 3393 2372 3430 :
2404 3374 2641 3444 alligavit
2686 3371 2930 3437 vulnera,
2979 3371 3173 3425 inludit
3217 3373 3433 3437 oleum,
3487 3375 3740 3445 imposuit

2164 3471 2335 3530 asino,
2361 3466 2512 3520 duxit
2537 3463 2589 3518 iri
2614 3463 2990 3528 diversorium,
3019 3461 3258 3532 disitque
3283 3463 3534 3532 praefecto
3562 3465 3738 3520 diver-

2157 3559 2512 3622 ~sorii,Curam
2533 3553 2648 3623 ejus
2667 3567 2816 3621 gere.
2841 3550 2910 3605 Et
2929 3549 3051 3606 vide
3074 3567 3318 3622 magnam
3339 3553 3734 3612 liberalitatem:

2167 3649 2233 3704 Et
2259 3663 2373 3717 ego,
2405 3645 2595 3714 inquit,
2623 3642 2755 3696 dabo
2792 3642 2880 3695 tibi
2904 3641 3150 3710 quidquid
3179 3643 3504 3712 impendsris.
3534 3646 3736 3702 Deinde

2161 3741 2470 3806 interrogat,
2525 3733 2651 3800 Quis
2699 3740 2770 3786 est
2813 3747 2966 3801 ergo,
3015 3732 3220 3802 inquit,
3269 3735 3381 3803 ejus
3425 3737 3730 3805 ρτοείηωερ

2160 3824 2509 3896 Respondeas
2537 3826 2891 3896 iegisperitus,
2927 3826 3028 3891 Qui
3053 3826 3170 3896 fecit
3199 3823 3612 3883 udssricordiam,
3642 3837 3736 3874 au-

2162 3917 2277 3971 dit:
2316 3915 2456 3971 Vadc
2483 3933 2635 3989 ergo,
2671 3929 2716 3972 et
2741 3927 2796 3970 tu
2860 3921 2942 3987 [ac
2968 3917 3219 3972 similiter.
3263 3916 3329 3970 Et
3368 3914 3489 3972 vide
3524 3913 3737 3984 qualem

2163 4005 2299 4060 dixit
2339 4007 2668 4076 parabolarn.
2711 4007 2825 4060 Non
2851 4007 3021 4073 dixit,
3053 4006 3194 4076 quod
3224 4005 3440 4061 Indicus
3467 4003 3654 4059 fecerit
3683 4005 3738 4057 in

2164 4093 2555 4150 Samaritattum
2584 4137 2599 4159 ,
2645 4097 2738 4150 sed
2769 4096 2911 4166 quod
2942 4097 3309 4152 Samaritanus
3338 4111 3552 4151 omnem
3595 4095 3740 4148 illam

2168 4185 2459 4238 ostenderit
2485 4185 2884 4240 liberalitatem.
2918 4187 3049 4242 Hine
3077 4187 3354 4253 discimus,
3397 4201 3578 4258 parem
3619 4200 3740 4240 om-

2164 4274 2312 4327 nium
2341 4289 2523 4328 curam
2551 4291 2668 4330 esse
2698 4276 3019 4344 habendam,
3048 4293 3146 4334 nec
3172 4277 3590 4332 domesticorum
3619 4273 3744 4328 lidei

2135 4365 2360 4439 ⁷⁸τοιιιιιι,
2393 4366 2647 4436 neglectis
2673 4367 2811 4422 aliis.
2854 4368 2944 4424 Sic
2973 4383 3102 4438 ergo
3129 4380 3183 4423 tu
3211 4383 3444 4439 quoque,
3471 4368 3516 4422 si
3546 4365 3745 4422 videris

2164 4455 2395 4524 aliquem
2441 4457 2578 4511 male
2624 4459 2936 4528 patientem,
2985 4459 3118 4513 nihil
3162 4458 3394 4528 amplius
3440 4461 3742 4512 scruteris:

2167 4541 2330 4600 habet
2374 4546 2466 4601 ille
2489 4547 2578 4616 jus
2621 4549 2838 4613 auxilii,
2889 4549 3032 4618 quod
3075 4549 3214 4604 male
3242 4549 3492 4619 patiatur.
3537 4545 3669 4601 Nam
3699 4546 3745 4601 si

2165 4638 2394 4701 asinum,
2425 4653 2582 4708 quem
2623 4639 2820 4694 videris
2845 4639 3115 4706 suli‘ocari,
3146 4641 3324 4710 erigis,
3357 4654 3458 4694 nec
3482 4639 3638 4707 cujus
3673 4638 3743 4692 sit

2166 4728 2444 4793 scrutaris,
2496 4729 2667 4783 tnulto
2708 4733 2876 4801 magis
2923 4745 3028 4784 non
3072 4739 3285 4800 Oportet
3329 4728 3556 4784 scrutari
3595 4727 3748 4795 citius

2169 4818 2258 4874 ille
2286 4820 2445 4875 horno
2475 4821 2546 4874 sit
2575 4838 2589 4876 :
2615 4821 2706 4876 Dei
2731 4832 2831 4887 est,
2861 4823 2978 4877 sive
3000 4824 3071 4877 sit
3091 4821 3332 4885 Gra~cus,
3354 4823 3467 4876 sive
3491 4821 3742 4875 Judacus:

2170 4910 2213 4965 si
2243 4911 2314 4965 sit
2344 4911 2595 4975 inﬁdelis,
2630 4912 2833 4981 indiget
2874 4914 3092 4967 auxilio.
3144 4913 3200 4967 Si
3247 4913 3389 4967 enim
3438 4911 3749 4966 examinare

2169 5002 2383 5072 quidem
2414 5013 2467 5058 et
2493 5003 2787 5073 dijudicare
2816 5005 2910 5058 tibi
2939 5015 3080 5058 esset
3108 5009 3450 5075 permissum,
3490 5012 3636 5057 recte
3661 5001 3743 5056 dic

2172 5106 2322 5146 ceres
2353 5109 2366 5146 :
2401 5109 2538 5148 nunc
2567 5105 2743 5148 autent
2772 5095 3049 5148 caTatuitas
3091 5111 3197 5149 non
3228 5095 3350 5148 sinit
3393 5093 3508 5148 b.cc
3549 5091 3751 5147 exauri-

2174 5198 2320 5237 nare.
2350 5182 2480 5237 Nam
2523 5184 2566 5238 si
2597 5200 2695 5238 nec
2732 5184 2800 5239 de
2828 5185 2976 5237 sanis
3019 5193 3230 5256 oportet
3267 5185 3525 5249 scrutari,
3558 5197 3657 5237 nec
3684 5183 3754 5238 de

2172 5274 2398 5328 aliorum
2440 5276 2598 5329 rebus
2639 5290 2758 5350 esse
2788 5275 3046 5338 curiosos,
3093 5277 3262 5330 multo
3301 5277 3468 5346 magis
3507 5275 3576 5330 de
3615 5277 3754 5330 rnale

2177 5368 2520 5435 patientibus.
2565 5368 2779 5438 Alioqui
2812 5383 2941 5422 vero
2983 5369 3156 5438 quid?
3190 5367 3378 5423 Vidisti
3425 5382 3548 5421 eum
3594 5367 3757 5420 rebus

2176 5457 2250 5512 uti
2276 5458 2546 5522 secundis,
2568 5468 2625 5513 et
2644 5459 2812 5529 gloria
2839 5458 3032 5514 ﬂorere
3053 5469 3109 5513 ct
3129 5460 3180 5513 in
3204 5459 3339 5514 bona
3359 5458 3758 5513 existimatione

2175 5563 2318 5616 esse,
2345 5564 2466 5606 cum
2491 5549 2624 5605 dicis
2649 5563 2772 5606 eum
2795 5564 2916 5606 esse
2941 5550 3140 5606 malum
3165 5560 3219 5606 ct
3246 5547 3590 5619 improbum?
3616 5548 3760 5604 male

2177 5644 2373 5715 patitur
2415 5662 2427 5697 :
2471 5643 2517 5698 si
2546 5652 2732 5716 autem
2771 5643 2954 5700 videas
2984 5643 3122 5700 male
3163 5643 3472 5714 patientem,
3515 5657 3582 5697 ne
3611 5641 3760 5697 dicas
