4082 6212
318 268 385 324 89
1165 267 1228 323 lN
1268 264 1479 323 EPIST.
1523 264 1614 319 AD
1651 260 2021 319 HEBRAIOS.
2063 262 2217 320 CAP.
2262 261 2349 319 Vl.
2409 263 2638 320 llOMIL.
2683 263 2774 320 Χῐ.

324 384 446 421 eum
474 382 597 423 esse
624 371 822 424 malum
850 377 903 424 et
930 374 1251 439 improbum.
1279 374 1409 428 Nam
1432 375 1647 446 quando
1676 388 1758 432 est
1784 384 1896 450 qni-

324 460 447 514 dem
486 461 626 513 fama
667 460 917 526 celebris,
960 460 1077 516 luec
1116 469 1262 517 recte
1288 463 1514 520 dicimus
1540 482 1553 518 :
1579 468 1793 537 quando
1817 485 1905 524 au-

332 561 441 607 tem
467 561 550 605 est
580 553 637 605 in
663 552 967 607 calamitate
989 563 1044 608 et
1065 564 1185 624 eget
1210 555 1434 623 auxilio,
1465 572 1572 612 non
1592 569 1807 628 oportet
1829 561 1908 615 di-

324 657 450 697 cere
477 658 600 696 eum
631 658 757 697 esse
782 643 982 697 malum
1014 661 1027 697 :
1060 648 1160 699 hoc
1187 647 1331 699 enim
1363 656 1444 701 est
1471 648 1805 704 crudelitatis
1851 659 1906 705 et

325 734 738 788 inhumanitatis
766 745 822 788 et
848 736 1187 804 arrogantim.
1214 737 1353 806 Quid
1376 782 1391 804 ,
1434 739 1522 795 dic
1561 757 1744 812 quavso
1768 786 1781 808 ,
1815 744 1909 801 luit

323 823 526 878 .lndaris
555 824 790 891 iniquius
810 825 835 877 ?
855 826 958 880 Sed
992 827 1129 881 Deus
1158 843 1250 883 eos
1279 829 1468 898 puniit,
1503 840 1557 885 et
1580 832 1721 901 jure,
1752 845 1909 905 atque

324 915 461 969 adeo
482 914 606 983 jure
634 915 840 983 Optimo
872 935 884 971 :
915 926 969 969 ct
1002 925 1177 972 tamen
1205 933 1320 983 eos,
1353 922 1441 991 qui
1475 922 1711 992 ipsorum
1744 927 1910 981 mise-

327 1005 601 1067 rabantur,
656 1004 841 1059 habuit
882 1017 1162 1076 acceptos,
1210 1024 1305 1064 eos
1344 1026 1495 1078 vero,
1540 1014 1630 1083 qui
1678 1016 1909 1085 ipsorum

322 1096 612 1149 calamitati
654 1098 975 1152 insultarunt
1016 1111 1070 1154 et
1111 1100 1273 1155 laetati
1311 1114 1457 1170 sunt,
1499 1106 1688 1175 puniit.
1726 1107 1910 1181 Nihil,

326 1186 534 1255 inquit,
568 1188 895 1257 patiebantur
920 1190 981 1242 ob
1020 1192 1372 1247 contritionem
1399 1194 1591 1267 Ioseph
1621 1196 1813 1271 (Amos.
1854 1203 1907 1255 6.

322 1279 407 1345 ϐ).
451 1279 518 1332 Et
558 1291 746 1332 rursus
785 1279 913 1333 dicit
950 1298 965 1332 :
1008 1280 1221 1335 Redime
1252 1299 1336 1338 eos
1364 1290 1449 1354 qui
1475 1288 1808 1360 occiduntur,
1850 1309 1909 1346 ne

327 1368 725 1459 parcas-ll’rov.
746 1368 841 1423 24.
874 1371 981 1439 ll).
1002 1371 1130 1459 _Non
1160 1372 1322 1457 dixit,
1351 1378 1622 1459 Scrutare,
1651 1391 1702 1435 et
1731 1398 1909 1450 qna-re

324 1449 449 1516 quis
482 1449 588 1501 sit:
613 1461 935 1515 quamquam
965 1449 1277 1520 plerumque
1304 1453 1427 1505 mali
1467 1463 1593 1508 sunt
1621 1456 1711 1524 qui
1738 1449 1907 1511 abduc

322 1548 561 1600 cuntur;
592 1536 690 1591 sed
729 1536 1046 1606 simpliciter
1086 1540 1236 1604 dixit,
1291 1540 1518 1609 Redime,
1546 1547 1788 1617 quisquis
1817 1549 1908 1616 sit,

322 1628 519 1698 inquit.
550 1627 663 1682 Hoc
690 1628 835 1681 enim
862 1629 1091 1684 maxime
1128 1642 1210 1683 est
1252 1633 1617 1706 eleemosyna.
1650 1638 1780 1692 Nam
1819 1642 1908 1710 qui

321 1722 501 1775 amico
531 1721 669 1775 bene
697 1719 823 1774 facit
843 1762 860 1786 ,
891 1739 997 1775 non
1021 1722 1071 1776 id
1105 1724 1261 1792 plane
1293 1724 1418 1779 facit
1450 1739 1668 1796 propter
1697 1732 1859 1786 Deum
1894 1753 1906 1789 :

320 1813 411 1882 qui
442 1823 622 1867 autem
664 1811 867 1881 ignoto,
916 1814 963 1867 is
1006 1830 1139 1883 pure
1183 1827 1237 1870 et
1284 1818 1496 1873 sincere
1538 1820 1662 1874 facit
1691 1833 1908 1892 propter

324 1905 519 1958 Deum.
552 1904 621 1957 Et
645 1904 737 1958 ille
762 1905 979 1973 quidem
1004 1905 1153 1972 dicit,
1185 1907 1261 1963 Nc
1292 1924 1477 1977 parcas
1511 1913 1768 1979 pecuniis,
1811 1916 1904 1969 sed

318 1996 529 2051 etiamsi
577 2010 767 2051 einnes
810 2007 1057 2066 oporteat
1103 2000 1412 2067 effundere,
1446 2003 1510 2056 da
1541 2020 1554 2055 :
1586 2019 1684 2058 nos
1720 2018 1901 2061 autem

316 2085 563 2141 videntes
588 2086 861 2152 suﬁocari,
892 2087 1192 2151 lamentari,
1223 2091 1371 2146 mille
1403 2093 1665 2147 mortibus
1688 2096 1902 2165 gravio-

314 2191 377 2232 ra
401 2179 548 2248 pati,
578 2188 634 2234 et
662 2194 809 2249 saepe
845 2178 1067 2249 injuste,
1102 2182 1368 2250 parcimus
1406 2186 1645 2254 pecuniis
1665 2228 1681 2251 ,
1710 2195 1764 2242 et
1790 2202 1898 2243 non

3508 254 3592 308 9e

2012 370 2281 442 parcimus
2311 367 2593 429 fratribus;
2625 380 2802 420 rerum
2833 363 3186 417 inanimarum
3218 377 3398 416 curam
3442 364 3587 433 geri-

2012 476 2150 530 mus,
2180 462 2410 516 animam
2441 468 2618 513 autem
2647 456 2984 527 negligimus.
3019 456 3175 525 Atqui
3203 455 3329 509 dicit
3373 456 3585 513 Paulus:

2008 555 2075 610 In
2102 552 2483 610 mansuetudine
2500 552 2701 606 erudire
2713 566 2798 606 eos
2808 549 2895 619 qui
2915 549 3247 603 adversantur
3270 565 3287 601 :
3306 566 3366 602 ne
3385 552 3586 619 quando

2013 646 2147 703 Deus
2171 648 2253 701 det
2281 647 2383 700 illis
2413 643 2757 716 pamitentiam
2786 641 2853 694 ad
2880 640 3276 710 cognoscendam
3308 640 3584 705 veritatem,

2007 749 2055 794 et
2081 739 2379 809 resipiscam
2403 751 2434 789 a
2459 733 2649 789 diaboli
2678 731 2871 803 laqueis
2892 773 2907 799 ,
2938 748 2971 785 a
2996 747 3094 801 quo
3141 732 3328 801 captivi
3359 742 3591 784 tenentur

2006 831 2075 886 ad
2100 831 2258 900 ipsius
2284 828 2589 883 voluntatem
2615 825 2691 893 (2.
2717 822 2852 877 Tim.
2890 822 2946 877 2.
2981 822 3073 876 ‘25.
3102 820 3217 892 26).
3262 820 3347 874 Ne
3384 821 3588 891 quando

2005 918 2135 974 dicit
2180 935 2196 975 :
2242 919 2391 974 rides
2430 926 2623 990 quanta
2656 919 2910 988 patientia
2958 919 3170 987 plenum
3218 920 3286 971 sit
3324 917 3590 972 verbum?

2008 1009 2140 1064 Eum
2174 1023 2272 1064 nos
2316 1024 2529 1079 quoque
2573 1010 2844 1064 imitantes
2873 1009 2940 1063 de
2970 1010 3185 1064 nemine
3214 1009 3585 1079 desperemus.

2009 1102 2218 1156 Etenim
2251 1101 2547 1172 piscatores
2576 1116 2697 1156 cum
2726 1116 2870 1171 sa‘pe
2898 1101 3029 1154 retia
3062 1101 3115 1155 in
3152 1116 3300 1155 mare
3320 1098 3551 1169 jecerint
3569 1140 3593 1168 ,

2008 1193 2140 1249 nihil
2171 1202 2293 1247 sunt
2330 1193 2635 1262 assequuti;
2684 1207 2805 1247 cum
2851 1201 3037 1262 postea
3080 1200 3257 1245 autem
3296 1190 3595 1260 jecissent.

2010 1297 2179 1342 letum
2207 1295 2548 1357 acceperunt.
2584 1287 2660 1341 lta
2690 1301 2787 1341 nos
2814 1301 3027 1356 quoque
3059 1284 3364 1354 neutiquam
3394 1283 3590 1352 despe-

2007 1392 2208 1443 ramus,
2239 1378 2335 1433 sed
2366 1388 2740 1448 exspectamus
2779 1360 2921 1447 quod
2955 1385 3122 1431 totum
3170 1375 3327 1429 simul
3374 1383 3599 1443 repente

2010 1471 2162 1525 nobis
2190 1469 2488 1526 ostendetis
2518 1469 2745 1525 fructum
2771 1478 3062 1523 maturum.
3089 1466 3223 1522 Nam
3256 1476 3310 1521 et
3336 1464 3590 1536 agricola,

2011 1572 2287 1632 postquam
2318 1561 2705 1625 seminaverit,
2738 1561 2972 1630 primum
3007 1560 3149 1614 diem
3196 1567 3251 1613 ct
3295 1557 3603 1612 secundum.

2011 1653 2367 1724 priestolatnr,
2390 1662 2442 1707 et
2461 1652 2622 1722 longo
2644 1663 2881 1722 tempore
2902 1660 3177 1722 exspectat
3201 1669 3215 1715 ;
3242 1661 3349 1704 ttun
3375 1659 3604 1719 repente

2011 1744 2191 1809 videt,
2226 1743 2460 1814 undique
2506 1742 2711 1797 fructus
2749 1742 2909 1797 simul
2950 1743 3337 1812 germinantes.
3384 1739 3496 1794 Hoc
3543 1739 3603 1791 in

2010 1837 2163 1891 vobis
2192 1851 2406 1907 quoque
2435 1836 2671 1891 futurum
2717 1844 3091 1905 exspectamus
3134 1835 3301 1904 gratia
3345 1841 3399 1887 et
3443 1830 3599 1885 beni-

2011 1932 2213 2002 gnitatc
2263 1928 2476 1983 Domini
2521 1928 2690 1982 nostri
2736 1926 2864 1982 Jesu
2907 1924 3141 1990 Christi,
3172 1923 3257 1978 cui
3286 1938 3408 1980 cum
3440 1922 3598 1976 Patre

2015 2038 2117 2076 una
2162 2038 2282 2078 eum
2327 2029 2514 2087 sancto
2555 2019 2759 2091 Spiritu
2799 2019 2989 2091 gloria,
3034 2017 3339 2087 imperium,
3386 2015 3597 2081 honor,

2016 2130 2155 2170 nunc
2176 2126 2228 2170 et
2255 2130 2488 2185 semper,
2514 2123 2568 2169 et
2595 2115 2647 2168 in
2674 2113 2869 2168 saecula
2899 2111 3241 2167 smculorum.
3270 2110 3465 2165 Amen.

1661 2404 2007 2471 HOMILIA
2061 2412 2152 2473 XI
2171 2458 2185 2472 .

324 2554 468 2607 Car.
502 2552 556 2605 6.
583 2565 634 2601 ν.
664 2548 746 2602 15.
778 2547 989 2600 Abi-alue
1019 2544 1149 2598 enim
1178 2544 1468 2610 promittens
1502 2540 1651 2606 Deus,
1682 2559 1796 2596 cum
1827 2561 1910 2599 ne.

403 2645 591 2697 minem
617 2642 808 2694 haberet
833 2656 921 2708 per
941 2654 1084 2706 quem
1104 2638 1302 2707 juraret
1328 2636 1590 2704 majorem,
1606 2636 1799 2703 jnravit
1823 2652 1912 2707 per

399 2738 640 2805 seipsum,
669 2733 836 2785 dicens
861 2746 879 2783 :
902 2731 981 2784 li.
1019 2727 1136 2781 Nisi
1160 2727 1454 2781 benedicens
1485 2728 1771 2781 benedicam
1798 2730 1908 2795 tibi,

399 2838 448 2881 et
488 2824 831 2893 multiplicans
861 2818 1206 2889 multiplicabo
1242 2826 1306 2870 te.
1347 2818 1434 2872 l5.
1469 2818 1533 2871 Et
1561 2819 1634 2871 sic
1677 2820 1913 2888 longani-

405 2922 553 2974 miter
589 2923 752 2987 ferens
788 2914 1004 2982 adeptus
1045 2921 1117 2964 est
1162 2910 1615 2980 repromissionem.
1667 2908 1911 2964 Homines

402 3013 537 3064 enim
567 3024 653 3078 per
671 3008 916 3068 maiorem
945 3019 997 3056 se
1015 3003 1194 3071 jurant
1216 3017 1235 3053 :
1260 3002 1345 3055 16.
1371 3011 1417 3053 et
1436 3001 1599 3053 omnis
1619 3010 1911 3055 controver-

397 3104 490 3157 sia
510 3102 628 3168 ﬁnis
651 3100 702 3150 in
725 3094 1177 3167 conformationem
1202 3102 1274 3145 est
1294 3094 1667 3162 juramentum.

404 3198 455 3247 Ι.
493 3191 628 3246 Cum
658 3188 915 3243 Hebra-os
940 3184 1283 3237 Vehementer
1318 3192 1373 3237 et
1414 3182 1620 3238 fortiter
1651 3184 1913 3254 tetigisset

329 3298 383 3341 et
411 3301 506 3340 eos
532 3284 665 3338 satis
690 3279 969 3335 terruisset
993 3296 1009 3345 ;
1045 3277 1272 3346 primum
1299 3274 1511 3345 quidem
1542 3290 1638 3330 eos
1666 3277 1913 3330 consola-

332 3391 417 3434 tur
442 3376 720 3434 laudibus;
752 3370 989 3427 secundo
1010 3379 1211 3432 autem,
1234 3367 1373 3437 quod
1396 3376 1477 3423 est
1507 3368 1666 3421 etiam
1700 3368 1910 3436 fortius,

330 3472 471 3539 quod
501 3486 564 3525 ea
595 3482 714 3537 quae
742 3473 959 3535 sperant
1000 3464 1107 3517 sint
1142 3461 1363 3516 omnino
1399 3463 1804 3531 consequuturi.
1846 3462 1914 3517 Et

330 3563 663 3625 consolatur,
707 3574 811 3612 non
856 3573 885 3611 a
931 3554 1280 3625 praesentibus
1307 3594 1322 3619 ,
1370 3552 1463 3607 sed
1508 3568 1535 3605 a
1577 3554 1909 3622 prmteritis:

334 3655 475 3727 quod
501 3653 718 3725 quidem
743 3651 824 3705 eis
854 3648 1020 3718 magis
1050 3646 1421 3715 persnadehat.
1449 3644 1907 3712 Quemadmodum

334 3741 473 3793 enim
514 3740 567 3792 in
611 3735 875 3805 supplicio
909 3750 1002 3802 per
1028 3732 1114 3787 illa
1147 3731 1315 3801 magis
1342 3736 1539 3794 terret,
1570 3728 1642 3783 ita
1668 3728 1837 3785 etiam
1861 3728 1912 3781 in

335 3830 570 3900 praemiis
601 3842 697 3897 per
723 3825 839 3881 haec
868 3824 1195 3885 consolatur,
1224 3822 1314 3876 Dei
1345 3836 1465 3877 esse
1496 3835 1699 3875 morem
1730 3828 1914 3874 osten-

337 3923 469 3977 dens
502 3940 515 3975 :
548 3921 593 3975 is
620 3927 800 3973 autem
831 3923 935 3977 est,
966 3929 1071 3969 non
1103 3912 1283 3968 statim
1322 3912 1576 3966 exhibere
1619 3913 1915 3980 promissa,

336 4015 429 4069 sed
455 4014 617 4082 longo
642 4019 764 4080 post
790 4019 1048 4076 tempore.
1083 4003 1195 4058 lloc
1221 4014 1398 4058 autem
1430 4002 1573 4066 facit,
1603 4010 1657 4056 et
1682 4016 1791 4054 sure
1819 4015 1916 4069 po—

338 4105 517 4158 tentia:
546 4098 795 4170 magnum
822 4097 1102 4168 proferens
1128 4095 1381 4149 indicium
1403 4135 1417 4157 ,
1445 4102 1500 4147 et
1531 4108 1628 4146 nos
1658 4092 1917 4146 inducens

339 4195 406 4245 ad
436 4193 615 4255 ﬁdem,
643 4200 699 4244 ut
726 4189 815 4259 qui
847 4190 1028 4243 vivunt
1068 4186 1119 4241 in
1148 4184 1556 4247 afﬂictionibus,
1587 4190 1644 4237 et
1665 4197 1765 4237 nec
1791 4197 1915 4251 pro-

340 4285 501 4337 missa
548 4282 813 4350 accipiunt
857 4293 955 4333 nec
993 4276 1289 4339 mercedes,
1320 4275 1385 4329 ad
1418 4274 1631 4329 labores
1658 4287 1761 4326 non
1789 4274 1925 4326 deli-

340 4378 504 4428 ciant.
558 4373 622 4426 Et
668 4386 857 4425 omnes
898 4368 1210 4431 dimittens,
1254 4367 1377 4421 licet
1421 4365 1642 4420 haberet
1688 4365 1916 4433 multas,

343 4464 614 4519 Abraham
648 4464 702 4516 in
735 4462 967 4515 medium
997 4458 1255 4521 adduxit,
1284 4465 1338 4511 et
1365 4465 1583 4527 propter
1612 4455 1708 4509 viri
1736 4462 1916 4508 aucto-

344 4558 591 4617 ritatem,
624 4562 677 4609 et
701 4553 845 4622 quod
872 4552 923 4606 id
956 4550 1184 4605 maxime
1228 4548 1284 4602 in
1322 4563 1388 4602 eo
1430 4546 1690 4602 evenerit.
1730 4545 1929 4611 Quam-

344 4662 508 4714 quam
535 4644 667 4698 dicit
694 4644 757 4696 iu
776 4644 881 4696 line
902 4639 1166 4710 Epistolas,
1194 4637 1332 4708 quod
1361 4637 1445 4691 isti
1475 4650 1661 4690 onmes
1686 4649 1808 4688 cum
1833 4646 1926 4688 eas

2013 2542 2287 2591 tationem.
2373 2525 2938 2586 Promisit‘Abrahrc:
2968 2532 3023 2578 et
3070 2537 3188 2592 qua:
3237 2520 3324 2576 hic
3370 2519 3606 2589 quidem

2012 2633 2159 2691 sunt,
2205 2622 2353 2678 dedit
2390 2622 2550 2690 longo
2589 2628 2707 2690 post
2750 2627 3018 2685 tempore;
3063 2629 3182 2683 qua:
3219 2621 3397 2667 autem
3443 2610 3547 2665 illic
3569 2653 3607 2677 ν.

2015 2718 2249 2774 uomlmn
2282 2734 2296 2771 :
2329 2723 2383 2770 et
2408 2714 2486 2767 sic
2513 2713 2667 2780 longa
2700 2724 2830 2763 usus
2860 2706 3109 2777 patientia
3131 2745 3147 2770 ,
3178 2701 3609 2774 promissiimem

2012 2822 2095 2866 est
2133 2805 2394 2876 adeptus?
2442 2802 2601 2859 Vides
2636 2800 2777 2871 quod
2811 2814 2917 2852 non
2948 2797 3060 2849 sola
3094 2794 3381 2864 promissio
3422 2803 3609 2848 totum-

2013 2902 2209 2965 etTecit,
2250 2898 2344 2954 sed
2385 2896 2544 2951 etiam
2587 2893 2743 2962 longa
2789 2889 3038 2961 patientia
3057 2888 3097 2941 ?'
3130 2886 3223 2940 llic
3267 2900 3361 2941 eos
3402 2893 3589 2951 terret,

2012 2992 2304 3050 ostendens
2332 2988 2472 3058 quod
2500 3000 2642 3055 ssepe
2667 2983 2952 3053 impeditur
2975 2980 3259 3051 promissio
3290 2992 3385 3047 per
3412 2976 3605 3047 pusilli,

2012 3085 2174 3143 animi
2205 3082 2414 3137 vitium.
2449 3079 2519 3133 Et
2542 3079 2644 3131 hoe
2669 3075 2883 3146 quidem
2909 3070 3145 3127 ostendit
3170 3084 3268 3141 per
3296 3068 3546 3139 populum
3574 3085 3607 3120 εν

2015 3195 2135 3235 nam
2156 3176 2407 3248 quoniam
2432 3169 2626 3241 pusillo
2655 3167 2873 3222 fuerunt
2898 3164 3098 3228 animo,
3127 3175 3231 3215 non
3260 3167 3385 3214 sunt
3412 3158 3595 3225 adepti

2013 3267 2423 3341 promissionem
2445 3283 2459 3317 :
2480 3258 2807 3314 contrarium
2834 3265 3011 3309 autem
3040 3251 3271 3306 ostendit
3300 3265 3395 3320 per
3416 3250 3590 3305 Abra-

2012 3339 2158 3414 ham.
2201 3352 2402 3411 Deinde
2442 3353 2494 3405 in
2535 3350 2642 3404 ﬁne
2689 3347 2817 3401 facit
2862 3346 3023 3401 etiam
3067 3340 3265 3412 aliquid
3308 3339 3540 3409 amplius
3570 3360 3589 3395 ;

2010 3447 2243 3506 ostendit
2280 3442 2420 3515 quod
2454 3442 2612 3496 etiam
2651 3453 2773 3493 cum
2815 3438 2968 3506 longa
2999 3433 3248 3505 patientia
3279 3446 3381 3487 non
3411 3439 3596 3486 essent

2009 3540 2212 3610 adepti,
2245 3550 2417 3606 neque
2444 3534 2521 3588 sic
2547 3530 2761 3602 quidem
2788 3534 2916 3582 sunt
2939 3525 3149 3579 tristitia
3179 3523 3376 3578 allecti.
3409 3519 3596 3574 Homi-

2011 3650 2096 3686 nes
2122 3631 2255 3685 enim
2287 3642 2376 3699 per
2401 3624 2645 3693 majorem
2663 3620 2869 3690 jurant,
2891 3625 2939 3669 et
2962 3616 3086 3687 ipsis
3115 3613 3277 3667 omnis
3306 3620 3591 3665 controver-

2010 3722 2101 3775 εὔαν
2126 3720 2249 3787 ﬁnis
2270 3720 2323 3771 in
2352 3712 2791 3782 conﬁrmationem
2819 3718 2892 3760 est
2910 3708 3259 3774 juramenttms
3285 3717 3304 3756 :
3333 3701 3467 3753 Deus
3495 3715 3602 3751 aut

2007 3818 2107 3865 tem
2135 3823 2252 3861 cum
2289 3804 2486 3858 nullum
2528 3800 2728 3852 haberet
2773 3796 3019 3865 majorem
3058 3808 3146 3861 per
3181 3808 3330 3861 quem
3361 3791 3602 3860 juraret,

2006 3899 2196 3973 iuravit
2216 3912 2306 3967 per
2328 3893 2670 3963 semetipsum.
2703 3882 3047 3973 Recte.rQuis
3066 3891 3152 3937 est
3173 3881 3416 3973 ergqqui
3439 3880 3591 3973 jura-

2007 3966 2082 4040 tit
2112 3966 2373 4039 Abrahaa?
2410 3993 2587 4033 annon
2623 3975 2824 4031 Filius?
2868 3972 3014 4039 Non,
3057 3970 3247 4040 inquit.
3300 3967 3449 4023 Unde
3488 3966 3591 4018 hoc

2004 4075 2177 4130 ilicis?
2224 4070 2459 4128 Maxime
2508 4065 2727 4137 quidem
2780 4063 2929 4133 ipse;
2982 4059 3077 4116 sed
3133 4074 3241 4114 non
3293 4055 3595 4113 contendo.

2006 4164 2232 4236 Quando
2257 4177 2387 4233 ergo
2415 4161 2527 4229 ipse
2552 4158 2698 4228 jnrat
2742 4155 2842 4209 hoc
2881 4154 2997 4223 ipso
3031 4152 3358 4222 iuramento,
3392 4150 3586 4207 Amm,

2009 4276 2154 4313 amen
2177 4258 2288 4310 dico
2310 4255 2483 4317 vobis;
2506 4264 2683 4306 annon
2707 4248 2828 4304 ideo
2844 4246 3070 4311 scilicet,
3091 4243 3233 4315 quod
3264 4257 3368 4297 non
3399 4240 3601 4294 habeat

2014 4348 2270 4419 majorem
2298 4361 2391 4415 per
2417 4358 2576 4413 quem
2604 4340 2789 4411 juret?
2816 4337 2887 4394 Ut
2912 4336 3055 4392 enim
3076 4333 3276 4404 jurattit
3306 4333 3486 4396 Pater,
3520 4330 3601 4385 ita

2014 4444 2174 4500 etiam
2205 4441 2370 4496 Filius
2386 4441 2531 4509 jnrat
2559 4452 2654 4507 per
2673 4449 2733 4490 se
2757 4432 2964 4497 dicens,
2995 4429 3174 4489 Amen,
3201 4441 3347 4480 amen
3374 4423 3491 4477 dico
3508 4437 3596 4475 νο·

2015 4536 2108 4591 bis.
2153 4535 2248 4589 llic
2290 4534 2419 4603 ipsis
2462 4536 2680 4585 revocat
2722 4527 2775 4581 in
2816 4521 3127 4579 memoriam
3151 4515 3354 4573 Christi
3379 4528 3596 4584 quoque

2013 4627 2337 4697 jnramenta,
2377 4636 2497 4692 qua:
2538 4618 2751 4674 dicebat
2785 4612 3001 4669 assidue
3030 4627 3044 4665 :
3070 4609 3247 4673 Anien,
3290 4620 3440 4660 anteit
3482 4603 3599 4655 dico

347 4693 539 4807 procul
565 4734 822 4788 vidissent
860 4741 914 4785 et
944 4693 1183 4799 'amplexi
1214 4693 1405 4783 essent
1424 4769 1439 4793 ,
1469 4742 1572 4782 non
1605 4731 1932 4795 acceperunt
2020 4718 2129 4783 tibi,
2155 4716 2245 4786 qui
2268 4713 2426 4769 credit
2454 4713 2507 4766 in
2534 4725 2642 4773 me,
2675 4724 2776 4761 non
2801 4705 3047 4761 morietur
3071 4702 3126 4756 in
3154 4693 3618 4797 teternqmlloun-

350 4826 777 4895 promissiones,
826 4837 893 4875 ne
947 4823 1148 4887 absque
1206 4817 1357 4872 nobis
1406 4821 1926 4870 consummarentur.

346 4892 561 4971 ,λιπσιυς
586 4912 741 4975 enim,
776 4905 980 4978 inquit,
1019 4900 1313 4973 promittens
1341 4896 1497 4961 Deus,
1524 4910 1639 4948 cum
1667 4892 1918 4946 neminem

350 5011 550 5062 haberet
591 5018 681 5073 per
714 5015 862 5070 quem
887 4998 1089 5067 juraret
1123 4992 1387 5060 majorem,
1407 4986 1601 5056 juravit
1624 5000 1714 5053 per
1738 4989 1925 5037 semet-

348 5105 531 5167 ipsum,
563 5072 736 5150 dicens
760 5108 779 5146 :
804 5089 921 5144 Nisi
946 5086 1238 5142 benedicens
1265 5081 1554 5136 benedicam
1581 5076 1699 5141 tibi,
1722 5083 1767 5128 et
1797 5072 1929 5127 mul-

347 5193 591 5259 tiplicans
626 5181 973 5251 multiplicabo
1015 5188 1084 5231 te.
1126 5174 1190 5229 Et
1233 5173 1306 5227 sic
1345 5169 1699 5240 longanimiter
1740 5169 1930 5237 ferens,

350 5257 558 5351 adeptus
599 5287 672 5333 est
712 5271 1173 5343 repromissionem.
1213 5261 1493 5330 Quomodo
1530 5260 1689 5329 igitur
1728 5257 1782 5312 in
1824 5257 1931 5311 line

350 5345 506 5435 dicit,
540 5368 660 5424 Non
690 5365 885 5433 accepit
910 5357 1269 5429 prt‘ndssiones
1307 5353 1324 5422 (
1357 5352 1515 5406 Ilebr.
1541 5352 1627 5404 ιι.
1655 5348 1725 5405 59
1752 5349 1803 5417 );
1845 5345 1933 5402 hic

354 5480 500 5527 vero,
534 5456 917 5531 Longanimiler
935 5449 1346 5524 ferens,adeptus
1366 5455 1437 5500 est
1462 5444 1895 5514 repromissionem
1908 5439 1936 5494 ?

353 5552 621 5625 quomodo
667 5564 775 5603 non
825 5543 1072 5615 accepit?
1114 5538 1389 5611 quomodo
1413 5546 1493 5592 est
1525 5534 1785 5604 adeptus?
1814 5532 1930 5587 Non

355 5652 419 5707 de
445 5650 641 5706 iisdem
665 5646 752 5700 hic
781 5651 834 5699 et
862 5641 971 5697 illic
993 5638 1151 5704 dicit;
1181 5632 1279 5691 sed
1301 5630 1566 5703 duplicem
1594 5627 1717 5686 iacit
1743 5639 1933 5684 conso-

2022 4810 2109 4863 Η.
2141 4807 2258 4876 26).
2288 4803 2423 4871 Quid
2454 4811 2558 4866 est,
2589 4800 2661 4853 Et
2684 4799 2847 4853 omnis
2875 4791 3225 4850 rantroversi¢
3250 4787 3365 4852 linis
3392 4786 3443 4839 in
3474 4799 3605 4837 com

2023 4899 2360 4972 [irritationem
2389 4904 2458 4950 est
2482 4896 2826 4965 juramentum
2844 4890 2871 4942 2
2904 4887 2961 4943 id
2994 4894 3078 4940 est
3106 4901 3119 4937 :
3148 4897 3215 4937 ex
3246 4880 3351 4936 hoc
3377 4877 3612 4934 solvitur

2023 4971 2199 5048 omnis
2226 4987 2614 5045 controversia:
2637 4983 2900 5039 dubitatio
2933 4998 2947 5034 :
2979 4992 3085 5034 non
3112 4975 3293 5047 hujus,
3319 4980 3414 5027 aut
3439 4971 3615 5035 illius,

2026 5084 2126 5140 sed
2149 5083 2348 5139 omnis.
2379 5081 2552 5149 Atque
2579 5074 2859 5147 oportebat
2885 5070 3102 5141 quidem
3127 5069 3289 5124 etiam
3317 5066 3433 5120 sine
3458 5064 3612 5133 jura-

2029 5186 2211 5233 mento
2254 5174 2363 5228 Deo
2404 5169 2647 5225 credere.
2676 5167 2765 5220 Π.
2809 5162 2873 5216 In
2899 5178 3021 5228 quo,
3048 5160 3237 5231 inquit.
3268 5155 3624 5212 abundantius

2028 5272 2198 5325 volens
2225 5265 2364 5320 Deus
2389 5261 2651 5318 ostendere
2679 5254 3060 5328 pollicitationis
3088 5251 3352 5307 heredibus
3376 5246 3609 5301 immobi-

2032 5364 2224 5417 litatem
2244 5356 2444 5414 consilii
2471 5354 2573 5419 sui,
2602 5348 2900 5418 interposuit
2921 5345 3308 5419 jusjurandum.
3341 5339 3439 5395 llic
3465 5354 3612 5393 com-

2030 5451 2316 5526 prehendit
2334 5449 2493 5505 etiam
2522 5444 2725 5499 lideles.
2753 5443 3040 5509 Propterea
3067 5434 3307 5491 meminit
3327 5432 3488 5488 etiam
3514 5429 3618 5483 hu-

2032 5522 2117 5618 ius
2161 5538 2552 5615 promissionis,
2581 5552 2699 5605 qua:
2740 5533 2887 5605 prior
2932 5530 3067 5586 facta
3116 5537 3197 5583 est
3239 5522 3616 5581 communiter.

2113 5636 2126 5672 ¹
2272 5631 2440 5694 incipit
2463 5625 2657 5679 humilia
2679 5622 2935 5676 undecima
2961 5618 3007 5665 in
3032 5613 3167 5662 (Lolb.

3600 5696 3647 5706 -μ
