4088 6204
383 266 457 326 93
1173 265 1239 322 IN
1278 263 1494 323 EPIST.
1535 262 1628 319 ao
1659 248 2025 321 tmoumos.
2066 264 2223 323 car.
2270 268 2354 325 νι.
2406 268 2637 329 unum.
2682 271 2775 329 χι.
3573 270 3643 332 at

375 389 490 429 runt
538 375 714 443 (i‘sal.
745 375 833 432 ὅθ.
864 375 974 445 18).
1010 375 1149 431 Tunc
1177 368 1454 442 alitum-cc
1473 380 1637 439 venia.
1672 391 1725 434 ut
1751 385 1959 452 faciam,

377 470 515 523 Deus
538 511 553 532 ,
582 472 1052 523 uoluntati-mtuant
1097 471 1270 542 (Paul.
1322 472 1411 527 39.
1453 475 1504 527 8.
1540 473 1626 544 9);
1672 483 1726 528 et
1751 490 1959 541 rursus,

383 565 519 629 Quin
570 562 699 615 mihi
747 561 863 617 thus
902 559 1097 628 a/fertis
1137 579 1201 616 etc
1242 562 1383 619 Saba
1424 564 1559 637 (Jer.
1589 565 1644 621 6.
1684 567 1819 636 ‘20)?
1870 577 1960 635 et,

376 657 566 709 Amooe
600 671 633 708 a
656 671 737 709 me
775 671 956 710 sonum
983 656 1296 711 canticorum
1344 666 1582 727 tuorum;
1622 670 1669 714 et
1697 661 1950 730 psalmum

373 749 824 801 instrumentorum
871 753 1077 801 tuorum
1122 763 1225 802 non
1252 747 1461 803 audiam
1486 747 1690 823 (Amos.
1728 752 1783 806 5.
1821 751 1958 822 3‘3):

377 842 477 900 sed
529 856 626 914 pro
667 842 754 899 his
800 842 1210 901 Hisericort'liaut
1253 845 1369 900 colo
1409 853 1459 899 et
1504 861 1607 900 non
1655 845 1966 915 sacriﬁcium

380 935 538 1006 (Osce
577 937 631 992 ιι.
661 936 741 1005 6).

451 1027 594 1082 Deus
616 1029 918 1098 quibusnam
943 1028 1209 1097 sacriﬁciis
1225 1027 1476 1098 placatur.
1494 1060 1568 1072 —
1589 1025 1750 1088 Vides
1770 1028 1967 1103 quibus

377 1119 661 1174 sacriﬁciis
708 1119 949 1190 placatur
980 1120 1166 1175 Deus?
1206 1119 1358 1176 vides
1397 1130 1450 1176 et
1475 1121 1786 1192 mttltisjam
1817 1132 1965 1178 retro

375 1211 592 1265 seculis
618 1211 709 1266 illa
739 1211 954 1279 quidem
976 1211 1296 1276 excessisse,
1331 1212 1445 1267 lucc
1475 1226 1603 1269 vero
1629 1228 1814 1268 eorum
1845 1215 1963 1268 loco

376 1301 649 1357 Subiisse?
699 1301 828 1357 Hmc
876 1303 1037 1373 igitur
1076 1301 1381 1358 aﬂ'eramus.
1432 1302 1562 1357 Nam
1610 1303 1698 1358 illa
1745 1305 1961 1375 quidem

374 1402 507 1449 suist
540 1394 842 1449 divitiarum
888 1403 944 1448 et
985 1404 1170 1448 eorum
1202 1394 1289 1463 qui
1331 1390 1566 1461 habent;
1618 1394 1734 1451 haec
1779 1404 1961 1449 autem

376 1482 638 1552 virtutis;
669 1482 755 1539 illa
782 1492 911 1539 sunt
930 1483 1269 1539 estrinsecus
1291 1525 1306 1547 ,
1341 1480 1440 1539 ista
1472 1483 1798 1540 intrinsecus
1824 1501 1838 1551 ;
1871 1485 1961 1542 illa

375 1576 465 1630 vel
511 1574 735 1645 quilibet
781 1576 995 1645 operari
1049 1575 1324 1645 potuerit,
1378 1574 1493 1630 IIth
1541 1586 1722 1631 autem
1781 1578 1956 1646 pauci.

374 1669 594 1735 Quanto
623 1666 769 1723 enim
814 1680 916 1722 ove
946 1666 1109 1721 homo
1151 1675 1235 1722 est
1278 1665 1469 1723 melior
1498 1675 1553 1724 et
1596 1673 1987 1739 praestantior;

376 1768 531 1814 tanto
558 1756 660 1813 hoc
706 1756 801 1813 illo
827 1756 1148 1813 sacrificium
1184 1776 1198 1813 :
1232 1750 1318 1813 hic
1348 1759 1490 1814 enim
1532 1760 1765 1816 animam
1815 1770 1959 1819 tuam

374 1849 547 1933 ειιέὲ
576 1824 1022 1906 bostlam.rSuttt
1075 1858 1254 1913 autem
1293 1844 1414 1906 alia:
1459 1863 1675 1922 quoque
1728 1802 1997 1951 uestiat“)

348 1914 547 1933 Λ

374 1955 503 1996 vere
534 1940 843 1995 holocauSta
864 1981 883 2007 ,
937 1950 1130 2011 nempe
1154 1949 1462 2013 sanctorum
1495 1952 1794 2015 martyrum
1834 1960 1963 2009 coro.

340 2032 692 2113 (purgando
730 2039 918 2087 sancta
948 2041 1003 2089 et
1029 2031 1205 2086 anima
1233 2041 1288 2088 et
1314 2048 1510 2104 corpus
1547 2053 1560 2089 :
1594 2034 1679 2088 illa
1709 2026 1961 2106 magum

366 2122 580 2181 habent
620 2125 847 2180 odorem
877 2124 1277 2181 suaveolentite.
1319 2125 1479 2180 Potes
1526 2135 1581 2181 tu
1630 2141 1882 2196 quoque,
1913 2126 1960 2184 si

373 2217 549 2283 Velis,
582 2216 686 2272 tale
733 2215 930 2271 offerre
958 2215 1304 2271 sacriﬁcium.
1355 2216 1492 2286 Quid
1535 2218 1676 2273 enim
1703 2260 1719 2281 ,
1762 2219 1806 2274 si
1838 2218 1960 2290 igne

367 2323 569 2380 corpus
605 2322 712 2364 non
748 2308 1165 2364 combusseris?
1217 2307 1312 2363 sed
1353 2319 1506 2378 potcs
1541 2310 1646 2363 alio
1675 2311 1828 2378 igne;
1878 2318 1960 2365 ut-

369 2410 504 2473 puta
543 2401 666 2471 igne
706 2400 1040 2471 paupertatis
1080 2399 1427 2466 voluntariae,
1479 2399 1601 2471 igne
1630 2396 1954 2458 amictiottis.

377 2492 581 2548 Licere
622 2491 763 2547 enim
809 2491 1037 2547 delicate
1083 2490 1332 2562 lauteque
1387 2498 1437 2546 et
1479 2489 1756 2562 splendide
1794 2493 1955 2548 vitam

371 2598 577 2654 agere;
608 2581 926 2638 laboriosam
955 2588 1134 2635 autem
1165 2589 1220 2637 et
1259 2582 1508 2638 acerbam
1541 2584 1700 2637 vitam
1730 2583 1954 2654 eligere,

368 2683 431 2729 et
465 2689 663 2745 corpus
690 2681 862 2728 morte
906 2672 1126 2728 afﬁcere
1157 2691 1171 2728 :
1207 2684 1384 2728 annon
1428 2680 1509 2729 est
1556 2672 1755 2729 oblatio
1803 2672 1954 2729 holo-

366 2763 580 2819 Causti?
621 2762 832 2833 Corpus
863 2773 1010 2819 tuum
1065 2774 1239 2819 morte
1265 2762 1423 2819 affice
1473 2773 1527 2820 et
1571 2766 1855 2837 cruciﬁge,
1902 2775 1958 2823 et

370 2856 495 2927 ipse
517 2871 727 2927 qunque
767 2855 1001 2926 accipies
1031 2868 1287 2911 coronam
1331 2856 1489 2926 hujus
1520 2857 1789 2929 martyrii.
1823 2857 1954 2913 Nam

368 2946 517 3018 quod
562 2947 669 3003 illic
711 2957 967 3018 cperatnr
995 2948 1170 3012 ensis,
1211 2946 1315 3002 hoc
1362 2947 1451 3002 hic
1497 2948 1659 3003 faciat
1703 2959 1953 3019 prompta

364 3041 534 3094 animi
579 3040 853 3095 alacritas.
899 3032 1018 3094 Non
1096 3046 1252 3105 urat,
1303 3054 1475 3108 neque
1520 3040 1758 3095 deL‘ueat
1803 3056 1957 3098 amor

366 3129 650 3202 pecuinite,
699 3131 792 3186 sed
823 3139 1008 3185 uratur
1035 3140 1091 3186 et
1137 3130 1508 3202 exstinguatur
1555 3130 1667 3202 ipsa
1702 3131 1871 3203 turpis
1900 3143 1957 3190 et

368 3222 577 3278 nefaria
631 3222 897 3292 cupiditas
952 3221 1073 3292 igne
1104 3218 1366 3293 Spiritus,
1424 3222 1739 3278 concidatur
1769 3223 1950 3295 gladio

363 3311 618 3382 Spiritus.
651 3312 764 3368 Hoc
788 3319 871 3368 est
897 3308 1177 3382 pulchrum
1206 3310 1527 3368 sacriiicium
1550 3356 1566 3381 ,
1593 3310 1736 3383 quod
1763 3331 1952 3372 sacer-

363 3404 653 3476 doteopus
702 3421 807 3459 non
851 3402 1013 3460 habet
1031 3391 1195 3472 ,i'sed
1226 3405 1342 3475 ipso
1386 3414 1590 3460 tantum
1636 3402 1947 3463 oﬂ‘erente:

363 3497 516 3568 quod
586 3496 793 3553 inferne
846 3497 1062 3568 quidem
1123 3498 1424 3568 peragitur,
1479 3513 1713 3569 superne
1764 3510 1945 3556 autem

364 3590 651 3645 confestim
706 3589 971 3645 ascendit.
1014 3588 1203 3645 Nonne
1250 3589 1583 3644 admiramur
1625 3590 1769 3659 quod
1817 3592 1948 3647 olim

364 3672 505 3742 ignis
550 3671 887 3730 descendens
929 3675 1109 3731 omnia
1139 3675 1541 3731 consumebat?
1595 3675 1779 3732 Potest
1831 3674 1956 3734 fieri

364 3770 429 3816 ut
470 3762 606 3833 ignis
636 3773 854 3834 quoque
902 3776 1045 3819 nunc
1092 3765 1383 3821 descendat
1432 3765 1526 3821 illo
1580 3765 1737 3837 longe
1777 3766 1953 3821 admi-

362 3853 604 3920 rabilior,
656 3865 712 3911 et
758 3855 937 3910 omnia
972 3868 1092 3926 qua:
1137 3867 1262 3912 sunt
1313 3859 1585 3929 proposita
1628 3866 1950 3918 consumat:

365 3945 479 3998 imo
508 3960 641 4002 vere
689 3960 796 4002 non
835 3956 1155 4015 consumat,
1186 3947 1282 4004 sed
1313 3951 1491 4004 omnia
1539 3950 1589 4005 in
1621 3953 1811 4005 caelum
1841 3948 1947 4006 tol-

365 4034 445 4092 lat
468 4055 485 4092 :
509 4053 618 4092 non
649 4037 845 4107 redigit
871 4039 959 4093 illa
982 4039 1035 4093 in
1060 4039 1320 4107 cinerem,
1352 4037 1449 4096 sed
1481 4041 1590 4097 Deo
1610 4040 1767 4098 offert
1789 4040 1949 4099 dona.

439 4123 801 4184 llisericordia
842 4146 964 4203 erga
991 4144 1238 4203 pauperes
1264 4134 1666 4189 commendatur.
1694 4162 1768 4176 --
1791 4134 1951 4190 Tales

364 4230 520 4276 erant
547 4220 788 4277 Cornelii
818 4222 1125 4281 oblationes
1154 4242 1169 4278 :
1213 4223 1484 4280 Orationes
1529 4226 1670 4281 enim
1691 4269 1705 4293 ,
1747 4227 1950 4296 inquit,

364 4325 469 4368 true
502 4324 560 4369 et
586 4316 921 4388 eleemosyna:
960 4315 1293 4373 ascenderunt
1335 4320 1388 4373 in
1413 4320 1707 4374 memoriam
1748 4319 1800 4374 in
1828 4337 1946 4374 con-

364 4415 541 4474 spectu
560 4404 661 4460 Dei
675 4404 814 4480 (Act.
835 4405 923 4463 10.
943 4407 1021 4479 ι).
1042 4408 1202 4467 Vides
1222 4411 1477 4482 optimam
1500 4411 1618 4481 conj
1627 4411 1954 4483 ugationcm?

365 4495 519 4553 Tunc
536 4496 809 4564 audimar,
839 4499 1055 4570 quando
1076 4500 1175 4572 ipsi
1197 4517 1409 4573 quoque
1430 4502 1676 4559 audimus
1695 4504 1954 4560 accedeuo

366 4596 746 4660 Iespauperes.
766 4590 868 4659 Qui
887 4592 1122 4661 obstruit,
1144 4594 1337 4666 inquit,
1364 4612 1515 4652 aures
1541 4612 1662 4651 suas
1683 4612 1747 4650 ne
1772 4597 1954 4650 audiat

366 4697 663 4752 pauperem,
712 4701 884 4754 preces
903 4689 1015 4756 ejus
1040 4701 1143 4741 non
1186 4689 1422 4742 exaudiet
1451 4687 1588 4743 Deus
1624 4687 1810 4758 (Prov.
1856 4687 1949 4746 2i.

364 4774 484 4843 15).
511 4772 701 4830 Beatus
725 4778 813 4847 qui
838 4776 1076 4848 intelligit
1101 4793 1258 4847 super
1282 4793 1493 4848 egenum
1536 4789 1585 4833 et
1628 4794 1902 4850 pauperem
1932 4795 1951 4833 :

362 4865 422 4921 in
462 4865 550 4920 die
566 4867 707 4921 male
733 4867 963 4922 liberabit
986 4881 1103 4923 eum
1126 4867 1380 4925 Dominus
1403 4867 1575 4941 (Psal.
1604 4868 1694 4925 40.
1726 4870 1803 4941 2).
1828 4869 1944 4925 Non

362 4964 546 5011 autem
575 4957 717 5013 alius
735 4956 853 5014 dies
876 4957 1084 5024 malus,
1122 4960 1227 5015 nisi
1254 4960 1347 5014 ille
1384 4960 1501 5016 dies
1551 4961 1949 5031 peccatoribus.

364 5045 503 5111 Quid
537 5055 663 5112 est,
711 5048 815 5115 Qui
837 5048 1116 5120 intelligit?
1154 5049 1257 5117 Qui
1298 5058 1480 5106 mente
1514 5058 1693 5106 versat
1714 5051 1841 5121 quid
1882 5051 1953 5106 sit

364 5150 591 5207 pauper,
638 5140 728 5207 qui
774 5139 893 5209 ejus
935 5138 1096 5195 discit
1115 5139 1460 5198 afﬂictionem
1499 5156 1667 5197 :nam
1698 5142 1788 5213 qui
1829 5141 1947 5212 ejus

365 5232 550 5289 didicit
576 5233 946 5303 aﬂlictionem,
997 5235 1219 5291 omnino
1246 5218 1371 5305 ejus
1397 5236 1757 5293 miserebitur.
1788 5237 1843 5292 Si
1873 5238 1955 5292 vi-

365 5322 511 5381 deris
537 5341 849 5396 pauperem,
898 5341 968 5382 ne
996 5336 1383 5396 pnctercurras
1403 5370 1419 5394 ,
1447 5328 1540 5385 sed
1568 5329 1749 5383 statim
1781 5328 1955 5399 cogita

365 5418 612 5485 quisnam
635 5431 812 5483 esses,
834 5419 879 5472 si
902 5427 958 5472 tu
976 5418 1065 5473 ille
1080 5433 1267 5474 esses:
1284 5419 1412 5489 quid
1442 5434 1546 5473 non
1566 5419 1735 5475 velles
1757 5433 1950 5475 omnes

368 5505 583 5562 facere?
608 5506 710 5574 Qui
736 5505 1012 5579 intelligit,
1058 5508 1251 5576 inquit.
1294 5509 1482 5580 Cogita
1509 5509 1650 5578 quod
1697 5517 1781 5564 est
1804 5525 1957 5579 teque

370 5595 509 5651 liber
551 5607 718 5668 atque
745 5610 836 5664 tu,
884 5609 940 5654 et
977 5609 1060 5654 est
1087 5600 1331 5669 ejusdem
1360 5599 1517 5669 cujus
1559 5610 1613 5655 tu
1639 5600 1954 5663 nobilitatis.

369 5698 424 5747 et
446 5690 625 5747 omnia
644 5698 820 5748 tecum
851 5690 1089 5761 possidet
1115 5691 1420 5748 communia
1455 5709 1467 5748 :
1505 5700 1555 5749 et
1585 5706 1727 5764 smpe
1769 5707 1836 5749 ne
1862 5705 1956 5762 pa-

2065 405 2178 444 rem
2227 387 2444 459 quidem
2497 386 2630 445 l'acis
2686 389 2794 444 tuis
2838 386 3105 455 canibus;
3162 389 3256 445 sed
3308 390 3382 446 illi
3429 390 3647 462 quidem

2069 481 2366 544 satiantur,
2414 479 2500 534 hic
2541 490 2720 535 autem
2765 495 2910 551 saepe
2934 480 3132 536 dormit
3171 481 3449 546 esuriens;
3480 492 3535 538 et
3560 483 3651 553 qui

2063 581 2145 625 est
2178 569 2333 637 liber,
2380 585 2527 642 stcpe
2558 571 2665 625 tuis
2691 572 2863 627 servis
2893 572 3066 627 factus
3097 581 3181 629 est
3232 574 3392 628 vilior
3420 583 3474 628 et
3503 574 3651 643 abje-

2064 666 2221 719 ctior.
2267 667 2333 719 At
2358 662 2435 718 illi
2467 664 2623 720 nobis
2651 675 2909 736 prmstant
2938 680 3155 734 Operam
3180 700 3198 731 ,
3227 666 3455 735 inquies.
3502 666 3653 735 Qua!-

2067 772 2188 811 uam
2220 771 2281 811 ea
2323 757 2450 811 est?
2481 756 2619 812 bene
2651 756 2742 811 tibi
2771 757 3056 812 serviunt?
3095 757 3232 826 Quid
3261 759 3411 813 dices
3432 799 3447 823 ,
3478 760 3523 812 si
3554 757 3651 813 tibi

2065 847 2352 904 ostendero
2392 847 2537 904 hunc
2585 848 2741 920 longe
2788 848 3050 919 iiiajorem
3090 850 3184 905 tibi
3215 860 3471 921 praestare
3517 864 3649 921 ape-
3696 892 3747 929 ‘,

2066 956 2180 996 ram
2204 982 2222 1008 ,
2265 956 2425 1011 quam
2451 941 2569 997 illos
2600 942 2624 996 ?
2666 942 2760 997 tibi
2788 943 2931 997 enim
2961 940 3135 997 aderit
3163 942 3219 997 in
3245 942 3333 998 die
3356 941 3570 1015 judicii.
3596 949 3652 998 et

2065 1041 2120 1091 te
2149 1037 2219 1089 ab
2249 1035 2370 1106 igne
2395 1034 2608 1104 eripiet.
2640 1035 2777 1103 Quid
2808 1034 3073 1103 ejusmodi
3105 1034 3197 1089 tibi
3226 1032 3431 1091 faciunt
3456 1048 3647 1089 munies

2067 1124 2251 1179 servi?
2295 1125 2518 1193 Quando
2547 1136 2754 1181 mortua
2794 1135 2877 1181 est
2922 1122 3149 1180 Tabitha
3196 1122 3331 1195 (Act.
3363 1123 3639 1194 l0),,quis

2062 1208 2193 1268 cani
2220 1208 2531 1270 suscitavit?
2548 1216 2697 1272 servi
2722 1215 3180 1270 circumsistentes
3204 1253 3221 1277 ,
3262 1229 3331 1268 an
3358 1206 3588 1268 mendici
3612 1212 3638 1266 τ

2063 1297 2139 1359 Tu
2171 1314 2348 1367 autem
2381 1321 2445 1361 ne
2468 1306 2692 1361 iibcrttm
2715 1305 2927 1375 quidem
2946 1306 3026 1360 vis
3049 1320 3207 1361 servo
3230 1319 3416 1377 parem
3439 1296 3624 1359 facere.

2065 1393 2157 1453 Εμι
2184 1410 2429 1465 maguum
2461 1393 2629 1466 frigus
2654 1406 2708 1451 et
2732 1395 2876 1466 jacet
2905 1410 3109 1465 pauper
3140 1408 3434 1463 pannosus.
3457 1406 3631 1446 cmor-

2063 1492 2206 1547 tuus.
2240 1484 2471 1541 stridens
2497 1486 2747 1541 dentibus
2768 1525 2785 1553 ,
2834 1494 2889 1541 et
2915 1486 3004 1555 qui
3031 1492 3252 1555 aspectu
3292 1494 3342 1538 et
3373 1483 3556 1537 habitu
3585 1488 3639 1539 te

2063 1584 2240 1643 potest
2264 1591 2607 1633 commovere
2642 1594 2656 1633 :
2702 1589 2758 1632 tu
2790 1587 2966 1632 autem
2995 1573 3179 1631 calens
3199 1583 3255 1631 et
3282 1574 3464 1630 ebrius
3494 1590 3634 1643 prm-

2061 1666 2188 1721 teris
2212 1684 2227 1721 :
2259 1674 2311 1721 et
2340 1666 2612 1737 quomodo
2639 1666 2721 1723 vis
2745 1677 2802 1722 ut
2833 1668 2971 1721 Deus
2995 1676 3047 1722 te
3071 1662 3294 1737 eripiat,
3332 1661 3547 1735 quando
3574 1679 3636 1718 es

2064 1754 2117 1812 in
2140 1757 2487 1813 calamitate?
2508 1757 2666 1828 Stepe
2693 1766 2867 1812 autem
2888 1756 2989 1812 hoc
3014 1771 3226 1827 quoque
3252 1757 3417 1811 dicis:
3452 1754 3564 1826 Ego
3588 1746 3635 1808 si

2059 1860 2262 1909 essem.
2306 1857 2361 1903 et
2412 1847 2576 1902 multa
2608 1857 2917 1916 peccantem
2965 1846 3194 1916 aliquem
3253 1844 3579 1914 accepissem
3615 1881 3633 1910 ,

2061 1953 2182 1992 eum
2199 1937 2545 2001 dimisissem,
2568 1945 2621 1992 et
2639 1936 2777 1991 Deus
2795 1952 2899 1991 non
2917 1932 3168 1991 dimittit?
3186 1935 3261 1989 Ne
3280 1936 3379 1990 hoc
3398 1935 3596 1989 dixeris
3618 1950 3631 1986 :

2060 2016 2116 2083 tu
2155 2026 2299 2083 enim
2325 2042 2447 2083 eum
2504 2027 2594 2097 qui
2641 2026 2693 2080 in
2725 2034 2776 2082 te
2803 2025 2934 2080 nihil
2970 2023 3241 2096 peccavit,
3282 2040 3438 2094 quem
3484 2032 3636 2092 potes

2062 2116 2605 2191 liberare,despjcis.
2652 2117 2708 2174 Si
2759 2119 2918 2173 talem
2970 2126 3025 2171 tu
3052 2117 3316 2187 despicis,
3365 2114 3636 2187 quomodo

2061 2207 2201 2264 Deus
2218 2217 2270 2264 te
2283 2207 2374 2278 qui
2398 2209 2451 2263 in
2477 2209 2649 2279 ipsum
2674 2222 2862 2277 peccas
2886 2205 3165 2262 dimittet?
3184 2222 3362 2262 annon
3382 2208 3493 2263 haec
3531 2220 3638 2261 mc.-

2058 2286 2242 2355 rentor
2256 2298 2594 2370 gehennam?
2622 2300 2688 2355 Et
2706 2298 2831 2369 quid
2857 2299 3050 2355 mirum
3065 2298 3091 2352 ?
3111 2312 3307 2368 corpus
3331 2311 3473 2367 saepe
3496 2311 3635 2352 mor-

2063 2399 2243 2455 tuum.
2268 2390 2416 2445 nullo
2441 2405 2600 2447 sensu
2637 2390 2939 2462 praeditum.
2972 2388 3229 2445 honorem
3250 2403 3355 2443 non
3395 2388 3629 2458 amplius

2055 2482 2317 2549 sentiens,
2342 2480 2818 2537 innumerabilibus
2832 2480 2994 2535 variis
3013 2489 3067 2535 et
3088 2479 3267 2534 aureis
3285 2494 3447 2533 ornas
3463 2477 3599 2532 vesti
3610 2506 3634 2518 -

2055 2570 2153 2625 bus
2173 2590 2188 2626 :
2208 2571 2332 2625 illud
2356 2581 2532 2627 autem
2561 2571 2701 2641 quod
2729 2570 2896 2638 dolet,
2919 2569 3184 2625 laceratur
3203 2578 3257 2624 et
3283 2577 3561 2639 torquetur
3578 2579 3636 2624 et

2052 2656 2085 2711 ιι
2112 2658 2250 2715 fame
2273 2669 2327 2715 et
2357 2660 2560 2731 frigore
2586 2661 2879 2728 cruciatur,
2912 2660 3163 2731 despicis,
3192 2668 3245 2714 et
3271 2660 3413 2714 inani
3442 2659 3629 2731 gloria:

2053 2750 2173 2821 pius
2225 2750 2438 2822 largiris
2467 2765 2626 2820 quam
2680 2752 2772 2807 Dei
2816 2751 3016 2806 timori.
3064 2751 3240 2821 Atque
3270 2749 3474 2805 utinam
3506 2749 3632 2806 hac-

2053 2849 2208 2895 tenus
2233 2857 2247 2907 ;
2277 2840 2374 2896 sed
2392 2840 2638 2912 protinus
2664 2845 3010 2896 accedentem
3035 2855 3258 2896 accusas
3282 2858 3296 2895 :
3326 2841 3435 2896 Cur
3460 2842 3630 2908 enim,

2055 2926 2254 3001 inquis,
2309 2946 2416 2986 non
2443 2931 2738 3002 operetur?
2784 2947 2881 2987 cur
2907 2946 3036 2986 vero
3081 2932 3284 2986 otiosus
3312 2931 3509 2986 alitur?
3537 2932 3634 2987 Dic.

2055 3022 2184 3079 mihi
2217 3041 2231 3078 :
2258 3032 2314 3078 ιιι
2340 3033 2516 3078 autem
2535 3038 2835 3094 operansne
2855 3023 3023 3079 habes
3053 3039 3172 3094 quae
3195 3023 3382 3091 habes,
3403 3040 3509 3080 non
3535 3040 3634 3080 au-

2054 3122 2161 3169 tem
2186 3123 2404 3185 accepta
2426 3114 2720 3169 hereditate
2746 3125 2963 3184 paterna
2980 3113 3167 3182 ?Quod
3187 3115 3231 3168 si
3254 3116 3415 3169 etiam
3436 3132 3632 3184 opera-

2056 3205 2173 3271 ris,
2227 3214 2510 3275 propterea
2563 3205 2654 3260 alii
2682 3203 3019 3275 exprobras?
3071 3220 3177 3260 non
3224 3205 3378 3259 audis
3408 3206 3630 3260 Paulum

2052 3294 2364 3350 dicentem?
2393 3294 2680 3366 Postquam
2727 3296 2869 3349 enim
2910 3294 3080 3361 dixit,
3117 3295 3217 3362 Qui
3256 3312 3358 3348 non
3389 3308 3634 3363 operatur

2054 3402 2144 3442 nec
2164 3388 2431 3442 manducet
2456 3429 2472 3455 ,
2500 3387 2629 3443 dicit
2662 3405 2676 3442 :
2716 3384 2813 3441 Vos
2847 3396 3014 3442 autent
3042 3387 3225 3441 bonum
3257 3388 3499 3457 facientes
3530 3407 3632 3444 non

2052 3478 2302 3547 deﬁciatis
2361 3479 2455 3552 (2.
2507 3477 2686 3534 Thess.
2731 3474 2790 3536 3.
2834 3477 2924 3533 10.
2974 3478 3042 3533 15
3164 3478 3271 3534 Sed
3323 3478 3498 3547 dicis,
3543 3482 3636 3537 Est

2055 3572 2337 3642 impostor.

2121 3685 2156 3740 ι
2203 3684 2334 3748 Quid
2367 3692 2421 3739 tu
2445 3682 2599 3747 dicis,
2629 3698 2664 3736 ιι
2689 3682 2887 3738 homo?
2918 3693 3138 3753 propter
3164 3696 3328 3737 unum
3359 3697 3549 3752 panem
3576 3694 3634 3741 et

2050 3782 2252 3831 vestem
2282 3789 2404 3828 eum
2431 3773 2672 3842 appellas
2694 3773 3089 3842 impostorcm?
3120 3774 3189 3826 At
3209 3774 3390 3827 statim
3424 3774 3475 3829 id
3500 3790 3631 3831 ven-

2050 3862 2167 3927 dit,
2191 3862 2381 3931 inquit.
2409 3862 2489 3916 Tu
2519 3873 2697 3915 autem
2729 3862 2908 3914 omnia
2952 3871 3039 3914 tua
3073 3869 3220 3918 recte
3243 3861 3633 3919 administras?

2052 3940 2189 4010 Quid
2216 3955 2346 3997 vero
2364 3941 2390 3995 ?
2417 3954 2678 3997 omnesne
2723 3949 2846 3994 sunt
2872 3953 3134 4008 pauperes
3176 3948 3395 4008 propter
3421 3940 3592 3993 otium
3609 3939 3635 3991 τ

2050 4048 2212 4090 nemo
2242 4041 2461 4103 propter
2485 4031 2867 4101 naufragium?
2895 4046 3054 4086 nemo
3080 4041 3301 4102 propter
3324 4029 3585 4099 judicium
3608 4028 3634 4084 2

2051 4139 2211 4181 nemo
2239 4133 2457 4196 propter
2483 4121 2726 4182 furtum?
2751 4137 2911 4178 nemo
2926 4133 3146 4193 propter
3172 4120 3451 4193 pericula?
3474 4134 3635 4175 nemo

2051 4224 2275 4286 propter
2303 4213 2563 4269 morbos?
2607 4227 2769 4268 nemo
2792 4221 3013 4283 propter
3039 4211 3205 4266 alium
3234 4210 3458 4267 casum?
3484 4208 3590 4265 Sed
3613 4247 3631 4273 ,

2049 4304 2096 4359 si
2139 4303 2465 4360 audierimus
2516 4303 2748 4373 aliquem
2780 4303 2896 4358 h:ee
2942 4301 3351 4371 dcplorautem,
3379 4308 3436 4357 ct
3477 4298 3634 4357 valde

2049 4394 2429 4451 vociferantem
2454 4436 2469 4458 ,
2498 4404 2554 4451 et
2602 4394 2803 4448 nudum
2832 4394 2886 4448 in
2914 4393 3105 4448 caelum
3131 4392 3550 4460 suspicientem,
3577 4397 3633 4446 et

2051 4486 2368 4555 promissam
2385 4499 2592 4540 comam
2613 4484 2868 4544 alentem.
2892 4492 2944 4536 et
2971 4483 3161 4552 pannis
3173 4482 3425 4545 obsitum,
3452 4482 3631 4537 statim

2051 4591 2174 4632 eum
2193 4575 2787 4647 impostorem,planum
2802 4582 2861 4630 et
2880 4573 3246 4629 simulatorem
3271 4569 3629 4642 appellamus.

2052 4669 2169 4725 Non
2217 4677 2270 4724 te
2316 4668 2516 4738 pudet?
2546 4683 2833 4738 quemnam
2874 4681 3035 4723 vocas
3083 4663 3466 4737 impostorem?
3490 4662 3635 4720 Nihil

2051 4758 2269 4816 dederis
2289 4801 2304 4825 ,
2327 4769 2383 4817 et
2426 4775 2496 4815 ne
2519 4775 2644 4816 eum
2687 4773 2932 4815 accuses.
2962 4758 3069 4815 Sed
3122 4757 3281 4812 habet
3301 4799 3316 4821 ,
3347 4757 3555 4826 inquit,
3580 4768 3638 4813 et
3704 4764 3707 4767 '

2052 4851 2287 4907 simulat.
2321 4850 2435 4907 Hoc
2462 4860 2546 4907 est
2575 4851 2649 4907 tui
2674 4892 2689 4917 ,
2721 4866 2830 4907 non
2869 4850 3012 4905 illius
3054 4848 3327 4904 accusatio
3356 4865 3369 4903 :
3398 4848 3501 4903 scit
3526 4849 3628 4902 sibi

2054 4957 2168 4997 rem
2196 4957 2319 4997 esse
2359 4956 2484 4996 cum
2532 4940 2871 5008 crudelibus,
2902 4954 3027 4995 cum
3055 4937 3247 4994 belluis
3274 4938 3443 5008 magis
3467 4953 3627 5009 quam

2053 5048 2176 5090 eum
2224 5032 2565 5099 hominibus,
2593 5041 2647 5088 et
2672 5031 2815 5102 quod
2842 5030 3053 5087 etiamsi
3101 5031 3323 5087 verbum
3352 5029 3636 5099 eloquatur

2054 5124 2397 5191 miserabile,
2429 5124 2702 5181 neminem
2734 5124 2931 5193 poterit
2975 5121 3285 5178 attrahere:
3313 5131 3369 5178 et
3394 5121 3515 5178 ideo
3542 5136 3637 5177 ne-

2054 5230 2209 5271 cesse
2233 5215 2396 5271 habet
2420 5230 2481 5270 se
2507 5214 2879 5269 miserabiliorl
2908 5210 3092 5268 habitu
3123 5213 3366 5277 induere,
3397 5223 3456 5267 ut
3484 5222 3632 5266 tuum

2055 5306 2263 5377 frangat
2288 5306 2550 5361 animum.
2574 5304 2632 5360 Si
2660 5302 2949 5359 viderimus
2990 5304 3293 5373 quempiam
3334 5305 3386 5357 in
3429 5301 3637 5357 liberali

2054 5397 2239 5454 habitu
2268 5396 2647 5459 accedentem;
2675 5392 2803 5461 Iste,
2832 5394 3025 5466 inquit,
3056 5404 3142 5450 est
3171 5395 3463 5463 impostor.
3494 5403 3548 5447 et
3577 5403 3639 5448 ιιι

2057 5491 2298 5546 videatur
2323 5490 2548 5543 honesto
2574 5488 2694 5543 loco
2719 5503 2840 5544 esse
2887 5496 3073 5550 natus,
3105 5487 3175 5540 ita
3205 5484 3413 5540 accedit
3439 5501 3453 5538 :
3482 5485 3530 5541 si
3553 5487 3638 5539 vi-

2055 5584 2293 5647 derimus
2320 5582 2374 5637 in
2401 5581 2585 5635 habitu
2602 5581 2898 5645 contrario,
2915 5594 3038 5634 eum
3065 5577 3227 5634 etiam
3256 5577 3634 5646 vituperamus.

2056 5674 2192 5744 Quid
2211 5675 2322 5746 jam
2356 5673 2595 5731 facient?
2623 5674 2666 5730 Ο
2715 5670 3010 5729 εωιὶιίειιιιῑ
3054 5686 3087 5726 o
3118 5670 3500 5727 indolentiam!
3529 5670 3637 5726 Cur
