4088 6204
435 214 505 271 95
1088 221 1147 279 s.
1186 223 1459 286 JOANNIS
1493 232 1968 308 ettnvsosront
2002 234 2318 315 Aactnsr.
2358 215 2886 308 consummes.

432 326 694 391 membra,
728 325 896 396 inquit
923 369 937 393 ,
984 327 1234 397 aperiunt
1283 329 1562 384 mutilata?
1584 330 1811 404 Propter
1842 347 1892 392 te
1922 358 1936 390 :
1968 341 2013 395 si

431 429 673 491 essemus
704 416 1101 484 misericordes,
1124 432 1228 471 non
1248 429 1388 474 esset
1407 420 1485 474 eis
1507 436 1640 491 opus
1668 422 1750 478 Itis
1776 427 1978 484 :Il'llims
1998 474 2012 487 ,

432 505 476 559 si
497 520 526 559 a
556 485 726 574 primo
742 522 957 561 accessu
983 509 1392 576 persuasissent,
1411 525 1517 564 non
1540 506 1645 567 tam
1661 514 1821 570 multa
1835 522 2015 575 essent

432 599 742 653 machinati.
775 599 904 666 Quis
921 610 1001 653 est
1024 599 1162 654 adeo
1185 600 1369 665 miser,
1400 611 1456 656 ut
1477 612 1682 659 tantum
1715 607 1842 663 velit
1864 613 2010 667 voci-

433 687 613 752 ferari,
639 698 696 742 ut
721 703 778 743 se
801 689 926 743 velit
943 688 1194 744 indecore
1216 686 1431 760 gerere,
1454 703 1512 746 ut
1538 694 1664 749 velit
1681 697 1890 765 publice
1915 701 2008 755 dc-

433 779 565 835 ﬂere
585 788 641 834 et
663 779 941 833 lamentari
955 796 1076 834 cum
1093 781 1230 835 nuda
1251 798 1443 851 uxore,
1459 800 1578 840 cum
1598 787 1719 843 liliis
1733 797 2012 865 conspergi

431 868 653 925 cinere?
680 868 805 924 ﬂare
829 878 956 925 sunt
1004 872 1192 941 quavis
1238 885 1548 946 paupertate
1580 874 1868 936 deteriora.
1907 885 2012 943 Sed

431 970 649 1030 propter
679 959 794 1015 hare
824 976 924 1016 nos
951 977 1055 1016 non
1084 960 1255 1018 solum
1293 981 1478 1020 eorum
1505 982 1610 1023 non
1641 971 1967 1030 “miseremur
1992 1020 2008 1045 ,

430 1050 526 1107 sed
552 1051 711 1106 etiam
752 1067 848 1108 eos
890 1066 1222 1112 accusamus.
1253 1056 1319 1113 Et
1356 1060 1531 1117 adhuc
1573 1067 2014 1126 succensebimus

430 1143 574 1216 quod
602 1145 767 1200 Deum
788 1157 1036 1217 rogantes
1059 1164 1163 1203 non
1196 1150 1580 1208 exaudiamur?
1603 1166 1655 1212 et
1671 1157 1848 1216 adhuc
1870 1177 2014 1233 (νει-θ

431 1231 686 1299 feremus,
711 1236 850 1305 quod
877 1246 1092 1292 orantes
1112 1254 1215 1293 non
1261 1244 1719 1308 persuadeamus?
1739 1247 1855 1302 Non
1886 1231 2015 1307 bor-

424 1323 708 1387 rescimus,
737 1338 770 1376 o
795 1322 973 1379 dilecti
994 1324 1021 1377 τ
1048 1324 1118 1379 At
1140 1338 1305 1395 saepe,
1329 1327 1518 1397 inquit,
1549 1328 1694 1384 dedi.
1726 1329 1803 1385 Tu
1825 1341 2005 1387 autem

424 1424 532 1466 non
577 1426 791 1482 semper
816 1414 1095 1468 comedis?
1141 1431 1335 1485 pueros
1364 1427 1541 1473 autem
1590 1434 1733 1489 srepe
1758 1431 2006 1490 petentes

424 1516 550 1556 num
580 1498 791 1572 abigis?
820 1502 867 1559 0
910 1503 1324 1575 impudentiam!
1356 1507 1650 1579 Pauperem
1698 1527 1859 1568 vocas
1906 1513 2004 1568 im-

423 1592 759 1662 pudentem?
784 1604 838 1651 et
869 1605 922 1650 tu
967 1598 1181 1667 quidem
1209 1600 1428 1669 rapiens
1457 1617 1563 1657 nou
1593 1618 1651 1658 es
1680 1604 1962 1675 imprudens
1986 1620 2001 1662 :

421 1682 516 1739 ille
543 1694 721 1741 autem
754 1702 948 1754 rogans
973 1698 1029 1742 ut
1054 1688 1150 1744 des
1202 1706 1391 1760 pauent
1423 1701 1505 1746 est
1538 1693 1858 1763 impudens?
1885 1695 2001 1751 Non

422 1775 624 1844 cogitas
653 1787 845 1846 quanta
874 1778 943 1831 sit
968 1780 1170 1833 ventris
1195 1782 1535 1837 necessitas?
1563 1799 1745 1838 annon
1787 1795 2006 1854 propter

423 1864 526 1919 hoc
540 1866 667 1921 facis
694 1867 904 1921 omnia?
918 1882 1095 1923 annon
1116 1880 1401 1940 propterea
1430 1872 1652 1942 negligis
1676 1874 2006 1944 spiritualial‘

420 1970 597 2013 annon
623 1963 948 2030 propositum
976 1971 1059 2016 est
1087 1963 1276 2017 cadum
1305 1974 1357 2018 et
1384 1980 1605 2034 regnum
1628 1966 1921 2021 calorum?
1948 1976 2003 2024 tu

421 2059 603 2105 autem
634 2051 775 2105 illius
817 2052 1013 2106 timens
1063 2044 1401 2124 tyrannidem
1433 2056 1614 2119 omnia
1656 2056 1920 2124 sustines,
1948 2065 2004 2112 et

424 2157 530 2195 non
558 2141 834 2212 despicis?
860 2143 986 2198 llzec
1026 2153 1107 2199 est
1134 2144 1480 2214 impudentia.
1511 2144 1627 2201 Non
1667 2146 1817 2201 vides
1845 2161 2003 2203 senes

420 2244 638 2286 mancos
666 2241 719 2287 et
743 2234 999 2288 mutilos?
1029 2233 1157 2301 Sed,
1186 2250 1219 2288 ο
1245 2234 1495 2291 delirium
1519 2237 1534 2290 l
1563 2237 1679 2304 llic,
1712 2237 1902 2308 inquit,
1927 2246 2004 2294 tot

419 2335 610 2376 aureos
638 2321 729 2376 dat
760 2321 950 2378 ftenori
974 2341 989 2388 ;
1024 2325 1118 2379 ille
1147 2335 1324 2380 autem
1360 2336 1457 2389 tot,
1483 2337 1537 2382 ct
1558 2329 1844 2384 mendicat.
1872 2330 2002 2385 Par-

419 2427 607 2468 vorum
641 2432 926 2485 puerorum
960 2419 1188 2472 narratis
1238 2418 1475 2486 fabulas,
1511 2437 1784 2493 nuga~que
1819 2432 1873 2479 et
1899 2424 1998 2480 de-

420 2494 537 2557 liria
572 2523 584 2558 :
618 2519 741 2558 nam
785 2506 858 2560 illi
893 2505 1097 2562 fabulas
1131 2496 1264 2564 tales
1299 2524 1329 2563 a
1356 2512 1565 2567 nutrice
1604 2514 1846 2569 audiunt.
1878 2514 1998 2569 Non

421 2592 525 2647 hoc
554 2607 862 2661 persuasum
895 2593 1089 2663 habeo,
1123 2612 1227 2652 non
1255 2600 1453 2667 credo,
1487 2603 1645 2656 absit.
1683 2601 2000 2660 Foeneratur

418 2682 653 2754 aliquis,
682 2694 735 2740 et
787 2702 911 2740 cum
966 2689 1203 2744 abundet
1230 2692 1419 2760 opibus
1463 2693 1774 2749 mendicat?
1815 2710 2001 2766 qnam-

419 2773 631 2838 ohrem,
649 2775 757 2842 dic,
775 2779 994 2847 qumso?
1017 2780 1143 2850 quid
1164 2793 1244 2836 est
1264 2784 1466 2853 turpius
1484 2800 1641 2852 quam
1661 2785 1999 2843 mendicare?

417 2865 587 2919 satius
615 2875 699 2921 est
720 2868 859 2922 mori
885 2912 900 2933 ,
928 2885 1088 2939 quam
1118 2872 1446 2928 memlicare.
1473 2874 1761 2946 Quousque
1798 2878 1999 2935 erimus

417 2958 543 3011 εωνὶ
568 2966 622 3013 et
652 2959 966 3016 inhumani?
1010 2962 1147 3029 Quid
1181 2980 1330 3029 vero,
1356 2982 1616 3023 utnncsne
1640 2966 1995 3038 ftenerantttr,

417 3059 675 3103 omnesne
713 3060 837 3104 stmt
895 3052 1258 3122 impostorcs?
1287 3071 1515 3111 nemone
1567 3074 1690 3113 vere
1739 3075 1941 3130 pauper
1971 3060 2001 3139 ?_

416 3134 593 3201 Certe,
615 3140 805 3210 inquit,
821 3153 944 3198 sunt
972 3146 1143 3202 mttlti.
1168 3147 1274 3203 Cur
1293 3163 1420 3220 ergo
1446 3150 1552 3205 illis
1570 3167 1674 3206 non
1694 3152 1798 3208 fers
1814 3170 1995 3223 opem,

415 3246 536 3285 cum
558 3231 632 3286 sis
658 3248 842 3288 eorum
866 3236 986 3291 νίιῖὒ
1012 3247 1231 3292 exactus
1250 3248 1303 3293 ει
1329 3251 1608 3295 accuratus
1630 3245 1998 3300 examinator?

415 3319 541 3374 llaec
566 3332 690 3375 sunt
717 3334 1005 3392 praetextns
1028 3337 1082 3382 et
1104 3329 1401 3382 excusatio.
1428 3328 1507 3382 Da
1535 3332 1672 3384 omni
1698 3336 1923 3402 petenti;
1949 3343 1999 3389 et

415 3427 529 3465 eum
553 3452 569 3475 ,
601 3411 691 3481 qui
716 3411 830 3465 uelit
858 3424 1033 3469 mutuo
1061 3416 1319 3486 accipere,
1352 3435 1415 3473 ne
1442 3423 1687 3476 averseris
1716 3439 1734 3477 :
1763 3426 1996 3481 extende

416 3515 630 3555 manum
663 3511 828 3570 tuam,
854 3521 921 3560 ne
947 3506 1016 3561 sit
1044 3517 1340 3563 contracta.
1371 3510 1484 3566 Non
1508 3528 1693 3570 sumus
1723 3516 1843 3570 vita:
1869 3533 1997 3573 exa-

418 3591 744 3659 minatores;
796 3595 989 3665 alioqui
1047 3596 1245 3651 nullius
1291 3599 1358 3653 ita
1407 3603 1799 3660 miserebimur.
1845 3606 1987 3675 Cur,

412 3679 630 3747 quando
673 3682 835 3736 Deum
862 3698 1019 3751 rugas
1039 3725 1054 3750 ,
1082 3684 1255 3741 dicis:
1281 3687 1359 3742 Ne
1389 3693 1701 3748 memineris
1749 3707 1998 3762 peccato-

413 3770 545 3816 rum
568 3767 846 3820 meorum?
864 3766 1252 3839 Quamobrem,
1266 3774 1481 3832 etiamsi
1502 3776 1590 3833 ille
1608 3778 1680 3832 sit
1698 3776 1854 3832 valde
1875 3793 1998 3849 pce-

417 3860 592 3922 eator,
616 3856 721 3914 hoc
743 3858 798 3913 in
824 3859 945 3929 ipso
965 3878 1183 3933 quoque
1207 3878 1414 3935 reputa,
1437 3876 1496 3921 et
1511 3870 1824 3925 memineris
1846 3871 1996 3929 illius

416 3956 791 4016 peccatorum.
829 3952 1185 4024 Benignitatis
1212 3968 1264 4011 et
1301 3959 1600 4014 clementiae
1632 3972 1716 4017 est
1755 3969 1988 4031 tempus,

418 4053 531 4093 non
550 4050 817 4096 accurata
833 4051 886 4096 et
900 4054 1105 4099 exactae
1122 4049 1559 4114 examinationis;
1583 4051 1988 4118 misericordiae,

416 4141 528 4181 non
556 4128 1010 4187 ratiocinationis.
1035 4134 1162 4188 Vult
1185 4139 1385 4193 nutriri
1408 4156 1421 4190 :
1445 4140 1490 4193 si
1515 4140 1595 4194 vis
1614 4142 1853 4208 quidem,
1888 4143 1988 4207 da;

416 4218 503 4274 sin
552 4219 758 4288 minus,
789 4223 1040 4289 amanda,
1074 4226 1208 4279 nihil
1240 4227 1573 4297 disceptaus.
1601 4228 1783 4296 Quare
1825 4233 1993 4287 miser

415 4324 480 4367 es
510 4318 567 4366 et
599 4310 828 4368 infelix?
860 4311 1042 4382 Quare.
1073 4332 1173 4372 nec
1205 4319 1321 4388 ipse
1350 4321 1655 4388 misereris,
1686 4329 1741 4377 et
1766 4337 1861 4379 eos
1893 4326 1989 4394 qui

414 4404 607 4459 volunt
637 4406 1041 4462 avertis?Nam
1082 4412 1302 4479 quando
1345 4412 1431 4467 hic
1468 4414 1552 4468 vel
1601 4412 1693 4468 ille
1724 4427 1753 4467 a
1802 4425 1853 4469 te
1886 4431 1988 4469 au-

415 4490 580 4548 dierit
609 4498 757 4567 quod
782 4496 885 4556 iste
913 4499 1130 4565 quidem
1170 4512 1253 4558 est
1288 4503 1562 4583 deceptor,
1595 4501 1685 4557 ille
1720 4518 1850 4559 vero
1884 4505 1989 4574 byn

409 4600 794 4614 m

3600 279 3673 333 96

2117 345 2319 447 pocrita
2362 356 2418 401 et
2447 350 2769 420 simulator,
2804 356 2904 415 iste
2954 370 3134 429 autem
3163 364 3454 428 laceratur
3477 395 3492 431 :
3518 392 3694 447 neque

2116 430 2199 486 his
2225 434 2334 502 dat,
2352 453 2525 508 neque
2548 442 2652 497 illis
2678 449 3013 516 :suspieatnr
3027 456 3169 510 enim
3189 473 3377 518 omnes
3397 430 3687 527 essetales.

2112 521 2270 625 Scitis
2292 529 2431 581 enim
2448 533 2588 601 quod
2620 537 2752 592 mala
2777 539 2929 597 facile
2949 546 3320 617 suspicamur;
3351 568 3472 625 quae
3500 521 3687 618 autem

2110 613 2273 681 bona,
2303 633 2408 672 non
2437 620 2584 677 item.
2605 623 2783 682 Simus
2812 631 3215 705 misericordes,
3241 656 3349 699 non
3366 613 3683 721 imumque,

2105 706 2201 759 sed
2231 717 2287 761 ut
2308 708 2466 767 Pater
2497 727 2679 773 noster
2701 721 2933 780 crelcstis
2964 743 2977 780 :
3007 728 3119 796 ipse
3141 733 3305 788 nutrit
3331 706 3606 799 adulteros
3625 706 3697 802 et.

2104 807 2434 856 scortatores
2462 813 2514 857 et
2540 811 2958 881 prrestigiatorcs
2982 834 2998 871 :
3024 826 3078 873 et
3105 821 3234 890 quid
3256 824 3421 881 dico?
3456 846 3555 895 eos
3586 837 3683 904 qui

2105 887 2350 946 laborant
2397 897 2541 952 omni
2572 913 2769 969 genere
2803 908 2935 961 vitii.
2966 909 3095 965 Nam
3124 887 3369 974 necesse
3391 887 3481 978 est
3528 887 3688 987 αι’-ἔπι

2104 988 2251 1035 tanto
2279 986 2479 1042 mundo
2509 993 2657 1047 nmlti
2685 996 2794 1051 sint
2823 1000 2954 1055 tales
2979 1018 2995 1056 :
3024 1004 3119 1060 sed
3150 1015 3330 1067 tamen
3361 1026 3552 1070 omnes
3577 1034 3681 1073 nu-

2102 1070 2191 1173 trit
2218 1088 2450 1174 nomnes
2479 1078 2649 1137 induit
2680 1102 2694 1138 :
2721 1101 2879 1145 nemo
2907 1107 3154 1164 umquam
3186 1096 3327 1157 fame
3348 1105 3536 1174 petiit,
3566 1070 3679 1165 nisi

2100 1159 2221 1228 quis
2243 1161 2379 1220 forte
2405 1182 2498 1223 sua
2523 1183 2739 1239 Sponte.

2170 1250 2416 1351 Monac/ti
2434 1258 2801 1333 eleemosyuam
2817 1278 3057 1336 petentes.
3084 1273 3416 1351 Eleemosgna
3429 1288 3683 1350 quomodo

2093 1339 2286 1396 danda.
2312 1374 2386 1386 —-
2421 1348 2490 1401 Ita
2523 1354 2690 1409 simus
2732 1359 3107 1438 misericordes
3141 1385 3155 1422 :
3187 1377 3243 1424 et
3267 1339 3510 1442 si'egeat,
3540 1386 3593 1430 et
3625 1379 3676 1435 si

2093 1431 2162 1485 sit
2184 1434 2235 1486 in
2256 1440 2594 1509 necessitate,
2615 1444 2662 1500 ei
2683 1447 2760 1503 l'er
2776 1434 2953 1521 opem.
2971 1454 3121 1513 Nunc
3141 1471 3318 1517 autem
3344 1431 3584 1522 venimus
3606 1484 3672 1523 eo
3686 1448 3699 1457 r

2095 1520 2596 1599 irrationabilitatis,
2630 1544 2687 1589 ut
2714 1520 2823 1592 non
2850 1545 3023 1598 solum
3049 1545 3150 1601 hoc
3172 1547 3436 1607 faciamus
3462 1554 3514 1609 in
3546 1574 3677 1626 pau-

2092 1612 2306 1714 peribus
2332 1617 2419 1686 qui
2443 1622 2717 1681 ambulant
2747 1644 2843 1698 per
2880 1637 3117 1706 compita
3143 1648 3197 1694 et
3223 1612 3559 1714 angiportus:
3578 1612 3681 1705 sed

2089 1703 2250 1808 etiam
2274 1708 2325 1762 in
2358 1710 2652 1770 monachis.
2679 1718 2775 1774 llic
2804 1723 2886 1777 vel
2915 1703 3023 1791 ille,
3052 1728 3242 1800 inquit,
3265 1703 3653 1808 est-impostor.

2090 1790 2207 1902 gon
2255 1798 2357 1902 hoc
2402 1805 2566 1902 modo
2604 1807 2844 1902 dicebam
2868 1857 2884 1884 ,
2916 1819 3061 1888 quod
3086 1790 3140 1876 si
3179 1790 3429 1883 omnibus
3447 1790 3671 1902 quidem

2088 1885 2278 1944 demus
2328 1891 2790 1961 indiscriminatim
2814 1945 2833 1974 ,
2871 1921 3092 1980 semper
3131 1885 3541 1988 miserebimu'r;
3576 1926 3662 1980 sin

2098 1994 2275 2041 autem
2298 1995 2628 2062 ceperimus
2651 2011 2771 2053 esse
2795 2001 2994 2055 curiosi
3019 2043 3035 2067 ,
3066 2019 3356 2077 numquam
3391 2009 3675 2066 miserebi-

2098 2093 2222 2133 mur
2237 2079 2264 2134 ἵ
2285 2081 2418 2150 Quid
2442 2085 2608 2142 dicis?
2639 2098 2695 2145 ut
2717 2105 2905 2160 panem
2928 2096 3154 2166 accipiat
3179 2108 3261 2153 est
3290 2099 3587 2168 impostor?
3609 2100 3671 2157 Si

2098 2176 2304 2238 peteret
2332 2174 2546 2244 quidem
2599 2179 2792 2235 talenta
2820 2183 2937 2238 auri
2978 2194 3031 2240 et
3070 2187 3313 2256 argenti,
3362 2199 3455 2245 aut
3499 2201 3677 2248 vestes

2094 2263 2358 2329 pretiosas
2394 2275 2450 2321 et
2496 2271 2804 2341 magnificas
2823 2313 2840 2340 ,
2873 2286 2965 2330 aut
2993 2279 3257 2351 mancipia
3280 2320 3299 2345 ,
3330 2282 3523 2337 merito
3549 2299 3671 2338 cum

2021 2396 2024 2403 .
2089 2366 2311 2410 vocares
2337 2357 2676 2428 deceptorem
2700 2381 2716 2418 :
2744 2366 2789 2421 si
2815 2376 2993 2424 autem
3034 2369 3170 2443 nihil
3199 2370 3414 2440 horum,
3445 2373 3537 2429 sed
3569 2376 3671 2429 ali-

2016 2489 2020 2494 .
2090 2455 2329 2502 tnentum
2350 2460 2404 2504 et
2431 2460 2814 2524 tegumentum,
2839 2475 2959 2529 quin
2976 2472 3100 2516 sunt
3126 2456 3496 2534 philosophiae,
3518 2482 3669 2532 num,

2087 2552 2272 2606 (μείρεο
2295 2580 2310 2604 ,
2335 2541 2458 2598 ideo
2485 2543 2778 2617 deceptor?
2806 2552 3089 2610 Cessemus
3109 2557 3176 2611 ab
3201 2555 3301 2612 hac
3326 2560 3670 2629 importuna,

2083 2633 2319 2688 satauica
2354 2645 2409 2691 et
2449 2640 2743 2708 perniciosa
2772 2647 3105 2705 curiositate.
3137 2650 3271 2707 Nam
3300 2654 3345 2708 si
3370 2669 3430 2709 se
3451 2656 3502 2709 in
3533 2657 3681 2713 cli-ri.

2083 2721 2296 2791 quidem
2328 2741 2612 2785 numerum
2641 2732 2782 2790 dicat
2801 2751 2920 2794 esse
2942 2741 3191 2810 relatum,
3218 2754 3309 2798 aut
3333 2745 3377 2800 si
3405 2760 3463 2800 se
3491 2751 3671 2805 nomi-

2083 2821 2176 2867 net
2227 2816 2882 2895 sacerdotem,diligenter
2926 2828 3154 2900 inquire,
3177 2844 3231 2889 et
3268 2834 3343 2891 sis
3388 2839 3662 2907 curiosus;

2084 2917 2189 2957 non
2216 2914 2300 2960 est
2327 2909 2471 2964 enim
2503 2927 2698 2983 expers
2725 2919 2945 2986 periculi
2977 2938 3098 2993 quae
3126 2926 3242 2981 sine
3283 2929 3530 2985 examine
3556 2931 3668 2987 illic

2082 2990 2141 3046 tit
2164 2998 2618 3069 communicatio;
2651 3004 2721 3061 de
2749 3008 2909 3064 rebus
2938 2990 3081 3067 enim
3114 3017 3319 3090 magnis
3347 3029 3428 3075 est
3457 3022 3667 3089 pericu-

2080 3080 2187 3138 lum
2220 3102 2233 3139 :
2261 3089 2403 3158 quod
2429 3092 2473 3146 si
2499 3096 2675 3151 cibum
2703 3110 2868 3168 petat,
2898 3102 3025 3158 nihil
3048 3083 3358 3175 examines;
3389 3128 3493 3166 non
3520 3115 3662 3170 enitn

2078 3176 2195 3273 das,
2226 3182 2319 3273 sed
2343 3186 2567 3273 accipis.
2595 3189 2827 3260 Exquire
2851 3195 2894 3248 si
2919 3196 3018 3257 vis,
3053 3208 3106 3252 et
3132 3211 3373 3257 scrutare
3397 3208 3662 3273 quomodo

2090 3263 2360 3318 Abraham
2392 3280 2451 3320 se
2480 3267 2760 3326 exhiberet
2790 3271 3107 3343 hospitalem
3150 3279 3204 3334 in
3233 3263 3427 3337 Ulltllea'
3449 3285 3541 3354 qui
3579 3299 3673 3343 ac:

2086 3352 2368 3410 cedebant.
2389 3356 2445 3412 Si
2468 3358 2537 3413 de
2560 3360 2622 3415 iis
2644 3362 2732 3431 qui
2764 3362 2829 3418 ad
2858 3366 3031 3435 ipsum
3060 3370 3438 3442 confugiebant
3457 3352 3670 3433 curioso

2087 3452 2233 3499 esset
2260 3457 2547 3517 scrutatus,
2567 3450 2797 3523 hospitio
2825 3473 2930 3510 non
2954 3441 3252 3528 exwpisset
3278 3465 3527 3536 angelos;
3560 3466 3667 3523 for-

2088 3544 2229 3591 tasse
2244 3539 2387 3592 enim
2416 3555 2521 3594 non
2547 3543 2858 3602 existimans
2883 3564 2977 3603 eos
2995 3564 3116 3606 esse
3137 3553 3376 3624 angelos,
3405 3572 3524 3612 cum
3547 3560 3668 3615 aliis

2089 3626 2209 3684 illos
2237 3647 2447 3702 quoque
2486 3635 2779 3703 expulisset
2810 3658 2823 3693 :
2853 3639 2946 3693 sed
2981 3643 3232 3711 quoniam
3279 3661 3467 3702 onmes
3514 3651 3664 3705 exci-

2088 3720 2284 3790 piebat,
2317 3725 2526 3795 excepit
2547 3728 2708 3783 etiam
2731 3732 2971 3801 angelos.
2996 3733 3128 3790 Num
3148 3752 3212 3792 ex
3234 3738 3337 3793 vita
3364 3743 3551 3796 eorum
3572 3744 3665 3812 qui

2086 3815 2384 3883 accipiunt,
2416 3817 2508 3871 tibi
2535 3819 2836 3876 mercedem
2865 3822 2955 3878 dat
2982 3825 3160 3880 Deus?
3200 3827 3279 3883 Ex
3306 3830 3475 3886 libero
3500 3832 3665 3887 animi

2087 3892 2350 3973 instituto,
2372 3924 2436 3963 ex
2460 3912 2623 3965 multa
2646 3913 2965 3973 liberalitate
2990 3926 3042 3971 et
3061 3921 3542 3990 mttnil'icentia,'ex
3572 3925 3667 3980 be-

2088 3998 2343 4067 nignitate
2373 4011 2427 4055 et
2459 4002 2695 4061 bonitate
2729 4023 2742 4059 :
2773 4006 2889 4062 lure
2916 4009 3076 4077 adsit,
3120 4022 3172 4067 et
3195 4014 3374 4068 omnia
3412 4016 3549 4070 bona
3575 4031 3671 4070 as-

2086 4091 2351 4155 sequeris.
2377 4091 2506 4160 Qua:
2530 4094 2688 4148 detur
2711 4098 2963 4153 omnibus
2990 4101 3145 4158 nobis
3170 4105 3424 4176 consequi
3447 4146 3469 4171 ,
3492 4109 3663 4176 gratia

2085 4189 2139 4233 et
2168 4179 2491 4252 benignitate
2523 4186 2736 4242 Domini
2786 4191 2957 4255 nostri
2984 4192 3112 4249 .lesu
3139 4194 3338 4255 Christi
3363 4238 3379 4264 ,
3406 4213 3528 4252 cum
3558 4214 3666 4269 quo

2087 4272 2229 4327 Patri
2274 4290 2376 4328 una
2428 4289 2786 4345 cum_sancto
2828 4282 3031 4353 Spiritu
3074 4288 3241 4358 gloria
3270 4330 3289 4355 ,
3340 4289 3661 4362 imperium,

2089 4362 2296 4429 honor,
2328 4380 2472 4420 nunc
2512 4374 2569 4422 et
2611 4384 2862 4441 semper,
2899 4381 2958 4431 et
2982 4375 3036 4430 in
3083 4376 3279 4435 saecula
3324 4381 3664 4437 saeclorum.

2090 4451 2278 4506 Amen.

801 4599 3256 4637 _..._.________._______.__________________________________

1860 4656 2202 4724 HOMILIA
2234 4664 2387 4728 XII.

408 4770 538 4829 Car.
569 4774 617 4827 7.
669 4787 719 4827 ν.
774 4772 822 4826 l.
871 4767 969 4824 Hie
1008 4766 1142 4823 enim
1194 4765 1597 4832 Melchisedech,
1637 4782 1728 4821 rex
1774 4767 1990 4836 Solem,

483 4881 718 4918 secernas
751 4862 846 4917 Dei
867 4863 1066 4923 autumi,
1099 4860 1186 4930 qui
1211 4859 1419 4913 obuiauit
1451 4858 1667 4913 Abralue
1689 4875 1923 4930 regresso
1965 4876 1998 4913 ο

485 4954 624 5009 aede
647 4971 841 5025 regum,
875 4964 924 5008 et
948 4954 1199 5009 benedixit
1224 4953 1272 5008 ei
1299 4968 1319 5006 :
1344 4952 1398 5007 9.
1429 4953 1516 5006 esti
1537 4961 1585 5003 et
1623 4952 1849 5007 decimas
1887 4968 1999 5006 out-

489 5047 631 5098 nium
656 5044 827 5098 dit-isi!
852 5044 1142 5109 Abraham;
1173 5045 1388 5114 primum
1414 5043 1618 5115 quidem
1637 5044 1997 5114 interpretatur

487 5152 578 5191 rea:
593 5135 832 5206 justitite,
856 5135 1039 5190 deinde
1061 5146 1229 5190 autem
1248 5145 1298 5190 et
1316 5151 1408 5190 rex
1428 5135 1623 5202 Salem,
1653 5136 1789 5205 quod
1812 5144 1885 5189 est
1907 5148 1999 5189 res

490 5231 632 5298 paris
648 5244 666 5290 ;
696 5226 751 5281 3.
783 5225 892 5280 sine
916 5237 1059 5294 patre
1077 5269 1091 5291 ,
1124 5229 1235 5281 sine
1271 5238 1462 5291 matre,
1513 5228 1623 5281 sine
1661 5226 1959 5297 genealogis
1976 5265 1993 5292 ,

491 5334 648 5387 neque
671 5316 872 5370 initium
901 5315 1118 5379 dierum,
1148 5334 1305 5388 neque
1330 5319 1482 5387 ﬁnem
1507 5318 1623 5372 vita:
1659 5318 1846 5371 habens
1864 5358 1878 5380 ,
1908 5332 1997 5370 as-

489 5409 740 5463 similatas
766 5418 933 5463 autem
966 5405 1104 5462 Filio
1129 5407 1246 5476 Dei,
1281 5419 1447 5464 manu
1475 5409 1786 5464 sacerdosin
1813 5424 1994 5480 perpe-

490 5510 650 5554 tuum.
1736 5576 1741 5579 _

496 5592 544 5647 l.
585 5593 791 5650 Veteris
813 5604 866 5651 rt
892 5594 1023 5652 Novi
1053 5593 1241 5650 volens
1284 5592 1478 5651 Paulus
1516 5592 1802 5653 ostendere
1842 5590 1998 5650 diﬂ'e-

2100 4772 2355 4841 rentiam,
2381 4772 2569 4829 multis
2595 4774 2655 4830 in
2680 4775 2817 4831 locis
2838 4776 2897 4833 id
2921 4777 3231 4836 dissentiant
3255 4821 3274 4846 ,
3304 4782 3679 4855 praduditque,

2099 4874 2362 4930 auresque
2391 4863 2695 4919 auditorum
2716 4866 2964 4935 explorat
2985 4876 3041 4923 et
3085 4870 3233 4937 prius
3269 4883 3504 4929 exercet.
3549 4874 3681 4930 Nam

2106 4960 2162 5006 et
2190 4952 2369 5007 statim
2397 4954 2464 5008 ab
2493 4954 2649 5012 initio
2676 4955 2779 5013 hoc
2806 4967 3079 5027 tamquam
3099 4960 3501 5021 fundamentum
3525 4968 3678 5037 jecit,

2100 5040 2287 5099 dicens
2316 5061 2332 5097 :
2362 5043 2469 5098 Illis
2497 5046 2715 5115 quidem
2741 5048 2988 5117 loquutus
3012 5060 3098 5105 est
3122 5051 3174 5105 in
3198 5053 3493 5123 pmphetis,
3525 5057 3682 5114 nobis

2102 5142 2279 5190 autem
2309 5136 2360 5189 in
2392 5134 2528 5190 Filio
2562 5153 2576 5190 :
2610 5138 2720 5193 illis
2752 5140 3096 5197 multifariam
3144 5145 3429 5217 multisque
3472 5150 3681 5216 modis,

2100 5226 2256 5281 nobis
2279 5239 2456 5283 autem
2486 5244 2580 5298 per
2607 5230 2826 5286 Filium.
2862 5233 3063 5290 Deinde
3090 5250 3212 5293 cum
3237 5237 3306 5292 de
3354 5239 3490 5296 Filio
3534 5242 3681 5310 quis-

2101 5331 2225 5370 nam
2253 5328 2396 5375 esset
2421 5318 2759 5376 disseruisset
2786 5330 2845 5377 et
2864 5323 2993 5392 quid
3016 5324 3232 5382 fecisset
3250 5367 3269 5389 ,
3298 5336 3359 5383 et
3394 5330 3442 5382 ei
3483 5346 3682 5401 parere

2101 5409 2375 5476 suasisset,
2409 5427 2477 5468 ne
2506 5412 2659 5468 nobis
2687 5413 2875 5471 eadem
2905 5416 3212 5473 acciderent
3236 5435 3355 5488 etne
3379 5420 3600 5488 iudicis,
3628 5434 3682 5478 ct

2099 5498 2324 5556 dixisset
2365 5519 2486 5558 cunt
2530 5520 2653 5561 esse
2699 5507 3041 5565 sacerdotem
3084 5510 3380 5566 secundum
3432 5513 3679 5570 ordinem

2102 5591 2523 5667 Melchisedech,
2572 5607 2628 5654 et
2664 5613 2808 5670 saepe
2836 5600 3091 5689 voluisset
3117 5601 3257 5660 hanc
3286 5604 3490 5675 ingredi
3520 5605 3678 5661 dilic-
