  <div class='ocr_page' id='page_1' title='image "/cluster/home/n/w/nwhite01/storage/ocr_20150623/63/hvd.32044054112164/105.png"; bbox 0 0 4088 6204; ppageno 0'>
   <div class='ocr_carea' id='block_1_1' title="bbox 439 215 506 268">
    <p class='ocr_par' dir='ltr' id='par_1_1' title="bbox 439 215 506 268">
     <span class='ocr_line' id='line_1_1' title="bbox 439 215 506 268; baseline -0.03 0"><span class='ocrx_word' id='word_1_1' title='bbox 439 215 506 268; x_wconf 81' lang='lat'><strong>99</strong></span> 
     </span>
    </p>
   </div>
   <div class='ocr_carea' id='block_1_2' title="bbox 437 318 2017 389">
    <p class='ocr_par' dir='ltr' id='par_1_2' title="bbox 437 318 2017 389">
     <span class='ocr_line' id='line_1_2' title="bbox 437 318 2017 389; baseline 0 -19"><span class='ocrx_word' id='word_1_2' title='bbox 437 333 603 375; x_wconf 74' lang='lat' dir='ltr'><strong>autem</strong></span> <span class='ocrx_word' id='word_1_3' title='bbox 632 321 1051 382; x_wconf 74' lang='lat' dir='ltr'><strong>contradictione,</strong></span> <span class='ocrx_word' id='word_1_4' title='bbox 1085 322 1278 389; x_wconf 86' lang='lat' dir='ltr'><strong>inquit.</strong></span> <span class='ocrx_word' id='word_1_5' title='bbox 1307 322 1440 389; x_wconf 81' lang='lat' dir='ltr'><strong>quod</strong></span> <span class='ocrx_word' id='word_1_6' title='bbox 1465 322 1628 374; x_wconf 84' lang='lat' dir='ltr'><strong>minus</strong></span> <span class='ocrx_word' id='word_1_7' title='bbox 1655 331 1727 375; x_wconf 77' lang='lat' dir='ltr'><strong>est</strong></span> <span class='ocrx_word' id='word_1_8' title='bbox 1753 339 1783 375; x_wconf 81' lang='grc' dir='ltr'><strong>ιι</strong></span> <span class='ocrx_word' id='word_1_9' title='bbox 1813 318 2017 374; x_wconf 75' lang='lat' dir='ltr'><strong>meliore</strong></span> 
     </span>
    </p>
   </div>
   <div class='ocr_carea' id='block_1_3' title="bbox 439 413 2017 486">
    <p class='ocr_par' dir='ltr' id='par_1_3' title="bbox 439 413 2017 486">
     <span class='ocr_line' id='line_1_3' title="bbox 439 413 2017 486; baseline 0.001 -16"><span class='ocrx_word' id='word_1_10' title='bbox 439 416 764 470; x_wconf 81' lang='lat' dir='ltr'><strong>benedicitur.</strong></span> <span class='ocrx_word' id='word_1_11' title='bbox 795 414 903 469; x_wconf 83' lang='lat' dir='ltr'><strong>lloc</strong></span> <span class='ocrx_word' id='word_1_12' title='bbox 923 425 1026 477; x_wconf 89' lang='lat' dir='ltr'><strong>est,</strong></span> <span class='ocrx_word' id='word_1_13' title='bbox 1057 415 1306 468; x_wconf 89' lang='lat' dir='ltr'><strong>omnibus</strong></span> <span class='ocrx_word' id='word_1_14' title='bbox 1333 413 1545 468; x_wconf 83' lang='lat' dir='ltr'><strong>videtur</strong></span> <span class='ocrx_word' id='word_1_15' title='bbox 1573 414 1644 477; x_wconf 87' lang='lat' dir='ltr'><strong>id,</strong></span> <span class='ocrx_word' id='word_1_16' title='bbox 1674 416 1814 486; x_wconf 88' lang='lat' dir='ltr'><strong>quod</strong></span> <span class='ocrx_word' id='word_1_17' title='bbox 1841 417 2017 472; x_wconf 87' lang='lat' dir='ltr'><strong>minus</strong></span> 
     </span>
    </p>
   </div>
   <div class='ocr_carea' id='block_1_4' title="bbox 432 503 2008 583">
    <p class='ocr_par' dir='ltr' id='par_1_4' title="bbox 432 503 2008 583">
     <span class='ocr_line' id='line_1_4' title="bbox 432 503 2008 583; baseline -0.007 -12"><span class='ocrx_word' id='word_1_18' title='bbox 432 527 532 583; x_wconf 85' lang='lat' dir='ltr'><strong>est,</strong></span> <span class='ocrx_word' id='word_1_19' title='bbox 568 515 805 571; x_wconf 79' lang='lat' dir='ltr'><strong>benedici</strong></span> <span class='ocrx_word' id='word_1_20' title='bbox 833 531 860 567; x_wconf 92' lang='lat' dir='ltr'><strong>a</strong></span> <span class='ocrx_word' id='word_1_21' title='bbox 894 513 1287 583; x_wconf 62' lang='lat' dir='ltr'><strong>praestantiore.</strong></span> <span class='ocrx_word' id='word_1_22' title='bbox 1349 509 1512 579; x_wconf 88' lang='lat' dir='ltr'><strong>igitur</strong></span> <span class='ocrx_word' id='word_1_23' title='bbox 1537 508 1732 562; x_wconf 86' lang='lat' dir='ltr'><strong>melior</strong></span> <span class='ocrx_word' id='word_1_24' title='bbox 1775 503 1844 561; x_wconf 78' lang='lat' dir='ltr'><strong>et</strong></span> <span class='ocrx_word' id='word_1_25' title='bbox 1869 521 2008 576; x_wconf 73' lang='lat' dir='ltr'><strong>pne-</strong></span> 
     </span>
    </p>
   </div>
   <div class='ocr_carea' id='block_1_5' title="bbox 432 596 2006 676">
    <p class='ocr_par' dir='ltr' id='par_1_5' title="bbox 432 596 2006 676">
     <span class='ocr_line' id='line_1_5' title="bbox 432 596 2006 676; baseline -0.006 -15"><span class='ocrx_word' id='word_1_26' title='bbox 432 608 662 662; x_wconf 87' lang='lat' dir='ltr'><strong>stantior</strong></span> <span class='ocrx_word' id='word_1_27' title='bbox 682 617 764 661; x_wconf 88' lang='lat' dir='ltr'><strong>est</strong></span> <span class='ocrx_word' id='word_1_28' title='bbox 791 617 948 676; x_wconf 83' lang='lat' dir='ltr'><strong>typus</strong></span> <span class='ocrx_word' id='word_1_29' title='bbox 976 602 1196 665; x_wconf 84' lang='lat' dir='ltr'><strong>Christi,</strong></span> <span class='ocrx_word' id='word_1_30' title='bbox 1225 601 1384 654; x_wconf 91' lang='lat' dir='ltr'><strong>etiam</strong></span> <span class='ocrx_word' id='word_1_31' title='bbox 1411 612 1477 654; x_wconf 91' lang='lat' dir='ltr'><strong>eo</strong></span> <span class='ocrx_word' id='word_1_32' title='bbox 1507 599 1626 668; x_wconf 86' lang='lat' dir='ltr'><strong>ipso</strong></span> <span class='ocrx_word' id='word_1_33' title='bbox 1652 598 1740 667; x_wconf 87' lang='lat' dir='ltr'><strong>qui</strong></span> <span class='ocrx_word' id='word_1_34' title='bbox 1778 596 2006 652; x_wconf 81' lang='lat' dir='ltr'><strong>habebat</strong></span> 
     </span>
    </p>
   </div>
   <div class='ocr_carea' id='block_1_6' title="bbox 433 687 2011 768">
    <p class='ocr_par' dir='ltr' id='par_1_6' title="bbox 433 687 2011 768">
     <span class='ocr_line' id='line_1_6' title="bbox 433 687 2011 768; baseline -0.006 -17"><span class='ocrx_word' id='word_1_35' title='bbox 433 699 833 768; x_wconf 83' lang='lat' dir='ltr'><strong>prmnissiones.</strong></span> <span class='ocrx_word' id='word_1_36' title='bbox 883 693 936 750; x_wconf 91' lang='lat'><strong>8.</strong></span> <span class='ocrx_word' id='word_1_37' title='bbox 993 691 1059 747; x_wconf 87' lang='lat' dir='ltr'><strong>Et</strong></span> <span class='ocrx_word' id='word_1_38' title='bbox 1126 693 1213 744; x_wconf 80' lang='lat' dir='ltr'><strong>hic</strong></span> <span class='ocrx_word' id='word_1_39' title='bbox 1261 692 1463 763; x_wconf 81' lang='lat' dir='ltr'><strong>quidem</strong></span> <span class='ocrx_word' id='word_1_40' title='bbox 1517 691 1738 743; x_wconf 78' lang='lat' dir='ltr'><strong>decium</strong></span> <span class='ocrx_word' id='word_1_41' title='bbox 1789 687 2011 742; x_wconf 80' lang='lat' dir='ltr'><strong>morieu~</strong></span> 
     </span>
    </p>
   </div>
   <div class='ocr_carea' id='block_1_7' title="bbox 430 777 2009 852">
    <p class='ocr_par' dir='ltr' id='par_1_7' title="bbox 430 777 2009 852">
     <span class='ocr_line' id='line_1_7' title="bbox 430 777 2009 852; baseline -0.007 -11"><span class='ocrx_word' id='word_1_42' title='bbox 430 799 502 842; x_wconf 84' lang='lat' dir='ltr'><strong>tes</strong></span> <span class='ocrx_word' id='word_1_43' title='bbox 577 788 801 839; x_wconf 83' lang='lat' dir='ltr'><strong>homines</strong></span> <span class='ocrx_word' id='word_1_44' title='bbox 851 783 1245 852; x_wconf 78' lang='lat' dir='ltr'><strong>accipitmt:ibi</strong></span> <span class='ocrx_word' id='word_1_45' title='bbox 1297 790 1463 834; x_wconf 88' lang='lat' dir='ltr'><strong>autem</strong></span> <span class='ocrx_word' id='word_1_46' title='bbox 1515 789 1822 833; x_wconf 72' lang='lat' dir='ltr'><strong>contestatur</strong></span> <span class='ocrx_word' id='word_1_47' title='bbox 1871 777 2009 846; x_wconf 79' lang='lat' dir='ltr'><strong>quod</strong></span> 
     </span>
    </p>
   </div>
   <div class='ocr_carea' id='block_1_8' title="bbox 428 872 2006 940">
    <p class='ocr_par' dir='ltr' id='par_1_8' title="bbox 428 872 2006 940">
     <span class='ocr_line' id='line_1_8' title="bbox 428 872 2006 940; baseline -0.004 -7"><span class='ocrx_word' id='word_1_48' title='bbox 428 881 564 934; x_wconf 70' lang='lat' dir='ltr'><strong>vivit.</strong></span> <span class='ocrx_word' id='word_1_49' title='bbox 608 878 716 933; x_wconf 88' lang='lat' dir='ltr'><strong>Sed</strong></span> <span class='ocrx_word' id='word_1_50' title='bbox 769 892 834 932; x_wconf 91' lang='lat' dir='ltr'><strong>ne</strong></span> <span class='ocrx_word' id='word_1_51' title='bbox 881 875 971 930; x_wconf 86' lang='lat' dir='ltr'><strong>illa</strong></span> <span class='ocrx_word' id='word_1_52' title='bbox 1015 873 1427 936; x_wconf 87' lang='lat' dir='ltr'><strong>dicerent,Cnr</strong></span> <span class='ocrx_word' id='word_1_53' title='bbox 1453 872 1723 940; x_wconf 80' lang='lat' dir='ltr'><strong>superiora</strong></span> <span class='ocrx_word' id='word_1_54' title='bbox 1767 880 2006 940; x_wconf 87' lang='lat' dir='ltr'><strong>tempora</strong></span> 
     </span>
    </p>
   </div>
   <div class='ocr_carea' id='block_1_9' title="bbox 428 962 2006 1039">
    <p class='ocr_par' dir='ltr' id='par_1_9' title="bbox 428 962 2006 1039">
     <span class='ocr_line' id='line_1_9' title="bbox 428 962 2006 1039; baseline -0.004 -16"><span class='ocrx_word' id='word_1_55' title='bbox 428 973 544 1025; x_wconf 88' lang='lat' dir='ltr'><strong>adis</strong></span> <span class='ocrx_word' id='word_1_56' title='bbox 563 971 587 1022; x_wconf 70' lang='grc' dir='ltr'>τ</span> <span class='ocrx_word' id='word_1_57' title='bbox 609 969 732 1039; x_wconf 86' lang='lat' dir='ltr'><strong>quid</strong></span> <span class='ocrx_word' id='word_1_58' title='bbox 761 969 825 1022; x_wconf 89' lang='lat' dir='ltr'><strong>ad</strong></span> <span class='ocrx_word' id='word_1_59' title='bbox 853 968 1161 1022; x_wconf 83' lang='lat' dir='ltr'><strong>sacerdotes</strong></span> <span class='ocrx_word' id='word_1_60' title='bbox 1181 974 1425 1028; x_wconf 80' lang='lat' dir='ltr'><strong>nostros,</strong></span> <span class='ocrx_word' id='word_1_61' title='bbox 1469 965 1512 1018; x_wconf 98' lang='lat' dir='ltr'><strong>si</strong></span> <span class='ocrx_word' id='word_1_62' title='bbox 1560 963 1826 1017; x_wconf 78' lang='lat' dir='ltr'><strong>Abraham</strong></span> <span class='ocrx_word' id='word_1_63' title='bbox 1864 962 2006 1016; x_wconf 85' lang='lat' dir='ltr'><strong>deci-</strong></span> 
     </span>
    </p>
   </div>
   <div class='ocr_carea' id='block_1_10' title="bbox 428 1052 2004 1127">
    <p class='ocr_par' dir='ltr' id='par_1_10' title="bbox 428 1052 2004 1127">
     <span class='ocr_line' id='line_1_10' title="bbox 428 1052 2004 1127; baseline -0.004 -13"><span class='ocrx_word' id='word_1_64' title='bbox 428 1076 542 1115; x_wconf 90' lang='lat' dir='ltr'><strong>mas</strong></span> <span class='ocrx_word' id='word_1_65' title='bbox 586 1061 770 1114; x_wconf 81' lang='lat' dir='ltr'><strong>dedit?</strong></span> <span class='ocrx_word' id='word_1_66' title='bbox 824 1058 910 1113; x_wconf 89' lang='lat' dir='ltr'><strong>dic</strong></span> <span class='ocrx_word' id='word_1_67' title='bbox 957 1073 1017 1112; x_wconf 90' lang='lat' dir='ltr'><strong>ea</strong></span> <span class='ocrx_word' id='word_1_68' title='bbox 1049 1072 1166 1127; x_wconf 75' lang='lat' dir='ltr'><strong>qua:</strong></span> <span class='ocrx_word' id='word_1_69' title='bbox 1195 1056 1260 1110; x_wconf 90' lang='lat' dir='ltr'><strong>ad</strong></span> <span class='ocrx_word' id='word_1_70' title='bbox 1291 1071 1386 1108; x_wconf 90' lang='lat' dir='ltr'><strong>nos</strong></span> <span class='ocrx_word' id='word_1_71' title='bbox 1412 1063 1651 1124; x_wconf 81' lang='lat' dir='ltr'><strong>spectant</strong></span> <span class='ocrx_word' id='word_1_72' title='bbox 1685 1068 1698 1105; x_wconf 90' lang='lat'><strong>:</strong></span> <span class='ocrx_word' id='word_1_73' title='bbox 1732 1052 2004 1122; x_wconf 77' lang='lat' dir='ltr'><strong>subjungit</strong></span> 
     </span>
    </p>
   </div>
   <div class='ocr_carea' id='block_1_11' title="bbox 420 1141 2001 1214">
    <p class='ocr_par' dir='ltr' id='par_1_11' title="bbox 420 1141 2001 1214">
     <span class='ocr_line' id='line_1_11' title="bbox 420 1141 2001 1214; baseline -0.004 -10"><span class='ocrx_word' id='word_1_74' title='bbox 420 1167 484 1205; x_wconf 85' lang='lat' dir='ltr'><strong>ac</strong></span> <span class='ocrx_word' id='word_1_75' title='bbox 525 1150 700 1206; x_wconf 85' lang='lat' dir='ltr'><strong>dicit:</strong></span> <span class='ocrx_word' id='word_1_76' title='bbox 741 1149 796 1204; x_wconf 86' lang='lat'><strong>9.</strong></span> <span class='ocrx_word' id='word_1_77' title='bbox 843 1147 932 1214; x_wconf 87' lang='lat' dir='ltr'><strong>Et,</strong></span> <span class='ocrx_word' id='word_1_78' title='bbox 992 1156 1046 1200; x_wconf 85' lang='lat' dir='ltr'><strong>ut</strong></span> <span class='ocrx_word' id='word_1_79' title='bbox 1085 1149 1156 1199; x_wconf 86' lang='lat' dir='ltr'><strong>ita</strong></span> <span class='ocrx_word' id='word_1_80' title='bbox 1187 1147 1375 1198; x_wconf 81' lang='lat' dir='ltr'><strong>dictum</strong></span> <span class='ocrx_word' id='word_1_81' title='bbox 1422 1144 1506 1199; x_wconf 89' lang='lat' dir='ltr'><strong>sit.</strong></span> <span class='ocrx_word' id='word_1_82' title='bbox 1562 1142 1728 1197; x_wconf 78' lang='lat' dir='ltr'><strong>llecte</strong></span> <span class='ocrx_word' id='word_1_83' title='bbox 1793 1141 1843 1196; x_wconf 84' lang='lat' dir='ltr'><strong>itl</strong></span> <span class='ocrx_word' id='word_1_84' title='bbox 1894 1159 2001 1197; x_wconf 87' lang='lat' dir='ltr'><strong>non</strong></span> 
     </span>
    </p>
   </div>
   <div class='ocr_carea' id='block_1_12' title="bbox 420 1231 2002 1312">
    <p class='ocr_par' dir='ltr' id='par_1_12' title="bbox 420 1231 2002 1312">
     <span class='ocr_line' id='line_1_12' title="bbox 420 1231 2002 1312; baseline -0.006 -16"><span class='ocrx_word' id='word_1_85' title='bbox 420 1253 606 1312; x_wconf 86' lang='lat' dir='ltr'><strong>aperte</strong></span> <span class='ocrx_word' id='word_1_86' title='bbox 651 1241 803 1302; x_wconf 87' lang='lat' dir='ltr'><strong>dixit,</strong></span> <span class='ocrx_word' id='word_1_87' title='bbox 861 1252 929 1293; x_wconf 89' lang='lat' dir='ltr'><strong>ne</strong></span> <span class='ocrx_word' id='word_1_88' title='bbox 975 1237 1186 1307; x_wconf 75' lang='lat' dir='ltr'><strong>gravius</strong></span> <span class='ocrx_word' id='word_1_89' title='bbox 1214 1234 1552 1304; x_wconf 80' lang='lat' dir='ltr'><strong>pencclleret.</strong></span> <span class='ocrx_word' id='word_1_90' title='bbox 1606 1232 1708 1285; x_wconf 84' lang='lat' dir='ltr'><strong>Per</strong></span> <span class='ocrx_word' id='word_1_91' title='bbox 1747 1231 2002 1286; x_wconf 76' lang='lat' dir='ltr'><strong>Abraham</strong></span> 
     </span>
    </p>
   </div>
   <div class='ocr_carea' id='block_1_13' title="bbox 418 1323 2000 1404">
    <p class='ocr_par' dir='ltr' id='par_1_13' title="bbox 418 1323 2000 1404">
     <span class='ocr_line' id='line_1_13' title="bbox 418 1323 2000 1404; baseline -0.007 -17"><span class='ocrx_word' id='word_1_92' title='bbox 418 1342 466 1387; x_wconf 85' lang='lat' dir='ltr'><strong>et</strong></span> <span class='ocrx_word' id='word_1_93' title='bbox 493 1332 633 1398; x_wconf 77' lang='lat' dir='ltr'><strong>Levi,</strong></span> <span class='ocrx_word' id='word_1_94' title='bbox 657 1333 744 1404; x_wconf 85' lang='lat' dir='ltr'><strong>qui</strong></span> <span class='ocrx_word' id='word_1_95' title='bbox 770 1331 990 1385; x_wconf 84' lang='lat' dir='ltr'><strong>decimas</strong></span> <span class='ocrx_word' id='word_1_96' title='bbox 1019 1329 1229 1397; x_wconf 77' lang='lat' dir='ltr'><strong>accepit,</strong></span> <span class='ocrx_word' id='word_1_97' title='bbox 1261 1327 1539 1378; x_wconf 75' lang='lat' dir='ltr'><strong>decimatas</strong></span> <span class='ocrx_word' id='word_1_98' title='bbox 1564 1335 1656 1377; x_wconf 89' lang='lat' dir='ltr'><strong>est.</strong></span> <span class='ocrx_word' id='word_1_99' title='bbox 1683 1323 2000 1388; x_wconf 81' lang='lat' dir='ltr'><strong>Quomodo?</strong></span> 
     </span>
    </p>
   </div>
   <div class='ocr_carea' id='block_1_14' title="bbox 421 1413 1999 1487">
    <p class='ocr_par' dir='ltr' id='par_1_14' title="bbox 421 1413 1999 1487">
     <span class='ocr_line' id='line_1_14' title="bbox 421 1413 1999 1487; baseline -0.008 -7"><span class='ocrx_word' id='word_1_100' title='bbox 421 1425 508 1481; x_wconf 74' lang='grc'><strong>10.</strong></span> <span class='ocrx_word' id='word_1_101' title='bbox 537 1424 717 1477; x_wconf 81' lang='lat' dir='ltr'><strong>Adhuc</strong></span> <span class='ocrx_word' id='word_1_102' title='bbox 747 1423 879 1476; x_wconf 84' lang='lat' dir='ltr'><strong>enim</strong></span> <span class='ocrx_word' id='word_1_103' title='bbox 904 1421 955 1473; x_wconf 83' lang='lat' dir='ltr'><strong>in</strong></span> <span class='ocrx_word' id='word_1_104' title='bbox 982 1419 1162 1474; x_wconf 81' lang='lat' dir='ltr'><strong>lumbis</strong></span> <span class='ocrx_word' id='word_1_105' title='bbox 1191 1418 1350 1487; x_wconf 81' lang='lat' dir='ltr'><strong>patris</strong></span> <span class='ocrx_word' id='word_1_106' title='bbox 1379 1426 1516 1479; x_wconf 84' lang='lat' dir='ltr'><strong>erat,</strong></span> <span class='ocrx_word' id='word_1_107' title='bbox 1549 1416 1752 1480; x_wconf 80' lang='lat' dir='ltr'><strong>quando</strong></span> <span class='ocrx_word' id='word_1_108' title='bbox 1788 1413 1999 1468; x_wconf 72' lang='lat' dir='ltr'><strong>obuiauit</strong></span> 
     </span>
    </p>
   </div>
   <div class='ocr_carea' id='block_1_15' title="bbox 417 1505 1996 1574">
    <p class='ocr_par' dir='ltr' id='par_1_15' title="bbox 417 1505 1996 1574">
     <span class='ocr_line' id='line_1_15' title="bbox 417 1505 1996 1574; baseline -0.009 -4"><span class='ocrx_word' id='word_1_109' title='bbox 417 1518 460 1570; x_wconf 90' lang='lat' dir='ltr'><strong>ei</strong></span> <span class='ocrx_word' id='word_1_110' title='bbox 493 1512 886 1570; x_wconf 77' lang='lat' dir='ltr'><strong>Melchisedech.</strong></span> <span class='ocrx_word' id='word_1_111' title='bbox 920 1508 1032 1564; x_wconf 90' lang='lat' dir='ltr'><strong>lloc</strong></span> <span class='ocrx_word' id='word_1_112' title='bbox 1059 1518 1160 1572; x_wconf 86' lang='lat' dir='ltr'><strong>est,</strong></span> <span class='ocrx_word' id='word_1_113' title='bbox 1193 1507 1321 1561; x_wconf 83' lang='lat' dir='ltr'><strong>Levi</strong></span> <span class='ocrx_word' id='word_1_114' title='bbox 1349 1515 1463 1560; x_wconf 85' lang='lat' dir='ltr'><strong>erat</strong></span> <span class='ocrx_word' id='word_1_115' title='bbox 1494 1505 1547 1558; x_wconf 91' lang='lat' dir='ltr'><strong>in</strong></span> <span class='ocrx_word' id='word_1_116' title='bbox 1587 1505 1737 1574; x_wconf 83' lang='lat' dir='ltr'><strong>ipso,</strong></span> <span class='ocrx_word' id='word_1_117' title='bbox 1791 1505 1996 1558; x_wconf 85' lang='lat' dir='ltr'><strong>etiamsi</strong></span> 
     </span>
    </p>
   </div>
   <div class='ocr_carea' id='block_1_16' title="bbox 417 1596 1973 1671">
    <p class='ocr_par' dir='ltr' id='par_1_16' title="bbox 417 1596 1973 1671">
     <span class='ocr_line' id='line_1_16' title="bbox 417 1596 1973 1671; baseline -0.008 -8"><span class='ocrx_word' id='word_1_118' title='bbox 417 1608 650 1663; x_wconf 90' lang='lat' dir='ltr'><strong>nondum</strong></span> <span class='ocrx_word' id='word_1_119' title='bbox 681 1613 794 1662; x_wconf 87' lang='lat' dir='ltr'><strong>erat</strong></span> <span class='ocrx_word' id='word_1_120' title='bbox 825 1612 978 1657; x_wconf 92' lang='lat' dir='ltr'><strong>natus</strong></span> <span class='ocrx_word' id='word_1_121' title='bbox 1007 1618 1017 1654; x_wconf 93' lang='lat'><strong>:</strong></span> <span class='ocrx_word' id='word_1_122' title='bbox 1055 1616 1148 1671; x_wconf 90' lang='lat' dir='ltr'><strong>per</strong></span> <span class='ocrx_word' id='word_1_123' title='bbox 1174 1615 1293 1652; x_wconf 86' lang='lat' dir='ltr'><strong>eum</strong></span> <span class='ocrx_word' id='word_1_124' title='bbox 1328 1598 1588 1652; x_wconf 84' lang='lat' dir='ltr'><strong>decimam</strong></span> <span class='ocrx_word' id='word_1_125' title='bbox 1621 1596 1786 1651; x_wconf 84' lang='lat' dir='ltr'><strong>dedit.</strong></span> <span class='ocrx_word' id='word_1_126' title='bbox 1822 1596 1973 1650; x_wconf 73' lang='lat' dir='ltr'><strong>Vide.</strong></span> 
     </span>
    </p>
   </div>
   <div class='ocr_carea' id='block_1_17' title="bbox 414 1687 1957 1760">
    <p class='ocr_par' dir='ltr' id='par_1_17' title="bbox 414 1687 1957 1760">
     <span class='ocr_line' id='line_1_17' title="bbox 414 1687 1957 1760; baseline -0.009 -8"><span class='ocrx_word' id='word_1_127' title='bbox 414 1712 522 1752; x_wconf 84' lang='lat' dir='ltr'><strong>non</strong></span> <span class='ocrx_word' id='word_1_128' title='bbox 548 1696 708 1760; x_wconf 91' lang='lat' dir='ltr'><strong>dixit,</strong></span> <span class='ocrx_word' id='word_1_129' title='bbox 765 1693 986 1755; x_wconf 65' lang='lat' dir='ltr'><strong>Levites,</strong></span> <span class='ocrx_word' id='word_1_130' title='bbox 1033 1689 1151 1754; x_wconf 87' lang='lat' dir='ltr'><strong>sed,</strong></span> <span class='ocrx_word' id='word_1_131' title='bbox 1201 1689 1322 1742; x_wconf 81' lang='lat' dir='ltr'><strong>Levi</strong></span> <span class='ocrx_word' id='word_1_132' title='bbox 1369 1704 1388 1742; x_wconf 91' lang='lat'><strong>:</strong></span> <span class='ocrx_word' id='word_1_133' title='bbox 1432 1687 1574 1757; x_wconf 86' lang='lat' dir='ltr'><strong>quod</strong></span> <span class='ocrx_word' id='word_1_134' title='bbox 1626 1687 1797 1754; x_wconf 86' lang='lat' dir='ltr'><strong>majus</strong></span> <span class='ocrx_word' id='word_1_135' title='bbox 1846 1698 1957 1739; x_wconf 84' lang='lat' dir='ltr'><strong>erat</strong></span> 
     </span>
    </p>
   </div>
   <div class='ocr_carea' id='block_1_18' title="bbox 413 1779 1996 1852">
    <p class='ocr_par' dir='ltr' id='par_1_18' title="bbox 413 1779 1996 1852">
     <span class='ocr_line' id='line_1_18' title="bbox 413 1779 1996 1852; baseline -0.008 -7"><span class='ocrx_word' id='word_1_136' title='bbox 413 1790 586 1845; x_wconf 88' lang='lat' dir='ltr'><strong>libens</strong></span> <span class='ocrx_word' id='word_1_137' title='bbox 635 1786 841 1841; x_wconf 78' lang='lat' dir='ltr'><strong>induxit</strong></span> <span class='ocrx_word' id='word_1_138' title='bbox 893 1784 958 1838; x_wconf 88' lang='lat' dir='ltr'><strong>ad</strong></span> <span class='ocrx_word' id='word_1_139' title='bbox 1015 1781 1286 1852; x_wconf 81' lang='lat' dir='ltr'><strong>majorem</strong></span> <span class='ocrx_word' id='word_1_140' title='bbox 1322 1781 1775 1852; x_wconf 81' lang='lat' dir='ltr'><strong>exsuperantiam.</strong></span> <span class='ocrx_word' id='word_1_141' title='bbox 1810 1779 1996 1834; x_wconf 77' lang='lat' dir='ltr'><strong>Vidisti</strong></span> 
     </span>
    </p>
   </div>
   <div class='ocr_carea' id='block_1_19' title="bbox 411 1869 1992 1954">
    <p class='ocr_par' dir='ltr' id='par_1_19' title="bbox 411 1869 1992 1954">
     <span class='ocr_line' id='line_1_19' title="bbox 411 1869 1992 1954; baseline -0.008 -20"><span class='ocrx_word' id='word_1_142' title='bbox 411 1877 666 1954; x_wconf 87' lang='lat' dir='ltr'><strong>quantum</strong></span> <span class='ocrx_word' id='word_1_143' title='bbox 720 1877 927 1934; x_wconf 86' lang='lat' dir='ltr'><strong>intersit</strong></span> <span class='ocrx_word' id='word_1_144' title='bbox 979 1877 1120 1930; x_wconf 91' lang='lat' dir='ltr'><strong>inter</strong></span> <span class='ocrx_word' id='word_1_145' title='bbox 1159 1873 1426 1928; x_wconf 82' lang='lat' dir='ltr'><strong>Abraham</strong></span> <span class='ocrx_word' id='word_1_146' title='bbox 1465 1882 1520 1927; x_wconf 92' lang='lat' dir='ltr'><strong>et</strong></span> <span class='ocrx_word' id='word_1_147' title='bbox 1567 1869 1992 1935; x_wconf 80' lang='lat' dir='ltr'><strong>Melchisedech,</strong></span> 
     </span>
    </p>
   </div>
   <div class='ocr_carea' id='block_1_20' title="bbox 411 1962 1996 2046">
    <p class='ocr_par' dir='ltr' id='par_1_20' title="bbox 411 1962 1996 2046">
     <span class='ocr_line' id='line_1_20' title="bbox 411 1962 1996 2046; baseline -0.008 -19"><span class='ocrx_word' id='word_1_148' title='bbox 411 1977 499 2046; x_wconf 89' lang='lat' dir='ltr'><strong>qui</strong></span> <span class='ocrx_word' id='word_1_149' title='bbox 530 1975 649 2040; x_wconf 27' lang='lat' dir='ltr'><strong>.fert</strong></span> <span class='ocrx_word' id='word_1_150' title='bbox 701 1981 882 2042; x_wconf 76' lang='lat' dir='ltr'><strong>typum</strong></span> <span class='ocrx_word' id='word_1_151' title='bbox 924 1968 1092 2023; x_wconf 82' lang='lat' dir='ltr'><strong>nostri</strong></span> <span class='ocrx_word' id='word_1_152' title='bbox 1131 1964 1435 2036; x_wconf 71' lang='lat' dir='ltr'><strong>pontificis?</strong></span> <span class='ocrx_word' id='word_1_153' title='bbox 1487 1963 1552 2018; x_wconf 88' lang='lat' dir='ltr'><strong>Et</strong></span> <span class='ocrx_word' id='word_1_154' title='bbox 1589 1962 1822 2018; x_wconf 83' lang='lat' dir='ltr'><strong>ostendit</strong></span> <span class='ocrx_word' id='word_1_155' title='bbox 1863 1977 1996 2031; x_wconf 76' lang='lat' dir='ltr'><strong>pra:-</strong></span> 
     </span>
    </p>
   </div>
   <div class='ocr_carea' id='block_1_21' title="bbox 406 2055 1986 2130">
    <p class='ocr_par' dir='ltr' id='par_1_21' title="bbox 406 2055 1986 2130">
     <span class='ocr_line' id='line_1_21' title="bbox 406 2055 1986 2130; baseline -0.009 -6"><span class='ocrx_word' id='word_1_156' title='bbox 406 2067 709 2124; x_wconf 84' lang='lat' dir='ltr'><strong>eellentiam</strong></span> <span class='ocrx_word' id='word_1_157' title='bbox 765 2064 928 2118; x_wconf 85' lang='lat' dir='ltr'><strong>fuisse</strong></span> <span class='ocrx_word' id='word_1_158' title='bbox 982 2069 1280 2130; x_wconf 60' lang='lat' dir='ltr'><strong>potestate,</strong></span> <span class='ocrx_word' id='word_1_159' title='bbox 1334 2072 1440 2112; x_wconf 93' lang='lat' dir='ltr'><strong>non</strong></span> <span class='ocrx_word' id='word_1_160' title='bbox 1483 2056 1825 2111; x_wconf 81' lang='lat' dir='ltr'><strong>necessitate.</strong></span> <span class='ocrx_word' id='word_1_161' title='bbox 1891 2055 1986 2109; x_wconf 84' lang='lat' dir='ltr'><strong>Ille</strong></span> 
     </span>
    </p>
   </div>
   <div class='ocr_carea' id='block_1_22' title="bbox 408 2147 1990 2220">
    <p class='ocr_par' dir='ltr' id='par_1_22' title="bbox 408 2147 1990 2220">
     <span class='ocr_line' id='line_1_22' title="bbox 408 2147 1990 2220; baseline -0.01 -5"><span class='ocrx_word' id='word_1_162' title='bbox 408 2160 554 2215; x_wconf 87' lang='lat' dir='ltr'><strong>enim</strong></span> <span class='ocrx_word' id='word_1_163' title='bbox 583 2157 730 2216; x_wconf 87' lang='lat' dir='ltr'><strong>dedit</strong></span> <span class='ocrx_word' id='word_1_164' title='bbox 758 2154 1019 2209; x_wconf 84' lang='lat' dir='ltr'><strong>decimam</strong></span> <span class='ocrx_word' id='word_1_165' title='bbox 1043 2194 1056 2213; x_wconf 88' lang='lat'><strong>,</strong></span> <span class='ocrx_word' id='word_1_166' title='bbox 1101 2149 1238 2220; x_wconf 87' lang='lat' dir='ltr'><strong>quod</strong></span> <span class='ocrx_word' id='word_1_167' title='bbox 1269 2149 1484 2220; x_wconf 87' lang='lat' dir='ltr'><strong>quidem</strong></span> <span class='ocrx_word' id='word_1_168' title='bbox 1531 2157 1615 2203; x_wconf 91' lang='lat' dir='ltr'><strong>est</strong></span> <span class='ocrx_word' id='word_1_169' title='bbox 1659 2147 1990 2203; x_wconf 82' lang='lat' dir='ltr'><strong>sacerdotis:</strong></span> 
     </span>
    </p>
   </div>
   <div class='ocr_carea' id='block_1_23' title="bbox 408 2241 1996 2318">
    <p class='ocr_par' dir='ltr' id='par_1_23' title="bbox 408 2241 1996 2318">
     <span class='ocr_line' id='line_1_23' title="bbox 408 2241 1996 2318; baseline -0.009 -9"><span class='ocrx_word' id='word_1_170' title='bbox 408 2255 498 2310; x_wconf 88' lang='lat' dir='ltr'><strong>hic</strong></span> <span class='ocrx_word' id='word_1_171' title='bbox 521 2250 818 2312; x_wconf 86' lang='lat' dir='ltr'><strong>benedixit,</strong></span> <span class='ocrx_word' id='word_1_172' title='bbox 857 2246 998 2318; x_wconf 90' lang='lat' dir='ltr'><strong>quod</strong></span> <span class='ocrx_word' id='word_1_173' title='bbox 1027 2245 1242 2315; x_wconf 87' lang='lat' dir='ltr'><strong>quidem</strong></span> <span class='ocrx_word' id='word_1_174' title='bbox 1273 2253 1355 2299; x_wconf 89' lang='lat' dir='ltr'><strong>est</strong></span> <span class='ocrx_word' id='word_1_175' title='bbox 1381 2241 1622 2297; x_wconf 82' lang='lat' dir='ltr'><strong>melioris</strong></span> <span class='ocrx_word' id='word_1_176' title='bbox 1651 2255 1714 2296; x_wconf 90' lang='lat' dir='ltr'><strong>ac</strong></span> <span class='ocrx_word' id='word_1_177' title='bbox 1741 2250 1996 2311; x_wconf 69' lang='lat' dir='ltr'><strong>prmstan-</strong></span> 
     </span>
    </p>
   </div>
   <div class='ocr_carea' id='block_1_24' title="bbox 411 2321 1990 2409">
    <p class='ocr_par' dir='ltr' id='par_1_24' title="bbox 411 2321 1990 2409">
     <span class='ocr_line' id='line_1_24' title="bbox 411 2321 1990 2409; baseline -0.007 -11"><span class='ocrx_word' id='word_1_178' title='bbox 411 2345 580 2400; x_wconf 87' lang='lat' dir='ltr'><strong>tioris.</strong></span> <span class='ocrx_word' id='word_1_179' title='bbox 618 2342 740 2396; x_wconf 79' lang='lat' dir='ltr'><strong>[huc</strong></span> <span class='ocrx_word' id='word_1_180' title='bbox 773 2336 1133 2409; x_wconf 65' lang='lat' dir='ltr'><strong>praecellentia</strong></span> <span class='ocrx_word' id='word_1_181' title='bbox 1168 2321 1375 2390; x_wconf 69' lang='lat' dir='ltr'><strong>transit</strong></span> <span class='ocrx_word' id='word_1_182' title='bbox 1421 2333 1582 2388; x_wconf 86' lang='lat' dir='ltr'><strong>etiam</strong></span> <span class='ocrx_word' id='word_1_183' title='bbox 1631 2333 1697 2386; x_wconf 91' lang='lat' dir='ltr'><strong>ad</strong></span> <span class='ocrx_word' id='word_1_184' title='bbox 1746 2343 1990 2402; x_wconf 75' lang='lat' dir='ltr'><strong>nepotes.</strong></span> 
     </span>
    </p>
   </div>
   <div class='ocr_carea' id='block_1_25' title="bbox 409 2423 1992 2496">
    <p class='ocr_par' dir='ltr' id='par_1_25' title="bbox 409 2423 1992 2496">
     <span class='ocr_line' id='line_1_25' title="bbox 409 2423 1992 2496; baseline -0.009 -4"><span class='ocrx_word' id='word_1_185' title='bbox 409 2434 814 2492; x_wconf 77' lang='lat' dir='ltr'><strong>Admirabiliter</strong></span> <span class='ocrx_word' id='word_1_186' title='bbox 839 2439 1039 2484; x_wconf 88' lang='lat' dir='ltr'><strong>etcum</strong></span> <span class='ocrx_word' id='word_1_187' title='bbox 1075 2427 1326 2496; x_wconf 72' lang='lat' dir='ltr'><strong>prmelara</strong></span> <span class='ocrx_word' id='word_1_188' title='bbox 1355 2425 1574 2478; x_wconf 80' lang='lat' dir='ltr'><strong>victoria</strong></span> <span class='ocrx_word' id='word_1_189' title='bbox 1615 2438 1704 2478; x_wconf 84' lang='lat' dir='ltr'><strong>res</strong></span> <span class='ocrx_word' id='word_1_190' title='bbox 1747 2423 1992 2477; x_wconf 87' lang='lat' dir='ltr'><strong>.ludaicas</strong></span> 
     </span>
    </p>
   </div>
   <div class='ocr_carea' id='block_1_26' title="bbox 410 2511 1990 2592">
    <p class='ocr_par' dir='ltr' id='par_1_26' title="bbox 410 2511 1990 2592">
     <span class='ocr_line' id='line_1_26' title="bbox 410 2511 1990 2592; baseline -0.009 -14"><span class='ocrx_word' id='word_1_191' title='bbox 410 2528 552 2578; x_wconf 80' lang='lat' dir='ltr'><strong>foras</strong></span> <span class='ocrx_word' id='word_1_192' title='bbox 613 2521 833 2592; x_wconf 85' lang='lat' dir='ltr'><strong>expulit.</strong></span> <span class='ocrx_word' id='word_1_193' title='bbox 893 2517 1180 2586; x_wconf 84' lang='lat' dir='ltr'><strong>Propterea</strong></span> <span class='ocrx_word' id='word_1_194' title='bbox 1238 2512 1447 2568; x_wconf 88' lang='lat' dir='ltr'><strong>dicebat</strong></span> <span class='ocrx_word' id='word_1_195' title='bbox 1478 2529 1489 2564; x_wconf 91' lang='lat'><strong>:</strong></span> <span class='ocrx_word' id='word_1_196' title='bbox 1525 2511 1808 2566; x_wconf 81' lang='lat' dir='ltr'><strong>lmbecillcs</strong></span> <span class='ocrx_word' id='word_1_197' title='bbox 1869 2513 1990 2583; x_wconf 73' lang='lat' dir='ltr'><strong>farti</strong></span> 
     </span>
    </p>
   </div>
   <div class='ocr_carea' id='block_1_27' title="bbox 408 2603 1990 2685">
    <p class='ocr_par' dir='ltr' id='par_1_27' title="bbox 408 2603 1990 2685">
     <span class='ocr_line' id='line_1_27' title="bbox 408 2603 1990 2685; baseline -0.009 -14"><span class='ocrx_word' id='word_1_198' title='bbox 408 2613 746 2685; x_wconf 85' lang='lat' dir='ltr'><strong>estis(IIebr.</strong></span> <span class='ocrx_word' id='word_1_199' title='bbox 799 2610 854 2666; x_wconf 79' lang='grc'><strong>5.</strong></span> <span class='ocrx_word' id='word_1_200' title='bbox 907 2609 1055 2680; x_wconf 82' lang='grc'><strong>11);</strong></span> <span class='ocrx_word' id='word_1_201' title='bbox 1108 2606 1356 2677; x_wconf 89' lang='lat' dir='ltr'><strong>quoniam</strong></span> <span class='ocrx_word' id='word_1_202' title='bbox 1399 2603 1514 2659; x_wconf 70' lang='lat' dir='ltr'><strong>hmc</strong></span> <span class='ocrx_word' id='word_1_203' title='bbox 1557 2604 1771 2658; x_wconf 83' lang='lat' dir='ltr'><strong>volebat</strong></span> <span class='ocrx_word' id='word_1_204' title='bbox 1809 2604 1990 2672; x_wconf 88' lang='lat' dir='ltr'><strong>jacere</strong></span> 
     </span>
    </p>
   </div>
   <div class='ocr_carea' id='block_1_28' title="bbox 409 2693 1989 2770">
    <p class='ocr_par' dir='ltr' id='par_1_28' title="bbox 409 2693 1989 2770">
     <span class='ocr_line' id='line_1_28' title="bbox 409 2693 1989 2770; baseline -0.008 -9"><span class='ocrx_word' id='word_1_205' title='bbox 409 2707 750 2762; x_wconf 87' lang='lat' dir='ltr'><strong>fundamenta</strong></span> <span class='ocrx_word' id='word_1_206' title='bbox 779 2745 795 2768; x_wconf 90' lang='lat'><strong>,</strong></span> <span class='ocrx_word' id='word_1_207' title='bbox 826 2716 895 2756; x_wconf 82' lang='lat' dir='ltr'><strong>ne</strong></span> <span class='ocrx_word' id='word_1_208' title='bbox 925 2700 1024 2770; x_wconf 83' lang='lat' dir='ltr'><strong>ipsi</strong></span> <span class='ocrx_word' id='word_1_209' title='bbox 1059 2698 1347 2752; x_wconf 89' lang='lat' dir='ltr'><strong>resilirent.</strong></span> <span class='ocrx_word' id='word_1_210' title='bbox 1399 2696 1474 2750; x_wconf 88' lang='lat' dir='ltr'><strong>Ea</strong></span> <span class='ocrx_word' id='word_1_211' title='bbox 1522 2704 1607 2750; x_wconf 89' lang='lat' dir='ltr'><strong>est</strong></span> <span class='ocrx_word' id='word_1_212' title='bbox 1651 2695 1792 2748; x_wconf 89' lang='lat' dir='ltr'><strong>enim</strong></span> <span class='ocrx_word' id='word_1_213' title='bbox 1845 2693 1989 2748; x_wconf 80' lang='lat' dir='ltr'><strong>Pauli</strong></span> 
     </span>
    </p>
   </div>
   <div class='ocr_carea' id='block_1_29' title="bbox 407 2784 1981 2866">
    <p class='ocr_par' dir='ltr' id='par_1_29' title="bbox 407 2784 1981 2866">
     <span class='ocr_line' id='line_1_29' title="bbox 407 2784 1981 2866; baseline -0.008 -14"><span class='ocrx_word' id='word_1_214' title='bbox 407 2795 667 2866; x_wconf 84' lang='lat' dir='ltr'><strong>sapientia</strong></span> <span class='ocrx_word' id='word_1_215' title='bbox 701 2811 714 2847; x_wconf 89' lang='lat'><strong>:</strong></span> <span class='ocrx_word' id='word_1_216' title='bbox 747 2793 976 2863; x_wconf 89' lang='lat' dir='ltr'><strong>primum</strong></span> <span class='ocrx_word' id='word_1_217' title='bbox 1008 2789 1394 2860; x_wconf 73' lang='lat' dir='ltr'><strong>prmmuniens,</strong></span> <span class='ocrx_word' id='word_1_218' title='bbox 1425 2784 1618 2841; x_wconf 87' lang='lat' dir='ltr'><strong>deinde</strong></span> <span class='ocrx_word' id='word_1_219' title='bbox 1645 2799 1704 2840; x_wconf 90' lang='lat' dir='ltr'><strong>ea</strong></span> <span class='ocrx_word' id='word_1_220' title='bbox 1730 2800 1845 2854; x_wconf 68' lang='lat' dir='ltr'><strong>qua:</strong></span> <span class='ocrx_word' id='word_1_221' title='bbox 1872 2786 1981 2840; x_wconf 84' lang='lat' dir='ltr'><strong>vnit</strong></span> 
     </span>
    </p>
   </div>
   <div class='ocr_carea' id='block_1_30' title="bbox 405 2875 1980 2958">
    <p class='ocr_par' dir='ltr' id='par_1_30' title="bbox 405 2875 1980 2958">
     <span class='ocr_line' id='line_1_30' title="bbox 405 2875 1980 2958; baseline -0.01 -15"><span class='ocrx_word' id='word_1_222' title='bbox 405 2887 730 2958; x_wconf 74' lang='lat' dir='ltr'><strong>aggreditur.</strong></span> <span class='ocrx_word' id='word_1_223' title='bbox 755 2883 848 2938; x_wconf 88' lang='lat' dir='ltr'><strong>Est</strong></span> <span class='ocrx_word' id='word_1_224' title='bbox 869 2881 1012 2938; x_wconf 87' lang='lat' dir='ltr'><strong>enim</strong></span> <span class='ocrx_word' id='word_1_225' title='bbox 1035 2894 1203 2950; x_wconf 87' lang='lat' dir='ltr'><strong>genus</strong></span> <span class='ocrx_word' id='word_1_226' title='bbox 1225 2877 1501 2932; x_wconf 87' lang='lat' dir='ltr'><strong>hominum</strong></span> <span class='ocrx_word' id='word_1_227' title='bbox 1528 2875 1743 2930; x_wconf 85' lang='lat' dir='ltr'><strong>difﬁcile</strong></span> <span class='ocrx_word' id='word_1_228' title='bbox 1770 2875 1832 2928; x_wconf 91' lang='lat' dir='ltr'><strong>ad</strong></span> <span class='ocrx_word' id='word_1_229' title='bbox 1864 2890 1980 2945; x_wconf 89' lang='lat' dir='ltr'><strong>per-</strong></span> 
     </span>
    </p>
   </div>
   <div class='ocr_carea' id='block_1_31' title="bbox 404 2965 1980 3040">
    <p class='ocr_par' dir='ltr' id='par_1_31' title="bbox 404 2965 1980 3040">
     <span class='ocr_line' id='line_1_31' title="bbox 404 2965 1980 3040; baseline -0.01 -7"><span class='ocrx_word' id='word_1_230' title='bbox 404 2974 757 3040; x_wconf 84' lang='lat' dir='ltr'><strong>suadendum,</strong></span> <span class='ocrx_word' id='word_1_231' title='bbox 789 2979 845 3027; x_wconf 89' lang='lat' dir='ltr'><strong>et</strong></span> <span class='ocrx_word' id='word_1_232' title='bbox 869 2972 1033 3026; x_wconf 87' lang='lat' dir='ltr'><strong>multa</strong></span> <span class='ocrx_word' id='word_1_233' title='bbox 1061 2985 1187 3025; x_wconf 89' lang='lat' dir='ltr'><strong>cura</strong></span> <span class='ocrx_word' id='word_1_234' title='bbox 1211 2967 1472 3037; x_wconf 79' lang='lat' dir='ltr'><strong>indigens,</strong></span> <span class='ocrx_word' id='word_1_235' title='bbox 1506 2975 1560 3020; x_wconf 88' lang='lat' dir='ltr'><strong>et</strong></span> <span class='ocrx_word' id='word_1_236' title='bbox 1599 2965 1786 3035; x_wconf 86' lang='lat' dir='ltr'><strong>majori</strong></span> <span class='ocrx_word' id='word_1_237' title='bbox 1823 2979 1980 3034; x_wconf 91' lang='lat' dir='ltr'><strong>quam</strong></span> 
     </span>
    </p>
   </div>
   <div class='ocr_carea' id='block_1_32' title="bbox 405 3061 1983 3137">
    <p class='ocr_par' dir='ltr' id='par_1_32' title="bbox 405 3061 1983 3137">
     <span class='ocr_line' id='line_1_32' title="bbox 405 3061 1983 3137; baseline -0.006 -16"><span class='ocrx_word' id='word_1_238' title='bbox 405 3069 621 3137; x_wconf 62' lang='lat' dir='ltr'><strong>piantur.</strong></span> <span class='ocrx_word' id='word_1_239' title='bbox 654 3064 785 3120; x_wconf 78' lang='lat' dir='ltr'><strong>Nam</strong></span> <span class='ocrx_word' id='word_1_240' title='bbox 819 3063 930 3118; x_wconf 90' lang='lat' dir='ltr'><strong>illic</strong></span> <span class='ocrx_word' id='word_1_241' title='bbox 972 3061 1186 3132; x_wconf 87' lang='lat' dir='ltr'><strong>quidem</strong></span> <span class='ocrx_word' id='word_1_242' title='bbox 1236 3071 1319 3114; x_wconf 90' lang='lat' dir='ltr'><strong>est</strong></span> <span class='ocrx_word' id='word_1_243' title='bbox 1361 3069 1550 3113; x_wconf 85' lang='lat' dir='ltr'><strong>natura</strong></span> <span class='ocrx_word' id='word_1_244' title='bbox 1598 3072 1881 3125; x_wconf 81' lang='lat' dir='ltr'><strong>corporum</strong></span> <span class='ocrx_word' id='word_1_245' title='bbox 1927 3062 1983 3112; x_wconf 82' lang='lat' dir='ltr'><strong>cl</strong></span> 
     </span>
    </p>
   </div>
   <div class='ocr_carea' id='block_1_33' title="bbox 405 3147 1985 3222">
    <p class='ocr_par' dir='ltr' id='par_1_33' title="bbox 405 3147 1985 3222">
     <span class='ocr_line' id='line_1_33' title="bbox 405 3147 1985 3222; baseline -0.006 -10"><span class='ocrx_word' id='word_1_246' title='bbox 405 3169 586 3222; x_wconf 68' lang='lat' dir='ltr'><strong>terrm,</strong></span> <span class='ocrx_word' id='word_1_247' title='bbox 619 3156 817 3213; x_wconf 87' lang='lat' dir='ltr'><strong>cedens</strong></span> <span class='ocrx_word' id='word_1_248' title='bbox 845 3153 1092 3208; x_wconf 89' lang='lat' dir='ltr'><strong>manibus</strong></span> <span class='ocrx_word' id='word_1_249' title='bbox 1120 3152 1474 3222; x_wconf 80' lang='lat' dir='ltr'><strong>agricolarum</strong></span> <span class='ocrx_word' id='word_1_250' title='bbox 1501 3167 1513 3202; x_wconf 86' lang='lat'><strong>:</strong></span> <span class='ocrx_word' id='word_1_251' title='bbox 1543 3147 1630 3203; x_wconf 89' lang='lat' dir='ltr'><strong>hic</strong></span> <span class='ocrx_word' id='word_1_252' title='bbox 1673 3159 1851 3202; x_wconf 89' lang='lat' dir='ltr'><strong>autem</strong></span> <span class='ocrx_word' id='word_1_253' title='bbox 1899 3157 1985 3202; x_wconf 86' lang='lat' dir='ltr'><strong>est</strong></span> 
     </span>
    </p>
   </div>
   <div class='ocr_carea' id='block_1_34' title="bbox 405 3240 1984 3317">
    <p class='ocr_par' dir='ltr' id='par_1_34' title="bbox 405 3240 1984 3317">
     <span class='ocr_line' id='line_1_34' title="bbox 405 3240 1984 3317; baseline -0.008 -14"><span class='ocrx_word' id='word_1_254' title='bbox 405 3251 568 3304; x_wconf 84' lang='lat' dir='ltr'><strong>libera</strong></span> <span class='ocrx_word' id='word_1_255' title='bbox 599 3247 826 3317; x_wconf 82' lang='lat' dir='ltr'><strong>eligendi</strong></span> <span class='ocrx_word' id='word_1_256' title='bbox 859 3245 1122 3307; x_wconf 79' lang='lat' dir='ltr'><strong>voluntas,</strong></span> <span class='ocrx_word' id='word_1_257' title='bbox 1151 3258 1268 3312; x_wconf 71' lang='lat' dir='ltr'><strong>qua:</strong></span> <span class='ocrx_word' id='word_1_258' title='bbox 1294 3243 1491 3296; x_wconf 91' lang='lat' dir='ltr'><strong>multas</strong></span> <span class='ocrx_word' id='word_1_259' title='bbox 1541 3240 1765 3307; x_wconf 78' lang='lat' dir='ltr'><strong>suscipit</strong></span> <span class='ocrx_word' id='word_1_260' title='bbox 1812 3250 1984 3291; x_wconf 84' lang='lat' dir='ltr'><strong>muta-</strong></span> 
     </span>
    </p>
   </div>
   <div class='ocr_carea' id='block_1_35' title="bbox 404 3327 1978 3408">
    <p class='ocr_par' dir='ltr' id='par_1_35' title="bbox 404 3327 1978 3408">
     <span class='ocr_line' id='line_1_35' title="bbox 404 3327 1978 3408; baseline -0.009 -13"><span class='ocrx_word' id='word_1_261' title='bbox 404 3341 598 3406; x_wconf 85' lang='lat' dir='ltr'><strong>tiones,</strong></span> <span class='ocrx_word' id='word_1_262' title='bbox 631 3348 684 3394; x_wconf 89' lang='lat' dir='ltr'><strong>et</strong></span> <span class='ocrx_word' id='word_1_263' title='bbox 709 3352 850 3392; x_wconf 91' lang='lat' dir='ltr'><strong>nunc</strong></span> <span class='ocrx_word' id='word_1_264' title='bbox 874 3335 1086 3408; x_wconf 89' lang='lat' dir='ltr'><strong>quidem</strong></span> <span class='ocrx_word' id='word_1_265' title='bbox 1115 3334 1232 3394; x_wconf 85' lang='lat' dir='ltr'><strong>hoc,</strong></span> <span class='ocrx_word' id='word_1_266' title='bbox 1268 3347 1407 3386; x_wconf 88' lang='lat' dir='ltr'><strong>nunc</strong></span> <span class='ocrx_word' id='word_1_267' title='bbox 1434 3341 1614 3384; x_wconf 84' lang='lat' dir='ltr'><strong>autem</strong></span> <span class='ocrx_word' id='word_1_268' title='bbox 1636 3329 1767 3383; x_wconf 90' lang='lat' dir='ltr'><strong>illud</strong></span> <span class='ocrx_word' id='word_1_269' title='bbox 1794 3327 1978 3397; x_wconf 80' lang='lat' dir='ltr'><strong>eligit:</strong></span> 
     </span>
    </p>
   </div>
   <div class='ocr_carea' id='block_1_36' title="bbox 405 3422 1414 3499">
    <p class='ocr_par' dir='ltr' id='par_1_36' title="bbox 405 3422 1414 3499">
     <span class='ocr_line' id='line_1_36' title="bbox 405 3422 1414 3499; baseline -0.007 -16"><span class='ocrx_word' id='word_1_270' title='bbox 405 3429 515 3499; x_wconf 80' lang='lat' dir='ltr'><strong>ipsa</strong></span> <span class='ocrx_word' id='word_1_271' title='bbox 546 3430 687 3484; x_wconf 89' lang='lat' dir='ltr'><strong>enim</strong></span> <span class='ocrx_word' id='word_1_272' title='bbox 716 3438 799 3482; x_wconf 89' lang='lat' dir='ltr'><strong>est</strong></span> <span class='ocrx_word' id='word_1_273' title='bbox 825 3440 1086 3496; x_wconf 84' lang='lat' dir='ltr'><strong>propensa</strong></span> <span class='ocrx_word' id='word_1_274' title='bbox 1115 3422 1180 3477; x_wconf 88' lang='lat' dir='ltr'><strong>ad</strong></span> <span class='ocrx_word' id='word_1_275' title='bbox 1206 3423 1414 3476; x_wconf 85' lang='lat' dir='ltr'><strong>vitium.</strong></span> 
     </span>
    </p>
   </div>
   <div class='ocr_carea' id='block_1_37' title="bbox 470 3505 1970 3588">
    <p class='ocr_par' dir='ltr' id='par_1_37' title="bbox 470 3505 1970 3588">
     <span class='ocr_line' id='line_1_37' title="bbox 470 3505 1970 3588; baseline -0.007 -21"><span class='ocrx_word' id='word_1_276' title='bbox 470 3515 522 3588; x_wconf 68' lang='grc'><strong>5.</strong></span> <span class='ocrx_word' id='word_1_277' title='bbox 562 3513 918 3581; x_wconf 85' lang='lat' dir='ltr'><strong>Quamobrem</strong></span> <span class='ocrx_word' id='word_1_278' title='bbox 950 3524 1158 3585; x_wconf 89' lang='lat' dir='ltr'><strong>oportet</strong></span> <span class='ocrx_word' id='word_1_279' title='bbox 1197 3529 1294 3568; x_wconf 90' lang='lat' dir='ltr'><strong>nos</strong></span> <span class='ocrx_word' id='word_1_280' title='bbox 1334 3525 1547 3580; x_wconf 88' lang='lat' dir='ltr'><strong>semper</strong></span> <span class='ocrx_word' id='word_1_281' title='bbox 1571 3505 1838 3563; x_wconf 86' lang='lat' dir='ltr'><strong>custodire</strong></span> <span class='ocrx_word' id='word_1_282' title='bbox 1858 3547 1873 3570; x_wconf 89' lang='lat'><strong>,</strong></span> <span class='ocrx_word' id='word_1_283' title='bbox 1902 3516 1970 3557; x_wconf 88' lang='lat' dir='ltr'><strong>ne</strong></span> 
     </span>
    </p>
   </div>
   <div class='ocr_carea' id='block_1_38' title="bbox 395 3597 1973 3668">
    <p class='ocr_par' dir='ltr' id='par_1_38' title="bbox 395 3597 1973 3668">
     <span class='ocr_line' id='line_1_38' title="bbox 395 3597 1973 3668; baseline -0.01 -6"><span class='ocrx_word' id='word_1_284' title='bbox 395 3605 766 3662; x_wconf 83' lang='lat' dir='ltr'><strong>dormitemus.</strong></span> <span class='ocrx_word' id='word_1_285' title='bbox 795 3605 922 3659; x_wconf 82' lang='lat' dir='ltr'><strong>Ecce</strong></span> <span class='ocrx_word' id='word_1_286' title='bbox 948 3605 1088 3660; x_wconf 89' lang='lat' dir='ltr'><strong>enim</strong></span> <span class='ocrx_word' id='word_1_287' title='bbox 1118 3621 1220 3660; x_wconf 85' lang='lat' dir='ltr'><strong>non</strong></span> <span class='ocrx_word' id='word_1_288' title='bbox 1257 3601 1567 3664; x_wconf 85' lang='lat' dir='ltr'><strong>dormitubit,</strong></span> <span class='ocrx_word' id='word_1_289' title='bbox 1598 3597 1786 3668; x_wconf 86' lang='lat' dir='ltr'><strong>inquit,</strong></span> <span class='ocrx_word' id='word_1_290' title='bbox 1815 3609 1973 3664; x_wconf 75' lang='lat' dir='ltr'><strong>neque</strong></span> 
     </span>
    </p>
   </div>
   <div class='ocr_carea' id='block_1_39' title="bbox 398 3688 1972 3766">
    <p class='ocr_par' dir='ltr' id='par_1_39' title="bbox 398 3688 1972 3766">
     <span class='ocr_line' id='line_1_39' title="bbox 398 3688 1972 3766; baseline -0.01 -13"><span class='ocrx_word' id='word_1_291' title='bbox 398 3700 610 3753; x_wconf 80' lang='lat' dir='ltr'><strong>dormiet</strong></span> <span class='ocrx_word' id='word_1_292' title='bbox 637 3700 721 3766; x_wconf 86' lang='lat' dir='ltr'><strong>qui</strong></span> <span class='ocrx_word' id='word_1_293' title='bbox 734 3698 949 3752; x_wconf 86' lang='lat' dir='ltr'><strong>custodit</strong></span> <span class='ocrx_word' id='word_1_294' title='bbox 965 3697 1131 3752; x_wconf 79' lang='lat' dir='ltr'><strong>Israel</strong></span> <span class='ocrx_word' id='word_1_295' title='bbox 1154 3713 1172 3761; x_wconf 87' lang='lat'><strong><em>;</em></strong></span> <span class='ocrx_word' id='word_1_296' title='bbox 1198 3709 1269 3761; x_wconf 90' lang='lat' dir='ltr'><strong>et,</strong></span> <span class='ocrx_word' id='word_1_297' title='bbox 1295 3693 1378 3749; x_wconf 85' lang='lat' dir='ltr'><strong>Ne</strong></span> <span class='ocrx_word' id='word_1_298' title='bbox 1406 3694 1492 3747; x_wconf 82' lang='lat' dir='ltr'><strong>des</strong></span> <span class='ocrx_word' id='word_1_299' title='bbox 1517 3693 1570 3746; x_wconf 85' lang='lat' dir='ltr'><strong>in</strong></span> <span class='ocrx_word' id='word_1_300' title='bbox 1589 3688 1972 3745; x_wconf 85' lang='lat' dir='ltr'><strong>commotionem</strong></span> 
     </span>
    </p>
   </div>
   <div class='ocr_carea' id='block_1_40' title="bbox 398 3780 1974 3862">
    <p class='ocr_par' dir='ltr' id='par_1_40' title="bbox 398 3780 1974 3862">
     <span class='ocr_line' id='line_1_40' title="bbox 398 3780 1974 3862; baseline -0.009 -17"><span class='ocrx_word' id='word_1_301' title='bbox 398 3791 573 3862; x_wconf 82' lang='lat' dir='ltr'><strong>pedem</strong></span> <span class='ocrx_word' id='word_1_302' title='bbox 602 3801 742 3845; x_wconf 87' lang='lat' dir='ltr'><strong>tuum</strong></span> <span class='ocrx_word' id='word_1_303' title='bbox 769 3787 941 3861; x_wconf 79' lang='lat' dir='ltr'><strong>(Psai.</strong></span> <span class='ocrx_word' id='word_1_304' title='bbox 977 3788 1098 3845; x_wconf 65' lang='lat'><strong>120.</strong></span> <span class='ocrx_word' id='word_1_305' title='bbox 1126 3790 1178 3844; x_wconf 64' lang='grc' dir='ltr'><strong>ιι.</strong></span> <span class='ocrx_word' id='word_1_306' title='bbox 1210 3789 1288 3860; x_wconf 81' lang='lat'><strong>5).</strong></span> <span class='ocrx_word' id='word_1_307' title='bbox 1321 3783 1438 3842; x_wconf 83' lang='lat' dir='ltr'><strong>Non</strong></span> <span class='ocrx_word' id='word_1_308' title='bbox 1460 3784 1612 3848; x_wconf 83' lang='lat' dir='ltr'><strong>dixit,</strong></span> <span class='ocrx_word' id='word_1_309' title='bbox 1637 3780 1712 3838; x_wconf 83' lang='lat' dir='ltr'><strong>Ne</strong></span> <span class='ocrx_word' id='word_1_310' title='bbox 1736 3793 1974 3836; x_wconf 87' lang='lat' dir='ltr'><strong>commo-</strong></span> 
     </span>
    </p>
   </div>
   <div class='ocr_carea' id='block_1_41' title="bbox 397 3876 1974 3950">
    <p class='ocr_par' dir='ltr' id='par_1_41' title="bbox 397 3876 1974 3950">
     <span class='ocr_line' id='line_1_41' title="bbox 397 3876 1974 3950; baseline -0.008 -15"><span class='ocrx_word' id='word_1_311' title='bbox 397 3885 598 3948; x_wconf 77' lang='lat' dir='ltr'><strong>veat-is,</strong></span> <span class='ocrx_word' id='word_1_312' title='bbox 626 3883 720 3937; x_wconf 87' lang='lat' dir='ltr'><strong>sed</strong></span> <span class='ocrx_word' id='word_1_313' title='bbox 747 3924 764 3949; x_wconf 92' lang='lat'><strong>,</strong></span> <span class='ocrx_word' id='word_1_314' title='bbox 809 3881 885 3937; x_wconf 84' lang='lat' dir='ltr'><strong>Ne</strong></span> <span class='ocrx_word' id='word_1_315' title='bbox 913 3880 1027 3937; x_wconf 90' lang='lat' dir='ltr'><strong>des.</strong></span> <span class='ocrx_word' id='word_1_316' title='bbox 1059 3881 1194 3936; x_wconf 89' lang='lat' dir='ltr'><strong>Dare</strong></span> <span class='ocrx_word' id='word_1_317' title='bbox 1240 3895 1368 3950; x_wconf 79' lang='lat' dir='ltr'><strong>ergo</strong></span> <span class='ocrx_word' id='word_1_318' title='bbox 1397 3885 1482 3934; x_wconf 83' lang='lat' dir='ltr'><strong>est</strong></span> <span class='ocrx_word' id='word_1_319' title='bbox 1509 3876 1560 3930; x_wconf 87' lang='lat' dir='ltr'><strong>in</strong></span> <span class='ocrx_word' id='word_1_320' title='bbox 1608 3881 1787 3928; x_wconf 89' lang='lat' dir='ltr'><strong>nostra</strong></span> <span class='ocrx_word' id='word_1_321' title='bbox 1820 3877 1974 3940; x_wconf 85' lang='lat' dir='ltr'><strong>pote-</strong></span> 
     </span>
    </p>
   </div>
   <div class='ocr_carea' id='block_1_42' title="bbox 397 3963 1974 4040">
    <p class='ocr_par' dir='ltr' id='par_1_42' title="bbox 397 3963 1974 4040">
     <span class='ocr_line' id='line_1_42' title="bbox 397 3963 1974 4040; baseline -0.009 -14"><span class='ocrx_word' id='word_1_322' title='bbox 397 3984 568 4035; x_wconf 87' lang='lat' dir='ltr'><strong>state,</strong></span> <span class='ocrx_word' id='word_1_323' title='bbox 600 3989 705 4026; x_wconf 89' lang='lat' dir='ltr'><strong>non</strong></span> <span class='ocrx_word' id='word_1_324' title='bbox 739 3974 788 4025; x_wconf 90' lang='lat' dir='ltr'><strong>in</strong></span> <span class='ocrx_word' id='word_1_325' title='bbox 817 3973 1041 4040; x_wconf 87' lang='lat' dir='ltr'><strong>alicujus</strong></span> <span class='ocrx_word' id='word_1_326' title='bbox 1071 3971 1311 4024; x_wconf 83' lang='lat' dir='ltr'><strong>alterius.</strong></span> <span class='ocrx_word' id='word_1_327' title='bbox 1352 3967 1486 4023; x_wconf 83' lang='lat' dir='ltr'><strong>Nam</strong></span> <span class='ocrx_word' id='word_1_328' title='bbox 1513 3966 1556 4020; x_wconf 86' lang='lat' dir='ltr'><strong>si</strong></span> <span class='ocrx_word' id='word_1_329' title='bbox 1585 3963 1808 4018; x_wconf 84' lang='lat' dir='ltr'><strong>velimus</strong></span> <span class='ocrx_word' id='word_1_330' title='bbox 1833 3970 1974 4015; x_wconf 71' lang='lat' dir='ltr'><strong>stare</strong></span> 
     </span>
    </p>
   </div>
   <div class='ocr_carea' id='block_1_43' title="bbox 398 4054 1971 4126">
    <p class='ocr_par' dir='ltr' id='par_1_43' title="bbox 398 4054 1971 4126">
     <span class='ocr_line' id='line_1_43' title="bbox 398 4054 1971 4126; baseline -0.008 -10"><span class='ocrx_word' id='word_1_331' title='bbox 398 4064 536 4116; x_wconf 77' lang='lat' dir='ltr'><strong>ﬁrmi</strong></span> <span class='ocrx_word' id='word_1_332' title='bbox 564 4105 579 4126; x_wconf 91' lang='lat'><strong>,</strong></span> <span class='ocrx_word' id='word_1_333' title='bbox 608 4062 828 4115; x_wconf 88' lang='lat' dir='ltr'><strong>stabiles</strong></span> <span class='ocrx_word' id='word_1_334' title='bbox 865 4072 918 4115; x_wconf 92' lang='lat' dir='ltr'><strong>et</strong></span> <span class='ocrx_word' id='word_1_335' title='bbox 950 4061 1251 4115; x_wconf 85' lang='lat' dir='ltr'><strong>immobiles</strong></span> <span class='ocrx_word' id='word_1_336' title='bbox 1273 4103 1288 4126; x_wconf 91' lang='lat'><strong>,</strong></span> <span class='ocrx_word' id='word_1_337' title='bbox 1318 4075 1423 4112; x_wconf 91' lang='lat' dir='ltr'><strong>non</strong></span> <span class='ocrx_word' id='word_1_338' title='bbox 1468 4054 1925 4112; x_wconf 86' lang='lat' dir='ltr'><strong>commovehimur</strong></span> <span class='ocrx_word' id='word_1_339' title='bbox 1957 4067 1971 4104; x_wconf 90' lang='lat'><strong>:</strong></span> 
     </span>
    </p>
   </div>
   <div class='ocr_carea' id='block_1_44' title="bbox 398 4141 1975 4214">
    <p class='ocr_par' dir='ltr' id='par_1_44' title="bbox 398 4141 1975 4214">
     <span class='ocr_line' id='line_1_44' title="bbox 398 4141 1975 4214; baseline -0.008 -8"><span class='ocrx_word' id='word_1_340' title='bbox 398 4155 480 4206; x_wconf 79' lang='lat' dir='ltr'><strong>bis</strong></span> <span class='ocrx_word' id='word_1_341' title='bbox 507 4154 647 4207; x_wconf 88' lang='lat' dir='ltr'><strong>enim</strong></span> <span class='ocrx_word' id='word_1_342' title='bbox 676 4149 851 4204; x_wconf 80' lang='lat' dir='ltr'><strong>verbis</strong></span> <span class='ocrx_word' id='word_1_343' title='bbox 875 4151 998 4204; x_wconf 89' lang='lat' dir='ltr'><strong>illttd</strong></span> <span class='ocrx_word' id='word_1_344' title='bbox 1019 4150 1394 4203; x_wconf 81' lang='lat' dir='ltr'><strong>subintlicavit.</strong></span> <span class='ocrx_word' id='word_1_345' title='bbox 1417 4147 1552 4213; x_wconf 86' lang='lat' dir='ltr'><strong>Quid</strong></span> <span class='ocrx_word' id='word_1_346' title='bbox 1581 4143 1748 4214; x_wconf 78' lang='lat' dir='ltr'><strong>ergo?</strong></span> <span class='ocrx_word' id='word_1_347' title='bbox 1771 4141 1975 4197; x_wconf 81' lang='lat' dir='ltr'><strong>nihilne</strong></span> 
     </span>
    </p>
   </div>
   <div class='ocr_carea' id='block_1_45' title="bbox 399 4238 1978 4310">
    <p class='ocr_par' dir='ltr' id='par_1_45' title="bbox 399 4238 1978 4310">
     <span class='ocr_line' id='line_1_45' title="bbox 399 4238 1978 4310; baseline -0.008 -14"><span class='ocrx_word' id='word_1_348' title='bbox 399 4245 556 4309; x_wconf 84' lang='lat' dir='ltr'><strong>estin</strong></span> <span class='ocrx_word' id='word_1_349' title='bbox 604 4241 693 4296; x_wconf 76' lang='lat' dir='ltr'><strong>Dei</strong></span> <span class='ocrx_word' id='word_1_350' title='bbox 737 4241 1038 4310; x_wconf 81' lang='lat' dir='ltr'><strong>potestate?</strong></span> <span class='ocrx_word' id='word_1_351' title='bbox 1065 4241 1120 4293; x_wconf 94' lang='lat' dir='ltr'><strong>ln</strong></span> <span class='ocrx_word' id='word_1_352' title='bbox 1149 4239 1241 4292; x_wconf 85' lang='lat' dir='ltr'><strong>Dei</strong></span> <span class='ocrx_word' id='word_1_353' title='bbox 1281 4238 1493 4308; x_wconf 82' lang='lat' dir='ltr'><strong>quidem</strong></span> <span class='ocrx_word' id='word_1_354' title='bbox 1537 4242 1799 4306; x_wconf 87' lang='lat' dir='ltr'><strong>potestate</strong></span> <span class='ocrx_word' id='word_1_355' title='bbox 1850 4241 1978 4285; x_wconf 86' lang='lat' dir='ltr'><strong>sunt</strong></span> 
     </span>
    </p>
   </div>
   <div class='ocr_carea' id='block_1_46' title="bbox 399 4322 1977 4401">
    <p class='ocr_par' dir='ltr' id='par_1_46' title="bbox 399 4322 1977 4401">
     <span class='ocr_line' id='line_1_46' title="bbox 399 4322 1977 4401; baseline -0.008 -14"><span class='ocrx_word' id='word_1_356' title='bbox 399 4337 598 4401; x_wconf 89' lang='lat' dir='ltr'><strong>omnia,</strong></span> <span class='ocrx_word' id='word_1_357' title='bbox 625 4332 717 4387; x_wconf 90' lang='lat' dir='ltr'><strong>sed</strong></span> <span class='ocrx_word' id='word_1_358' title='bbox 744 4348 848 4386; x_wconf 91' lang='lat' dir='ltr'><strong>non</strong></span> <span class='ocrx_word' id='word_1_359' title='bbox 875 4334 944 4385; x_wconf 89' lang='lat' dir='ltr'><strong>ita</strong></span> <span class='ocrx_word' id='word_1_360' title='bbox 973 4339 1033 4387; x_wconf 77' lang='grc' dir='ltr'><strong>ιιι</strong></span> <span class='ocrx_word' id='word_1_361' title='bbox 1059 4339 1300 4386; x_wconf 89' lang='lat' dir='ltr'><strong>nostrum</strong></span> <span class='ocrx_word' id='word_1_362' title='bbox 1329 4329 1552 4382; x_wconf 87' lang='lat' dir='ltr'><strong>liherutn</strong></span> <span class='ocrx_word' id='word_1_363' title='bbox 1587 4325 1809 4379; x_wconf 64' lang='lat' dir='ltr'><strong>laniatur</strong></span> <span class='ocrx_word' id='word_1_364' title='bbox 1834 4322 1977 4376; x_wconf 52' lang='lat' dir='ltr'><strong>arbi‘</strong></span> 
     </span>
    </p>
   </div>
   <div class='ocr_carea' id='block_1_47' title="bbox 402 4421 1978 4496">
    <p class='ocr_par' dir='ltr' id='par_1_47' title="bbox 402 4421 1978 4496">
     <span class='ocr_line' id='line_1_47' title="bbox 402 4421 1978 4496; baseline -0.008 -15"><span class='ocrx_word' id='word_1_365' title='bbox 402 4427 578 4481; x_wconf 88' lang='lat' dir='ltr'><strong>tritun.</strong></span> <span class='ocrx_word' id='word_1_366' title='bbox 631 4425 686 4478; x_wconf 85' lang='lat' dir='ltr'><strong>Si</strong></span> <span class='ocrx_word' id='word_1_367' title='bbox 737 4440 899 4496; x_wconf 79' lang='lat' dir='ltr'><strong>ergo,</strong></span> <span class='ocrx_word' id='word_1_368' title='bbox 941 4425 1148 4494; x_wconf 82' lang='lat' dir='ltr'><strong>inquit,</strong></span> <span class='ocrx_word' id='word_1_369' title='bbox 1195 4435 1270 4478; x_wconf 89' lang='lat' dir='ltr'><strong>est</strong></span> <span class='ocrx_word' id='word_1_370' title='bbox 1301 4421 1354 4476; x_wconf 90' lang='lat' dir='ltr'><strong>in</strong></span> <span class='ocrx_word' id='word_1_371' title='bbox 1399 4421 1490 4475; x_wconf 89' lang='lat' dir='ltr'><strong>Dei</strong></span> <span class='ocrx_word' id='word_1_372' title='bbox 1538 4426 1835 4489; x_wconf 87' lang='lat' dir='ltr'><strong>potestate,</strong></span> <span class='ocrx_word' id='word_1_373' title='bbox 1883 4430 1978 4469; x_wconf 88' lang='lat' dir='ltr'><strong>cur</strong></span> 
     </span>
    </p>
   </div>
   <div class='ocr_carea' id='block_1_48' title="bbox 402 4508 1975 4583">
    <p class='ocr_par' dir='ltr' id='par_1_48' title="bbox 402 4508 1975 4583">
     <span class='ocr_line' id='line_1_48' title="bbox 402 4508 1975 4583; baseline -0.007 -12"><span class='ocrx_word' id='word_1_374' title='bbox 402 4518 452 4571; x_wconf 91' lang='lat' dir='ltr'><strong>in</strong></span> <span class='ocrx_word' id='word_1_375' title='bbox 505 4532 602 4571; x_wconf 88' lang='lat' dir='ltr'><strong>nos</strong></span> <span class='ocrx_word' id='word_1_376' title='bbox 640 4515 847 4571; x_wconf 79' lang='lat' dir='ltr'><strong>confert</strong></span> <span class='ocrx_word' id='word_1_377' title='bbox 892 4515 1140 4583; x_wconf 78' lang='lat' dir='ltr'><strong>culpam?</strong></span> <span class='ocrx_word' id='word_1_378' title='bbox 1185 4513 1471 4583; x_wconf 81' lang='lat' dir='ltr'><strong>Propterea</strong></span> <span class='ocrx_word' id='word_1_379' title='bbox 1498 4511 1629 4574; x_wconf 88' lang='lat' dir='ltr'><strong>dixi,</strong></span> <span class='ocrx_word' id='word_1_380' title='bbox 1663 4508 1734 4561; x_wconf 88' lang='lat' dir='ltr'><strong>ita</strong></span> <span class='ocrx_word' id='word_1_381' title='bbox 1766 4515 1822 4561; x_wconf 91' lang='lat' dir='ltr'><strong>ut</strong></span> <span class='ocrx_word' id='word_1_382' title='bbox 1869 4521 1975 4560; x_wconf 90' lang='lat' dir='ltr'><strong>non</strong></span> 
     </span>
    </p>
   </div>
   <div class='ocr_carea' id='block_1_49' title="bbox 402 4594 1977 4666">
    <p class='ocr_par' dir='ltr' id='par_1_49' title="bbox 402 4594 1977 4666">
     <span class='ocr_line' id='line_1_49' title="bbox 402 4594 1977 4666; baseline -0.009 -4"><span class='ocrx_word' id='word_1_383' title='bbox 402 4607 624 4662; x_wconf 68' lang='lat' dir='ltr'><strong>lzedatur</strong></span> <span class='ocrx_word' id='word_1_384' title='bbox 673 4616 912 4660; x_wconf 85' lang='lat' dir='ltr'><strong>nostrum</strong></span> <span class='ocrx_word' id='word_1_385' title='bbox 969 4603 1196 4658; x_wconf 84' lang='lat' dir='ltr'><strong>liberum</strong></span> <span class='ocrx_word' id='word_1_386' title='bbox 1260 4603 1556 4656; x_wconf 77' lang='lat' dir='ltr'><strong>arbitrium.</strong></span> <span class='ocrx_word' id='word_1_387' title='bbox 1611 4600 1701 4653; x_wconf 86' lang='lat' dir='ltr'><strong>Est</strong></span> <span class='ocrx_word' id='word_1_388' title='bbox 1753 4612 1880 4666; x_wconf 84' lang='lat' dir='ltr'><strong>ergo</strong></span> <span class='ocrx_word' id='word_1_389' title='bbox 1925 4594 1977 4649; x_wconf 85' lang='lat' dir='ltr'><strong>in</strong></span> 
     </span>
    </p>
   </div>
   <div class='ocr_carea' id='block_1_50' title="bbox 401 4683 1980 4764">
    <p class='ocr_par' dir='ltr' id='par_1_50' title="bbox 401 4683 1980 4764">
     <span class='ocr_line' id='line_1_50' title="bbox 401 4683 1980 4764; baseline -0.009 -13"><span class='ocrx_word' id='word_1_390' title='bbox 401 4709 582 4752; x_wconf 85' lang='lat' dir='ltr'><strong>nostra</strong></span> <span class='ocrx_word' id='word_1_391' title='bbox 606 4739 619 4759; x_wconf 81' lang='lat'><strong>,</strong></span> <span class='ocrx_word' id='word_1_392' title='bbox 647 4704 702 4750; x_wconf 86' lang='lat' dir='ltr'><strong>et</strong></span> <span class='ocrx_word' id='word_1_393' title='bbox 747 4697 796 4750; x_wconf 91' lang='lat' dir='ltr'><strong>in</strong></span> <span class='ocrx_word' id='word_1_394' title='bbox 845 4693 958 4764; x_wconf 90' lang='lat' dir='ltr'><strong>ejus</strong></span> <span class='ocrx_word' id='word_1_395' title='bbox 989 4701 1249 4764; x_wconf 88' lang='lat' dir='ltr'><strong>potestate</strong></span> <span class='ocrx_word' id='word_1_396' title='bbox 1280 4709 1293 4744; x_wconf 91' lang='lat'><strong>:</strong></span> <span class='ocrx_word' id='word_1_397' title='bbox 1321 4700 1532 4759; x_wconf 66' lang='lat' dir='ltr'><strong>oportet</strong></span> <span class='ocrx_word' id='word_1_398' title='bbox 1561 4689 1702 4743; x_wconf 89' lang='lat' dir='ltr'><strong>enim</strong></span> <span class='ocrx_word' id='word_1_399' title='bbox 1733 4699 1830 4740; x_wconf 86' lang='lat' dir='ltr'><strong>nos</strong></span> <span class='ocrx_word' id='word_1_400' title='bbox 1874 4683 1980 4752; x_wconf 90' lang='lat' dir='ltr'><strong>pri-</strong></span> 
     </span>
    </p>
   </div>
   <div class='ocr_carea' id='block_1_51' title="bbox 402 4774 1979 4857">
    <p class='ocr_par' dir='ltr' id='par_1_51' title="bbox 402 4774 1979 4857">
     <span class='ocr_line' id='line_1_51' title="bbox 402 4774 1979 4857; baseline -0.008 -15"><span class='ocrx_word' id='word_1_401' title='bbox 402 4805 545 4842; x_wconf 87' lang='lat' dir='ltr'><strong>mum</strong></span> <span class='ocrx_word' id='word_1_402' title='bbox 597 4787 732 4842; x_wconf 92' lang='lat' dir='ltr'><strong>bona</strong></span> <span class='ocrx_word' id='word_1_403' title='bbox 773 4787 1005 4857; x_wconf 81' lang='lat' dir='ltr'><strong>eligere,</strong></span> <span class='ocrx_word' id='word_1_404' title='bbox 1057 4794 1258 4840; x_wconf 89' lang='lat' dir='ltr'><strong>etcum</strong></span> <span class='ocrx_word' id='word_1_405' title='bbox 1291 4783 1627 4851; x_wconf 79' lang='lat' dir='ltr'><strong>elegerimus,</strong></span> <span class='ocrx_word' id='word_1_406' title='bbox 1676 4789 1800 4833; x_wconf 88' lang='lat' dir='ltr'><strong>tunc</strong></span> <span class='ocrx_word' id='word_1_407' title='bbox 1823 4774 1979 4830; x_wconf 82' lang='lat' dir='ltr'><strong>afl‘ert</strong></span> 
     </span>
    </p>
   </div>
   <div class='ocr_carea' id='block_1_52' title="bbox 401 4889 812 4950">
    <p class='ocr_par' dir='ltr' id='par_1_52' title="bbox 401 4889 812 4950">
     <span class='ocr_line' id='line_1_52' title="bbox 401 4889 812 4950; baseline 0 -18"><span class='ocrx_word' id='word_1_408' title='bbox 401 4895 518 4950; x_wconf 76' lang='lat' dir='ltr'><strong>qttzc</strong></span> <span class='ocrx_word' id='word_1_409' title='bbox 549 4896 641 4932; x_wconf 87' lang='lat' dir='ltr'><strong>sua</strong></span> <span class='ocrx_word' id='word_1_410' title='bbox 671 4889 812 4933; x_wconf 88' lang='lat' dir='ltr'><strong>sunt.</strong></span> 
     </span>
    </p>
   </div>
   <div class='ocr_carea' id='block_1_53' title="bbox 475 4957 1981 5036">
    <p class='ocr_par' dir='ltr' id='par_1_53' title="bbox 475 4957 1981 5036">
     <span class='ocr_line' id='line_1_53' title="bbox 475 4957 1981 5036; baseline -0.009 -13"><span class='ocrx_word' id='word_1_411' title='bbox 475 4969 552 5023; x_wconf 82' lang='lat' dir='ltr'><strong>De</strong></span> <span class='ocrx_word' id='word_1_412' title='bbox 579 4970 732 5023; x_wconf 83' lang='lat' dir='ltr'><strong>libero</strong></span> <span class='ocrx_word' id='word_1_413' title='bbox 751 4971 977 5024; x_wconf 87' lang='lat' dir='ltr'><strong>arbitrio.</strong></span> <span class='ocrx_word' id='word_1_414' title='bbox 1013 4999 1085 5010; x_wconf 90' lang='lat'><strong>-—</strong></span> <span class='ocrx_word' id='word_1_415' title='bbox 1115 4966 1228 5023; x_wconf 78' lang='lat' dir='ltr'><strong>Non</strong></span> <span class='ocrx_word' id='word_1_416' title='bbox 1267 4964 1523 5036; x_wconf 74' lang='lat' dir='ltr'><strong>pnevenit</strong></span> <span class='ocrx_word' id='word_1_417' title='bbox 1556 4970 1763 5014; x_wconf 73' lang='lat' dir='ltr'><strong>nostras</strong></span> <span class='ocrx_word' id='word_1_418' title='bbox 1792 4957 1981 5012; x_wconf 78' lang='lat' dir='ltr'><strong>volun-</strong></span> 
     </span>
    </p>
   </div>
   <div class='ocr_carea' id='block_1_54' title="bbox 405 5049 1978 5130">
    <p class='ocr_par' dir='ltr' id='par_1_54' title="bbox 405 5049 1978 5130">
     <span class='ocr_line' id='line_1_54' title="bbox 405 5049 1978 5130; baseline -0.008 -15"><span class='ocrx_word' id='word_1_419' title='bbox 405 5068 564 5126; x_wconf 84' lang='lat' dir='ltr'><strong>tates,</strong></span> <span class='ocrx_word' id='word_1_420' title='bbox 594 5076 659 5114; x_wconf 88' lang='lat' dir='ltr'><strong>ne</strong></span> <span class='ocrx_word' id='word_1_421' title='bbox 691 5061 877 5130; x_wconf 85' lang='lat' dir='ltr'><strong>perdat</strong></span> <span class='ocrx_word' id='word_1_422' title='bbox 899 5071 1139 5115; x_wconf 89' lang='lat' dir='ltr'><strong>nostrum</strong></span> <span class='ocrx_word' id='word_1_423' title='bbox 1173 5060 1397 5113; x_wconf 85' lang='lat' dir='ltr'><strong>liberum</strong></span> <span class='ocrx_word' id='word_1_424' title='bbox 1425 5053 1702 5109; x_wconf 83' lang='lat' dir='ltr'><strong>arbitrium</strong></span> <span class='ocrx_word' id='word_1_425' title='bbox 1730 5070 1741 5103; x_wconf 93' lang='lat'><strong>:</strong></span> <span class='ocrx_word' id='word_1_426' title='bbox 1768 5049 1978 5120; x_wconf 86' lang='lat' dir='ltr'><strong>quando</strong></span> 
     </span>
    </p>
   </div>
   <div class='ocr_carea' id='block_1_55' title="bbox 406 5138 1978 5218">
    <p class='ocr_par' dir='ltr' id='par_1_55' title="bbox 406 5138 1978 5218">
     <span class='ocr_line' id='line_1_55' title="bbox 406 5138 1978 5218; baseline -0.009 -12"><span class='ocrx_word' id='word_1_427' title='bbox 406 5164 581 5206; x_wconf 84' lang='lat' dir='ltr'><strong>autem</strong></span> <span class='ocrx_word' id='word_1_428' title='bbox 634 5165 730 5204; x_wconf 92' lang='lat' dir='ltr'><strong>nos</strong></span> <span class='ocrx_word' id='word_1_429' title='bbox 773 5150 1109 5218; x_wconf 75' lang='lat' dir='ltr'><strong>elegerimus,</strong></span> <span class='ocrx_word' id='word_1_430' title='bbox 1165 5159 1290 5204; x_wconf 90' lang='lat' dir='ltr'><strong>tunc</strong></span> <span class='ocrx_word' id='word_1_431' title='bbox 1339 5147 1492 5202; x_wconf 88' lang='lat' dir='ltr'><strong>nobis</strong></span> <span class='ocrx_word' id='word_1_432' title='bbox 1548 5144 1773 5198; x_wconf 88' lang='lat' dir='ltr'><strong>multum</strong></span> <span class='ocrx_word' id='word_1_433' title='bbox 1821 5138 1978 5193; x_wconf 75' lang='lat' dir='ltr'><strong>affert</strong></span> 
     </span>
    </p>
   </div>
   <div class='ocr_carea' id='block_1_56' title="bbox 406 5240 1974 5310">
    <p class='ocr_par' dir='ltr' id='par_1_56' title="bbox 406 5240 1974 5310">
     <span class='ocr_line' id='line_1_56' title="bbox 406 5240 1974 5310; baseline -0.009 -12"><span class='ocrx_word' id='word_1_434' title='bbox 406 5244 682 5298; x_wconf 79' lang='lat' dir='ltr'><strong>auxilium.</strong></span> <span class='ocrx_word' id='word_1_435' title='bbox 716 5240 996 5310; x_wconf 79' lang='lat' dir='ltr'><strong>Quomodo</strong></span> <span class='ocrx_word' id='word_1_436' title='bbox 1022 5256 1149 5310; x_wconf 84' lang='lat' dir='ltr'><strong>ergo</strong></span> <span class='ocrx_word' id='word_1_437' title='bbox 1175 5283 1190 5306; x_wconf 89' lang='lat'><strong>,</strong></span> <span class='ocrx_word' id='word_1_438' title='bbox 1217 5241 1260 5294; x_wconf 92' lang='lat' dir='ltr'><strong>si</strong></span> <span class='ocrx_word' id='word_1_439' title='bbox 1286 5241 1336 5294; x_wconf 91' lang='lat' dir='ltr'><strong>in</strong></span> <span class='ocrx_word' id='word_1_440' title='bbox 1369 5248 1547 5293; x_wconf 86' lang='lat' dir='ltr'><strong>nostra</strong></span> <span class='ocrx_word' id='word_1_441' title='bbox 1584 5243 1844 5306; x_wconf 86' lang='lat' dir='ltr'><strong>potestate</strong></span> <span class='ocrx_word' id='word_1_442' title='bbox 1873 5241 1974 5298; x_wconf 85' lang='lat' dir='ltr'><strong>est,</strong></span> 
     </span>
    </p>
   </div>
   <div class='ocr_carea' id='block_1_57' title="bbox 405 5325 1975 5402">
    <p class='ocr_par' dir='ltr' id='par_1_57' title="bbox 405 5325 1975 5402">
     <span class='ocr_line' id='line_1_57' title="bbox 405 5325 1975 5402; baseline -0.008 -12"><span class='ocrx_word' id='word_1_443' title='bbox 405 5337 534 5391; x_wconf 79' lang='lat' dir='ltr'><strong>dicit</strong></span> <span class='ocrx_word' id='word_1_444' title='bbox 561 5335 754 5389; x_wconf 80' lang='lat' dir='ltr'><strong>Paulus</strong></span> <span class='ocrx_word' id='word_1_445' title='bbox 787 5349 800 5385; x_wconf 91' lang='lat'><strong>:</strong></span> <span class='ocrx_word' id='word_1_446' title='bbox 829 5329 948 5385; x_wconf 80' lang='lat' dir='ltr'><strong>Non</strong></span> <span class='ocrx_word' id='word_1_447' title='bbox 989 5333 1198 5386; x_wconf 77' lang='lat' dir='ltr'><strong>volentis</strong></span> <span class='ocrx_word' id='word_1_448' title='bbox 1230 5349 1384 5402; x_wconf 75' lang='lat' dir='ltr'><strong>neque</strong></span> <span class='ocrx_word' id='word_1_449' title='bbox 1413 5325 1657 5385; x_wconf 75' lang='lat' dir='ltr'><strong>currentis</strong></span> <span class='ocrx_word' id='word_1_450' title='bbox 1678 5370 1693 5392; x_wconf 94' lang='lat'><strong>,</strong></span> <span class='ocrx_word' id='word_1_451' title='bbox 1718 5326 1804 5382; x_wconf 84' lang='lat' dir='ltr'><strong>sed</strong></span> <span class='ocrx_word' id='word_1_452' title='bbox 1827 5326 1975 5378; x_wconf 80' lang='lat' dir='ltr'><strong>mise-</strong></span> 
     </span>
    </p>
   </div>
   <div class='ocr_carea' id='block_1_58' title="bbox 406 5417 1978 5496">
    <p class='ocr_par' dir='ltr' id='par_1_58' title="bbox 406 5417 1978 5496">
     <span class='ocr_line' id='line_1_58' title="bbox 406 5417 1978 5496; baseline -0.008 -14"><span class='ocrx_word' id='word_1_453' title='bbox 406 5431 561 5482; x_wconf 80' lang='lat' dir='ltr'><strong>rentis</strong></span> <span class='ocrx_word' id='word_1_454' title='bbox 583 5437 654 5483; x_wconf 83' lang='lat' dir='ltr'><strong>est</strong></span> <span class='ocrx_word' id='word_1_455' title='bbox 704 5425 798 5481; x_wconf 83' lang='lat' dir='ltr'><strong>Dei</strong></span> <span class='ocrx_word' id='word_1_456' title='bbox 822 5425 842 5496; x_wconf 88' lang='lat'><strong>(</strong></span> <span class='ocrx_word' id='word_1_457' title='bbox 869 5423 1015 5479; x_wconf 81' lang='lat' dir='ltr'><strong>Rom.</strong></span> <span class='ocrx_word' id='word_1_458' title='bbox 1043 5425 1096 5479; x_wconf 89' lang='lat'><strong>9.</strong></span> <span class='ocrx_word' id='word_1_459' title='bbox 1131 5423 1197 5477; x_wconf 85' lang='lat' dir='ltr'><strong>l6</strong></span> <span class='ocrx_word' id='word_1_460' title='bbox 1220 5423 1285 5491; x_wconf 81' lang='lat'><strong>)?</strong></span> <span class='ocrx_word' id='word_1_461' title='bbox 1333 5422 1565 5477; x_wconf 76' lang='lat' dir='ltr'><strong>Primum</strong></span> <span class='ocrx_word' id='word_1_462' title='bbox 1609 5417 1822 5490; x_wconf 85' lang='lat' dir='ltr'><strong>quidem</strong></span> <span class='ocrx_word' id='word_1_463' title='bbox 1875 5431 1978 5470; x_wconf 83' lang='lat' dir='ltr'><strong>non</strong></span> 
     </span>
    </p>
   </div>
   <div class='ocr_carea' id='block_1_59' title="bbox 408 5508 1979 5589">
    <p class='ocr_par' dir='ltr' id='par_1_59' title="bbox 408 5508 1979 5589">
     <span class='ocr_line' id='line_1_59' title="bbox 408 5508 1979 5589; baseline -0.01 -15"><span class='ocrx_word' id='word_1_464' title='bbox 408 5531 674 5589; x_wconf 86' lang='lat' dir='ltr'><strong>tamquam</strong></span> <span class='ocrx_word' id='word_1_465' title='bbox 702 5536 850 5574; x_wconf 87' lang='lat' dir='ltr'><strong>suam</strong></span> <span class='ocrx_word' id='word_1_466' title='bbox 878 5514 1170 5573; x_wconf 87' lang='lat' dir='ltr'><strong>introduxit</strong></span> <span class='ocrx_word' id='word_1_467' title='bbox 1194 5514 1531 5578; x_wconf 79' lang='lat' dir='ltr'><strong>sententiain,</strong></span> <span class='ocrx_word' id='word_1_468' title='bbox 1561 5511 1652 5566; x_wconf 88' lang='lat' dir='ltr'><strong>sed</strong></span> <span class='ocrx_word' id='word_1_469' title='bbox 1675 5508 1890 5578; x_wconf 77' lang='lat' dir='ltr'><strong>collegit</strong></span> <span class='ocrx_word' id='word_1_470' title='bbox 1911 5521 1979 5559; x_wconf 84' lang='lat' dir='ltr'><strong>ex</strong></span> 
     </span>
    </p>
   </div>
   <div class='ocr_carea' id='block_1_60' title="bbox 413 5601 1980 5682">
    <p class='ocr_par' dir='ltr' id='par_1_60' title="bbox 413 5601 1980 5682">
     <span class='ocr_line' id='line_1_60' title="bbox 413 5601 1980 5682; baseline -0.011 -14"><span class='ocrx_word' id='word_1_471' title='bbox 413 5629 476 5669; x_wconf 80' lang='lat' dir='ltr'><strong>so</strong></span> <span class='ocrx_word' id='word_1_472' title='bbox 497 5610 636 5666; x_wconf 88' lang='lat' dir='ltr'><strong>uuod</strong></span> <span class='ocrx_word' id='word_1_473' title='bbox 669 5619 784 5665; x_wconf 83' lang='lat' dir='ltr'><strong>erat</strong></span> <span class='ocrx_word' id='word_1_474' title='bbox 812 5611 1163 5676; x_wconf 86' lang='lat' dir='ltr'><strong>propositum,</strong></span> <span class='ocrx_word' id='word_1_475' title='bbox 1196 5617 1249 5663; x_wconf 90' lang='lat' dir='ltr'><strong>et</strong></span> <span class='ocrx_word' id='word_1_476' title='bbox 1278 5620 1342 5661; x_wconf 86' lang='lat' dir='ltr'><strong>ex</strong></span> <span class='ocrx_word' id='word_1_477' title='bbox 1374 5618 1440 5659; x_wconf 85' lang='lat' dir='ltr'><strong>eo</strong></span> <span class='ocrx_word' id='word_1_478' title='bbox 1459 5603 1597 5682; x_wconf 77' lang='lat' dir='ltr'><strong>quod</strong></span> <span class='ocrx_word' id='word_1_479' title='bbox 1627 5601 1980 5673; x_wconf 75' lang='lat' dir='ltr'><strong>przcmissum.</strong></span> 
     </span>
    </p>
   </div>
   <div class='ocr_carea' id='block_1_61' title="bbox 1151 213 2958 276">
    <p class='ocr_par' dir='ltr' id='par_1_61' title="bbox 1151 213 2958 276">
     <span class='ocr_line' id='line_1_61' title="bbox 1151 213 2958 276; baseline -0.001 0"><span class='ocrx_word' id='word_1_480' title='bbox 1151 224 1191 276; x_wconf 67' lang='grc' dir='ltr'>ς</span> <span class='ocrx_word' id='word_1_481' title='bbox 1249 218 1522 272; x_wconf 57' lang='grc' dir='ltr'><strong>ΜᾺΧΝΒ</strong></span> <span class='ocrx_word' id='word_1_482' title='bbox 1559 213 2035 272; x_wconf 59' lang='grc' dir='ltr'><strong>(ῑιιῐιγςοςτυδη</strong></span> <span class='ocrx_word' id='word_1_483' title='bbox 2076 215 2386 273; x_wconf 69' lang='lat' dir='ltr'><strong>ARCHIEP.</strong></span> <span class='ocrx_word' id='word_1_484' title='bbox 2427 215 2958 274; x_wconf 72' lang='lat' dir='ltr'><strong>CONSTANTINOP.</strong></span> 
     </span>
    </p>
   </div>
   <div class='ocr_carea' id='block_1_62' title="bbox 3576 208 3677 258">
    <p class='ocr_par' dir='ltr' id='par_1_62' title="bbox 3576 208 3677 258">
     <span class='ocr_line' id='line_1_62' title="bbox 3576 208 3677 258; baseline 0 0"><span class='ocrx_word' id='word_1_485' title='bbox 3576 208 3677 258; x_wconf 77' lang='lat' dir='ltr'><strong>lO‘l</strong></span> 
     </span>
    </p>
   </div>
   <div class='ocr_carea' id='block_1_63' title="bbox 2105 315 3669 392">
    <p class='ocr_par' dir='ltr' id='par_1_63' title="bbox 2105 315 3669 392">
     <span class='ocr_line' id='line_1_63' title="bbox 2105 315 3669 392; baseline 0.007 -24"><span class='ocrx_word' id='word_1_486' title='bbox 2105 315 2236 368; x_wconf 76' lang='lat' dir='ltr'><strong>Nam</strong></span> <span class='ocrx_word' id='word_1_487' title='bbox 2265 334 2384 372; x_wconf 80' lang='lat' dir='ltr'><strong>eum</strong></span> <span class='ocrx_word' id='word_1_488' title='bbox 2407 320 2647 383; x_wconf 74' lang='lat' dir='ltr'><strong>dixisset,</strong></span> <span class='ocrx_word' id='word_1_489' title='bbox 2682 322 2942 392; x_wconf 84' lang='lat' dir='ltr'><strong>Scriptum</strong></span> <span class='ocrx_word' id='word_1_490' title='bbox 2969 335 3076 389; x_wconf 86' lang='lat' dir='ltr'><strong>est,</strong></span> <span class='ocrx_word' id='word_1_491' title='bbox 3105 324 3376 378; x_wconf 79' lang='lat' dir='ltr'><strong>Miserebor</strong></span> <span class='ocrx_word' id='word_1_492' title='bbox 3398 328 3544 392; x_wconf 78' lang='lat' dir='ltr'><strong>cuius</strong></span> <span class='ocrx_word' id='word_1_493' title='bbox 3576 332 3669 379; x_wconf 82' lang='lat' dir='ltr'><strong>mi-</strong></span> 
     </span>
    </p>
   </div>
   <div class='ocr_carea' id='block_1_64' title="bbox 2097 408 3663 487">
    <p class='ocr_par' dir='ltr' id='par_1_64' title="bbox 2097 408 3663 487">
     <span class='ocr_line' id='line_1_64' title="bbox 2097 408 3663 487; baseline 0.01 -27"><span class='ocrx_word' id='word_1_494' title='bbox 2097 408 2314 470; x_wconf 78' lang='lat' dir='ltr'><strong>serebor,</strong></span> <span class='ocrx_word' id='word_1_495' title='bbox 2344 419 2390 464; x_wconf 91' lang='lat' dir='ltr'><strong>et</strong></span> <span class='ocrx_word' id='word_1_496' title='bbox 2415 416 2802 469; x_wconf 81' lang='lat' dir='ltr'><strong>commiserubor</strong></span> <span class='ocrx_word' id='word_1_497' title='bbox 2827 419 2973 487; x_wconf 81' lang='lat' dir='ltr'><strong>cujus</strong></span> <span class='ocrx_word' id='word_1_498' title='bbox 3004 420 3389 472; x_wconf 82' lang='lat' dir='ltr'><strong>commiserabor</strong></span> <span class='ocrx_word' id='word_1_499' title='bbox 3412 418 3586 487; x_wconf 82' lang='lat' dir='ltr'><strong>(Ibid.</strong></span> <span class='ocrx_word' id='word_1_500' title='bbox 3615 436 3663 476; x_wconf 79' lang='lat' dir='ltr'><strong>tt.</strong></span> 
     </span>
    </p>
   </div>
   <div class='ocr_carea' id='block_1_65' title="bbox 2089 499 3670 576">
    <p class='ocr_par' dir='ltr' id='par_1_65' title="bbox 2089 499 3670 576">
     <span class='ocr_line' id='line_1_65' title="bbox 2089 499 3670 576; baseline 0.003 -16"><span class='ocrx_word' id='word_1_501' title='bbox 2089 499 2180 569; x_wconf 56' lang='grc' dir='ltr'><strong>Ὃς</strong></span> <span class='ocrx_word' id='word_1_502' title='bbox 2209 500 2357 566; x_wconf 61' lang='lat' dir='ltr'><strong>die“.</strong></span> <span class='ocrx_word' id='word_1_503' title='bbox 2388 499 2506 556; x_wconf 78' lang='lat' dir='ltr'><strong>Non</strong></span> <span class='ocrx_word' id='word_1_504' title='bbox 2535 520 2654 576; x_wconf 67' lang='lat' dir='ltr'><strong>ergo</strong></span> <span class='ocrx_word' id='word_1_505' title='bbox 2691 504 2900 563; x_wconf 79' lang='lat' dir='ltr'><strong>volentis</strong></span> <span class='ocrx_word' id='word_1_506' title='bbox 2927 549 2940 572; x_wconf 94' lang='lat'><strong>,</strong></span> <span class='ocrx_word' id='word_1_507' title='bbox 2966 522 3052 562; x_wconf 74' lang='lat' dir='ltr'><strong>nec</strong></span> <span class='ocrx_word' id='word_1_508' title='bbox 3093 511 3342 564; x_wconf 81' lang='lat' dir='ltr'><strong>currentis</strong></span> <span class='ocrx_word' id='word_1_509' title='bbox 3360 553 3374 574; x_wconf 93' lang='lat'><strong>,</strong></span> <span class='ocrx_word' id='word_1_510' title='bbox 3408 513 3496 564; x_wconf 74' lang='lat' dir='ltr'><strong>sed</strong></span> <span class='ocrx_word' id='word_1_511' title='bbox 3524 515 3670 565; x_wconf 72' lang='lat' dir='ltr'><strong>mise-</strong></span> 
     </span>
    </p>
   </div>
   <div class='ocr_carea' id='block_1_66' title="bbox 2115 588 3664 671">
    <p class='ocr_par' dir='ltr' id='par_1_66' title="bbox 2115 588 3664 671">
     <span class='ocr_line' id='line_1_66' title="bbox 2115 588 3664 671; baseline 0.01 -31"><span class='ocrx_word' id='word_1_512' title='bbox 2115 588 2246 643; x_wconf 83' lang='lat' dir='ltr'><strong>entis</strong></span> <span class='ocrx_word' id='word_1_513' title='bbox 2273 601 2344 646; x_wconf 90' lang='lat' dir='ltr'><strong>est</strong></span> <span class='ocrx_word' id='word_1_514' title='bbox 2382 590 2496 647; x_wconf 80' lang='lat' dir='ltr'><strong>Dei.</strong></span> <span class='ocrx_word' id='word_1_515' title='bbox 2531 595 2684 650; x_wconf 87' lang='lat' dir='ltr'><strong>Dices</strong></span> <span class='ocrx_word' id='word_1_516' title='bbox 2705 608 2884 652; x_wconf 85' lang='lat' dir='ltr'><strong>autem</strong></span> <span class='ocrx_word' id='word_1_517' title='bbox 2915 599 3044 654; x_wconf 87' lang='lat' dir='ltr'><strong>mihi</strong></span> <span class='ocrx_word' id='word_1_518' title='bbox 3072 642 3085 661; x_wconf 87' lang='lat'><strong><em>.</em></strong></span> <span class='ocrx_word' id='word_1_519' title='bbox 3117 601 3253 668; x_wconf 86' lang='lat' dir='ltr'><strong>Quid</strong></span> <span class='ocrx_word' id='word_1_520' title='bbox 3285 601 3458 655; x_wconf 84' lang='lat' dir='ltr'><strong>adhuc.</strong></span> <span class='ocrx_word' id='word_1_521' title='bbox 3486 602 3664 671; x_wconf 82' lang='lat' dir='ltr'><strong>queri-</strong></span> 
     </span>
    </p>
   </div>
   <div class='ocr_carea' id='block_1_67' title="bbox 2088 673 3665 763">
    <p class='ocr_par' dir='ltr' id='par_1_67' title="bbox 2088 673 3665 763">
     <span class='ocr_line' id='line_1_67' title="bbox 2088 673 3665 763; baseline 0.012 -31"><span class='ocrx_word' id='word_1_522' title='bbox 2088 681 2219 734; x_wconf 79' lang='lat' dir='ltr'><strong>tur?</strong></span> <span class='ocrx_word' id='word_1_523' title='bbox 2246 682 2548 741; x_wconf 88' lang='lat' dir='ltr'><strong>Secundum</strong></span> <span class='ocrx_word' id='word_1_524' title='bbox 2578 680 2783 755; x_wconf 80' lang='lat' dir='ltr'><strong>autem,</strong></span> <span class='ocrx_word' id='word_1_525' title='bbox 2808 691 2934 746; x_wconf 88' lang='lat' dir='ltr'><strong>illud</strong></span> <span class='ocrx_word' id='word_1_526' title='bbox 2967 673 3092 748; x_wconf 76' lang='lat' dir='ltr'><strong>licet</strong></span> <span class='ocrx_word' id='word_1_527' title='bbox 3117 693 3314 758; x_wconf 81' lang='lat' dir='ltr'><strong>dicere,</strong></span> <span class='ocrx_word' id='word_1_528' title='bbox 3349 695 3486 763; x_wconf 82' lang='lat' dir='ltr'><strong>quod</strong></span> <span class='ocrx_word' id='word_1_529' title='bbox 3511 696 3665 763; x_wconf 77' lang='lat' dir='ltr'><strong>cujus</strong></span> 
     </span>
    </p>
   </div>
   <div class='ocr_carea' id='block_1_68' title="bbox 2087 772 3660 850">
    <p class='ocr_par' dir='ltr' id='par_1_68' title="bbox 2087 772 3660 850">
     <span class='ocr_line' id='line_1_68' title="bbox 2087 772 3660 850; baseline 0.011 -27"><span class='ocrx_word' id='word_1_530' title='bbox 2087 779 2172 824; x_wconf 88' lang='lat' dir='ltr'><strong>est</strong></span> <span class='ocrx_word' id='word_1_531' title='bbox 2202 772 2252 826; x_wconf 89' lang='lat' dir='ltr'><strong>id</strong></span> <span class='ocrx_word' id='word_1_532' title='bbox 2282 775 2420 842; x_wconf 83' lang='lat' dir='ltr'><strong>quod</strong></span> <span class='ocrx_word' id='word_1_533' title='bbox 2459 788 2543 832; x_wconf 92' lang='lat' dir='ltr'><strong>est</strong></span> <span class='ocrx_word' id='word_1_534' title='bbox 2568 781 2795 850; x_wconf 81' lang='lat' dir='ltr'><strong>amplius</strong></span> <span class='ocrx_word' id='word_1_535' title='bbox 2818 822 2833 846; x_wconf 94' lang='lat'><strong>,</strong></span> <span class='ocrx_word' id='word_1_536' title='bbox 2857 783 2973 850; x_wconf 86' lang='lat' dir='ltr'><strong>ejus</strong></span> <span class='ocrx_word' id='word_1_537' title='bbox 2998 783 3125 838; x_wconf 90' lang='lat' dir='ltr'><strong>dicit</strong></span> <span class='ocrx_word' id='word_1_538' title='bbox 3155 797 3277 839; x_wconf 87' lang='lat' dir='ltr'><strong>esse</strong></span> <span class='ocrx_word' id='word_1_539' title='bbox 3309 795 3499 838; x_wconf 88' lang='lat' dir='ltr'><strong>totum.</strong></span> <span class='ocrx_word' id='word_1_540' title='bbox 3530 783 3660 840; x_wconf 78' lang='lat' dir='ltr'><strong>Nam</strong></span> 
     </span>
    </p>
   </div>
   <div class='ocr_carea' id='block_1_69' title="bbox 2088 867 3660 944">
    <p class='ocr_par' dir='ltr' id='par_1_69' title="bbox 2088 867 3660 944">
     <span class='ocr_line' id='line_1_69' title="bbox 2088 867 3660 944; baseline 0.012 -31"><span class='ocrx_word' id='word_1_541' title='bbox 2088 871 2328 917; x_wconf 85' lang='lat' dir='ltr'><strong>nostrum</strong></span> <span class='ocrx_word' id='word_1_542' title='bbox 2360 867 2570 935; x_wconf 84' lang='lat' dir='ltr'><strong>quidem</strong></span> <span class='ocrx_word' id='word_1_543' title='bbox 2611 881 2690 924; x_wconf 85' lang='lat' dir='ltr'><strong>est</strong></span> <span class='ocrx_word' id='word_1_544' title='bbox 2729 873 3040 944; x_wconf 75' lang='lat' dir='ltr'><strong>pmeligere</strong></span> <span class='ocrx_word' id='word_1_545' title='bbox 3080 884 3134 930; x_wconf 88' lang='lat' dir='ltr'><strong>et</strong></span> <span class='ocrx_word' id='word_1_546' title='bbox 3170 873 3336 942; x_wconf 84' lang='lat' dir='ltr'><strong>velle;</strong></span> <span class='ocrx_word' id='word_1_547' title='bbox 3363 876 3454 932; x_wconf 87' lang='lat' dir='ltr'><strong>Det</strong></span> <span class='ocrx_word' id='word_1_548' title='bbox 3482 889 3660 932; x_wconf 83' lang='lat' dir='ltr'><strong>autent</strong></span> 
     </span>
    </p>
   </div>
   <div class='ocr_carea' id='block_1_70' title="bbox 2083 959 3662 1040">
    <p class='ocr_par' dir='ltr' id='par_1_70' title="bbox 2083 959 3662 1040">
     <span class='ocr_line' id='line_1_70' title="bbox 2083 959 3662 1040; baseline 0.012 -34"><span class='ocrx_word' id='word_1_549' title='bbox 2083 961 2169 1007; x_wconf 79' lang='lat' dir='ltr'><strong>est</strong></span> <span class='ocrx_word' id='word_1_550' title='bbox 2217 959 2474 1024; x_wconf 86' lang='lat' dir='ltr'><strong>perlicere</strong></span> <span class='ocrx_word' id='word_1_551' title='bbox 2515 971 2568 1015; x_wconf 89' lang='lat' dir='ltr'><strong>et</strong></span> <span class='ocrx_word' id='word_1_552' title='bbox 2595 961 2661 1017; x_wconf 89' lang='lat' dir='ltr'><strong>ad</strong></span> <span class='ocrx_word' id='word_1_553' title='bbox 2713 963 2876 1020; x_wconf 89' lang='lat' dir='ltr'><strong>ﬁnem</strong></span> <span class='ocrx_word' id='word_1_554' title='bbox 2907 961 3194 1022; x_wconf 84' lang='lat' dir='ltr'><strong>deducere.</strong></span> <span class='ocrx_word' id='word_1_555' title='bbox 3224 965 3485 1036; x_wconf 86' lang='lat' dir='ltr'><strong>Quoniam</strong></span> <span class='ocrx_word' id='word_1_556' title='bbox 3532 983 3662 1040; x_wconf 85' lang='lat' dir='ltr'><strong>ergo</strong></span> 
     </span>
    </p>
   </div>
   <div class='ocr_carea' id='block_1_71' title="bbox 2083 1044 3660 1123">
    <p class='ocr_par' dir='ltr' id='par_1_71' title="bbox 2083 1044 3660 1123">
     <span class='ocr_line' id='line_1_71' title="bbox 2083 1044 3660 1123; baseline 0.012 -27"><span class='ocrx_word' id='word_1_557' title='bbox 2083 1044 2226 1112; x_wconf 85' lang='lat' dir='ltr'><strong>quod</strong></span> <span class='ocrx_word' id='word_1_558' title='bbox 2258 1046 2379 1116; x_wconf 91' lang='lat' dir='ltr'><strong>plus</strong></span> <span class='ocrx_word' id='word_1_559' title='bbox 2404 1059 2488 1104; x_wconf 88' lang='lat' dir='ltr'><strong>est</strong></span> <span class='ocrx_word' id='word_1_560' title='bbox 2514 1091 2529 1116; x_wconf 94' lang='lat'><strong>,</strong></span> <span class='ocrx_word' id='word_1_561' title='bbox 2561 1060 2644 1106; x_wconf 84' lang='lat' dir='ltr'><strong>est</strong></span> <span class='ocrx_word' id='word_1_562' title='bbox 2669 1051 2811 1109; x_wconf 89' lang='lat' dir='ltr'><strong>illius</strong></span> <span class='ocrx_word' id='word_1_563' title='bbox 2834 1093 2851 1123; x_wconf 88' lang='lat'><strong>,</strong></span> <span class='ocrx_word' id='word_1_564' title='bbox 2882 1059 3050 1111; x_wconf 88' lang='lat' dir='ltr'><strong>totum</strong></span> <span class='ocrx_word' id='word_1_565' title='bbox 3077 1058 3219 1112; x_wconf 88' lang='lat' dir='ltr'><strong>illius</strong></span> <span class='ocrx_word' id='word_1_566' title='bbox 3243 1072 3366 1114; x_wconf 82' lang='lat' dir='ltr'><strong>esse</strong></span> <span class='ocrx_word' id='word_1_567' title='bbox 3389 1055 3521 1114; x_wconf 86' lang='lat' dir='ltr'><strong>dicit</strong></span> <span class='ocrx_word' id='word_1_568' title='bbox 3537 1099 3552 1122; x_wconf 87' lang='lat'><strong>,</strong></span> <span class='ocrx_word' id='word_1_569' title='bbox 3575 1059 3660 1114; x_wconf 82' lang='lat' dir='ltr'><strong>lo-</strong></span> 
     </span>
    </p>
   </div>
   <div class='ocr_carea' id='block_1_72' title="bbox 2091 1139 3668 1212">
    <p class='ocr_par' dir='ltr' id='par_1_72' title="bbox 2091 1139 3668 1212">
     <span class='ocr_line' id='line_1_72' title="bbox 2091 1139 3668 1212; baseline 0.004 -20"><span class='ocrx_word' id='word_1_570' title='bbox 2091 1155 2261 1212; x_wconf 82' lang='lat' dir='ltr'><strong>quens</strong></span> <span class='ocrx_word' id='word_1_571' title='bbox 2287 1141 2672 1196; x_wconf 78' lang='lat' dir='ltr'><strong>convenienter</strong></span> <span class='ocrx_word' id='word_1_572' title='bbox 2699 1141 2943 1195; x_wconf 74' lang='lat' dir='ltr'><strong>humana:</strong></span> <span class='ocrx_word' id='word_1_573' title='bbox 2969 1141 3374 1196; x_wconf 79' lang='lat' dir='ltr'><strong>consuetudini.</strong></span> <span class='ocrx_word' id='word_1_574' title='bbox 3405 1139 3537 1196; x_wconf 81' lang='lat' dir='ltr'><strong>Nam</strong></span> <span class='ocrx_word' id='word_1_575' title='bbox 3570 1153 3668 1198; x_wconf 87' lang='lat' dir='ltr'><strong>nos</strong></span> 
     </span>
    </p>
   </div>
   <div class='ocr_carea' id='block_1_73' title="bbox 2088 1229 3668 1302">
    <p class='ocr_par' dir='ltr' id='par_1_73' title="bbox 2088 1229 3668 1302">
     <span class='ocr_line' id='line_1_73' title="bbox 2088 1229 3668 1302; baseline 0.004 -18"><span class='ocrx_word' id='word_1_576' title='bbox 2088 1245 2299 1302; x_wconf 86' lang='lat' dir='ltr'><strong>quoque</strong></span> <span class='ocrx_word' id='word_1_577' title='bbox 2341 1231 2419 1286; x_wconf 83' lang='lat' dir='ltr'><strong>sic</strong></span> <span class='ocrx_word' id='word_1_578' title='bbox 2461 1229 2688 1286; x_wconf 84' lang='lat' dir='ltr'><strong>facimus</strong></span> <span class='ocrx_word' id='word_1_579' title='bbox 2734 1247 2750 1284; x_wconf 89' lang='lat'><strong>:</strong></span> <span class='ocrx_word' id='word_1_580' title='bbox 2800 1241 2860 1285; x_wconf 89' lang='lat' dir='ltr'><strong>ut</strong></span> <span class='ocrx_word' id='word_1_581' title='bbox 2906 1232 3134 1300; x_wconf 84' lang='lat' dir='ltr'><strong>exempli</strong></span> <span class='ocrx_word' id='word_1_582' title='bbox 3187 1244 3369 1298; x_wconf 81' lang='lat' dir='ltr'><strong>causa,</strong></span> <span class='ocrx_word' id='word_1_583' title='bbox 3420 1233 3668 1291; x_wconf 74' lang='lat' dir='ltr'><strong>ridemus</strong></span> 
     </span>
    </p>
   </div>
   <div class='ocr_carea' id='block_1_74' title="bbox 2086 1320 3666 1391">
    <p class='ocr_par' dir='ltr' id='par_1_74' title="bbox 2086 1320 3666 1391">
     <span class='ocr_line' id='line_1_74' title="bbox 2086 1320 3666 1391; baseline 0.002 -15"><span class='ocrx_word' id='word_1_584' title='bbox 2086 1320 2230 1376; x_wconf 70' lang='lat' dir='ltr'><strong>aedes</strong></span> <span class='ocrx_word' id='word_1_585' title='bbox 2254 1321 2473 1391; x_wconf 83' lang='lat' dir='ltr'><strong>pulchre</strong></span> <span class='ocrx_word' id='word_1_586' title='bbox 2495 1321 2787 1376; x_wconf 67' lang='lat' dir='ltr'><strong>aedificatus</strong></span> <span class='ocrx_word' id='word_1_587' title='bbox 2811 1364 2823 1386; x_wconf 92' lang='lat'><strong>,</strong></span> <span class='ocrx_word' id='word_1_588' title='bbox 2851 1332 2905 1377; x_wconf 90' lang='lat' dir='ltr'><strong>et</strong></span> <span class='ocrx_word' id='word_1_589' title='bbox 2928 1322 3156 1377; x_wconf 88' lang='lat' dir='ltr'><strong>dicimus</strong></span> <span class='ocrx_word' id='word_1_590' title='bbox 3183 1332 3351 1378; x_wconf 86' lang='lat' dir='ltr'><strong>totum</strong></span> <span class='ocrx_word' id='word_1_591' title='bbox 3385 1337 3505 1381; x_wconf 82' lang='lat' dir='ltr'><strong>esse</strong></span> <span class='ocrx_word' id='word_1_592' title='bbox 3529 1328 3666 1380; x_wconf 86' lang='lat' dir='ltr'><strong>arti-</strong></span> 
     </span>
    </p>
   </div>
   <div class='ocr_carea' id='block_1_75' title="bbox 2090 1412 3666 1485">
    <p class='ocr_par' dir='ltr' id='par_1_75' title="bbox 2090 1412 3666 1485">
     <span class='ocr_line' id='line_1_75' title="bbox 2090 1412 3666 1485; baseline 0.002 -19"><span class='ocrx_word' id='word_1_593' title='bbox 2090 1412 2208 1467; x_wconf 87' lang='lat' dir='ltr'><strong>ﬁcis</strong></span> <span class='ocrx_word' id='word_1_594' title='bbox 2235 1430 2249 1466; x_wconf 92' lang='lat'><strong>:</strong></span> <span class='ocrx_word' id='word_1_595' title='bbox 2274 1427 2597 1482; x_wconf 86' lang='lat' dir='ltr'><strong>quamquam</strong></span> <span class='ocrx_word' id='word_1_596' title='bbox 2644 1425 2749 1467; x_wconf 84' lang='lat' dir='ltr'><strong>non</strong></span> <span class='ocrx_word' id='word_1_597' title='bbox 2778 1423 2946 1466; x_wconf 87' lang='lat' dir='ltr'><strong>totum</strong></span> <span class='ocrx_word' id='word_1_598' title='bbox 2979 1413 3048 1467; x_wconf 89' lang='lat' dir='ltr'><strong>sit</strong></span> <span class='ocrx_word' id='word_1_599' title='bbox 3091 1413 3207 1483; x_wconf 86' lang='lat' dir='ltr'><strong>ejus</strong></span> <span class='ocrx_word' id='word_1_600' title='bbox 3229 1455 3243 1478; x_wconf 90' lang='lat'><strong>,</strong></span> <span class='ocrx_word' id='word_1_601' title='bbox 3275 1415 3367 1468; x_wconf 89' lang='lat' dir='ltr'><strong>sed</strong></span> <span class='ocrx_word' id='word_1_602' title='bbox 3393 1425 3447 1468; x_wconf 90' lang='lat' dir='ltr'><strong>et</strong></span> <span class='ocrx_word' id='word_1_603' title='bbox 3469 1427 3666 1485; x_wconf 85' lang='lat' dir='ltr'><strong>opera-</strong></span> 
     </span>
    </p>
   </div>
   <div class='ocr_carea' id='block_1_76' title="bbox 2085 1503 3665 1574">
    <p class='ocr_par' dir='ltr' id='par_1_76' title="bbox 2085 1503 3665 1574">
     <span class='ocr_line' id='line_1_76' title="bbox 2085 1503 3665 1574; baseline 0.004 -17"><span class='ocrx_word' id='word_1_604' title='bbox 2085 1515 2308 1565; x_wconf 77' lang='lat' dir='ltr'><strong>riorum.</strong></span> <span class='ocrx_word' id='word_1_605' title='bbox 2332 1512 2386 1558; x_wconf 81' lang='lat' dir='ltr'><strong>et</strong></span> <span class='ocrx_word' id='word_1_606' title='bbox 2405 1503 2606 1558; x_wconf 88' lang='lat' dir='ltr'><strong>domini</strong></span> <span class='ocrx_word' id='word_1_607' title='bbox 2629 1504 2718 1574; x_wconf 91' lang='lat' dir='ltr'><strong>qui</strong></span> <span class='ocrx_word' id='word_1_608' title='bbox 2747 1505 2947 1573; x_wconf 72' lang='lat' dir='ltr'><strong>pra-bet</strong></span> <span class='ocrx_word' id='word_1_609' title='bbox 2977 1506 3274 1568; x_wconf 83' lang='lat' dir='ltr'><strong>materiam,</strong></span> <span class='ocrx_word' id='word_1_610' title='bbox 3303 1508 3665 1563; x_wconf 88' lang='lat' dir='ltr'><strong>etmultorum</strong></span> 
     </span>
    </p>
   </div>
   <div class='ocr_carea' id='block_1_77' title="bbox 2086 1597 3666 1668">
    <p class='ocr_par' dir='ltr' id='par_1_77' title="bbox 2086 1597 3666 1668">
     <span class='ocr_line' id='line_1_77' title="bbox 2086 1597 3666 1668; baseline 0.004 -20"><span class='ocrx_word' id='word_1_611' title='bbox 2086 1597 2314 1650; x_wconf 78' lang='lat' dir='ltr'><strong>aliorum</strong></span> <span class='ocrx_word' id='word_1_612' title='bbox 2341 1612 2354 1662; x_wconf 92' lang='lat'><strong>;</strong></span> <span class='ocrx_word' id='word_1_613' title='bbox 2389 1597 2480 1651; x_wconf 89' lang='lat' dir='ltr'><strong>sed</strong></span> <span class='ocrx_word' id='word_1_614' title='bbox 2515 1608 2690 1652; x_wconf 84' lang='lat' dir='ltr'><strong>tamen</strong></span> <span class='ocrx_word' id='word_1_615' title='bbox 2717 1598 2968 1668; x_wconf 89' lang='lat' dir='ltr'><strong>quoniam</strong></span> <span class='ocrx_word' id='word_1_616' title='bbox 2995 1597 3084 1652; x_wconf 92' lang='lat' dir='ltr'><strong>ille</strong></span> <span class='ocrx_word' id='word_1_617' title='bbox 3105 1599 3244 1667; x_wconf 84' lang='lat' dir='ltr'><strong>quod</strong></span> <span class='ocrx_word' id='word_1_618' title='bbox 3277 1597 3393 1668; x_wconf 88' lang='lat' dir='ltr'><strong>plus</strong></span> <span class='ocrx_word' id='word_1_619' title='bbox 3423 1609 3666 1654; x_wconf 77' lang='lat' dir='ltr'><strong>esuttn-</strong></span> 
     </span>
    </p>
   </div>
   <div class='ocr_carea' id='block_1_78' title="bbox 2085 1687 3669 1761">
    <p class='ocr_par' dir='ltr' id='par_1_78' title="bbox 2085 1687 3669 1761">
     <span class='ocr_line' id='line_1_78' title="bbox 2085 1687 3669 1761; baseline 0.003 -19"><span class='ocrx_word' id='word_1_620' title='bbox 2085 1687 2143 1742; x_wconf 77' lang='lat' dir='ltr'><strong>lLt</strong></span> <span class='ocrx_word' id='word_1_621' title='bbox 2168 1729 2183 1753; x_wconf 87' lang='lat'><strong>,</strong></span> <span class='ocrx_word' id='word_1_622' title='bbox 2219 1689 2358 1743; x_wconf 89' lang='lat' dir='ltr'><strong>illius</strong></span> <span class='ocrx_word' id='word_1_623' title='bbox 2398 1691 2573 1742; x_wconf 84' lang='lat' dir='ltr'><strong>totum</strong></span> <span class='ocrx_word' id='word_1_624' title='bbox 2614 1703 2735 1744; x_wconf 85' lang='lat' dir='ltr'><strong>esse</strong></span> <span class='ocrx_word' id='word_1_625' title='bbox 2775 1688 3021 1744; x_wconf 87' lang='lat' dir='ltr'><strong>dicimus.</strong></span> <span class='ocrx_word' id='word_1_626' title='bbox 3073 1689 3145 1744; x_wconf 89' lang='lat' dir='ltr'><strong>Ita</strong></span> <span class='ocrx_word' id='word_1_627' title='bbox 3192 1689 3278 1745; x_wconf 87' lang='lat' dir='ltr'><strong>hic</strong></span> <span class='ocrx_word' id='word_1_628' title='bbox 3323 1705 3555 1761; x_wconf 83' lang='lat' dir='ltr'><strong>quoque.</strong></span> <span class='ocrx_word' id='word_1_629' title='bbox 3605 1693 3669 1746; x_wconf 76' lang='lat' dir='ltr'><strong>Et</strong></span> 
     </span>
    </p>
   </div>
   <div class='ocr_carea' id='block_1_79' title="bbox 2083 1779 3664 1848">
    <p class='ocr_par' dir='ltr' id='par_1_79' title="bbox 2083 1779 3664 1848">
     <span class='ocr_line' id='line_1_79' title="bbox 2083 1779 3664 1848; baseline 0.003 -15"><span class='ocrx_word' id='word_1_630' title='bbox 2083 1795 2268 1836; x_wconf 87' lang='lat' dir='ltr'><strong>rursus</strong></span> <span class='ocrx_word' id='word_1_631' title='bbox 2306 1782 2359 1835; x_wconf 91' lang='lat' dir='ltr'><strong>in</strong></span> <span class='ocrx_word' id='word_1_632' title='bbox 2398 1779 2758 1846; x_wconf 88' lang='lat' dir='ltr'><strong>multitudine,</strong></span> <span class='ocrx_word' id='word_1_633' title='bbox 2801 1780 2890 1835; x_wconf 89' lang='lat' dir='ltr'><strong>ubi</strong></span> <span class='ocrx_word' id='word_1_634' title='bbox 2931 1791 3058 1836; x_wconf 85' lang='lat' dir='ltr'><strong>sunt</strong></span> <span class='ocrx_word' id='word_1_635' title='bbox 3088 1781 3283 1848; x_wconf 87' lang='lat' dir='ltr'><strong>multi,</strong></span> <span class='ocrx_word' id='word_1_636' title='bbox 3324 1796 3513 1838; x_wconf 88' lang='lat' dir='ltr'><strong>omnes</strong></span> <span class='ocrx_word' id='word_1_637' title='bbox 3542 1797 3664 1838; x_wconf 86' lang='lat' dir='ltr'><strong>esse</strong></span> 
     </span>
    </p>
   </div>
   <div class='ocr_carea' id='block_1_80' title="bbox 2083 1869 3669 1943">
    <p class='ocr_par' dir='ltr' id='par_1_80' title="bbox 2083 1869 3669 1943">
     <span class='ocr_line' id='line_1_80' title="bbox 2083 1869 3669 1943; baseline 0.002 -16"><span class='ocrx_word' id='word_1_638' title='bbox 2083 1872 2346 1937; x_wconf 77' lang='lat' dir='ltr'><strong>dicimus;</strong></span> <span class='ocrx_word' id='word_1_639' title='bbox 2374 1873 2463 1926; x_wconf 90' lang='lat' dir='ltr'><strong>ubi</strong></span> <span class='ocrx_word' id='word_1_640' title='bbox 2507 1884 2685 1927; x_wconf 86' lang='lat' dir='ltr'><strong>autem</strong></span> <span class='ocrx_word' id='word_1_641' title='bbox 2713 1875 2863 1943; x_wconf 82' lang='lat' dir='ltr'><strong>pauci</strong></span> <span class='ocrx_word' id='word_1_642' title='bbox 2891 1915 2906 1939; x_wconf 88' lang='lat'><strong>,</strong></span> <span class='ocrx_word' id='word_1_643' title='bbox 2937 1874 3227 1928; x_wconf 89' lang='lat' dir='ltr'><strong>neminem.</strong></span> <span class='ocrx_word' id='word_1_644' title='bbox 3257 1869 3347 1930; x_wconf 81' lang='lat' dir='ltr'><strong>Sic</strong></span> <span class='ocrx_word' id='word_1_645' title='bbox 3376 1877 3536 1929; x_wconf 89' lang='lat' dir='ltr'><strong>etiam</strong></span> <span class='ocrx_word' id='word_1_646' title='bbox 3581 1879 3669 1930; x_wconf 81' lang='lat' dir='ltr'><strong>hic</strong></span> 
     </span>
    </p>
   </div>
   <div class='ocr_carea' id='block_1_81' title="bbox 2083 1959 3668 2032">
    <p class='ocr_par' dir='ltr' id='par_1_81' title="bbox 2083 1959 3668 2032">
     <span class='ocr_line' id='line_1_81' title="bbox 2083 1959 3668 2032; baseline 0.003 -16"><span class='ocrx_word' id='word_1_647' title='bbox 2083 1959 2214 2017; x_wconf 85' lang='lat' dir='ltr'><strong>dicit</strong></span> <span class='ocrx_word' id='word_1_648' title='bbox 2237 1961 2433 2017; x_wconf 80' lang='lat' dir='ltr'><strong>Paulus</strong></span> <span class='ocrx_word' id='word_1_649' title='bbox 2453 2002 2467 2028; x_wconf 90' lang='lat'><strong>,</strong></span> <span class='ocrx_word' id='word_1_650' title='bbox 2501 1961 2620 2016; x_wconf 78' lang='lat' dir='ltr'><strong>Non</strong></span> <span class='ocrx_word' id='word_1_651' title='bbox 2650 1964 2862 2017; x_wconf 80' lang='lat' dir='ltr'><strong>volentis</strong></span> <span class='ocrx_word' id='word_1_652' title='bbox 2886 1976 3045 2032; x_wconf 79' lang='lat' dir='ltr'><strong>neque</strong></span> <span class='ocrx_word' id='word_1_653' title='bbox 3083 1965 3334 2018; x_wconf 72' lang='lat' dir='ltr'><strong>currentis</strong></span> <span class='ocrx_word' id='word_1_654' title='bbox 3358 2006 3374 2029; x_wconf 94' lang='lat'><strong>,</strong></span> <span class='ocrx_word' id='word_1_655' title='bbox 3403 1964 3490 2019; x_wconf 83' lang='lat' dir='ltr'><strong>sed</strong></span> <span class='ocrx_word' id='word_1_656' title='bbox 3520 1967 3668 2020; x_wconf 84' lang='lat' dir='ltr'><strong>mise-</strong></span> 
     </span>
    </p>
   </div>
   <div class='ocr_carea' id='block_1_82' title="bbox 2084 2053 3668 2124">
    <p class='ocr_par' dir='ltr' id='par_1_82' title="bbox 2084 2053 3668 2124">
     <span class='ocr_line' id='line_1_82' title="bbox 2084 2053 3668 2124; baseline 0.003 -17"><span class='ocrx_word' id='word_1_657' title='bbox 2084 2053 2240 2107; x_wconf 75' lang='lat' dir='ltr'><strong>mtis</strong></span> <span class='ocrx_word' id='word_1_658' title='bbox 2260 2063 2332 2106; x_wconf 86' lang='lat' dir='ltr'><strong>est</strong></span> <span class='ocrx_word' id='word_1_659' title='bbox 2367 2053 2478 2106; x_wconf 83' lang='lat' dir='ltr'><strong>Dei.</strong></span> <span class='ocrx_word' id='word_1_660' title='bbox 2508 2053 2602 2107; x_wconf 86' lang='lat' dir='ltr'><strong>Hie</strong></span> <span class='ocrx_word' id='word_1_661' title='bbox 2623 2063 2799 2107; x_wconf 83' lang='lat' dir='ltr'><strong>autem</strong></span> <span class='ocrx_word' id='word_1_662' title='bbox 2839 2053 2945 2106; x_wconf 90' lang='lat' dir='ltr'><strong>duo</strong></span> <span class='ocrx_word' id='word_1_663' title='bbox 2975 2063 3164 2123; x_wconf 81' lang='lat' dir='ltr'><strong>magna</strong></span> <span class='ocrx_word' id='word_1_664' title='bbox 3187 2063 3242 2108; x_wconf 89' lang='lat' dir='ltr'><strong>et</strong></span> <span class='ocrx_word' id='word_1_665' title='bbox 3263 2055 3518 2124; x_wconf 71' lang='lat' dir='ltr'><strong>prteclara</strong></span> <span class='ocrx_word' id='word_1_666' title='bbox 3549 2054 3668 2110; x_wconf 83' lang='lat' dir='ltr'><strong>eiii-</strong></span> 
     </span>
    </p>
   </div>
   <div class='ocr_carea' id='block_1_83' title="bbox 2083 2143 3665 2215">
    <p class='ocr_par' dir='ltr' id='par_1_83' title="bbox 2083 2143 3665 2215">
     <span class='ocr_line' id='line_1_83' title="bbox 2083 2143 3665 2215; baseline 0.004 -18"><span class='ocrx_word' id='word_1_667' title='bbox 2083 2143 2159 2198; x_wconf 86' lang='lat' dir='ltr'><strong>cit</strong></span> <span class='ocrx_word' id='word_1_668' title='bbox 2186 2161 2199 2197; x_wconf 92' lang='lat'><strong>:</strong></span> <span class='ocrx_word' id='word_1_669' title='bbox 2232 2159 2394 2198; x_wconf 77' lang='lat' dir='ltr'><strong>ununt</strong></span> <span class='ocrx_word' id='word_1_670' title='bbox 2420 2143 2633 2213; x_wconf 88' lang='lat' dir='ltr'><strong>quidem</strong></span> <span class='ocrx_word' id='word_1_671' title='bbox 2653 2185 2667 2208; x_wconf 96' lang='lat'><strong>,</strong></span> <span class='ocrx_word' id='word_1_672' title='bbox 2699 2157 2765 2198; x_wconf 87' lang='lat' dir='ltr'><strong>ne</strong></span> <span class='ocrx_word' id='word_1_673' title='bbox 2788 2143 3076 2199; x_wconf 72' lang='lat' dir='ltr'><strong>efferamur</strong></span> <span class='ocrx_word' id='word_1_674' title='bbox 3097 2143 3166 2199; x_wconf 86' lang='lat' dir='ltr'><strong>de</strong></span> <span class='ocrx_word' id='word_1_675' title='bbox 3193 2144 3347 2199; x_wconf 78' lang='lat' dir='ltr'><strong>bonis</strong></span> <span class='ocrx_word' id='word_1_676' title='bbox 3375 2147 3665 2215; x_wconf 82' lang='lat' dir='ltr'><strong>operibus:</strong></span> 
     </span>
    </p>
   </div>
   <div class='ocr_carea' id='block_1_84' title="bbox 2083 2236 3666 2301">
    <p class='ocr_par' dir='ltr' id='par_1_84' title="bbox 2083 2236 3666 2301">
     <span class='ocr_line' id='line_1_84' title="bbox 2083 2236 3666 2301; baseline 0.001 -9"><span class='ocrx_word' id='word_1_677' title='bbox 2083 2236 2400 2301; x_wconf 84' lang='lat' dir='ltr'><strong>secundum.</strong></span> <span class='ocrx_word' id='word_1_678' title='bbox 2423 2247 2480 2291; x_wconf 80' lang='lat' dir='ltr'><strong>ut</strong></span> <span class='ocrx_word' id='word_1_679' title='bbox 2504 2245 2653 2293; x_wconf 81' lang='lat' dir='ltr'><strong>recte</strong></span> <span class='ocrx_word' id='word_1_680' title='bbox 2679 2236 2940 2292; x_wconf 76' lang='lat' dir='ltr'><strong>[actorum</strong></span> <span class='ocrx_word' id='word_1_681' title='bbox 2964 2251 3179 2292; x_wconf 84' lang='lat' dir='ltr'><strong>causam</strong></span> <span class='ocrx_word' id='word_1_682' title='bbox 3209 2237 3318 2293; x_wconf 87' lang='lat' dir='ltr'><strong>Deo</strong></span> <span class='ocrx_word' id='word_1_683' title='bbox 3348 2239 3666 2294; x_wconf 83' lang='lat' dir='ltr'><strong>tribuamus.</strong></span> 
     </span>
    </p>
   </div>
   <div class='ocr_carea' id='block_1_85' title="bbox 2082 2328 3664 2400">
    <p class='ocr_par' dir='ltr' id='par_1_85' title="bbox 2082 2328 3664 2400">
     <span class='ocr_line' id='line_1_85' title="bbox 2082 2328 3664 2400; baseline 0.001 -16"><span class='ocrx_word' id='word_1_684' title='bbox 2082 2328 2306 2384; x_wconf 84' lang='lat' dir='ltr'><strong>Etiamsi</strong></span> <span class='ocrx_word' id='word_1_685' title='bbox 2366 2343 2602 2396; x_wconf 85' lang='lat' dir='ltr'><strong>curras,</strong></span> <span class='ocrx_word' id='word_1_686' title='bbox 2644 2329 2854 2384; x_wconf 84' lang='lat' dir='ltr'><strong>etiamsi</strong></span> <span class='ocrx_word' id='word_1_687' title='bbox 2905 2328 3138 2383; x_wconf 89' lang='lat' dir='ltr'><strong>studium</strong></span> <span class='ocrx_word' id='word_1_688' title='bbox 3207 2343 3416 2399; x_wconf 86' lang='lat' dir='ltr'><strong>ponas,</strong></span> <span class='ocrx_word' id='word_1_689' title='bbox 3471 2331 3664 2400; x_wconf 87' lang='lat' dir='ltr'><strong>inquit,</strong></span> 
     </span>
    </p>
   </div>
   <div class='ocr_carea' id='block_1_86' title="bbox 2083 2419 3662 2491">
    <p class='ocr_par' dir='ltr' id='par_1_86' title="bbox 2083 2419 3662 2491">
     <span class='ocr_line' id='line_1_86' title="bbox 2083 2419 3662 2491; baseline 0.001 -17"><span class='ocrx_word' id='word_1_690' title='bbox 2083 2436 2151 2475; x_wconf 87' lang='lat' dir='ltr'><strong>ne</strong></span> <span class='ocrx_word' id='word_1_691' title='bbox 2173 2430 2322 2474; x_wconf 86' lang='lat' dir='ltr'><strong>tuum</strong></span> <span class='ocrx_word' id='word_1_692' title='bbox 2353 2434 2476 2474; x_wconf 85' lang='lat' dir='ltr'><strong>esse</strong></span> <span class='ocrx_word' id='word_1_693' title='bbox 2495 2419 2774 2475; x_wconf 73' lang='lat' dir='ltr'><strong>existimes</strong></span> <span class='ocrx_word' id='word_1_694' title='bbox 2803 2419 2945 2489; x_wconf 89' lang='lat' dir='ltr'><strong>quod</strong></span> <span class='ocrx_word' id='word_1_695' title='bbox 2979 2427 3123 2476; x_wconf 81' lang='lat' dir='ltr'><strong>necte</strong></span> <span class='ocrx_word' id='word_1_696' title='bbox 3147 2430 3352 2491; x_wconf 79' lang='lat' dir='ltr'><strong>gestum</strong></span> <span class='ocrx_word' id='word_1_697' title='bbox 3380 2428 3463 2475; x_wconf 81' lang='lat' dir='ltr'><strong>est</strong></span> <span class='ocrx_word' id='word_1_698' title='bbox 3493 2433 3521 2475; x_wconf 37' lang='grc' dir='ltr'><strong>εκ</strong></span> <span class='ocrx_word' id='word_1_699' title='bbox 3539 2435 3662 2476; x_wconf 86' lang='lat' dir='ltr'><strong>nam</strong></span> 
     </span>
    </p>
   </div>
   <div class='ocr_carea' id='block_1_87' title="bbox 2083 2509 3661 2584">
    <p class='ocr_par' dir='ltr' id='par_1_87' title="bbox 2083 2509 3661 2584">
     <span class='ocr_line' id='line_1_87' title="bbox 2083 2509 3661 2584; baseline 0.001 -19"><span class='ocrx_word' id='word_1_700' title='bbox 2083 2511 2183 2565; x_wconf 79' lang='lat' dir='ltr'><strong>nisi</strong></span> <span class='ocrx_word' id='word_1_701' title='bbox 2208 2525 2494 2584; x_wconf 85' lang='lat' dir='ltr'><strong>supernam</strong></span> <span class='ocrx_word' id='word_1_702' title='bbox 2513 2525 2673 2579; x_wconf 86' lang='lat' dir='ltr'><strong>opem</strong></span> <span class='ocrx_word' id='word_1_703' title='bbox 2696 2509 3030 2582; x_wconf 86' lang='lat' dir='ltr'><strong>adipiscaris,</strong></span> <span class='ocrx_word' id='word_1_704' title='bbox 3062 2509 3256 2566; x_wconf 81' lang='lat' dir='ltr'><strong>frustra</strong></span> <span class='ocrx_word' id='word_1_705' title='bbox 3280 2519 3434 2567; x_wconf 86' lang='lat' dir='ltr'><strong>erunt</strong></span> <span class='ocrx_word' id='word_1_706' title='bbox 3460 2512 3661 2568; x_wconf 86' lang='lat' dir='ltr'><strong>omnia.</strong></span> 
     </span>
    </p>
   </div>
   <div class='ocr_carea' id='block_1_88' title="bbox 2081 2601 3661 2676">
    <p class='ocr_par' dir='ltr' id='par_1_88' title="bbox 2081 2601 3661 2676">
     <span class='ocr_line' id='line_1_88' title="bbox 2081 2601 3661 2676; baseline 0.002 -18"><span class='ocrx_word' id='word_1_707' title='bbox 2081 2603 2185 2658; x_wconf 90' lang='lat' dir='ltr'><strong>Sed</strong></span> <span class='ocrx_word' id='word_1_708' title='bbox 2214 2611 2296 2658; x_wconf 82' lang='lat' dir='ltr'><strong>est</strong></span> <span class='ocrx_word' id='word_1_709' title='bbox 2330 2602 2666 2674; x_wconf 85' lang='lat' dir='ltr'><strong>perspicuum</strong></span> <span class='ocrx_word' id='word_1_710' title='bbox 2693 2601 2808 2658; x_wconf 71' lang='lat' dir='ltr'><strong>fore</strong></span> <span class='ocrx_word' id='word_1_711' title='bbox 2833 2613 2894 2658; x_wconf 91' lang='lat' dir='ltr'><strong>ut</strong></span> <span class='ocrx_word' id='word_1_712' title='bbox 2917 2603 3011 2658; x_wconf 89' lang='lat' dir='ltr'><strong>illo</strong></span> <span class='ocrx_word' id='word_1_713' title='bbox 3035 2605 3326 2660; x_wconf 82' lang='lat' dir='ltr'><strong>auxiliante</strong></span> <span class='ocrx_word' id='word_1_714' title='bbox 3354 2606 3661 2676; x_wconf 79' lang='lat' dir='ltr'><strong>assequaris</strong></span> 
     </span>
    </p>
   </div>
   <div class='ocr_carea' id='block_1_89' title="bbox 2076 2692 3650 2766">
    <p class='ocr_par' dir='ltr' id='par_1_89' title="bbox 2076 2692 3650 2766">
     <span class='ocr_line' id='line_1_89' title="bbox 2076 2692 3650 2766; baseline 0.008 -20"><span class='ocrx_word' id='word_1_715' title='bbox 2076 2692 2127 2747; x_wconf 93' lang='lat' dir='ltr'><strong>id</strong></span> <span class='ocrx_word' id='word_1_716' title='bbox 2162 2693 2216 2747; x_wconf 87' lang='lat' dir='ltr'><strong>in</strong></span> <span class='ocrx_word' id='word_1_717' title='bbox 2255 2710 2364 2763; x_wconf 90' lang='lat' dir='ltr'><strong>quo</strong></span> <span class='ocrx_word' id='word_1_718' title='bbox 2395 2698 2558 2766; x_wconf 88' lang='lat' dir='ltr'><strong>ponis</strong></span> <span class='ocrx_word' id='word_1_719' title='bbox 2577 2697 2820 2752; x_wconf 88' lang='lat' dir='ltr'><strong>studium</strong></span> <span class='ocrx_word' id='word_1_720' title='bbox 2842 2716 2856 2762; x_wconf 87' lang='lat'><strong>;</strong></span> <span class='ocrx_word' id='word_1_721' title='bbox 2880 2698 2975 2753; x_wconf 89' lang='lat' dir='ltr'><strong>sed</strong></span> <span class='ocrx_word' id='word_1_722' title='bbox 2993 2699 3040 2754; x_wconf 87' lang='lat' dir='ltr'><strong>si</strong></span> <span class='ocrx_word' id='word_1_723' title='bbox 3056 2709 3112 2755; x_wconf 89' lang='lat' dir='ltr'><strong>et</strong></span> <span class='ocrx_word' id='word_1_724' title='bbox 3129 2709 3187 2756; x_wconf 90' lang='lat' dir='ltr'><strong>tu</strong></span> <span class='ocrx_word' id='word_1_725' title='bbox 3207 2714 3414 2766; x_wconf 86' lang='lat' dir='ltr'><strong>curras,</strong></span> <span class='ocrx_word' id='word_1_726' title='bbox 3435 2706 3479 2756; x_wconf 87' lang='lat' dir='ltr'><strong>si</strong></span> <span class='ocrx_word' id='word_1_727' title='bbox 3494 2702 3650 2760; x_wconf 89' lang='lat' dir='ltr'><strong>velis.</strong></span> 
     </span>
    </p>
   </div>
   <div class='ocr_carea' id='block_1_90' title="bbox 2076 2783 3656 2864">
    <p class='ocr_par' dir='ltr' id='par_1_90' title="bbox 2076 2783 3656 2864">
     <span class='ocr_line' id='line_1_90' title="bbox 2076 2783 3656 2864; baseline 0.008 -27"><span class='ocrx_word' id='word_1_728' title='bbox 2076 2783 2195 2838; x_wconf 78' lang='lat' dir='ltr'><strong>Non</strong></span> <span class='ocrx_word' id='word_1_729' title='bbox 2227 2787 2333 2839; x_wconf 84' lang='lat' dir='ltr'><strong>hoc</strong></span> <span class='ocrx_word' id='word_1_730' title='bbox 2363 2800 2496 2856; x_wconf 86' lang='lat' dir='ltr'><strong>ergo</strong></span> <span class='ocrx_word' id='word_1_731' title='bbox 2522 2785 2677 2852; x_wconf 89' lang='lat' dir='ltr'><strong>dicit,</strong></span> <span class='ocrx_word' id='word_1_732' title='bbox 2699 2790 2846 2858; x_wconf 88' lang='lat' dir='ltr'><strong>quod</strong></span> <span class='ocrx_word' id='word_1_733' title='bbox 2863 2790 3063 2846; x_wconf 85' lang='lat' dir='ltr'><strong>frustra</strong></span> <span class='ocrx_word' id='word_1_734' title='bbox 3078 2794 3373 2856; x_wconf 88' lang='lat' dir='ltr'><strong>currimus,</strong></span> <span class='ocrx_word' id='word_1_735' title='bbox 3391 2793 3484 2848; x_wconf 86' lang='lat' dir='ltr'><strong>sed</strong></span> <span class='ocrx_word' id='word_1_736' title='bbox 3505 2797 3656 2864; x_wconf 89' lang='lat' dir='ltr'><strong>quod</strong></span> 
     </span>
    </p>
   </div>
   <div class='ocr_carea' id='block_1_91' title="bbox 2078 2875 3655 2944">
    <p class='ocr_par' dir='ltr' id='par_1_91' title="bbox 2078 2875 3655 2944">
     <span class='ocr_line' id='line_1_91' title="bbox 2078 2875 3655 2944; baseline 0.008 -15"><span class='ocrx_word' id='word_1_737' title='bbox 2078 2875 2283 2931; x_wconf 79' lang='lat' dir='ltr'><strong>frustra</strong></span> <span class='ocrx_word' id='word_1_738' title='bbox 2311 2879 2612 2944; x_wconf 83' lang='lat' dir='ltr'><strong>currimus,</strong></span> <span class='ocrx_word' id='word_1_739' title='bbox 2641 2881 2687 2935; x_wconf 91' lang='lat' dir='ltr'><strong>si</strong></span> <span class='ocrx_word' id='word_1_740' title='bbox 2724 2889 2897 2936; x_wconf 89' lang='lat' dir='ltr'><strong>totum</strong></span> <span class='ocrx_word' id='word_1_741' title='bbox 2927 2895 3048 2938; x_wconf 89' lang='lat' dir='ltr'><strong>esse</strong></span> <span class='ocrx_word' id='word_1_742' title='bbox 3081 2891 3333 2938; x_wconf 88' lang='lat' dir='ltr'><strong>nostrum</strong></span> <span class='ocrx_word' id='word_1_743' title='bbox 3371 2886 3655 2941; x_wconf 80' lang='lat' dir='ltr'><strong>existima-</strong></span> 
     </span>
    </p>
   </div>
   <div class='ocr_carea' id='block_1_92' title="bbox 2080 2967 3654 3038">
    <p class='ocr_par' dir='ltr' id='par_1_92' title="bbox 2080 2967 3654 3038">
     <span class='ocr_line' id='line_1_92' title="bbox 2080 2967 3654 3038; baseline 0.01 -23"><span class='ocrx_word' id='word_1_744' title='bbox 2080 2981 2222 3025; x_wconf 79' lang='lat' dir='ltr'><strong>mus.</strong></span> <span class='ocrx_word' id='word_1_745' title='bbox 2253 2968 2297 3022; x_wconf 83' lang='lat' dir='ltr'><strong>si</strong></span> <span class='ocrx_word' id='word_1_746' title='bbox 2331 2983 2442 3023; x_wconf 88' lang='lat' dir='ltr'><strong>non</strong></span> <span class='ocrx_word' id='word_1_747' title='bbox 2485 2968 2609 3038; x_wconf 87' lang='lat' dir='ltr'><strong>plus</strong></span> <span class='ocrx_word' id='word_1_748' title='bbox 2637 2971 2747 3026; x_wconf 86' lang='lat' dir='ltr'><strong>Deo</strong></span> <span class='ocrx_word' id='word_1_749' title='bbox 2782 2967 3110 3028; x_wconf 86' lang='lat' dir='ltr'><strong>tribuamus.</strong></span> <span class='ocrx_word' id='word_1_750' title='bbox 3157 2975 3275 3029; x_wconf 87' lang='lat' dir='ltr'><strong>Non</strong></span> <span class='ocrx_word' id='word_1_751' title='bbox 3311 2977 3461 3032; x_wconf 87' lang='lat' dir='ltr'><strong>enim</strong></span> <span class='ocrx_word' id='word_1_752' title='bbox 3492 2988 3654 3032; x_wconf 89' lang='lat' dir='ltr'><strong>suum</strong></span> 
     </span>
    </p>
   </div>
   <div class='ocr_carea' id='block_1_93' title="bbox 2073 3059 3653 3125">
    <p class='ocr_par' dir='ltr' id='par_1_93' title="bbox 2073 3059 3653 3125">
     <span class='ocr_line' id='line_1_93' title="bbox 2073 3059 3653 3125; baseline 0.009 -18"><span class='ocrx_word' id='word_1_753' title='bbox 2073 3068 2193 3109; x_wconf 84' lang='lat' dir='ltr'><strong>esse</strong></span> <span class='ocrx_word' id='word_1_754' title='bbox 2233 3065 2410 3111; x_wconf 88' lang='lat' dir='ltr'><strong>totum</strong></span> <span class='ocrx_word' id='word_1_755' title='bbox 2439 3059 2617 3112; x_wconf 79' lang='lat' dir='ltr'><strong>voluit</strong></span> <span class='ocrx_word' id='word_1_756' title='bbox 2645 3060 2810 3125; x_wconf 80' lang='lat' dir='ltr'><strong>Deus,</strong></span> <span class='ocrx_word' id='word_1_757' title='bbox 2835 3075 2906 3116; x_wconf 87' lang='lat' dir='ltr'><strong>ne</strong></span> <span class='ocrx_word' id='word_1_758' title='bbox 2925 3061 3208 3118; x_wconf 84' lang='lat' dir='ltr'><strong>videretur</strong></span> <span class='ocrx_word' id='word_1_759' title='bbox 3223 3079 3323 3119; x_wconf 87' lang='lat' dir='ltr'><strong>nos</strong></span> <span class='ocrx_word' id='word_1_760' title='bbox 3337 3073 3542 3120; x_wconf 88' lang='lat' dir='ltr'><strong>temere</strong></span> <span class='ocrx_word' id='word_1_761' title='bbox 3557 3079 3653 3121; x_wconf 85' lang='lat' dir='ltr'><strong>co-</strong></span> 
     </span>
    </p>
   </div>
   <div class='ocr_carea' id='block_1_94' title="bbox 2076 3155 3653 3219">
    <p class='ocr_par' dir='ltr' id='par_1_94' title="bbox 2076 3155 3653 3219">
     <span class='ocr_line' id='line_1_94' title="bbox 2076 3155 3653 3219; baseline 0.007 -20"><span class='ocrx_word' id='word_1_762' title='bbox 2076 3159 2302 3213; x_wconf 73' lang='lat' dir='ltr'><strong>mpare;</strong></span> <span class='ocrx_word' id='word_1_763' title='bbox 2331 3162 2511 3218; x_wconf 85' lang='lat' dir='ltr'><strong>neque</strong></span> <span class='ocrx_word' id='word_1_764' title='bbox 2541 3161 2732 3205; x_wconf 86' lang='lat' dir='ltr'><strong>rursus</strong></span> <span class='ocrx_word' id='word_1_765' title='bbox 2759 3160 3028 3219; x_wconf 88' lang='lat' dir='ltr'><strong>nostrum,</strong></span> <span class='ocrx_word' id='word_1_766' title='bbox 3056 3167 3124 3210; x_wconf 90' lang='lat' dir='ltr'><strong>ne</strong></span> <span class='ocrx_word' id='word_1_767' title='bbox 3151 3155 3459 3212; x_wconf 85' lang='lat' dir='ltr'><strong>incidamus</strong></span> <span class='ocrx_word' id='word_1_768' title='bbox 3487 3157 3540 3211; x_wconf 88' lang='lat' dir='ltr'><strong>in</strong></span> <span class='ocrx_word' id='word_1_769' title='bbox 3563 3168 3653 3212; x_wconf 88' lang='lat' dir='ltr'><strong>ar-</strong></span> 
     </span>
    </p>
   </div>
   <div class='ocr_carea' id='block_1_95' title="bbox 2076 3238 3651 3317">
    <p class='ocr_par' dir='ltr' id='par_1_95' title="bbox 2076 3238 3651 3317">
     <span class='ocr_line' id='line_1_95' title="bbox 2076 3238 3651 3317; baseline 0.01 -30"><span class='ocrx_word' id='word_1_770' title='bbox 2076 3238 2399 3305; x_wconf 83' lang='lat' dir='ltr'><strong>rogantiam.</strong></span> <span class='ocrx_word' id='word_1_771' title='bbox 2428 3238 2561 3293; x_wconf 86' lang='lat' dir='ltr'><strong>Nam</strong></span> <span class='ocrx_word' id='word_1_772' title='bbox 2584 3241 2629 3293; x_wconf 92' lang='lat' dir='ltr'><strong>si</strong></span> <span class='ocrx_word' id='word_1_773' title='bbox 2651 3251 2776 3294; x_wconf 87' lang='lat' dir='ltr'><strong>cum</strong></span> <span class='ocrx_word' id='word_1_774' title='bbox 2800 3240 3068 3298; x_wconf 81' lang='lat' dir='ltr'><strong>minerem</strong></span> <span class='ocrx_word' id='word_1_775' title='bbox 3091 3243 3392 3300; x_wconf 82' lang='lat' dir='ltr'><strong>habeamus</strong></span> <span class='ocrx_word' id='word_1_776' title='bbox 3419 3257 3651 3317; x_wconf 87' lang='lat' dir='ltr'><strong>partem,</strong></span> 
     </span>
    </p>
   </div>
   <div class='ocr_carea' id='block_1_96' title="bbox 2075 3323 3652 3405">
    <p class='ocr_par' dir='ltr' id='par_1_96' title="bbox 2075 3323 3652 3405">
     <span class='ocr_line' id='line_1_96' title="bbox 2075 3323 3652 3405; baseline 0.01 -29"><span class='ocrx_word' id='word_1_777' title='bbox 2075 3323 2377 3391; x_wconf 75' lang='lat' dir='ltr'><strong>eﬂ‘erimur,</strong></span> <span class='ocrx_word' id='word_1_778' title='bbox 2427 3335 2482 3380; x_wconf 88' lang='lat' dir='ltr'><strong>et</strong></span> <span class='ocrx_word' id='word_1_779' title='bbox 2541 3331 2801 3398; x_wconf 84' lang='lat' dir='ltr'><strong>praeclare</strong></span> <span class='ocrx_word' id='word_1_780' title='bbox 2850 3332 2919 3386; x_wconf 90' lang='lat' dir='ltr'><strong>de</strong></span> <span class='ocrx_word' id='word_1_781' title='bbox 2967 3330 3128 3389; x_wconf 88' lang='lat' dir='ltr'><strong>nobis</strong></span> <span class='ocrx_word' id='word_1_782' title='bbox 3179 3335 3483 3390; x_wconf 88' lang='lat' dir='ltr'><strong>sentimus:</strong></span> <span class='ocrx_word' id='word_1_783' title='bbox 3519 3332 3652 3405; x_wconf 85' lang='lat' dir='ltr'><strong>quid</strong></span> 
     </span>
    </p>
   </div>
   <div class='ocr_carea' id='block_1_97' title="bbox 2074 3415 3650 3496">
    <p class='ocr_par' dir='ltr' id='par_1_97' title="bbox 2074 3415 3650 3496">
     <span class='ocr_line' id='line_1_97' title="bbox 2074 3415 3650 3496; baseline 0.01 -29"><span class='ocrx_word' id='word_1_784' title='bbox 2074 3415 2400 3482; x_wconf 86' lang='lat' dir='ltr'><strong>faceremus,</strong></span> <span class='ocrx_word' id='word_1_785' title='bbox 2431 3419 2477 3472; x_wconf 91' lang='lat' dir='ltr'><strong>si</strong></span> <span class='ocrx_word' id='word_1_786' title='bbox 2501 3428 2675 3475; x_wconf 89' lang='lat' dir='ltr'><strong>totum</strong></span> <span class='ocrx_word' id='word_1_787' title='bbox 2697 3433 2842 3478; x_wconf 84' lang='lat' dir='ltr'><strong>esset</strong></span> <span class='ocrx_word' id='word_1_788' title='bbox 2869 3425 2922 3478; x_wconf 90' lang='lat' dir='ltr'><strong>in</strong></span> <span class='ocrx_word' id='word_1_789' title='bbox 2945 3435 3129 3480; x_wconf 88' lang='lat' dir='ltr'><strong>nostra</strong></span> <span class='ocrx_word' id='word_1_790' title='bbox 3155 3427 3465 3496; x_wconf 85' lang='lat' dir='ltr'><strong>potestate?</strong></span> <span class='ocrx_word' id='word_1_791' title='bbox 3484 3427 3650 3483; x_wconf 70' lang='lat' dir='ltr'><strong>Multa</strong></span> 
     </span>
    </p>
   </div>
   <div class='ocr_carea' id='block_1_98' title="bbox 2074 3507 3650 3589">
    <p class='ocr_par' dir='ltr' id='par_1_98' title="bbox 2074 3507 3650 3589">
     <span class='ocr_line' id='line_1_98' title="bbox 2074 3507 3650 3589; baseline 0.009 -30"><span class='ocrx_word' id='word_1_792' title='bbox 2074 3507 2224 3560; x_wconf 74' lang='lat' dir='ltr'><strong>enim</strong></span> <span class='ocrx_word' id='word_1_793' title='bbox 2281 3507 2411 3563; x_wconf 88' lang='lat' dir='ltr'><strong>fecit</strong></span> <span class='ocrx_word' id='word_1_794' title='bbox 2470 3509 2616 3566; x_wconf 86' lang='lat' dir='ltr'><strong>Deus</strong></span> <span class='ocrx_word' id='word_1_795' title='bbox 2652 3521 2713 3566; x_wconf 90' lang='lat' dir='ltr'><strong>ut</strong></span> <span class='ocrx_word' id='word_1_796' title='bbox 2753 3525 2996 3570; x_wconf 88' lang='lat' dir='ltr'><strong>nostram</strong></span> <span class='ocrx_word' id='word_1_797' title='bbox 3037 3523 3344 3586; x_wconf 82' lang='lat' dir='ltr'><strong>amputaret</strong></span> <span class='ocrx_word' id='word_1_798' title='bbox 3393 3531 3650 3589; x_wconf 59' lang='lat' dir='ltr'><strong>arrogatio</strong></span> 
     </span>
    </p>
   </div>
   <div class='ocr_carea' id='block_1_99' title="bbox 2078 3595 3649 3678">
    <p class='ocr_par' dir='ltr' id='par_1_99' title="bbox 2078 3595 3649 3678">
     <span class='ocr_line' id='line_1_99' title="bbox 2078 3595 3649 3678; baseline 0.01 -28"><span class='ocrx_word' id='word_1_799' title='bbox 2078 3595 2230 3651; x_wconf 82' lang='lat' dir='ltr'><strong>tiam.</strong></span> <span class='ocrx_word' id='word_1_800' title='bbox 2267 3595 2337 3652; x_wconf 83' lang='lat' dir='ltr'><strong>Et</strong></span> <span class='ocrx_word' id='word_1_801' title='bbox 2369 3611 2625 3669; x_wconf 71' lang='lat' dir='ltr'><strong>praeterea</strong></span> <span class='ocrx_word' id='word_1_802' title='bbox 2659 3604 2862 3658; x_wconf 71' lang='lat' dir='ltr'><strong>excelsa</strong></span> <span class='ocrx_word' id='word_1_803' title='bbox 2897 3621 3084 3661; x_wconf 79' lang='lat' dir='ltr'><strong>manus</strong></span> <span class='ocrx_word' id='word_1_804' title='bbox 3118 3607 3230 3678; x_wconf 83' lang='lat' dir='ltr'><strong>ejus</strong></span> <span class='ocrx_word' id='word_1_805' title='bbox 3273 3605 3425 3678; x_wconf 75' lang='lat' dir='ltr'><strong>(lani.</strong></span> <span class='ocrx_word' id='word_1_806' title='bbox 3461 3609 3513 3664; x_wconf 80' lang='grc'><strong>5.</strong></span> <span class='ocrx_word' id='word_1_807' title='bbox 3535 3607 3649 3677; x_wconf 69' lang='grc'><strong>25),</strong></span> 
     </span>
    </p>
   </div>
   <div class='ocr_carea' id='block_1_100' title="bbox 2076 3689 3650 3764">
    <p class='ocr_par' dir='ltr' id='par_1_100' title="bbox 2076 3689 3650 3764">
     <span class='ocr_line' id='line_1_100' title="bbox 2076 3689 3650 3764; baseline 0.006 -20"><span class='ocrx_word' id='word_1_808' title='bbox 2076 3689 2279 3760; x_wconf 73' lang='lat' dir='ltr'><strong>inquit.</strong></span> <span class='ocrx_word' id='word_1_809' title='bbox 2302 3690 2448 3759; x_wconf 78' lang='lat' dir='ltr'><strong>Quot</strong></span> <span class='ocrx_word' id='word_1_810' title='bbox 2471 3706 2573 3749; x_wconf 85' lang='lat' dir='ltr'><strong>nos</strong></span> <span class='ocrx_word' id='word_1_811' title='bbox 2595 3693 2962 3752; x_wconf 85' lang='lat' dir='ltr'><strong>circumdedit</strong></span> <span class='ocrx_word' id='word_1_812' title='bbox 2987 3699 3358 3764; x_wconf 83' lang='lat' dir='ltr'><strong>passionibus,</strong></span> <span class='ocrx_word' id='word_1_813' title='bbox 3389 3710 3447 3754; x_wconf 89' lang='lat' dir='ltr'><strong>ut</strong></span> <span class='ocrx_word' id='word_1_814' title='bbox 3473 3703 3650 3756; x_wconf 78' lang='lat' dir='ltr'><strong>elatos</strong></span> 
     </span>
    </p>
   </div>
   <div class='ocr_carea' id='block_1_101' title="bbox 2075 3779 3655 3850">
    <p class='ocr_par' dir='ltr' id='par_1_101' title="bbox 2075 3779 3655 3850">
     <span class='ocr_line' id='line_1_101' title="bbox 2075 3779 3655 3850; baseline -0.003 -16"><span class='ocrx_word' id='word_1_815' title='bbox 2075 3787 2281 3834; x_wconf 78' lang='lat' dir='ltr'><strong>resecet</strong></span> <span class='ocrx_word' id='word_1_816' title='bbox 2309 3779 2574 3848; x_wconf 85' lang='lat' dir='ltr'><strong>spiritus?</strong></span> <span class='ocrx_word' id='word_1_817' title='bbox 2601 3793 2759 3850; x_wconf 79' lang='lat' dir='ltr'><strong>quam</strong></span> <span class='ocrx_word' id='word_1_818' title='bbox 2786 3780 2972 3835; x_wconf 87' lang='lat' dir='ltr'><strong>multis</strong></span> <span class='ocrx_word' id='word_1_819' title='bbox 2991 3781 3158 3835; x_wconf 88' lang='lat' dir='ltr'><strong>cinxit</strong></span> <span class='ocrx_word' id='word_1_820' title='bbox 3178 3781 3363 3836; x_wconf 85' lang='lat' dir='ltr'><strong>bestiis</strong></span> <span class='ocrx_word' id='word_1_821' title='bbox 3382 3782 3407 3834; x_wconf 93' lang='lat'><strong>?</strong></span> <span class='ocrx_word' id='word_1_822' title='bbox 3432 3779 3655 3847; x_wconf 80' lang='lat' dir='ltr'><strong>Quando</strong></span> 
     </span>
    </p>
   </div>
   <div class='ocr_carea' id='block_1_102' title="bbox 2072 3869 3662 3942">
    <p class='ocr_par' dir='ltr' id='par_1_102' title="bbox 2072 3869 3662 3942">
     <span class='ocr_line' id='line_1_102' title="bbox 2072 3869 3662 3942; baseline 0.002 -17"><span class='ocrx_word' id='word_1_823' title='bbox 2072 3869 2217 3925; x_wconf 76' lang='lat' dir='ltr'><strong>enim</strong></span> <span class='ocrx_word' id='word_1_824' title='bbox 2265 3869 2450 3924; x_wconf 86' lang='lat' dir='ltr'><strong>dicunt</strong></span> <span class='ocrx_word' id='word_1_825' title='bbox 2490 3871 2675 3940; x_wconf 81' lang='lat' dir='ltr'><strong>aliqui,</strong></span> <span class='ocrx_word' id='word_1_826' title='bbox 2716 3870 2853 3938; x_wconf 81' lang='lat' dir='ltr'><strong>Quid</strong></span> <span class='ocrx_word' id='word_1_827' title='bbox 2896 3870 3044 3927; x_wconf 87' lang='lat' dir='ltr'><strong>hoc?</strong></span> <span class='ocrx_word' id='word_1_828' title='bbox 3068 3883 3324 3942; x_wconf 85' lang='lat' dir='ltr'><strong>quorsum</strong></span> <span class='ocrx_word' id='word_1_829' title='bbox 3372 3870 3515 3926; x_wconf 83' lang='lat' dir='ltr'><strong>hoc?</strong></span> <span class='ocrx_word' id='word_1_830' title='bbox 3541 3869 3662 3928; x_wconf 75' lang='lat' dir='ltr'><strong>haec</strong></span> 
     </span>
    </p>
   </div>
   <div class='ocr_carea' id='block_1_103' title="bbox 2071 3961 3649 4032">
    <p class='ocr_par' dir='ltr' id='par_1_103' title="bbox 2071 3961 3649 4032">
     <span class='ocr_line' id='line_1_103' title="bbox 2071 3961 3649 4032; baseline 0.002 -17"><span class='ocrx_word' id='word_1_831' title='bbox 2071 3961 2257 4016; x_wconf 84' lang='lat' dir='ltr'><strong>dicunt</strong></span> <span class='ocrx_word' id='word_1_832' title='bbox 2284 3971 2475 4030; x_wconf 58' lang='lat' dir='ltr'><strong>prater</strong></span> <span class='ocrx_word' id='word_1_833' title='bbox 2507 3963 2600 4017; x_wconf 88' lang='lat' dir='ltr'><strong>Dei</strong></span> <span class='ocrx_word' id='word_1_834' title='bbox 2625 3963 2901 4032; x_wconf 82' lang='lat' dir='ltr'><strong>placitum.</strong></span> <span class='ocrx_word' id='word_1_835' title='bbox 2930 3963 2986 4017; x_wconf 93' lang='lat' dir='ltr'><strong>ln</strong></span> <span class='ocrx_word' id='word_1_836' title='bbox 3019 3973 3166 4018; x_wconf 83' lang='lat' dir='ltr'><strong>tanto</strong></span> <span class='ocrx_word' id='word_1_837' title='bbox 3196 3975 3247 4018; x_wconf 85' lang='lat' dir='ltr'><strong>te</strong></span> <span class='ocrx_word' id='word_1_838' title='bbox 3275 3965 3463 4020; x_wconf 85' lang='lat' dir='ltr'><strong>statuit</strong></span> <span class='ocrx_word' id='word_1_839' title='bbox 3482 3973 3649 4030; x_wconf 85' lang='lat' dir='ltr'><strong>metu,</strong></span> 
     </span>
    </p>
   </div>
   <div class='ocr_carea' id='block_1_104' title="bbox 2072 4051 3653 4123">
    <p class='ocr_par' dir='ltr' id='par_1_104' title="bbox 2072 4051 3653 4123">
     <span class='ocr_line' id='line_1_104' title="bbox 2072 4051 3653 4123; baseline 0.003 -18"><span class='ocrx_word' id='word_1_840' title='bbox 2072 4063 2126 4105; x_wconf 86' lang='lat' dir='ltr'><strong>et</strong></span> <span class='ocrx_word' id='word_1_841' title='bbox 2169 4067 2235 4106; x_wconf 84' lang='lat' dir='ltr'><strong>ne</strong></span> <span class='ocrx_word' id='word_1_842' title='bbox 2286 4065 2362 4106; x_wconf 87' lang='lat' dir='ltr'><strong>ste</strong></span> <span class='ocrx_word' id='word_1_843' title='bbox 2413 4051 2630 4123; x_wconf 72' lang='lat' dir='ltr'><strong>quidem</strong></span> <span class='ocrx_word' id='word_1_844' title='bbox 2689 4054 2756 4107; x_wconf 86' lang='lat' dir='ltr'><strong>de</strong></span> <span class='ocrx_word' id='word_1_845' title='bbox 2809 4061 2863 4109; x_wconf 89' lang='lat' dir='ltr'><strong>te</strong></span> <span class='ocrx_word' id='word_1_846' title='bbox 2908 4054 3180 4109; x_wconf 85' lang='lat' dir='ltr'><strong>humiliter</strong></span> <span class='ocrx_word' id='word_1_847' title='bbox 3234 4056 3420 4119; x_wconf 82' lang='lat' dir='ltr'><strong>sentis,</strong></span> <span class='ocrx_word' id='word_1_848' title='bbox 3463 4053 3557 4110; x_wconf 86' lang='lat' dir='ltr'><strong>sed</strong></span> <span class='ocrx_word' id='word_1_849' title='bbox 3608 4055 3653 4109; x_wconf 91' lang='lat' dir='ltr'><strong>si</strong></span> 
     </span>
    </p>
   </div>
   <div class='ocr_carea' id='block_1_105' title="bbox 2071 4142 3652 4212">
    <p class='ocr_par' dir='ltr' id='par_1_105' title="bbox 2071 4142 3652 4212">
     <span class='ocr_line' id='line_1_105' title="bbox 2071 4142 3652 4212; baseline 0.004 -19"><span class='ocrx_word' id='word_1_850' title='bbox 2071 4142 2286 4210; x_wconf 83' lang='lat' dir='ltr'><strong>quando</strong></span> <span class='ocrx_word' id='word_1_851' title='bbox 2331 4143 2412 4196; x_wconf 81' lang='lat' dir='ltr'><strong>vel</strong></span> <span class='ocrx_word' id='word_1_852' title='bbox 2463 4155 2656 4212; x_wconf 75' lang='lat' dir='ltr'><strong>parvus</strong></span> <span class='ocrx_word' id='word_1_853' title='bbox 2699 4144 2796 4199; x_wconf 85' lang='lat' dir='ltr'><strong>tibi</strong></span> <span class='ocrx_word' id='word_1_854' title='bbox 2839 4145 3042 4201; x_wconf 85' lang='lat' dir='ltr'><strong>faustus</strong></span> <span class='ocrx_word' id='word_1_855' title='bbox 3081 4147 3324 4200; x_wconf 87' lang='lat' dir='ltr'><strong>evenerit</strong></span> <span class='ocrx_word' id='word_1_856' title='bbox 3348 4157 3652 4208; x_wconf 83' lang='lat' dir='ltr'><strong>successus,</strong></span> 
     </span>
    </p>
   </div>
   <div class='ocr_carea' id='block_1_106' title="bbox 2071 4233 3292 4304">
    <p class='ocr_par' dir='ltr' id='par_1_106' title="bbox 2071 4233 3292 4304">
     <span class='ocr_line' id='line_1_106' title="bbox 2071 4233 3292 4304; baseline 0.003 -16"><span class='ocrx_word' id='word_1_857' title='bbox 2071 4233 2136 4288; x_wconf 70' lang='lat' dir='ltr'><strong>ad</strong></span> <span class='ocrx_word' id='word_1_858' title='bbox 2165 4234 2336 4300; x_wconf 85' lang='lat' dir='ltr'><strong>ipsum</strong></span> <span class='ocrx_word' id='word_1_859' title='bbox 2368 4247 2531 4303; x_wconf 86' lang='lat' dir='ltr'><strong>usque</strong></span> <span class='ocrx_word' id='word_1_860' title='bbox 2559 4234 2748 4288; x_wconf 74' lang='lat' dir='ltr'><strong>cadum</strong></span> <span class='ocrx_word' id='word_1_861' title='bbox 2778 4237 2967 4304; x_wconf 85' lang='lat' dir='ltr'><strong>spiritu</strong></span> <span class='ocrx_word' id='word_1_862' title='bbox 2999 4239 3292 4292; x_wconf 82' lang='lat' dir='ltr'><strong>extolleris.</strong></span> 
     </span>
    </p>
   </div>
   <div class='ocr_carea' id='block_1_107' title="bbox 2141 4321 3650 4392">
    <p class='ocr_par' dir='ltr' id='par_1_107' title="bbox 2141 4321 3650 4392">
     <span class='ocr_line' id='line_1_107' title="bbox 2141 4321 3650 4392; baseline 0.002 -15"><span class='ocrx_word' id='word_1_863' title='bbox 2141 4323 2195 4377; x_wconf 76' lang='grc'><strong>4.</strong></span> <span class='ocrx_word' id='word_1_864' title='bbox 2223 4323 2509 4392; x_wconf 79' lang='lat' dir='ltr'><strong>Propterea</strong></span> <span class='ocrx_word' id='word_1_865' title='bbox 2534 4321 2830 4380; x_wconf 79' lang='lat' dir='ltr'><strong>celerrima:</strong></span> <span class='ocrx_word' id='word_1_866' title='bbox 2871 4325 3006 4380; x_wconf 76' lang='lat' dir='ltr'><strong>ﬁniit</strong></span> <span class='ocrx_word' id='word_1_867' title='bbox 3039 4327 3359 4382; x_wconf 78' lang='lat' dir='ltr'><strong>mutationes</strong></span> <span class='ocrx_word' id='word_1_868' title='bbox 3381 4336 3436 4381; x_wconf 87' lang='lat' dir='ltr'><strong>et</strong></span> <span class='ocrx_word' id='word_1_869' title='bbox 3462 4338 3650 4388; x_wconf 85' lang='lat' dir='ltr'><strong>casus:</strong></span> 
     </span>
    </p>
   </div>
   <div class='ocr_carea' id='block_1_108' title="bbox 2073 4418 3655 4491">
    <p class='ocr_par' dir='ltr' id='par_1_108' title="bbox 2073 4418 3655 4491">
     <span class='ocr_line' id='line_1_108' title="bbox 2073 4418 3655 4491; baseline 0.001 -18"><span class='ocrx_word' id='word_1_870' title='bbox 2073 4427 2126 4473; x_wconf 88' lang='lat' dir='ltr'><strong>et</strong></span> <span class='ocrx_word' id='word_1_871' title='bbox 2153 4434 2220 4474; x_wconf 89' lang='lat' dir='ltr'><strong>ne</strong></span> <span class='ocrx_word' id='word_1_872' title='bbox 2249 4419 2326 4474; x_wconf 84' lang='lat' dir='ltr'><strong>sic</strong></span> <span class='ocrx_word' id='word_1_873' title='bbox 2355 4418 2568 4490; x_wconf 86' lang='lat' dir='ltr'><strong>quidem</strong></span> <span class='ocrx_word' id='word_1_874' title='bbox 2595 4421 2951 4490; x_wconf 85' lang='lat' dir='ltr'><strong>castigamur:</strong></span> <span class='ocrx_word' id='word_1_875' title='bbox 2981 4420 3101 4476; x_wconf 87' lang='lat' dir='ltr'><strong>ideo</strong></span> <span class='ocrx_word' id='word_1_876' title='bbox 3130 4421 3434 4491; x_wconf 76' lang='lat' dir='ltr'><strong>frequentes</strong></span> <span class='ocrx_word' id='word_1_877' title='bbox 3455 4428 3655 4475; x_wconf 71' lang='lat' dir='ltr'><strong>mortes</strong></span> 
     </span>
    </p>
   </div>
   <div class='ocr_carea' id='block_1_109' title="bbox 2072 4509 3654 4581">
    <p class='ocr_par' dir='ltr' id='par_1_109' title="bbox 2072 4509 3654 4581">
     <span class='ocr_line' id='line_1_109' title="bbox 2072 4509 3654 4581; baseline 0.001 -18"><span class='ocrx_word' id='word_1_878' title='bbox 2072 4509 2452 4568; x_wconf 64' lang='lat' dir='ltr'><strong>etimmaturae</strong></span> <span class='ocrx_word' id='word_1_879' title='bbox 2481 4527 2496 4576; x_wconf 92' lang='lat'><strong>;</strong></span> <span class='ocrx_word' id='word_1_880' title='bbox 2529 4523 2629 4566; x_wconf 89' lang='lat' dir='ltr'><strong>nos</strong></span> <span class='ocrx_word' id='word_1_881' title='bbox 2671 4520 2850 4567; x_wconf 82' lang='lat' dir='ltr'><strong>autem</strong></span> <span class='ocrx_word' id='word_1_882' title='bbox 2885 4521 3154 4581; x_wconf 82' lang='lat' dir='ltr'><strong>tamquam</strong></span> <span class='ocrx_word' id='word_1_883' title='bbox 3197 4511 3526 4566; x_wconf 85' lang='lat' dir='ltr'><strong>immortales</strong></span> <span class='ocrx_word' id='word_1_884' title='bbox 3557 4525 3654 4565; x_wconf 82' lang='lat' dir='ltr'><strong>su-</strong></span> 
     </span>
    </p>
   </div>
   <div class='ocr_carea' id='block_1_110' title="bbox 2076 4601 3652 4674">
    <p class='ocr_par' dir='ltr' id='par_1_110' title="bbox 2076 4601 3652 4674">
     <span class='ocr_line' id='line_1_110' title="bbox 2076 4601 3652 4674; baseline 0.001 -19"><span class='ocrx_word' id='word_1_885' title='bbox 2076 4603 2235 4670; x_wconf 84' lang='lat' dir='ltr'><strong>perbe</strong></span> <span class='ocrx_word' id='word_1_886' title='bbox 2261 4602 2330 4658; x_wconf 87' lang='lat' dir='ltr'><strong>de</strong></span> <span class='ocrx_word' id='word_1_887' title='bbox 2351 4602 2505 4657; x_wconf 84' lang='lat' dir='ltr'><strong>nobis</strong></span> <span class='ocrx_word' id='word_1_888' title='bbox 2531 4604 2790 4657; x_wconf 83' lang='lat' dir='ltr'><strong>sentimus</strong></span> <span class='ocrx_word' id='word_1_889' title='bbox 2815 4645 2830 4669; x_wconf 92' lang='lat'><strong>,</strong></span> <span class='ocrx_word' id='word_1_890' title='bbox 2862 4603 3014 4672; x_wconf 84' lang='lat' dir='ltr'><strong>quasi</strong></span> <span class='ocrx_word' id='word_1_891' title='bbox 3046 4615 3331 4674; x_wconf 85' lang='lat' dir='ltr'><strong>numquam</strong></span> <span class='ocrx_word' id='word_1_892' title='bbox 3355 4601 3598 4656; x_wconf 85' lang='lat' dir='ltr'><strong>morituri</strong></span> <span class='ocrx_word' id='word_1_893' title='bbox 3636 4618 3652 4657; x_wconf 92' lang='lat'><strong>:</strong></span> 
     </span>
    </p>
   </div>
   <div class='ocr_carea' id='block_1_111' title="bbox 2073 4691 3656 4762">
    <p class='ocr_par' dir='ltr' id='par_1_111' title="bbox 2073 4691 3656 4762">
     <span class='ocr_line' id='line_1_111' title="bbox 2073 4691 3656 4762; baseline 0.001 -16"><span class='ocrx_word' id='word_1_894' title='bbox 2073 4693 2144 4746; x_wconf 78' lang='lat' dir='ltr'><strong>ita</strong></span> <span class='ocrx_word' id='word_1_895' title='bbox 2175 4693 2441 4762; x_wconf 71' lang='lat' dir='ltr'><strong>rupimus,</strong></span> <span class='ocrx_word' id='word_1_896' title='bbox 2471 4694 2542 4747; x_wconf 87' lang='lat' dir='ltr'><strong>itu</strong></span> <span class='ocrx_word' id='word_1_897' title='bbox 2591 4693 2642 4748; x_wconf 92' lang='lat' dir='ltr'><strong>in</strong></span> <span class='ocrx_word' id='word_1_898' title='bbox 2671 4693 2898 4747; x_wconf 85' lang='lat' dir='ltr'><strong>aliorum</strong></span> <span class='ocrx_word' id='word_1_899' title='bbox 2931 4693 3067 4748; x_wconf 84' lang='lat' dir='ltr'><strong>bona</strong></span> <span class='ocrx_word' id='word_1_900' title='bbox 3109 4691 3447 4758; x_wconf 84' lang='lat' dir='ltr'><strong>invadimus,</strong></span> <span class='ocrx_word' id='word_1_901' title='bbox 3493 4692 3656 4762; x_wconf 81' lang='lat' dir='ltr'><strong>quasi</strong></span> 
     </span>
    </p>
   </div>
   <div class='ocr_carea' id='block_1_112' title="bbox 2075 4783 3655 4854">
    <p class='ocr_par' dir='ltr' id='par_1_112' title="bbox 2075 4783 3655 4854">
     <span class='ocr_line' id='line_1_112' title="bbox 2075 4783 3655 4854; baseline 0 -18"><span class='ocrx_word' id='word_1_902' title='bbox 2075 4798 2365 4854; x_wconf 85' lang='lat' dir='ltr'><strong>numquam</strong></span> <span class='ocrx_word' id='word_1_903' title='bbox 2395 4784 2652 4840; x_wconf 89' lang='lat' dir='ltr'><strong>reddituri</strong></span> <span class='ocrx_word' id='word_1_904' title='bbox 2679 4785 2938 4839; x_wconf 89' lang='lat' dir='ltr'><strong>rationem</strong></span> <span class='ocrx_word' id='word_1_905' title='bbox 2985 4799 3000 4838; x_wconf 92' lang='lat'><strong>:</strong></span> <span class='ocrx_word' id='word_1_906' title='bbox 3039 4783 3108 4838; x_wconf 82' lang='lat' dir='ltr'><strong>ita</strong></span> <span class='ocrx_word' id='word_1_907' title='bbox 3149 4783 3474 4839; x_wconf 84' lang='lat' dir='ltr'><strong>:ediﬁeatnus</strong></span> <span class='ocrx_word' id='word_1_908' title='bbox 3513 4789 3655 4836; x_wconf 86' lang='lat' dir='ltr'><strong>tam-</strong></span> 
     </span>
    </p>
   </div>
   <div class='ocr_carea' id='block_1_113' title="bbox 2074 4875 3654 4948">
    <p class='ocr_par' dir='ltr' id='par_1_113' title="bbox 2074 4875 3654 4948">
     <span class='ocr_line' id='line_1_113' title="bbox 2074 4875 3654 4948; baseline 0.001 -20"><span class='ocrx_word' id='word_1_909' title='bbox 2074 4891 2234 4944; x_wconf 90' lang='lat' dir='ltr'><strong>quam</strong></span> <span class='ocrx_word' id='word_1_910' title='bbox 2282 4875 2368 4930; x_wconf 91' lang='lat' dir='ltr'><strong>hic</strong></span> <span class='ocrx_word' id='word_1_911' title='bbox 2408 4891 2622 4946; x_wconf 87' lang='lat' dir='ltr'><strong>semper</strong></span> <span class='ocrx_word' id='word_1_912' title='bbox 2655 4887 2966 4941; x_wconf 89' lang='lat' dir='ltr'><strong>manentes;</strong></span> <span class='ocrx_word' id='word_1_913' title='bbox 3009 4884 3066 4932; x_wconf 88' lang='lat' dir='ltr'><strong>et</strong></span> <span class='ocrx_word' id='word_1_914' title='bbox 3092 4891 3266 4948; x_wconf 88' lang='lat' dir='ltr'><strong>neque</strong></span> <span class='ocrx_word' id='word_1_915' title='bbox 3297 4875 3389 4930; x_wconf 90' lang='lat' dir='ltr'><strong>Dei</strong></span> <span class='ocrx_word' id='word_1_916' title='bbox 3434 4875 3654 4930; x_wconf 82' lang='lat' dir='ltr'><strong>verbum</strong></span> 
     </span>
    </p>
   </div>
   <div class='ocr_carea' id='block_1_114' title="bbox 2073 4966 3654 5036">
    <p class='ocr_par' dir='ltr' id='par_1_114' title="bbox 2073 4966 3654 5036">
     <span class='ocr_line' id='line_1_114' title="bbox 2073 4966 3654 5036; baseline 0 -16"><span class='ocrx_word' id='word_1_917' title='bbox 2073 4966 2310 5036; x_wconf 87' lang='lat' dir='ltr'><strong>quotidie</strong></span> <span class='ocrx_word' id='word_1_918' title='bbox 2339 4969 2390 5022; x_wconf 91' lang='lat' dir='ltr'><strong>in</strong></span> <span class='ocrx_word' id='word_1_919' title='bbox 2424 4969 2620 5023; x_wconf 73' lang='lat' dir='ltr'><strong>noetris</strong></span> <span class='ocrx_word' id='word_1_920' title='bbox 2659 4968 2913 5023; x_wconf 84' lang='lat' dir='ltr'><strong>insonans</strong></span> <span class='ocrx_word' id='word_1_921' title='bbox 2939 4967 3178 5033; x_wconf 84' lang='lat' dir='ltr'><strong>auribus,</strong></span> <span class='ocrx_word' id='word_1_922' title='bbox 3212 4978 3387 5036; x_wconf 88' lang='lat' dir='ltr'><strong>neque</strong></span> <span class='ocrx_word' id='word_1_923' title='bbox 3411 4976 3500 5020; x_wconf 76' lang='lat' dir='ltr'><strong>res</strong></span> <span class='ocrx_word' id='word_1_924' title='bbox 3526 4966 3654 5036; x_wconf 76' lang='lat' dir='ltr'><strong>ipsae</strong></span> 
     </span>
    </p>
   </div>
   <div class='ocr_carea' id='block_1_115' title="bbox 2073 5055 3654 5122">
    <p class='ocr_par' dir='ltr' id='par_1_115' title="bbox 2073 5055 3654 5122">
     <span class='ocr_line' id='line_1_115' title="bbox 2073 5055 3654 5122; baseline -0.001 -11"><span class='ocrx_word' id='word_1_925' title='bbox 2073 5072 2173 5112; x_wconf 87' lang='lat' dir='ltr'><strong>nos</strong></span> <span class='ocrx_word' id='word_1_926' title='bbox 2199 5057 2470 5113; x_wconf 87' lang='lat' dir='ltr'><strong>erudiunt.</strong></span> <span class='ocrx_word' id='word_1_927' title='bbox 2500 5058 2614 5113; x_wconf 84' lang='lat' dir='ltr'><strong>Non</strong></span> <span class='ocrx_word' id='word_1_928' title='bbox 2644 5059 2771 5113; x_wconf 86' lang='lat' dir='ltr'><strong>licet</strong></span> <span class='ocrx_word' id='word_1_929' title='bbox 2817 5061 2998 5114; x_wconf 81' lang='lat' dir='ltr'><strong>videre</strong></span> <span class='ocrx_word' id='word_1_930' title='bbox 3027 5059 3170 5113; x_wconf 89' lang='lat' dir='ltr'><strong>diem</strong></span> <span class='ocrx_word' id='word_1_931' title='bbox 3225 5069 3326 5113; x_wconf 85' lang='lat' dir='ltr'><strong>nec</strong></span> <span class='ocrx_word' id='word_1_932' title='bbox 3357 5056 3567 5122; x_wconf 82' lang='lat' dir='ltr'><strong>horam,</strong></span> <span class='ocrx_word' id='word_1_933' title='bbox 3600 5055 3654 5110; x_wconf 84' lang='lat' dir='ltr'><strong>ill</strong></span> 
     </span>
    </p>
   </div>
   <div class='ocr_carea' id='block_1_116' title="bbox 2072 5145 3650 5220">
    <p class='ocr_par' dir='ltr' id='par_1_116' title="bbox 2072 5145 3650 5220">
     <span class='ocr_line' id='line_1_116' title="bbox 2072 5145 3650 5220; baseline -0.003 -14"><span class='ocrx_word' id='word_1_934' title='bbox 2072 5164 2176 5220; x_wconf 79' lang='lat' dir='ltr'><strong>qua</strong></span> <span class='ocrx_word' id='word_1_935' title='bbox 2203 5168 2308 5205; x_wconf 85' lang='lat' dir='ltr'><strong>non</strong></span> <span class='ocrx_word' id='word_1_936' title='bbox 2354 5151 2570 5206; x_wconf 81' lang='lat' dir='ltr'><strong>assidue</strong></span> <span class='ocrx_word' id='word_1_937' title='bbox 2613 5151 2781 5205; x_wconf 72' lang='lat' dir='ltr'><strong>videri</strong></span> <span class='ocrx_word' id='word_1_938' title='bbox 2813 5151 3017 5219; x_wconf 87' lang='lat' dir='ltr'><strong>possint</strong></span> <span class='ocrx_word' id='word_1_939' title='bbox 3043 5150 3207 5205; x_wconf 83' lang='lat' dir='ltr'><strong>multa</strong></span> <span class='ocrx_word' id='word_1_940' title='bbox 3239 5149 3386 5204; x_wconf 83' lang='lat' dir='ltr'><strong>eﬂ&#39;erl</strong></span> <span class='ocrx_word' id='word_1_941' title='bbox 3415 5145 3599 5203; x_wconf 82' lang='lat' dir='ltr'><strong>funera</strong></span> <span class='ocrx_word' id='word_1_942' title='bbox 3635 5165 3650 5201; x_wconf 90' lang='lat'><strong>:</strong></span> 
     </span>
    </p>
   </div>
   <div class='ocr_carea' id='block_1_117' title="bbox 2071 5239 3654 5313">
    <p class='ocr_par' dir='ltr' id='par_1_117' title="bbox 2071 5239 3654 5313">
     <span class='ocr_line' id='line_1_117' title="bbox 2071 5239 3654 5313; baseline -0.003 -15"><span class='ocrx_word' id='word_1_943' title='bbox 2071 5241 2165 5298; x_wconf 83' lang='lat' dir='ltr'><strong>sed</strong></span> <span class='ocrx_word' id='word_1_944' title='bbox 2197 5243 2392 5296; x_wconf 79' lang='lat' dir='ltr'><strong>frustm</strong></span> <span class='ocrx_word' id='word_1_945' title='bbox 2412 5243 2613 5307; x_wconf 80' lang='lat' dir='ltr'><strong>omnia,</strong></span> <span class='ocrx_word' id='word_1_946' title='bbox 2644 5255 2744 5297; x_wconf 87' lang='lat' dir='ltr'><strong>nec</strong></span> <span class='ocrx_word' id='word_1_947' title='bbox 2768 5241 3058 5313; x_wconf 84' lang='lat' dir='ltr'><strong>quidquam</strong></span> <span class='ocrx_word' id='word_1_948' title='bbox 3087 5246 3153 5294; x_wconf 80' lang='lat' dir='ltr'><strong>ad</strong></span> <span class='ocrx_word' id='word_1_949' title='bbox 3182 5249 3420 5294; x_wconf 81' lang='lat' dir='ltr'><strong>nostram</strong></span> <span class='ocrx_word' id='word_1_950' title='bbox 3449 5239 3654 5310; x_wconf 73' lang='lat' dir='ltr'><strong>penin-</strong></span> 
     </span>
    </p>
   </div>
   <div class='ocr_carea' id='block_1_118' title="bbox 2071 5329 3658 5407">
    <p class='ocr_par' dir='ltr' id='par_1_118' title="bbox 2071 5329 3658 5407">
     <span class='ocr_line' id='line_1_118' title="bbox 2071 5329 3658 5407; baseline -0.002 -19"><span class='ocrx_word' id='word_1_951' title='bbox 2071 5334 2148 5407; x_wconf 84' lang='lat' dir='ltr'><strong>git</strong></span> <span class='ocrx_word' id='word_1_952' title='bbox 2189 5334 2460 5389; x_wconf 89' lang='lat' dir='ltr'><strong>duritiem.</strong></span> <span class='ocrx_word' id='word_1_953' title='bbox 2492 5329 2675 5404; x_wconf 82' lang='lat' dir='ltr'><strong>Neque</strong></span> <span class='ocrx_word' id='word_1_954' title='bbox 2719 5335 2772 5389; x_wconf 89' lang='lat' dir='ltr'><strong>in</strong></span> <span class='ocrx_word' id='word_1_955' title='bbox 2800 5334 2992 5390; x_wconf 84' lang='lat' dir='ltr'><strong>alienis</strong></span> <span class='ocrx_word' id='word_1_956' title='bbox 3033 5333 3428 5389; x_wconf 79' lang='lat' dir='ltr'><strong>calamitatibus</strong></span> <span class='ocrx_word' id='word_1_957' title='bbox 3466 5345 3658 5400; x_wconf 83' lang='lat' dir='ltr'><strong>possu-</strong></span> 
     </span>
    </p>
   </div>
   <div class='ocr_carea' id='block_1_119' title="bbox 2071 5425 3654 5492">
    <p class='ocr_par' dir='ltr' id='par_1_119' title="bbox 2071 5425 3654 5492">
     <span class='ocr_line' id='line_1_119' title="bbox 2071 5425 3654 5492; baseline -0.002 -11"><span class='ocrx_word' id='word_1_958' title='bbox 2071 5437 2191 5482; x_wconf 84' lang='lat' dir='ltr'><strong>mus</strong></span> <span class='ocrx_word' id='word_1_959' title='bbox 2225 5425 2366 5480; x_wconf 84' lang='lat' dir='ltr'><strong>efﬁci</strong></span> <span class='ocrx_word' id='word_1_960' title='bbox 2413 5428 2701 5492; x_wconf 85' lang='lat' dir='ltr'><strong>meliores;</strong></span> <span class='ocrx_word' id='word_1_961' title='bbox 2750 5427 2859 5481; x_wconf 91' lang='lat' dir='ltr'><strong>imo</strong></span> <span class='ocrx_word' id='word_1_962' title='bbox 2903 5441 3032 5481; x_wconf 76' lang='lat' dir='ltr'><strong>vero</strong></span> <span class='ocrx_word' id='word_1_963' title='bbox 3073 5427 3324 5481; x_wconf 89' lang='lat' dir='ltr'><strong>nolumus</strong></span> <span class='ocrx_word' id='word_1_964' title='bbox 3354 5443 3368 5479; x_wconf 92' lang='lat'><strong>:</strong></span> <span class='ocrx_word' id='word_1_965' title='bbox 3398 5426 3493 5481; x_wconf 86' lang='lat' dir='ltr'><strong>sed</strong></span> <span class='ocrx_word' id='word_1_966' title='bbox 3531 5441 3654 5480; x_wconf 90' lang='lat' dir='ltr'><strong>eum</strong></span> 
     </span>
    </p>
   </div>
   <div class='ocr_carea' id='block_1_120' title="bbox 2069 5517 3654 5587">
    <p class='ocr_par' dir='ltr' id='par_1_120' title="bbox 2069 5517 3654 5587">
     <span class='ocr_line' id='line_1_120' title="bbox 2069 5517 3654 5587; baseline -0.003 -14"><span class='ocrx_word' id='word_1_967' title='bbox 2069 5517 2169 5574; x_wconf 83' lang='lat' dir='ltr'><strong>soli</strong></span> <span class='ocrx_word' id='word_1_968' title='bbox 2198 5517 2470 5587; x_wconf 76' lang='lat' dir='ltr'><strong>legemus.</strong></span> <span class='ocrx_word' id='word_1_969' title='bbox 2502 5527 2628 5573; x_wconf 88' lang='lat' dir='ltr'><strong>tunc</strong></span> <span class='ocrx_word' id='word_1_970' title='bbox 2667 5519 3074 5583; x_wconf 70' lang='lat' dir='ltr'><strong>contrahuntur;</strong></span> <span class='ocrx_word' id='word_1_971' title='bbox 3102 5527 3158 5572; x_wconf 75' lang='lat' dir='ltr'><strong>et</strong></span> <span class='ocrx_word' id='word_1_972' title='bbox 3184 5519 3228 5572; x_wconf 88' lang='lat' dir='ltr'><strong>si</strong></span> <span class='ocrx_word' id='word_1_973' title='bbox 3263 5517 3408 5572; x_wconf 84' lang='lat' dir='ltr'><strong>Dens</strong></span> <span class='ocrx_word' id='word_1_974' title='bbox 3437 5530 3654 5571; x_wconf 82' lang='lat' dir='ltr'><strong>manum</strong></span> 
     </span>
    </p>
   </div>
   <div class='ocr_carea' id='block_1_121' title="bbox 2075 5608 3654 5680">
    <p class='ocr_par' dir='ltr' id='par_1_121' title="bbox 2075 5608 3654 5680">
     <span class='ocr_line' id='line_1_121' title="bbox 2075 5608 3654 5680; baseline -0.003 -15"><span class='ocrx_word' id='word_1_975' title='bbox 2075 5609 2346 5665; x_wconf 88' lang='lat' dir='ltr'><strong>remiserit</strong></span> <span class='ocrx_word' id='word_1_976' title='bbox 2365 5650 2380 5677; x_wconf 92' lang='lat'><strong>,</strong></span> <span class='ocrx_word' id='word_1_977' title='bbox 2408 5623 2595 5664; x_wconf 87' lang='lat' dir='ltr'><strong>rursus</strong></span> <span class='ocrx_word' id='word_1_978' title='bbox 2624 5625 2722 5667; x_wconf 87' lang='lat' dir='ltr'><strong>nos</strong></span> <span class='ocrx_word' id='word_1_979' title='bbox 2748 5625 2964 5666; x_wconf 88' lang='lat' dir='ltr'><strong>manum</strong></span> <span class='ocrx_word' id='word_1_980' title='bbox 2990 5609 3314 5667; x_wconf 82' lang='lat' dir='ltr'><strong>extollimus.</strong></span> <span class='ocrx_word' id='word_1_981' title='bbox 3341 5608 3507 5665; x_wconf 83' lang='lat' dir='ltr'><strong>Nemo</strong></span> <span class='ocrx_word' id='word_1_982' title='bbox 3536 5622 3654 5680; x_wconf 76' lang='lat' dir='ltr'><strong>quas</strong></span> 
     </span>
    </p>
   </div>
  </div>
