4088 6204
455 293 557 361 103

475 409 704 466 l‘umlas
747 407 835 461 sub
884 406 992 474 ipso
1050 405 1206 475 lrgem
1251 401 1611 471 accepit:ltoc
1639 410 1757 466 est,
1807 417 1868 457 ea
1919 417 2048 462 usus

469 515 571 559 est.
603 502 714 556 Non
769 507 942 570 potest
995 496 1098 556 dici
1143 493 1287 565 quod
1324 492 1557 562 perfecta
1603 493 1815 563 quidem
1853 505 2001 553 esset
2026 536 2043 561 ,

469 596 663 667 populo
709 603 888 648 autent
952 603 1054 644 non
1113 585 1392 656 [imposita
1429 583 1607 646 fuerit.
1660 583 1769 643 Sub
1813 589 1929 655 ipso
1969 587 2044 645 lc-

468 704 578 757 gem
622 684 814 754 accepit
857 697 874 735 :
925 679 1026 734 hoc
1079 684 1200 743 est,
1253 676 1368 745 ipso
1422 689 1549 738 USUS
1588 684 1691 735 est.
1745 674 1880 743 Quid
1912 690 2040 747 ergo

465 797 599 850 opus
629 787 744 833 erat
788 775 892 830 alio
929 769 1264 832 sacerdotio,
1295 768 1339 830 si
1385 766 1510 828 illud
1562 766 1852 837 perfectum
1891 766 2044 830 erat?

467 863 745 936 Translata
787 865 926 922 enim
998 859 1336 923 sacerdotio,
1403 873 1624 922 necesse
1667 867 1750 912 est
1805 867 1861 911 ut
1916 858 2045 927 legis

463 975 676 1034 quoque
709 954 982 1016 translatio
1013 953 1143 1006 ﬁat:
1189 951 1232 1004 si
1278 961 1452 1013 autem
1482 963 1698 1012 necesse
1742 957 1824 1002 est.
1869 959 1926 1002 ut
1972 950 2044 1004 sit

462 1055 599 1110 alius
646 1047 916 1111 sacerdos,
943 1044 1028 1098 vel
1077 1042 1251 1112 potius
1285 1040 1430 1104 aliud
1469 1039 1824 1104 sacerdotium
1847 1081 1862 1108 ,
1887 1040 2042 1107 aliam

464 1156 676 1212 quoque
713 1139 889 1208 legem
919 1150 1040 1198 esse
1065 1146 1286 1200 necesse
1317 1141 1420 1185 est.
1465 1131 1577 1190 lloc
1618 1131 1685 1196 ad
1715 1146 1809 1192 eos
1836 1131 1926 1200 ημί
1954 1131 2042 1184 ιη-

463 1245 590 1292 cunt
611 1252 623 1286 :
648 1229 782 1298 Quid
807 1243 940 1298 opus
959 1234 1079 1290 erat
1103 1238 1240 1295 noro
1256 1222 1646 1290 Testamento?
1672 1220 1802 1285 Nam
1823 1229 2043 1290 poterat

463 1325 678 1395 quidem
707 1321 868 1376 etiam
895 1333 959 1382 es
985 1313 1264 1388 prophetia
1285 1313 1465 1380 dich
1492 1312 1854 1379 testimonium
1883 1329 1895 1364 ε
1925 1311 2042 1379 Πρε

464 1427 545 1472 est
604 1420 977 1480 teet-amentum
1053 1406 1195 1477 quod
1261 1404 1496 1475 disposui
1547 1404 1794 1472 patrihus
1851 1406 2042 1470 vestris

469 1510 602 1580 (Act.
664 1506 720 1564 ‘5.
749 1503 840 1572 25)
870 1519 885 1556 :
914 1499 1123 1565 interim
1179 1504 1357 1561 autem
1407 1504 1601 1566 imgnat
1627 1511 1690 1554 ex
1715 1494 2038 1561 sacerdotio.

463 1600 530 1654 Et
558 1597 670 1654 vide
698 1609 857 1665 quam
898 1600 1106 1660 optaret
1133 1587 1184 1644 id
1232 1585 1407 1654 elTari.
1449 1586 1606 1654 Dixit,
1635 1584 1927 1656 secundum
1953 1604 2038 1653 gr-

462 1693 630 1746 dinem
658 1681 1048 1750 Melchisedech.
1073 1680 1190 1752 Hoc
1209 1677 1370 1748 eiecit
1390 1677 1749 1746 sacerdotium
1778 1679 2037 1746 Aarpqis:

462 1798 495 1842 ι)
535 1796 567 1838 n
598 1780 739 1848 enim
763 1775 987 1840 dixisset
1010 1813 1024 1835 ,
1058 1769 1348 1841 Sgclllltlltm
1376 1768 1604 1838 ordinem
1645 1765 2037 1836 Melchisedech,
2064 1823 2066 1826 ,

461 1874 506 1926 si
556 1868 683 1933 illud
710 1876 857 1933 esset
904 1864 1112 1930 melius.
1147 1861 1202 1916 Si
1229 1859 1743 1930 εει-υἱιμωιιιιιρωψ
1775 1859 1868 1930 fuit
1896 1862 2038 1930 aliud

459 1960 837 2034 sacerdotium.
862 1957 1089 2022 alterum
1114 1967 1326 2025 altoque
1343 1951 1576 2025 ορειτψίι
1605 1965 1724 2020 esse
1755 1962 2040 2028 testamen-

460 2065 572 2110 tum
599 2071 611 2106 :
647 2063 816 2119 neque
859 2046 1000 2101 enim
1021 2045 1137 2115 fieri
1165 2051 1347 2115 potest
1375 2051 1433 2098 ut
1456 2043 1527 2114 sit
1556 2043 1807 2116 sacerdos
1828 2046 2036 2124 absque

463 2151 783 2206 testamento
821 2150 872 2198 et
902 2139 1109 2210 legibus
1147 2147 1203 2212 et
1225 2135 1548 2209 praeceptis;
1580 2150 1768 2207 neque
1815 2151 1906 2214 ut,
1935 2140 2040 2204 alio

459 2249 679 2309 accepto
703 2232 1006 2304 saecrdolio
1027 2231 1161 2300 ,λκιο
1189 2237 1386 2302 ῃψιιινο
1432 2227 1640 2297 Βθίηίίε
1663 2268 1679 2299 ν
1879 2231 2037 2302 obiici

459 2340 707 2410 poterat,
738 2325 1010 2406 quomodo
1031 2322 1190 2391 luerit
1212 2320 1466 2394 sacerdos
1490 2361 1504 2384 ,
1528 2321 1622 2390 qui
1659 2337 1769 2391 non
1796 2333 1910 2393 erat
1934 2322 2038 2391 μβ.

458 2429 563 2480 vita
594 2442 608 2478 :
640 2424 760 2487 hoc,
786 2434 906 2485 ctua
933 2432 1034 2487 per
1059 2413 1334 2486 superiora
1364 2411 1527 2486 veluti
1554 2411 1821 2484 quoddam
1850 2412 2038 2484 [μιιιιμ.

458 2526 693 2585 metuam
724 2513 868 2582 prius
889 2509 1107 2580 iecisset
1137 2545 1152 2570 ,
1179 2519 1247 2560 ne
1275 2502 1385 2568 vult
1409 2502 1630 2576 quidem
1654 2503 1871 2572 saliere
1897 2545 1911 2570 .
1941 2505 2035 2562 sed

459 2621 726 2678 "unquam
759 2595 1218 2674 prmercnrrendo
1248 2593 1348 2664 hoc
1375 2593 1612 2666 inducit:
1647 2593 1806 2660 Dixi,
1841 2595 2032 2664 inquit,

458 2699 776 2758 translatum
803 2707 926 2760 esse
952 2688 1308 2762 sacerdotium
1335 2704 1348 2738 :
1378 2700 1506 2767 ergo
1531 2694 1586 2740 et
1629 2694 2030 2751 testamentum.

456 2788 750 2856 Transtulit
802 2793 979 2844 autem
1029 2795 1133 2852 non
1183 2778 1356 2844 solum
1423 2775 1616 2838 modo,
1664 2791 1836 2846 neque
1903 2791 2036 2854 pm-

451 2886 645 2957 ceptis,
677 2880 773 2937 sed
805 2880 965 2935 etiam
998 2875 1138 2934 tribu
1167 2890 1179 2926 :
1210 2869 1491 2942 oportebat
1519 2869 1658 2923 enim
1683 2870 1841 2926 etiam
1872 2870 2032 2926 tribu.

449 2974 772 3046 Quomodo?
823 2970 1094 3026 Translata
1141 2963 1452 3026 sacerdotio,
1505 2961 1696 3032 inquit.
1753 2961 1865 3017 Hoc
1911 2970 2032 3027 est,

453 3074 582 3129 ldeo
611 3068 921 3126 translatum
964 3072 1047 3118 cst
1076 3077 1104 3115 a
1143 3060 1280 3114 tribu
1307 3057 1358 3112 in
1389 3056 1584 3110 tribum
1615 3097 1628 3117 ,
1659 3069 1688 3108 a
1717 3055 2033 3131 sacerdotali

457 3164 523 3219 ad
553 3162 784 3233 regalem
813 3199 827 3222 ,
859 3164 915 3233 ut
941 3155 1126 3222 eadem
1175 3158 1316 3205 esset
1336 3155 1400 3218 _et
1426 3147 1617 3217 regalis
1647 3157 1700 3200 et
1729 3146 2033 3203 sacerdota-

453 3241 540 3313 lis.
592 3231 726 3307 ἰθὶάο
766 3231 953 3312 autem
999 3243 1348 3316 mysterium:
1381 3239 1607 3315 primum
1655 3236 1870 3307 quidem
1915 3248 2032 3295 erat

455 3345 650 3416 regalis
671 3387 684 3411 ,
716 3355 768 3398 et
811 3359 951 3397 nunc
984 3343 1117 3405 facta
1150 3352 1232 3396 est
1261 3338 1606 3405 sacerdotalis
1635 3353 1647 3388 :
1678 3337 1814 3390 sicut
1859 3336 2018 3392 etiam

450 3433 502 3489 in
534 3435 747 3487 Clll'lalt)
773 3451 786 3485 :
819 3448 938 3496 nam
963 3446 1175 3501 semper
1197 3429 1408 3500 quidem
1439 3427 1535 3482 fuit
1565 3443 1658 3481 rex
1683 3468 1698 3492 ,
1741 3424 1915 3480 factus
1939 3431 2023 3481 est

449 3535 624 3579 autem
653 3523 937 3588 sacerdos,
988 3522 1200 3592 quando
1246 3534 1460 3575 carnem
1491 3507 1764 3588 suscepit,
1811 3514 2026 3586 quando

454 3615 775 3670 sacriﬁcium
831 3613 1042 3667 obtulit.
1139 3607 1299 3665 Vides
1347 3609 1742 3664 mutationem?
1795 3606 1863 3662 Et
1906 3620 2026 3676 qum

450 3718 603 3764 erant
633 3705 928 3778 objicienda
950 3745 966 3771 ,
1002 3703 1116 3759 hmc
1139 3703 1387 3770 adducit,
1418 3710 1474 3757 ιιι
1503 3700 1804 3772 postulabat
1845 3713 2023 3753 rerum

449 3798 828 3870 consequentia
860 3815 873 3851 :
919 3797 985 3850 In
1040 3811 1138 3866 quo
1166 3795 1296 3848 enim
1319 3832 1336 3861 ,
1365 3792 1536 3870 inquit
1563 3833 1578 3858 ,
1615 3794 1722 3846 htec
1752 3790 1988 3843 dicuntur
2011 3827 2027 3860 ,

451 3892 494 3944 is
520 3891 581 3944 de
607 3869 709 3943 alia
739 3888 869 3942 tribu
896 3896 1007 3954 est,
1054 3903 1081 3941 e
1127 3901 1227 3957 qua
1270 3869 1442 3938 nullus
1491 3882 1643 3936 altari
1695 3891 1876 3950 pra'sto
1908 3881 2028 3949 fuit.

457 3980 779 4048 Corripertum
811 3990 882 4032 est
903 3979 1036 4032 enim
1063 3971 1292 4031 omnibus
1318 3974 1452 4045 quod
1478 3972 1730 4028 Dominus
1768 3982 1935 4027 noster
1972 3985 2033 4024 ex

456 4068 598 4120 Juda
642 4081 808 4120 ortum
853 4069 1096 4133 duxerit,
1127 4083 1280 4136 quam
1328 4067 1380 4118 in
1431 4064 1614 4117 tribum
1661 4065 1724 4117 de
1750 4062 2033 4117 sacerdotio

457 4160 586 4212 nihil
621 4160 855 4230 loquutus
882 4168 952 4210 est
984 4157 1208 4227 Moyses.
1239 4156 1390 4228 Quod
1428 4163 1605 4209 autem
1637 4154 1734 4220 ait,
1770 4155 1875 4208 tale
1905 4152 2031 4223 quid

455 4259 580 4307 est:
630 4249 693 4307 Et
723 4264 821 4319 ego
869 4242 1086 4317 quoque
1111 4233 1325 4314 dico'et
1365 4244 1477 4300 scio
1506 4243 1645 4314 quod
1675 4243 1805 4297 nihil
1854 4243 2037 4298 habuit

458 4343 743 4401 sacerdotii
779 4335 892 4398 inec
924 4339 1091 4396 tribus
1113 4379 1126 4402 ,
1164 4351 1262 4391 nec
1312 4335 1449 4389 ullus
1475 4349 1631 4389 eirea
1676 4333 2029 4389 sacerdotium

385 4420 390 4454 ⁷
460 4438 701 4496 exercuit
747 4457 758 4491 :
806 4435 946 4506 quod
979 4435 1150 4505 ipsum
1220 4429 1499 4487 manifeste
1547 4426 1781 4486 ostendit
1827 4427 2026 4485 dictum

461 4532 614 4598 illud,
648 4529 837 4584 Nullus
864 4512 1014 4581 altari
1043 4537 1223 4596 pra?le
1245 4528 1358 4595 (itit.
1385 4526 1478 4580 Est
1502 4525 1645 4580 enim
1674 4533 1839 4580 totum
1863 4534 2036 4579 trans-

418 4663 423 4678 .
463 4625 609 4678 latio.
663 4622 751 4676 Sic
791 4618 1146 4686 necessarium
1192 4625 1309 4684 erat
1351 4617 1518 4686 legem
1571 4625 1624 4670 et
1670 4624 1820 4670 vetus
1880 4624 2040 4670 testa-

451 4700 702 4769 mentum
749 4696 1066 4776 transferri,
1109 4708 1368 4778 siquidem
1396 4716 1451 4762 et
1491 4708 1600 4776 ipsa
1646 4708 1812 4763 tribus
1841 4715 2041 4762 mutata

465 4815 570 4860 est.
602 4804 760 4859 Vides
783 4811 847 4856 .ut
870 4802 1031 4856 aliam
1076 4799 1311 4854 ostendit
1355 4797 1704 4853 diﬂ'crentiam
1741 4813 1899 4868 quam
1925 4812 2044 4868 qute

468 4912 498 4948 a
540 4896 829 4951 mutatione
877 4892 1044 4962 tribus
1087 4891 1322 4961 petitur?
1350 4888 1528 4959 Neque
1571 4903 1701 4944 vero
1730 4889 1851 4959 inde
1887 4889 2045 4944 dum-

449 4981 624 5052 taxat
671 4968 986 5054 quanta'sit
1035 4981 1332 5037 dill‘ercntia
1391 4979 1716 5050 ostenditur,
1749 4980 1842 5037 sed
1889 4980 2048 5037 modo

471 5059 739 5145 quoques
791 5089 1035 5144 persona,
1062 5088 1091 5127 a
1119 5082 1437 5128 testamento
1461 5113 1475 5136 ,
1504 5087 1532 5125 a
1583 5072 1743 5144 modo
1766 5114 1782 5139 ,
1823 5073 1892 5126 ab
1933 5073 2049 5144 ipso

474 5181 619 5238 typo.
671 5166 756 5222 l6.
802 5165 901 5236 Qui
941 5183 1041 5240 non
1068 5166 1340 5220 secundum
1390 5165 1548 5235 legem
1585 5165 1814 5218 mandati
1859 5180 2048 5220 carna-

450 5239 538 5314 'lis
565 5242 728 5331 factus
759 5267 850 5322 est,
878 5239 970 5310 sed
1005 5257 1280 5324 secundum
1322 5256 1553 5330 uirtutem
1601 5253 1717 5309 vita:
1743 5254 2045 5310 insolubilis.

545 5353 601 5406 2.
645 5350 836 5406 Factus
860 5357 951 5411 est,
999 5347 1170 5416 inquit
1208 5345 1481 5412 sacerdos,
1521 5345 1615 5400 sed
1645 5362 1745 5400 non
1773 5347 2048 5401 secundum

486 5447 645 5516 legem
674 5441 896 5497 carnalis
930 5437 1157 5510 mandati
1185 5453 1206 5491 :
1233 5437 1318 5492 lex
1347 5437 1488 5492 enim
1530 5436 1619 5491 illa
1649 5435 1700 5490 in
1731 5435 1910 5490 multis
1936 5445 2054 5492 erat

471 5552 586 5592 non
618 5534 896 5605 legitima‘.
931 5531 994 5586 Et
1021 5537 1166 5586 recte
1205 5529 1413 5584 vocavit
1439 5527 1567 5583 illud
1595 5529 1903 5602 mandatum
1927 5543 2052 5584 car-

541 5673 561 5704 ι
587 5669 660 5719 ιω
684 5666 820 5719 Colh.
861 5665 1028 5714 addit:
1056 5660 1178 5722 Ouid
1207 5663 1302 5718 at,
1337 5657 1549 5716 carnalis
1583 5657 1846 5715 mandati?
1882 5658 2060 5722 Postea

481 5735 542 5784 ds
562 5731 751 5780 omissis
778 5741 888 5789 quae
914 5730 962 5774 in
997 5721 1140 5774 Fuito
1172 5723 1456 5785 interposita
1477 5729 1616 5782 sunt,
1648 5722 1717 5773 ita
1750 5723 1909 5787 pergit
1943 5721 2058 5773 ille:

481 5790 786 5847 circumcide
801 5799 1005 5839 canent
1031 5798 1048 5847 ;
1075 5793 1174 5835 etc.

1155 288 1212 344 S-
1251 284 1524 358 ιοωικιδ
1560 281 2029 352 CIIBYSOSTDW
2071 281 2378 352 secius».
2415 288 2953 354 αοΝδτΑετικοι».

3629 296 3733 355 ιω

2152 390 2271 448 nale
2295 409 2305 445 :
2333 392 2511 457 omnia
2535 394 2680 453 enim
2708 411 2825 465 qua:
2847 395 3111 458 statuebat
3129 399 3363 454 carnalia
3389 413 3560 461 erant.
3590 405 3717 464 Nam

2148 483 2346 550 dicere,
2377 483 2712 550 Circumcide
2737 502 2973 554 carnem,
3018 505 3154 559 ungo
3178 507 3417 557 carnem,
3450 495 3568 553 lata
3605 514 3720 552 car-

2147 588 2293 638 nem.
2325 575 2516 642 oranda
2547 591 2784 643 parntem,
2811 579 2977 638 tonde
3005 594 3239 648 carttem,
3290 585 3446 655 alliga
3474 603 3712 659 cantent,

2148 669 2288 724 nutri
2316 681 2551 731 carnem,
2583 669 2754 730 otium
2781 669 2845 732 da
2870 672 3018 733 carni
3053 689 3066 724 :
3096 671 3214 732 hinc
3255 691 3456 741 annon,
3507 695 3708 746 tnta-so.

2147 764 2380 821 carnalia
2453 767 2617 823 sunt?
2670 767 2725 824 Si
2773 769 2853 826 vis
2901 770 3114 828 discere
3155 789 3275 844 qua:
3325 773 3464 829 bona
3519 777 3728 844 promi-

2147 853 2300 916 Serit,
2342 853 2464 914 ntuli
2497 855 2720 927 :Longa
2764 859 2868 913 vita
2934 863 3107 926 carni,
3155 863 3342 932 inquit,
3403 865 3485 920 lac
3531 873 3590 932 et
3619 864 3730 921 mel

2153 943 2334 1009 carni,
2354 959 2452 1013 pax
2485 946 2657 1012 carni,
2710 949 2957 1020 uoluptas
2998 953 3166 1008 cart'ti.
3217 953 3299 1018 A-b
3348 954 3447 1010 hac
3489 955 3606 1027 lege
3643 970 3731 1011 sa-

2148 1034 2439 1095 cerdotium
2468 1041 2674 1110 accepit
2714 1043 2891 1108 Aaron
2921 1060 2933 1096 :
2962 1043 3356 1116 Melchisedech
3389 1057 3566 1103 autem
3612 1063 3724 1103 non

2147 1125 2240 1183 ita.
2270 1126 2361 1183 15.
2397 1127 2467 1182 Et
2486 1131 2715 1202 amplius
2747 1133 2918 1204 adhuc
2945 1137 3272 1206 manifestum
3309 1147 3400 1204 est,
3447 1139 3492 1194 si
3535 1156 3722 1194 secun-

2146 1217 2265 1290 dum
2290 1219 2676 1290 similitudinem
2705 1223 3084 1280 Melchisedech
3111 1238 3352 1299 exsurgat
3385 1229 3521 1284 alius
3554 1245 3729 1286 sacer-

2146 1307 2258 1367 dos.
2290 1308 2427 1380 ομῑά
2470 1321 2554 1367 est
2599 1313 2978 1370 manifestum?
3026 1315 3294 1383 Quantum
3341 1319 3558 1380 intersit
3589 1320 3730 1376 inter

2147 1411 2436 1472 utrumque
2479 1404 2878 1475 sacerdotium,
2905 1413 2960 1461 et
2986 1417 3182 1477 quanta
3205 1411 3277 1464 sit
3304 1408 3604 1465 ditl‘erentia
3628 1451 3643 1473 ,
3672 1420 3728 1467 et

2143 1504 2342 1564 quanto
2383 1498 2717 1566 prmstantior
2763 1498 2854 1569 qui
2902 1514 3008 1554 non
3067 1500 3238 1556 factus
3291 1511 3374 1556 est
3419 1503 3724 1558 secundum

2146 1584 2318 1656 lcgem
2335 1587 2575 1642 niattdati
2605 1591 2858 1644 carnalis.
2885 1590 3015 1656 Quis
3032 1591 3056 1645 ?
3071 1592 3163 1646 hic
3183 1603 3264 1648 est
3284 1591 3685 1648 Melchisedech
3702 1593 3727 1648 ?

2143 1676 2283 1742 Non,
2314 1678 2406 1734 sed
2435 1678 2702 1734 Christus.
2731 1679 2836 1740 Sed
2861 1681 3140 1735 secundum
3170 1683 3405 1738 uirtutem
3434 1684 3548 1738 vita:
3579 1685 3720 1737 inso-

2145 1768 2337 1826 lubilis.
2373 1770 2456 1834 l7.
2482 1770 2808 1828 Contestatnr
2835 1773 2968 1826 enim
2999 1788 3018 1826 :
3046 1771 3128 1827 Tu
3156 1790 3207 1827 es
3228 1775 3470 1828 sacerdos
3497 1776 3547 1828 in
3575 1785 3722 1830 teter-

2143 1877 2286 1928 nunt,
2318 1862 2593 1929 secundum
2625 1863 2855 1918 ordinem
2889 1863 3282 1920 Melchisedech.
3313 1866 3429 1920 Hoc
3468 1876 3572 1928 est,
3616 1882 3723 1932 non

2143 1951 2210 2010 ad
2239 1960 2471 2026 tempus,
2499 1969 2674 2023 neque
2695 1953 2863 2009 linem
2891 1955 3121 2018 habens,
3145 1955 3263 2020 sed,
3302 1956 3597 2023 Secundum
3619 1961 3724 2010 air-

2143 2053 2296 2102 tutem
2326 2046 2443 2106 uitta
2468 2045 2778 2100 insolubilis.
2815 2045 2922 2100 Iloc
2965 2045 3122 2110 dixit,
3171 2058 3228 2101 ut
3263 2047 3513 2102 ostendat
3551 2049 3723 2118 ipsum

2141 2137 2476 2202 sacerdotem
2507 2153 2626 2194 esse
2654 2139 2846 2193 factum
2882 2153 2976 2209 per
2993 2153 3144 2192 suam
3175 2148 3232 2194 et
3257 2139 3430 2194 Patris
3449 2142 3722 2204 uirtutem,

2144 2247 2240 2302 per
2267 2231 2428 2286 vitam
2457 2230 2910 2287 indissolubilem.
2956 2233 3112 2301 Atqui
3145 2247 3251 2292 non
3281 2232 3501 2287 esthoc
3535 2248 3725 2288 conse-

2143 2339 2314 2396 quens
2339 2324 2390 2379 ei
2419 2323 2560 2395 quod
2590 2325 2790 2384 dictum
2835 2333 2940 2389 est,
2973 2323 3074 2390 Qui
3108 2341 3214 2378 non
3255 2329 3532 2379 secundum
3567 2327 3724 2397 legem

2142 2417 2371 2469 mandati
2413 2416 2633 2469 carnalis
2687 2415 2850 2484 {actus
2892 2425 2962 2469 est
2993 2431 3011 2469 :
3039 2425 3156 2469 erat
3201 2417 3343 2470 enim
3385 2431 3724 2486 consequens

2144 2504 2344 2570 dicere,
2377 2504 2484 2559 Sed
2516 2503 2749 2558 mandati
2786 2504 3098 2573 spiritualis.
3133 2504 3238 2560 Sed
3269 2521 3368 2576 per
3396 2508 3608 2562 carnale
3635 2522 3724 2560 os-

2146 2597 2316 2653 tendit
2342 2597 2636 2667 temporale
2665 2613 2679 2650 :
2710 2597 2848 2651 sicut
2885 2599 3045 2652 etiam
3077 2597 3208 2656 dicit
3249 2598 3395 2661 alibi,
3442 2598 3621 2667 Usque
3657 2599 3724 2654 ad

2145 2698 2358 2759 tempus
2407 2687 2760 2751 correctionis
2805 2689 3084 2758 impositas
3147 2689 3290 2758 leges
3329 2689 3726 2757 justiticationis

2144 2783 2322 2838 carnis
2357 2782 2651 2838 secundum
2688 2781 2938 2836 virtutem
2972 2781 3094 2836 vit-.r.
3127 2797 3141 2833 :
3172 2780 3272 2835 hoc
3299 2790 3400 2845 est,
3430 2781 3556 2834 vivit
3598 2796 3726 2850 pro-

2149 2877 2262 2947 pria
2293 2877 2508 2931 virtute.
2541 2875 2682 2930 Dixit
2708 2875 2822 2930 ﬁeri
2845 2875 2977 2943 legis
3005 2873 3432 2937 translationem,
3461 2882 3522 2927 et
3546 2882 3731 2927 osten-

2147 2967 2226 3022 dit
2263 2964 2533 3037 quomodo
2583 2982 2596 3018 :
2634 2965 2745 3034 jam
2787 2965 2979 3033 qumrit
3017 2979 3233 3018 causam
3269 2964 3448 3033 :quod
3497 2964 3729 3020 niaximo

2145 3054 2383 3113 omnium
2423 3056 2684 3112 satisfacit
2722 3055 2915 3110 animis
2957 3054 3253 3119 hominum,
3289 3052 3478 3126 nempe
3508 3059 3728 3110 omnino

2145 3163 2359 3214 causam
2383 3149 2544 3219 scire,
2573 3157 2626 3202 et
2654 3147 2822 3216 magis
2860 3145 2981 3200 facit
3014 3145 3195 3210 ﬁdem,
3226 3146 3440 3222 quando
3480 3146 3729 3216 didiceri-

2150 3257 2270 3306 mus
2294 3255 2511 3309 causam
2543 3247 2599 3300 et
2634 3239 2893 3293 rationem
2929 3253 3024 3308 per
3066 3253 3222 3308 quam
3269 3238 3345 3292 lit.
3394 3239 3482 3293 l8.
3531 3237 3729 3308 Repra-

2146 3335 2280 3389 batio
2307 3332 2506 3405 quidem
2539 3333 2596 3400 [il
2639 3329 2964 3398 prwcedentis
3010 3330 3239 3384 mandati
3279 3340 3482 3399 prOpter
3513 3331 3728 3401 inﬁrmi-

2148 3435 2301 3480 tatem
2347 3425 2458 3495 ejus
2497 3432 2543 3475 et
2576 3421 2922 3475 inutilitatem.
2973 3419 3065 3474 llic
3116 3419 3396 3489 insurgunt
3445 3419 3700 3473 haeretici‘

2151 3515 2412 3592 [dicentes
2438 3531 2450 3566 :
2478 3515 2616 3569 Ecce
2646 3513 2842 3568 Paulus
2872 3513 3067 3582 malum
3089 3511 3212 3565 dicit
3242 3512 3592 3584 mandatum].
3622 3511 3728 3568 Sed

2144 3608 2358 3674 attende
2395 3609 2724 3679 diligenter:
2759 3623 2863 3663 non
2904 3609 3038 3663 dixit
3081 3609 3222 3679 quod
3269 3609 3336 3663 sit
3383 3609 3627 3663 vitiosum
3668 3617 3723 3665 et

2141 3716 2383 3772 pravum,
2411 3701 2530 3769 sed,
2559 3700 2782 3772 Propter
2808 3702 3150 3768 inﬁrmitatem
3177 3703 3285 3774 ejus
3313 3711 3356 3757 et
3378 3703 3721 3762 inutilitatem.

2143 3783 2279 3846 Alibi
2311 3807 2522 3862 quoque
2549 3792 2781 3846 ostendit
2807 3793 2922 3864 ejus
2953 3792 3389 3858 imbecillitatem,
3419 3803 3475 3854 ut
3496 3794 3712 3862 quando

2141 3884 2290 3951 dicit,
2321 3883 2386 3946 In
2411 3901 2510 3956 quo
2547 3884 2901 3954 inﬁrmabatar
2935 3903 3026 3955 per
3052 3902 3274 3958 carnem.
3321 3885 3436 3946 Non
3473 3896 3557 3942 est
3597 3902 3726 3956 ergo

2144 3975 2259 4031 haec
2288 3977 2586 4041 imbecillis,
2619 3977 2713 4031 sed
2745 3991 2863 4044 nos.
2897 3977 2982 4032 l9.
3016 3976 3166 4036 Nihil
3197 3978 3331 4030 enim
3360 3979 3427 4032 ad
3453 3978 3729 4048 perfectum

2143 4068 2356 4122 adduxit
2392 4069 2492 4128 lex.
2532 4067 2669 4136 Quid
2714 4077 2818 4136 est,
2870 4068 3020 4123 Nihil
3047 4068 3116 4122 ad
3155 4069 3433 4140 perfectum
3465 4067 3729 4124 adduxit!

2143 4158 2422 4226 Neminem
2470 4158 2593 4214 fecit
2635 4158 2926 4234 perfectum
2973 4175 3093 4214 cutn
3141 4161 3188 4218 ei
3222 4175 3328 4222 non
3374 4159 3727 4214 obcdirctur:

2144 4265 2463 4322 quamquam
2489 4266 2587 4304 nec
2614 4251 2659 4305 si
2686 4250 2864 4306 audita
2891 4261 3055 4321 esset,
3086 4251 3378 4322 perfectum
3405 4250 3734 4318 reddidisset

2147 4353 2200 4398 et
2227 4342 2421 4397 virtute
2451 4341 2756 4414 pratditum.
2800 4343 3014 4398 Interim
3055 4353 3233 4414 autem
3278 4359 3384 4399 non
3426 4343 3528 4398 hoc
3564 4342 3719 4420 dicit,

2146 4433 2238 4489 sed
2293 4433 2432 4504 quod
2477 4434 2582 4488 vim
2621 4449 2726 4488 non
2767 4433 3050 4507 habuerit;
3111 4443 3165 4507 ct
3204 4435 3433 4500 merito:
3468 4434 3538 4506 ita
3589 4434 3736 4488 enim

2136 4526 2263 4606 sine
2286 4535 2439 4581 erant
2469 4527 2637 4581 literze
2671 4547 2683 4582 :
2720 4526 2832 4582 Hoc
2880 4527 2982 4596 lac,
3012 4537 3067 4594 et
3097 4527 3222 4600 illud
3264 4544 3367 4602 non
3413 4527 3492 4582 lac
3521 4545 3534 4580 :
3563 4526 3736 4581 solum

2148 4628 2527 4690 proponentes,
2553 4635 2658 4673 non
2691 4619 2850 4676 etiam
2867 4620 2971 4675 vim
2995 4630 3049 4675 et
3088 4630 3408 4692 potestatem
3431 4620 3736 4693 alierentes.

2150 4708 2289 4781 Spes
2321 4720 2498 4765 autem
2532 4727 2636 4766 non
2663 4721 2746 4767 est
2775 4711 3059 4788 ejusmodi.
3103 4712 3240 4788 Quid
3271 4722 3353 4788 est
3384 4711 3695 4786 rcprohatio
3716 4713 3742 4765 ?

2150 4803 2377 4872 Ejectio.
2409 4799 2684 4876 [Quaenam
2731 4812 2907 4880 autem
2959 4801 3074 4876 haec
3100 4805 3167 4874 sit
3210 4803 3502 4878 ostendens
3529 4803 3729 4876 intulit,

2132 4889 2494 4970 'Prtecedentis
2515 4897 2741 4966 mandati
2762 4896 2788 4948 .9
2811 4895 2900 4970 Sic
2927 4896 3096 4969 legem
3127 4910 3350 4968 vocans,
3374 4896 3496 4970 quia
3521 4903 3743 4972 propter

2139 4982 2514 5059 inﬁrmitatem
2536 5002 2684 5060 suam
2724 4986 2896 5058 ejecta
2924 4996 3041 5053 est;
3072 4986 3198 5062 illud
3225 4995 3401 5061 autem
3430 4985 3744 5060 praecedens

2153 5091 2308 5136 vocat
2330 5081 2472 5160 quod
2498 5079 2656 5142 desiit
2680 5089 2734 5134 et
2763 5089 2978 5153 propter
2998 5079 3359 5154 inﬁrmitatem
3406 5080 3746 5162 antiquatum

2154 5172 2284 5244 cst.]
2310 5171 2630 5246 Roprobatio
2669 5179 2750 5242 est
2778 5170 3052 5243 abrogatio
3078 5179 3132 5224 et
3159 5170 3356 5243 deletio
3397 5185 3583 5238 eorum
3625 5184 3749 5254 qua:

2155 5263 2261 5318 vim
2315 5261 2583 5326 habebant
2629 5269 2684 5316 et
2729 5261 3001 5322 valebant.
3059 5261 3195 5332 Hine
3263 5261 3564 5339 ostenditur
3602 5261 3749 5336 quod

2158 5354 2263 5407 vim
2292 5353 2494 5417 ltahuit,
2518 5362 2574 5410 et
2615 5349 2798 5416 valuit,
2825 5351 2918 5406 scd
2947 5351 3043 5406 luit
3072 5352 3252 5426 habita
3283 5353 3579 5426 despectui,
3613 5365 3752 5428 quo-

2133 5453 2136 5456 λ
2161 5443 2302 5498 niam
2338 5441 2466 5497 nihil
2489 5441 2688 5496 eﬂ‘ecit.
2708 5441 2850 5495 Nihil
2874 5457 3004 5512 ergo
3031 5443 3112 5498 lex
3138 5443 3380 5520 proluit?
3407 5442 3609 5500 Profuit
3633 5443 3756 5513 qui-

2160 5535 2306 5601 dem,
2350 5546 2406 5590 et
2433 5533 2583 5610 valde
2633 5533 2846 5604 profuit,
2904 5535 2998 5589 sed
3028 5535 3093 5589 ad
3125 5535 3454 5610 reddendum
3487 5534 3753 5606 perfectos

2169 5627 2299 5682 nihil
2323 5627 2540 5698 proluit.
2569 5624 2676 5680 Lex
2697 5625 2838 5680 enim
2871 5627 2997 5681 nihil
3023 5627 3254 5683 reddidit
3287 5627 3606 5701 perlectum.

2233 5732 2248 5761 ι
2278 5728 2396 5789 Quae
2418 5725 2606 5789 uncinis
2629 5722 2790 5789 clausa
2823 5731 2936 5773 sunt
2959 5736 3054 5789 non
3092 5721 3323 5789 leguntur
3357 5724 3405 5770 in
3439 5722 3608 5789 φοιῡά
3643 5737 3756 5789 quae

2168 5781 2333 5844 autem
2357 5788 2433 5839 hic
2455 5787 2676 5850 proxime
2698 5784 2959 5837 clausimus
2979 5781 3164 5836 desunt
3184 5786 3233 5834 in
3256 5781 3543 5836 Contractis.
