4088 6204
458 321 555 378 it)?

443 441 564 481 cum
590 426 759 480 factus
780 433 924 481 esset
952 423 1220 487 minister,
1250 435 1354 475 non
1381 419 1578 474 mansit
1605 417 1850 473 minister
1875 433 1890 473 :
1920 431 2026 472 non

444 527 528 575 est
555 521 695 572 enim
745 518 974 572 ministri
1023 514 1239 580 sedere,
1269 512 1363 567 sed
1408 523 1574 567 stare.
1609 512 1722 566 Hoc
1765 525 1897 581 ergo
1942 511 2030 564 hic

446 608 744 664 snliindicat
778 606 1204 677 magnitudinem
1235 602 1502 667 sacriﬁcii,
1530 601 1692 673 quod,
1721 617 1884 657 unum
1907 617 2029 658 cum

446 713 611 768 esset,
635 701 866 763 suffecit,
891 710 944 754 et
965 699 1129 752 semel
1159 699 1395 752 olrlattnn
1421 691 1622 772 tantum
1648 697 1840 766 potuit,
1865 711 2032 762 quan-

449 803 560 847 tum
602 808 705 846 non
747 799 1033 858 potuerunt
1052 787 1250 843 omnia.
1294 787 1397 843 Sed
1440 787 1516 843 de'
1540 787 1621 842 his
1644 786 2028 842 nondumznon

447 887 590 940 enim
617 884 742 937 dicit
764 883 863 938 nisi
898 899 912 935 ε
945 879 1060 936 Hoc
1078 881 1210 936 enim
1232 923 1250 947 ,
1276 881 1464 951 inquit,
1496 879 1649 935 semel
1684 881 1822 950 fecit.
1851 877 2028 948 Quod-

448 993 570 1030 nam
593 977 616 1030 ?
650 975 866 1029 Necesse
893 983 1001 1040 est,
1035 974 1227 1044 inquit,
1255 973 1438 1027 habere
1465 975 1618 1026 etiam
1646 973 1782 1026 hunc
1809 973 2026 1043 aliquid,

450 1067 642 1138 inquit,
667 1066 801 1138 quod
825 1065 1006 1132 offerat
1027 1081 1048 1132 ,°
1080 1081 1185 1120 non
1215 1080 1313 1136 pro
1339 1066 1517 1136 seipso
1545 1080 1560 1119 :
1589 1065 1858 1136 quomodo
1885 1067 2027 1122 enim

451 1177 548 1230 pro
590 1175 648 1214 se
691 1158 907 1214 olTerret
935 1173 1054 1213 cum
1099 1157 1458 1228 impeccabilis
1513 1157 1634 1212 sit?
1686 1157 1779 1211 sed
1811 1173 1907 1228 pro
1939 1174 2031 1229 po-

452 1253 596 1322 pulo.
635 1250 771 1319 Quid
799 1250 970 1306 dicis?
994 1258 1055 1324 et
1097 1265 1202 1304 non
1231 1263 1366 1319 opus
1396 1248 1556 1303 habet
1599 1247 1796 1304 olierre
1832 1263 1930 1320 pro
1970 1265 2030 1306 se

450 1344 588 1413 ipso,
619 1353 672 1397 et
699 1351 902 1397 tantum
929 1342 1140 1410 potest?
1181 1341 1360 1406 Certe,
1392 1338 1586 1410 inquit.
1633 1339 1764 1394 Nam
1803 1355 1872 1394 ne
1909 1341 2028 1396 exi-

449 1436 699 1491 stimares
726 1434 891 1499 illud,
924 1433 1069 1487 Fecit
1093 1433 1247 1488 semet
1270 1472 1285 1497 ,
1317 1431 1386 1486 de
1428 1432 1545 1501 ipso
1574 1446 1787 1502 quoque
1827 1429 2028 1486 dictum

450 1542 606 1591 esse,
647 1526 769 1580 andi
809 1525 938 1596 quid
987 1525 1130 1580 dicat
1167 1542 1180 1578 :
1213 1523 1320 1578 Lca:
1358 1524 1491 1578 enim
1521 1523 1750 1579 homines
1778 1525 2032 1579 constituit

450 1617 736 1672 sacerdotes
773 1618 1008 1671 habentes
1054 1616 1431 1686 infirmitatem;
1478 1624 1534 1670 et
1580 1614 1702 1670 ideo
1729 1615 1890 1670 etiam
1938 1629 2033 1684 pro

453 1726 513 1766 se
540 1725 752 1778 semper
776 1709 1008 1763 oll'erunt
1036 1724 1049 1760 :
1081 1715 1271 1777 potens
1301 1715 1481 1761 autem
1531 1705 1622 1760 ille
1646 1745 1659 1768 .
1693 1715 1750 1761 et
1789 1705 1881 1774 qui
1924 1721 2030 1760 noa

457 1804 616 1858 habet
660 1811 934 1871 peccatum
957 1843 972 1866 ,
1003 1813 1100 1870 cur
1128 1814 1227 1869 pro
1261 1812 1321 1852 se
1349 1797 1585 1853 offerat?
1627 1797 1766 1868 Ergo
1799 1811 1904 1851 non
1937 1811 2035 1865 pro

454 1895 674 1964 seipso,
716 1893 810 1948 sed
853 1908 952 1963 pro
982 1891 1178 1962 populo
1221 1889 1452 1953 obtulit,
1506 1888 1666 1956 idque
1709 1886 1900 1942 semel.
1939 1885 2033 1942 28.

457 1987 636 2041 Sermo
664 1995 833 2038 autem
868 1980 1217 2055 jnrisjurandi
1241 1978 1328 2050 qui
1359 1989 1470 2050 post
1512 1981 1673 2050 legem
1699 1990 1808 2044 est,
1846 1977 2039 2032 Filium

455 2085 511 2134 tu
537 2089 780 2134 «ternum
809 2079 1104 2148 perfectum.
1130 2074 1267 2142 Quid
1296 2079 1402 2139 cst,
1433 2068 1769 2143 Perfectum?
1792 2069 1908 2126 Non
1938 2085 2039 2142 po-

459 2169 538 2225 nit
582 2167 780 2223 Paulus
821 2168 1067 2238 proprias
1106 2181 1224 2236 qua:
1253 2173 1598 2234 opponuntur
1623 2161 2036 2217 distinctiones:

455 2277 580 2317 nam
609 2276 732 2316 cum
759 2261 1014 2328 dixisset,
1052 2256 1305 2315 Habentes
1336 2259 1710 2327 infirmitatem,
1745 2272 1852 2312 non
1896 2254 2033 2311 dixit

456 2350 497 2408 F
501 2353 650 2408 ilium
680 2362 952 2424 potentem
977 2395 999 2421 ,_
1036 2352 1152 2418 sed,
1187 2352 1520 2423 Perfectum,
1555 2350 1656 2405 hoc
1680 2358 1796 2416 est,
1842 2356 2034 2418 poten-

456 2457 599 2511 tem;
627 2446 777 2517 quasi
808 2446 991 2512 dicas,
1023 2445 1138 2500 Non
1171 2444 1320 2498 vides
1357 2443 1500 2514 quod
1547 2457 1741 2497 nomen
1763 2483 1780 2507 ,
1827 2438 2032 2508 Filius,

401 2547 405 2564 λ
453 2539 653 2594 dictum
681 2538 772 2603 sit,
796 2549 854 2592 ut
873 2553 996 2593 eum
1021 2551 1178 2592 servo
1204 2545 1440 2606 opp0nat
1465 2544 1520 2590 et
1543 2535 1612 2589 ab
1633 2550 1698 2589 eo
1719 2533 2031 2604 distinguat.

455 2628 820 2685 infirmitatem
851 2640 1030 2685 autem
1079 2635 1171 2684 aut
1201 2637 1477 2699 peccatum
1507 2628 1639 2682 dicit
1662 2637 1755 2682 aut
1782 2636 2032 2681 mortem.

452 2721 590 2790 Quid
612 2733 696 2777 est
723 2729 900 2777 autem
921 2763 937 2788 ,
967 2720 1032 2774 In
1071 2719 1352 2774 «uernum?
1379 2718 1493 2773 Non
1517 2719 1691 2773 solum
1728 2733 1870 2772 nunc
1903 2716 2036 2772 nulli

454 2823 676 2880 peccato
701 2811 915 2867 affinem
937 2851 952 2877 ,
984 2811 1078 2866 sed
1119 2825 1352 2879 semper.
1383 2810 1436 2864 Si
1461 2825 1589 2880 ergo
1610 2817 1694 2864 est
1728 2807 1992 2878 perfectus
2016 2850 2033 2873 ,

451 2903 498 2956 si
527 2918 814 2971 numquam
849 2912 1030 2973 peccat
1054 2943 1068 2965 ,
1099 2903 1143 2956 si
1175 2916 1394 2970 semper
1419 2901 1548 2954 vivit
1571 2941 1586 2963 ,
1629 2915 1728 2955 cur
1757 2915 1852 2969 pro
1879 2899 2036 2954 nobis

453 3010 598 3064 smpe
652 2995 842 3050 olieret
882 2995 1183 3050 sacriﬁcia?
1237 2991 1341 3048 Sed
1388 2992 1596 3047 interim
1655 2991 1866 3061 quidem
1935 2990 2038 3046 hoc

454 3099 561 3138 non
601 3087 815 3152 asserit,
844 3085 936 3140 sed
969 3084 1109 3155 quod
1143 3099 1238 3154 pro
1285 3098 1343 3138 sc
1390 3083 1578 3138 offerat
1601 3123 1616 3144 ,
1649 3081 1751 3136 hoc
1799 3081 2054 3136 affirmat.

450 3175 714 3243 Quoniam
743 3191 873 3246 ergo
905 3177 1062 3230 talem
1095 3175 1354 3230 habemus
1386 3173 1689 3244 pontiﬁcem
1711 3215 1726 3238 ,
1759 3188 1881 3227 eum
1913 3173 2036 3227 imi-

451 3276 649 3334 temur,
685 3269 801 3338 ejus
830 3266 1139 3322 insistamus
1167 3266 1430 3336 vestigiis.
1454 3263 1568 3320 Non
1593 3275 1675 3319 est
1696 3263 1840 3318 aliud
1863 3264 2034 3318 sacri-

451 3359 632 3412 ﬁcium
667 3377 681 3412 :
715 3373 877 3411 unum
921 3372 1020 3412 nos
1051 3356 1336 3426 purgavit;
1373 3366 1557 3424 postea
1587 3363 1767 3409 autem
1815 3352 1954 3424 ignis
1982 3360 2038 3407 et

449 3449 716 3514 gehenna.
753 3447 1038 3516 Propterea
1079 3447 1220 3503 enim
1254 3446 1357 3501 hoc
1397 3461 1593 3516 susque
1621 3445 1795 3516 deque
1820 3454 2034 3511 versat,

449 3540 637 3594 dicens
665 3555 828 3592 unum
853 3553 976 3594 esse
1001 3537 1362 3601 sacerdotem,
1390 3552 1553 3591 inium
1589 3536 1937 3605 sacriﬁcium,
1965 3551 2035 3592 ne

449 3630 712 3700 quispiam
740 3629 1054 3684 existinmas
1080 3641 1200 3683 esse
1232 3627 1417 3692 multa,
1447 3642 1635 3682 secure
1659 3635 1862 3696 peccet.

519 3724 576 3778 4.
619 3722 805 3776 Contra
843 3739 926 3776 eos
963 3721 1050 3789 qui
1092 3720 1394 3791 baptismum
1441 3717 1742 3787 diﬂ'erebant
1779 3736 1938 3792 usque
1962 3719 2032 3774 ad

447 3826 680 3870 mortem.
703 3845 774 3856 —
792 3813 1126 3884 Quicumque
1147 3828 1273 3884 ergo
1295 3813 1496 3885 dignati
1524 3828 1709 3868 sumus
1731 3814 2030 3884 signaculo,

447 3907 769 3976 quicumque
791 3905 1126 3976 percepimus
1155 3903 1381 3959 fructum
1409 3904 1678 3968 sacrificii,
1709 3905 2032 3976 quicumque

447 3997 765 4050 immortalis
795 4013 993 4050 inausa:
1033 4011 1217 4049 sumus
1248 3996 1551 4065 participes,
1588 4011 1903 4051 maneamus
1931 4011 2032 4050 no-

447 4098 614 4157 stram
662 4100 940 4142 servantes
980 4089 1315 4142 nobilitatem
1370 4100 1422 4143 et
1460 4088 1722 4144 honorem
1753 4107 1767 4144 :
1796 4105 1901 4144 non
1949 4099 2033 4145 est

459 4179 601 4233 enim
657 4179 834 4247 lapsus
872 4192 1071 4248 expers
1100 4179 1340 4247 periculi.
1366 4179 1697 4250 Quicumque
1737 4190 1914 4235 autem
1945 4165 2032 4237 his

447 4271 684 4326 nondum
714 4279 840 4324 sunt
863 4270 1091 4340 dignati,
1139 4285 1205 4325 ne
1235 4270 1268 4323 ii
1293 4271 1508 4340 quidem
1539 4281 1820 4342 propterea
1854 4274 2029 4329 confl-

447 4365 576 4419 dant
601 4382 613 4418 :
640 4378 764 4418 nam
788 4362 1002 4432 quando
1025 4362 1288 4433 quispiam
1322 4363 1442 4417 ideo
1465 4374 1670 4434 peccat,
1699 4374 1758 4419 ut
1785 4375 2031 4423 sanctum

447 4455 710 4525 hui-tisana
735 4455 962 4523 accipiat
990 4454 1041 4508 in
1074 4463 1315 4508 extrema
1347 4455 1720 4525 respiratione,
1749 4471 1893 4526 saepe
1923 4473 2027 4512 non

444 4557 779 4618 asscquctur.
813 4547 936 4602 Mihi
966 4546 1171 4601 credite
1199 4561 1216 4599 :
1251 4561 1354 4600 non
1385 4562 1478 4599 vos
1507 4554 1713 4602 torrens
1744 4547 1865 4604 dico
1885 4550 2028 4624 quod

445 4653 562 4694 sum
603 4643 845 4696 dicturus
877 4656 889 4692 :
916 4640 1037 4693 novi
1084 4639 1281 4694 multos
1317 4639 1511 4709 quilms
1549 4639 1648 4693 hoc
1688 4641 1902 4715 accidit,
1935 4643 2028 4713 qui

447 4747 546 4801 pro
571 4742 666 4786 iter
705 4729 1108 4784 illuminationis
1135 4730 1347 4799 quidem
1376 4730 1826 4797 exspectationem
1860 4735 2022 4789 multa

444 4837 754 4908 percabant,
779 4836 831 4892 in
855 4835 957 4890 ﬁne
977 4841 1153 4887 autem
1179 4830 1434 4886 decessus
1447 4840 1795 4886 excesserunt
1814 4831 2022 4888 inanes.

443 4932 582 4982 Deus
607 4930 750 4983 enim
773 4937 1052 4998 propterea
1080 4924 1222 4980 dedit
1244 4924 1525 4994 baptisma,
1559 4933 1615 4979 ut
1643 4925 1874 4980 solveret
1898 4943 2024 4995 pec-

440 5027 581 5083 cata,
607 5030 788 5072 nonut
813 5029 1028 5089 peccata
1055 5026 1276 5087 angeret
1295 5035 1308 5072 :
1328 5018 1371 5071 si
1398 5016 1520 5087 quis
1543 5029 1721 5073 autem
1751 5036 1816 5074 eo
1846 5031 2027 5076 utatur

441 5118 500 5162 ut
516 5122 702 5162 secure
723 5109 892 5178 magis
907 5119 1107 5176 peccet,
1131 5109 1232 5164 hoc
1247 5117 1332 5164 est
1347 5122 1504 5165 causa
1519 5111 1775 5166 socordiae
1792 5122 1848 5168 et
1871 5115 2028 5185 neglio

441 5200 656 5270 gentis.
674 5199 802 5254 Nam
829 5203 874 5256 si
897 5215 1002 5255 non
1023 5211 1166 5256 esset
1196 5203 1662 5269 lavacrmn,.tutius
1688 5207 1945 5268 vivi-rent,
1973 5216 2030 5262 ut

443 5293 533 5362 qui
551 5309 654 5346 non
675 5291 933 5348 haberent
952 5293 1660 5368 remissioncni.\lidcsquod
1677 5297 1825 5364 illud,
1841 5298 2031 5355 Facia-

445 5400 556 5438 mus
582 5385 718 5438 mala
736 5393 791 5438 ut
809 5383 1008 5438 veniant
1031 5385 1160 5438 bona
1181 5385 1352 5453 (Rom.
1371 5385 1508 5459 5.8).
1528 5404 1626 5444 nos
1645 5405 1828 5460 sumus
1845 5391 1933 5462 qui
1953 5391 2032 5446 fa-

445 5474 616 5528 cimus
639 5483 696 5529 ut
715 5474 959 5529 dicatur?
975 5473 1330 5542 Quamobrem
1369 5493 1498 5548 rogo
1518 5494 1634 5543 vos,
1664 5479 1754 5552 qui
1773 5497 1878 5534 non
1899 5485 2030 5538 estis

448 5565 722 5634 mysteriis
735 5565 944 5630 initiati,
959 5565 1418 5635 expergiscimini:
1439 5584 1595 5621 nemo
1610 5579 1876 5641 tamquam
1891 5589 2032 5629 mer-

443 5655 714 5720 cenarius,
757 5671 916 5710 nemo
947 5665 1213 5726 tamquam
1243 5655 1484 5726 ingratus
1516 5659 1582 5713 ad
1609 5661 1856 5718 virtutem
1881 5680 2034 5721 acce-

449 5743 572 5810 dat;
605 5759 764 5800 nemo
789 5761 904 5800 eam
932 5745 1270 5816 aggrediatur
1300 5757 1569 5818 tamquam
1595 5765 1708 5808 rem
1731 5748 1950 5820 gravem
1977 5765 2033 5813 et

1165 324 1225 381 S.
1265 321 1543 381 JOANMS
1579 313 2056 376 CHRYSOSTOMI
2109 312 2426 370 AﬂClllEP.
2466 309 2999 370 CONSTANTINSP.

3599 310 3700 365 188

2129 417 2430 473 molestam.
2468 415 2546 471 Ad
2585 430 2704 470 eam
2734 430 2862 483 ergo
2889 410 3204 468 accedamus
3243 410 3403 468 alacri
3446 414 3624 469 animo
3651 425 3709 472 ct

2130 509 2255 564 la-ti.
2285 508 2417 563 Nam
2439 507 2648 563 etiamsi
2671 520 2880 559 merces
2902 519 3006 558 non
3039 515 3184 558 esset
3211 505 3503 574 prOpositn,
3529 521 3706 560 annon

2128 607 2400 669 Oportcret
2428 613 2548 654 esse
2579 596 2810 651 bonum?
2852 596 2946 650 sed
2976 605 3149 649 tamen
3192 594 3352 651 etiam
3408 612 3529 650 cum
3561 615 3703 652 mer-

2128 691 2260 746 cede
2288 691 2457 744 simus
2493 688 2636 743 boni.
2671 686 2737 741 Et
2763 685 3034 757 quomodo
3062 702 3168 740 non
3195 695 3280 742 est
3321 687 3422 742 hoc
3455 690 3708 758 probrum

2129 790 2185 836 et
2222 781 2510 834 maximum
2555 777 2826 833 dedchs?
2881 777 2938 831 Si
2983 776 3134 843 mihi,
3179 777 3368 847 inquit,
3408 781 3710 835 mercedem

2131 889 2239 928 non
2269 872 2503 936 dederis,
2551 887 2659 926 non
2689 886 2805 925 sum
2844 869 3118 925 modestus
3163 882 3217 926 et
3247 881 3573 942 temperans.
3604 877 3713 930 Au-

2132 969 2289 1024 dcam
2321 970 2497 1036 itaque
2523 965 2721 1034 aliquid
2752 965 2972 1020 dicere?
2993 963 3290 1035 Numquam
3316 965 3480 1021 .'ueris
3509 980 3714 1038 tempe-

2133 1077 2258 1118 rans
2284 1070 2336 1116 et
2353 1060 2643 1126 modestus,
2663 1059 2822 1113 etiam
2871 1059 2915 1112 si
2944 1056 3184 1112 modeste
3213 1073 3356 1130 agas,
3378 1059 3424 1114 ei
3450 1060 3552 1115 hoc
3585 1062 3716 1118 facis

2133 1153 2382 1210 mercede
2428 1172 2444 1206 :
2490 1152 2740 1206 virtutem
2804 1151 2943 1204 enim
2990 1150 3119 1204 nihil
3163 1152 3457 1216 existimas,
3503 1155 3545 1208 si
3593 1171 3710 1210 eam

2136 1261 2241 1302 non
2285 1259 2455 1299 amas.
2503 1243 2611 1298 Sed
2643 1243 2780 1296 Deus
2807 1253 3020 1312 pri-pter
3047 1257 3291 1312 magnam
3351 1255 3582 1299 nostrain
3613 1244 3718 1298 im-

2136 1337 2477 1396 becillitatem
2526 1351 2644 1390 eam
2694 1335 2852 1388 etiam
2901 1333 3150 1389 mercede
3197 1335 3360 1389 voluit
3415 1335 3561 1400 ﬁeri;
3621 1353 3719 1392 nos

2136 1443 2316 1488 autem
2368 1446 2436 1487 ne
2479 1432 2557 1486 sic
2605 1429 2816 1500 quidem
2875 1444 2992 1483 eam
3048 1427 3402 1498 aggredimur.
3451 1430 3720 1484 Ρυιιιιιιιιις

2137 1536 2338 1591 autem,
2384 1525 2430 1580 si
2460 1525 2612 1588 velis,
2643 1515 2788 1594 quod
2830 1522 2993 1576 homo
3025 1522 3238 1591 quidam
3292 1524 3514 1577 excedat
3564 1527 3722 1582 malis

2141 1618 2460 1691 perpetratis
2486 1616 2982 1682 innumerabilibus,
3029 1623 3084 1670 et
3118 1615 3380 1685 baptismo
3431 1616 3718 1688 dignatus:

2141 1711 2284 1782 quod
2313 1709 2566 1766 existimo
2610 1724 2718 1763 non
2760 1708 2868 1762 cito
2896 1707 3116 1763 evenire
3147 1722 3159 1760 :
3192 1710 3479 1778 quomodo,
3513 1727 3720 1782 quaeso,

2145 1804 2272 1860 illuc
2294 1802 2496 1857 abibit?
2529 1799 2632 1856 Pro
2661 1802 2724 1854 iis
2749 1799 2964 1868 quidem
2983 1815 3102 1870 qua:
3129 1799 3254 1854 fecit
3284 1817 3388 1854 non
3418 1814 3720 1870 accuSatus,

2146 1896 2242 1952 sed
2271 1910 2376 1950 non
2405 1893 2606 1948 habens
2633 1892 2902 1954 fiduciam,
2937 1891 3096 1961 idque
3118 1892 3328 1946 merito.
3353 1893 3482 1947 Nam
3514 1897 3729 1964 quando

2144 2006 2266 2048 cum
2282 1998 2494 2046 centum
2515 2005 2686 2046 annos
2707 1992 2918 2058 vixerit,
2934 1992 3134 2048 nullum
3160 1994 3299 2048 aliud
3328 1994 3523 2048 bonum
3546 2003 3720 2050 osten-

2137 2083 2236 2149 dit,
2252 2083 2351 2137 nisi
2378 2081 2518 2152 quod
2549 2097 2652 2136 non
2683 2085 2948 2152 peccarit;
2970 2084 3077 2139 imo
3107 2099 3319 2140 verone
3347 2084 3448 2140 hoc
3475 2086 3714 2156 quidem,

2136 2175 2232 2230 sed
2257 2174 2425 2244 gratia
2454 2174 2632 2242 potius
2658 2173 2771 2228 sola
2797 2183 2880 2229 est
2907 2183 3169 2240 servatus,
3201 2175 3335 2230 alios
3355 2185 3534 2230 autem
3561 2176 3717 2229 vide-

2136 2266 2204 2321 rit
2233 2275 2538 2328 coronatos,
2569 2265 2852 2334 przeclaros
2892 2273 2948 2320 et
2995 2265 3045 2319 in
3091 2265 3227 2320 bona
3269 2267 3714 2323 existimatione:

2135 2358 2341 2413 etiamsi
2357 2359 2408 2411 in
2421 2357 2716 2428 gehennam
2739 2372 2844 2412 non
2865 2357 3138 2422 ceciderit,
3158 2358 3377 2422 feretne,
3397 2359 3482 2413 dic
3511 2374 3715 2430 qmeso,

2136 2466 2388 2523 angorem
2413 2460 2467 2506 et
2504 2451 2669 2504 animi
2689 2450 3100 2521 a-gritudinem?
3146 2451 3211 2506 Ut
3255 2459 3431 2504 autem
3471 2451 3718 2519 exemplo

2137 2542 2237 2597 hoc
2271 2542 2483 2611 planum
2516 2539 2704 2594 faciam
2725 2557 2740 2598 ;
2761 2541 2870 2595 sint
2899 2541 3007 2594 duo
3029 2540 3244 2606 milites,
3268 2548 3322 2594 et
3341 2542 3476 2594 alter
3503 2540 3717 2610 quidem

2140 2635 2362 2698 furatur,
2393 2631 2552 2686 faciat
2593 2631 2838 2700 iniuriam
2881 2639 2936 2685 et
2981 2630 3155 2683 aliena
3188 2629 3440 2696 invadat;
3476 2629 3560 2684 hic
3587 2643 3719 2682 vero

2142 2727 2274 2781 nihil
2321 2727 2506 2778 borum
2539 2722 2717 2788 faciat,
2762 2721 2856 2776 sed
2888 2721 3098 2776 fortiter
3141 2737 3201 2776 se
3239 2731 3409 2792 gerat,
3457 2720 3716 2791 prmclara

2141 2819 2263 2874 edat
2293 2817 2548 2880 facinora.
2581 2815 2633 2870 in
2659 2815 2810 2870 bellis
2842 2823 3042 2884 tropma
3071 2823 3289 2877 statuat,
3320 2814 3552 2868 hostium
3583 2829 3718 2869 san-

2142 2911 2298 2982 guine
2342 2916 2587 2962 cruentet
2626 2893 2902 2962 dexteram
2937 2907 3177 2962 :deimle
3219 2907 3541 2962 adveniente
3584 2917 3719 2963 tem-

2143 3017 2294 3072 pore,
2322 3001 2390 3055 ab
2419 2999 2503 3053 illa
2534 2998 2790 3068 dignitate
2819 2997 2870 3052 in
2903 3012 3006 3068 qua
3037 2999 3196 3052 etiam
3231 2997 3313 3052 fur
3339 2999 3428 3053 ille
3465 3008 3602 3065 erat,
3633 3014 3723 3054 re-

2143 3103 2299 3164 petite
2319 3093 2542 3147 ducatur
2557 3091 2625 3146 ad
2646 3091 2827 3146 sedem
2849 3093 3073 3160 regiam,
3103 3102 3159 3147 et
3184 3091 3432 3147 induatur
3454 3107 3714 3163 purpura;

2141 3185 2227 3241 hic
2243 3194 2421 3239 autem
2455 3184 2564 3238 illic
2593 3192 2826 3248 maneat,
2849 3183 2936 3237 ubi
2964 3193 3099 3248 erat,
3127 3183 3462 3238 solummodo
3482 3185 3719 3239 clemen-

2141 3279 2210 3334 tia
2231 3277 2402 3349 regia,
2423 3293 2528 3331 non
2542 3276 2632 3332 det
2649 3291 2836 3346 pmnas
2856 3291 3041 3331 eorum
3058 3291 3177 3346 qua:
3197 3276 3431 3342 admisit,
3446 3279 3515 3332 sit
3539 3288 3718 3333 autem

2141 3367 2192 3422 in
2225 3369 2341 3422 loco
2369 3367 2575 3430 ultimo,
2605 3377 2656 3420 et
2687 3365 2790 3420 sub
2833 3382 2956 3436 rege
2993 3367 3283 3422 collocetur
3313 3385 3326 3421 :
3355 3366 3582 3435 feretne,
3633 3369 3720 3424 dic

2139 3475 2344 3531 qua-so,
2365 3475 2618 3530 angorem
2639 3466 2693 3513 et
2707 3450 2876 3511 animi
2889 3457 3277 3527 aegritudinem.
3293 3459 3508 3528 quando
3527 3459 3719 3515 viderit

2140 3568 2261 3610 eum
2293 3552 2506 3622 quidem
2533 3551 2620 3620 qui
2649 3559 2767 3606 erat
2794 3565 2914 3604 cum
2944 3551 3081 3620 ipso,
3103 3549 3420 3606 ascendisse
3449 3550 3516 3606 ad
3542 3551 3717 3622 ipsmn

2138 3646 2451 3713 dignitatum
2481 3641 2769 3711 fastigium,
2795 3651 2849 3695 et
2874 3641 3110 3695 evasisse
3139 3641 3274 3696 adeo
3304 3641 3639 3710 prmclarum,
3663 3650 3719 3697 ct

2138 3739 2288 3794 orbis
2319 3747 2477 3792 terra:
2509 3745 2691 3790 tenere
2722 3733 3113 3804 principatum;
3145 3749 3204 3789 se
3223 3745 3403 3790 autem
3429 3731 3567 3791 infra
3599 3751 3717 3792 ma-

2139 3847 2290 3897 nere,
2315 3839 2372 3886 et
2397 3844 2496 3884 nec
2535 3828 2586 3882 id
2619 3828 2790 3897 ipsum
2817 3828 3056 3897 quidem,
3085 3828 3228 3898 quod
3274 3844 3392 3884 non
3412 3830 3568 3884 luerit
3593 3845 3721 3900 sup-

2139 3925 2379 3996 plicium,
2413 3921 2609 3976 habere
2628 3936 2748 3974 eum
2777 3919 3002 3985 honore,
3025 3921 3121 3974 sed
3148 3936 3178 3974 a
3205 3922 3373 3992 gratia
3403 3931 3458 3976 et
3483 3923 3720 3977 clemen-

2140 4019 2210 4073 tia
2241 4015 2424 4087 regia?
2454 4030 2575 4069 nam
2620 4015 2829 4069 etiamsi
2861 4030 2953 4068 rex
2995 4029 3116 4068 eum
3142 4014 3427 4078 dimiserit,
3459 4025 3516 4068 et
3545 4031 3572 4067 a
3605 4015 3720 4070 cri-

2140 4108 2376 4164 minibus
2413 4107 2722 4172 absolverit,
2763 4107 2908 4161 vivet
2949 4115 3127 4160 tamen
3159 4105 3360 4176 pudore
3400 4106 3624 4162 ali‘ectus
3666 4117 3722 4163 et

2139 4200 2430 4273 ignominia
2461 4215 2474 4252 :
2505 4215 2609 4252 non
2640 4200 2781 4254 enim
2813 4199 2972 4253 etiam
3007 4197 3096 4252 alii
3128 4213 3249 4252 eum
3292 4200 3719 4255 admirabuntur.

2138 4293 2270 4351 Nam
2289 4294 2340 4350 in
2363 4291 2626 4362 ejusmodi
2646 4291 3130 4346 condonationibus
3148 4308 3252 4345 non
3275 4307 3370 4346 eos
3390 4293 3722 4348 admiramur

2135 4386 2228 4456 qui
2271 4385 2560 4454 accipiunt,
2593 4384 2690 4441 sed
2734 4399 2829 4440 eos
2869 4385 2958 4454 qui
2986 4383 3232 4441 donant:
3262 4393 3318 4440 et
3363 4401 3470 4456 quo
3513 4387 3716 4456 majora

2128 4479 2266 4538 dona
2294 4483 2562 4549 dederint,
2591 4501 2657 4539 eo
2684 4485 2872 4556 majori
2898 4487 3099 4556 pudore
3119 4486 3428 4542 afﬁciuntur
3449 4487 3538 4557 qui
3568 4486 3716 4542 acci-

2128 4575 2297 4644 piunt,
2331 4576 2548 4647 quando
2592 4594 2781 4649 magna
2811 4579 3047 4635 admissa
3090 4588 3214 4635 sunt
3242 4579 3310 4634 ab
3356 4580 3435 4634 eis
3464 4588 3712 4650 peccata.

2126 4665 2327 4733 Quibus
2366 4681 2494 4736 ergo
2521 4668 2692 4722 oculis
2732 4669 2776 4722 is
2805 4669 2998 4724 intueri
3033 4672 3227 4740 pmerit
3255 4685 3348 4725 eos
3387 4670 3476 4738 qui
3503 4678 3628 4723 sunt
3657 4669 3711 4724 in

2127 4758 2290 4827 regia,
2330 4755 2440 4813 illis
2469 4759 2700 4814 sudores
2726 4759 3148 4816 innumerabiles
3183 4770 3238 4816 et
3266 4761 3484 4816 vulnera
3517 4770 3706 4815 ostru-

2126 4845 2394 4914 dentibus,
2440 4865 2560 4904 eum
2607 4851 2721 4918 ipse
2772 4851 2904 4905 nihil
2955 4853 3128 4922 possit
3172 4853 3478 4914 ostendere,
3516 4850 3610 4904 sed
3660 4859 3714 4904 i-t

2126 4939 2266 5009 quod
2313 4941 2491 4995 salvus
2544 4941 2702 4996 abeat
2753 4958 2784 4995 ιι
2833 4942 2946 4996 sola
2997 4943 3087 4998 Dei
3131 4942 3458 5011 benignitate
3504 4951 3557 4993 et
3599 4941 3713 4993 cle-

2130 5031 2366 5085 mentia?
2411 5032 2876 5098 Quemadmodum
2921 5033 3063 5087 enim
3106 5032 3148 5086 si
3193 5032 3314 5101 quis
3367 5031 3710 5092 bomiiidam,

2131 5121 2320 5190 fumm,
2349 5125 2646 5180 adulterum
2673 5125 2737 5177 ad
2765 5125 3084 5194 supplicium
3107 5124 3304 5193 capitis
3329 5124 3703 5178 adducendum

2127 5213 2312 5268 donari
2344 5215 2442 5267 sibi
2471 5215 2842 5284 postulaverit,
2889 5223 2944 5269 et
2985 5229 3108 5268 eum
3149 5229 3268 5268 esse
3291 5214 3393 5282 jus:
3408 5214 3509 5268 erit
3541 5214 3592 5266 in
3618 5226 3701 5263 ινξι-

2128 5308 2344 5364 stibulis
2367 5309 2565 5378 regiae;
2598 5309 2686 5363 ille
2709 5308 2819 5378 jam
2848 5323 3140 5377 numquam
3171 5311 3365 5377 poterit
3390 5307 3623 5376 aliquem
3649 5323 3708 5359 es

2127 5398 2354 5453 adverso
2384 5399 2601 5465 intueri,
2633 5399 2844 5454 etiamsi
2868 5401 2939 5453 sit
2964 5399 3222 5454 liberatus
3252 5413 3282 5453 a
3309 5398 3574 5468 supplicio
3599 5415 3612 5449 :
3644 5399 3712 5451 ita

2127 5489 2294 5544 etiam
2319 5489 2405 5545 hic
2432 5505 2666 5560 quoque.

2199 5581 2255 5635 5.
2293 5580 2413 5636 Non
2453 5581 2620 5646 enim,
2662 5582 2918 5652 quoniam
2957 5582 3102 5653 regia
3132 5581 3349 5647 dicitur,
3397 5581 3715 5636 existimetis

2126 5689 2318 5730 omnes
2347 5673 2538 5728 eadem
2567 5674 2803 5745 assequi.
2834 5673 2968 5729 Nam
2998 5675 3043 5729 si
3074 5675 3158 5730 hic
3187 5683 3390 5730 suntet
3408 5673 3712 5744 prmfecttts,

2127 5776 2181 5822 et
2205 5780 2392 5822 omnes
2416 5765 2633 5837 quiregi
2664 5766 2942 5834 assistunt,
2976 5773 3031 5822 et
3061 5766 3150 5838 qui
3177 5775 3301 5821 sunt
3330 5765 3411 5820 bis
3443 5764 3600 5832 longe
3629 5763 3710 5818 in.
