4088 6204
345 303 443 359 W9
1082 334 1087 337 λ
1124 329 1192 385 ιη
1230 329 1445 413 Enisr.
1492 330 1580 385 sn
1620 328 1912 386 ιιΕΒΜςο

2024 329 2177 385 CAP.
2222 328 2356 387 VIII.
2399 331 2628 391 HOMIL.
2668 333 2810 393 XIV.
3510 360 3611 417 IlO

332 421 579 486 fc-riorcs.
622 428 677 475 et
723 430 905 477 tenent
944 422 1120 479 locum
1167 410 1353 480 eorum
1396 428 1487 495 qui
1533 427 1783 483 dicuntur
1820 430 1917 484 de-

331 520 445 569 cani
479 516 584 585 (u).
614 526 742 571 sunt
767 516 821 570 iu
850 518 1017 588 regia,
1045 519 1258 573 etiamsi
1288 519 1516 574 multum
1543 520 1756 576 intersit
1777 522 1918 576 inter

333 608 643 674 pnefcctum
688 615 745 660 et
792 606 1054 662 decanum
1086 626 1102 664 :
1135 610 1304 662 multo
1351 611 1521 680 magis
1576 611 1677 667 hoc
1725 613 1829 667 crit
1867 614 1916 666 in

329 712 559 765 superna
578 698 759 777 _re-,gia.
791 698 853 752 Et
878 697 981 754 hoc
1000 716 1104 754 non
1132 717 1200 755 ex
1229 717 1314 755 me
1343 701 1464 757 dico
1492 718 1652 759 :nam
1680 714 1732 760 et
1761 705 1916 759 aliam

330 787 414 844 bis
439 791 700 859 majorem
731 790 1084 846 differentiam
1113 795 1261 864 ponit
1289 794 1507 850 Paulus.
1546 799 1715 865 Quam
1740 800 1917 852 multm

328 878 495 946 enim,
530 879 722 950 inquit,
754 880 1072 940 differentia:
1099 895 1224 939 sunt
1243 900 1272 939 a
1303 887 1419 942 sole
1443 901 1614 956 usque
1638 888 1705 943 ad
1736 889 1914 945 lunam

326 979 378 1023 et
396 971 584 1024 stellas
608 982 660 1026 et
692 973 970 1028 minimam
1001 975 1236 1041 stellam,
1283 987 1388 1031 tam
1417 980 1599 1034 multa:
1627 982 1790 1036 etiam
1819 978 1862 1035 ἐπ
1890 1011 1914 1024 -

327 1072 445 1115 rum
472 1062 564 1131 qui
590 1070 719 1117 sunt
742 1064 795 1118 in
823 1066 992 1133 regia.
1021 1066 1090 1122 Et
1111 1067 1254 1135 quod
1284 1069 1442 1138 longe
1464 1071 1637 1139 major
1665 1072 1731 1126 sit
1760 1072 1915 1127 dilic-

327 1153 499 1207 rentia
531 1154 724 1211 decani
750 1158 840 1227 qui
867 1157 1074 1214 dicitur
1098 1171 1154 1216 et
1183 1161 1447 1229 pnefecti,
1483 1174 1537 1218 et
1564 1163 1694 1218 solis
1723 1174 1781 1219 et
1821 1165 1914 1217 mi-

327 1250 487 1301 nima:
541 1244 754 1316 stellas,
801 1262 887 1308 est
935 1255 1187 1310 omnibus
1237 1258 1601 1327 perspicuum.
1646 1257 1779 1313 Nam
1823 1256 1908 1312 soi

325 1337 542 1405 quidem
578 1348 752 1395 totum
779 1344 965 1399 orbem
994 1353 1153 1401 terra:
1178 1347 1333 1402 simul
1358 1348 1591 1403 illustrat
1625 1359 1680 1405 et
1704 1349 1910 1405 exhila-

327 1437 430 1495 rat,
462 1430 751 1502 lunamque
775 1434 1055 1492 abscondit
1076 1446 1133 1494 et
1154 1441 1338 1495 stellas
1366 1459 1379 1495 :
1409 1441 1502 1496 ille
1544 1451 1725 1497 autem
1767 1454 1912 1507 saepe

326 1532 434 1570 non
483 1532 729 1591 apparet,
776 1524 935 1595 idque
975 1527 1027 1581 in
1060 1530 1340 1585 tenebris:
1371 1532 1550 1586 multae
1593 1533 1736 1588 enim
1786 1541 1912 1587 sunt

325 1609 494 1663 stellae
520 1628 657 1680 quas
687 1629 792 1668 non
820 1617 1083 1674 videmus.
1109 1621 1335 1689 Quando
1357 1638 1483 1693 ergo
1511 1623 1750 1678 videmus
1778 1623 1912 1677 alios

326 1698 440 1755 fieri
470 1704 655 1772 soles;
686 1724 785 1762 nos
828 1719 1008 1766 autem
1037 1714 1377 1771 minimarum
1405 1718 1678 1772 stellarum
1708 1729 1762 1774 et
1790 1734 1912 1787 qua:

324 1807 395 1847 ne
422 1804 689 1865 apparent
716 1800 931 1869 quidem
963 1803 1136 1858 locum
1168 1817 1371 1871 tenere,
1409 1824 1653 1876 qun-nam
1680 1809 1783 1863 erit
1815 1823 1913 1863 no-

339 1886 423 1940 bis
454 1893 797 1947 consolatio?
821 1895 920 1960 Ne,
951 1914 1102 1969 rogo.
1149 1916 1217 1956 ne
1262 1902 1431 1959 sinms
1460 1904 1594 1958 adeo
1631 1905 1784 1969 tardi,
1814 1918 1914 1960 nec

327 1977 461 2033 adeo
490 1982 624 2052 pigri
671 1993 728 2039 et
754 1985 949 2057 ignavi,
981 2006 1047 2044 ne
1084 1993 1318 2059 segniter
1353 1995 1578 2050 salutem
1610 1996 1701 2051 Dei
1745 2011 1914 2065 appe-

330 2077 521 2141 tamus,
564 2076 662 2130 58d
708 2091 1061 2137 mercaturam
1115 2100 1180 2140 CX
1227 2102 1289 2140 ea
1338 2103 1683 2144 exerceamus
1715 2100 1767 2145 et
1792 2105 1910 2144 eam

326 2166 767 2236 multiplicemus.
797 2172 929 2227 Nam
954 2175 1160 2231 etiamsi
1185 2180 1303 2246 quis
1359 2183 1426 2233 sit
1468 2180 1904 2245 calecbumeuus,

327 2264 560 2313 attamen
607 2264 757 2317 novit
796 2263 1089 2334 Christum,
1145 2270 1290 2325 novit
1320 2271 1500 2338 fidem,
1546 2273 1719 2326 divina
1765 2273 1916 2328 audit

328 2349 560 2420 eloquia,
594 2368 702 2409 non
747 2367 831 2411 est
881 2361 1066 2428 procul
1119 2376 1148 2414 a
1185 2362 1360 2417 divina
1402 2367 1739 2435 cognitione;
1768 2367 1915 2421 novit

327 2439 543 2497 Domini
558 2445 639 2498 sui
664 2446 1013 2517 voluntatem<
1036 2449 1145 2506 Cur
1172 2452 1318 2522 igitur
1352 2455 1545 2521 dili'rrt,
1577 2473 1672 2511 cur
1691 2467 1914 2512 cuncta-

332 2539 419 2585 tur
444 2543 500 2607 et
519 2538 793 2592 moratur?

404 2628 555 2683 Bona
574 2631 673 2683 vita
694 2632 820 2687 nihil
840 2634 1041 2689 melius.
1059 2667 1128 2675 —
1149 2634 1295 2692 Bona
1321 2639 1425 2695 vita
1456 2639 1584 2695 n'hil
1612 2652 1693 2697 est
1724 2641 1915 2699 melius

330 2733 388 2777 et
415 2722 504 2777 hic
523 2734 578 2778 et
605 2723 715 2779 illic
738 2767 752 2787 ,
784 2736 840 2781 et
871 2726 923 2781 in
957 2728 1023 2783 iis
1052 2731 1142 2799 qui
1172 2731 1541 2788 illuminantur
1565 2735 1694 2789 etin
1729 2736 1793 2789 iis
1824 2735 1915 2806 qui

330 2817 603 2871 catechesi
652 2818 1022 2873 instituuntur.
1070 2821 1199 2875 Nam
1241 2823 1385 2891 quid,
1408 2840 1615 2893 quaeso,
1635 2827 1789 2881 uobis
1835 2835 1918 2881 est

338 2919 670 2979 przeceptum
708 2926 873 2980 grave
916 2924 971 2967 et
1006 2913 1438 2970 intolerandum?
1467 2917 1613 2972 Habe
1643 2959 1659 2981 ,
1702 2919 1914 2988 inquit,

335 3013 565 3053 uxorem
590 3038 607 3063 ,
635 3008 690 3053 et
723 3002 797 3055 sis
829 3011 1135 3072 temperans
1167 3014 1223 3060 et
1260 3008 1562 3062 continens.
1612 3008 1796 3063 llocue
1836 3020 1920 3064 est

336 3091 562 3147 difﬁcile
587 3094 610 3148 ?
635 3095 930 3163 quoumdo,
958 3111 1080 3151 cum
1112 3098 1313 3168 absque
1342 3115 1510 3154 uxore
1532 3100 1680 3154 multi
1711 3117 1769 3155 sc
1787 3117 1917 3156 con‘

237 3178 241 3183 ’
339 3185 448 3239 tiue
485 3197 545 3238 ut
573 3225 589 3247 ,
627 3201 735 3239 non
775 3187 948 3239 Solum
977 3186 1264 3243 Christiani
1290 3230 1305 3253 ,
1333 3190 1426 3244 sed
1450 3198 1504 3243 et
1530 3189 1741 3245 Gneci?
1767 3191 1918 3259 Quod

337 3273 560 3330 Cra-cus
590 3285 813 3343 supcrat
842 3285 1062 3343 prouter
1095 3278 1308 3333 inanem
1346 3281 1605 3349 gloriam,
1641 3291 1695 3336 tu
1725 3299 1789 3336 ne
1819 3283 1921 3337 hoc

335 3366 556 3435 quidem
600 3381 788 3421 servas
833 3378 1054 3438 propter
1094 3369 1184 3424 Dei
1232 3372 1528 3426 timorem?
1568 3370 1675 3436 Da,
1707 3373 1877 3443 inquit
1905 3416 1919 3438 ,

338 3458 647 3528 pauperibus
675 3475 741 3512 ea:
774 3459 876 3512 luis
903 3459 1230 3528 facultatibus
1258 3460 1409 3528 (Tob.
1434 3462 1487 3516 ι.
1519 3462 1599 3533 7).
1629 3462 1811 3518 llocue
1840 3473 1923 3519 est

339 3566 502 3619 grave
522 3561 580 3607 et
608 3551 1045 3607 intolerandum?
1064 3552 1168 3609 Sed
1194 3554 1281 3609 hic
1298 3571 1514 3625 quoque
1541 3570 1644 3611 nos
1668 3566 1927 3613 accusant

339 3640 534 3703 Gra'ci,
568 3644 662 3711 qui
695 3658 885 3698 omnes
913 3658 1040 3699 suas
1067 3644 1371 3700 effuderunt
1403 3646 1681 3703 facultates
1710 3657 1926 3719 propter

343 3732 562 3787 inanem
579 3731 831 3802 gloriam.
863 3732 943 3788 Ne
974 3733 1132 3789 verba
1161 3733 1401 3804 loquaris
1421 3736 1677 3793 obscmna
1705 3737 1842 3807 (Col.
1869 3739 1924 3795 5.

398 3841 480 3920 ςα).
502 3843 567 3920 iii
592 3842 776 3920 ,ἀθεηηί
814 3849 1009 3920 lictores
1047 3858 1185 3920 erant
1214 3850 1265 3901 in
1301 3852 1408 3903 aula
1441 3854 1770 3920 Imperatoris.
1792 3865 1916 3919 Vide

330 3902 566 3965 Cangium
592 3907 640 3954 in
664 3907 910 3957 Glossario
932 3909 1016 3959 Gr.
1042 3912 1103 3960 ad
1127 3926 1295 3963 vocem
1317 3902 1484 3976 Δαᾷνιξ.

2030 429 2108 500 8).
2138 432 2319 491 llocue
2339 440 2691 500 estdiflicile?
2722 448 2940 504 Etiamsi
2973 468 3077 507 non
3102 465 3241 509 esset
3263 467 3610 527 prmceptum,

2029 537 2209 582 annOn
2238 540 2517 599 oporteret
2554 551 2654 591 nos
2695 539 2766 594 ita
2793 556 2985 611 gerere
3007 583 3022 610 ,
3057 560 3124 599 ne
3156 545 3259 601 hoc
3286 549 3442 604 nobis
3469 562 3617 609 esset

2025 630 2270 696 probro?
2296 632 2429 689 Nam
2462 637 2603 706 quod
2633 641 2959 694 contrarium
2988 642 3058 696 sit
3090 643 3305 702 difficile
3333 689 3350 714 ,
3381 650 3543 705 verba
3569 691 3586 715 ,

2034 719 2270 791 inquam,
2314 726 2457 793 loqui
2478 730 2751 796 obscaena,
2769 741 2853 786 est
2874 736 3210 803 perspicuum
3235 753 3299 793 ex
3328 738 3431 795 hoc
3453 742 3596 810 quod

2024 812 2232 881 pudore
2272 817 2503 873 afﬁcitur
2536 828 2593 875 et
2635 821 2905 878 erubescit
2948 828 3161 882 animus
3189 869 3206 897 ,
3250 831 3294 885 si
3335 831 3601 889 adductus

2026 903 2184 960 fuerit
2212 916 2270 961 ut
2291 908 2396 962 tale
2424 909 2555 978 quid
2578 909 2739 979 dicat,
2767 923 2822 969 et
2850 930 3025 986 neque
3053 917 3218 985 dicet,
3250 921 3348 976 nisi
3381 924 3514 978 forte
3537 926 3610 980 sit

2028 993 2231 1051 ebrius.
2250 995 2361 1051 Cur
2388 999 2531 1052 enim
2560 1001 2609 1054 iu
2642 1000 2758 1057 foro
2782 1004 2997 1070 sedens,
3018 1009 3227 1065 etiamsi
3249 1011 3394 1068 domi
3420 1014 3604 1077 facias.

2027 1086 2137 1142 illic
2166 1105 2270 1142 non
2298 1088 2433 1145 facis
2460 1089 2483 1142 ?
2516 1107 2694 1148 annon
2727 1105 2946 1166 propter
2971 1113 3066 1153 eos
3099 1103 3185 1170 qui
3223 1103 3471 1160 adsunt?
3507 1122 3606 1161 cur

2026 1180 2071 1233 si
2099 1180 2238 1234 adsit
2259 1198 2392 1236 uxor
2418 1192 2527 1248 tua,
2552 1184 2603 1239 id
2627 1202 2731 1241 non
2763 1189 2895 1246 facis
2920 1191 2944 1245 ?
2969 1208 3148 1249 annon
3174 1205 3318 1252 utne
3339 1214 3455 1254 eam
3486 1216 3609 1256 cou-

2030 1272 2243 1326 tumclia
2268 1271 2470 1327 afficias
2492 1276 2517 1327 ?
2543 1276 2695 1344 Quod
2722 1294 2851 1350 ergo
2878 1292 3100 1353 propter
3138 1302 3357 1342 uxorem
3390 1307 3494 1345 non
3525 1292 3605 1345 fa-

2026 1361 2124 1425 cis,
2160 1362 2326 1418 Deum
2353 1368 2672 1423 contumelia
2702 1371 2943 1429 alliciens
2972 1390 3077 1429 non
3107 1378 3424 1435 erubescis?
3452 1384 3607 1438 adest

2026 1454 2168 1507 Enim
2198 1455 2392 1524 ubique
2414 1464 2469 1510 et
2493 1457 2641 1512 audit
2672 1463 2873 1515 omnia.
2899 1463 3016 1518 Noli
3048 1507 3063 1527 ,
3107 1467 3320 1537 inquit,
3355 1472 3605 1527 inebriari

2028 1542 2243 1613 (Eplies.
2278 1547 2331 1598 5.
2361 1546 2449 1615 18)
2481 1564 2495 1600 :
2523 1558 2691 1603 recte.
2720 1551 2851 1606 Nam
2881 1555 3043 1610 etiam
3077 1556 3179 1613 hoc
3212 1560 3383 1628 ipsum
3424 1579 3519 1633 per
3543 1581 3602 1621 se

2026 1650 2200 1688 annon
2227 1644 2309 1690 est
2334 1637 2694 1706 supplicium?
2726 1642 2845 1698 Non
2877 1645 3051 1712 dixit,
3101 1649 3356 1704 Distcnde
3401 1668 3598 1721 corpus

2026 1732 2206 1789 nium;
2235 1726 2329 1781 sed
2356 1728 2480 1798 quid
2507 1730 2531 1784 ?
2559 1730 2675 1786 Noli
2707 1732 2959 1790 inebriari
2989 1755 3004 1792 ε
3037 1738 3088 1791 id
3117 1750 3220 1805 est,
3268 1740 3346 1795 Ne
3367 1743 3445 1796 sic
3470 1744 3600 1797 illud

2027 1817 2338 1887 praecipites
2364 1861 2380 1886 ,
2421 1830 2478 1874 ut
2514 1822 2792 1879 auferatur
2827 1828 3160 1898 principatus
3201 1833 3413 1886 aninne.
3464 1832 3603 1898 Qud

2018 1906 2174 1976 ergo?
2185 1921 2368 1960 annon
2385 1908 2635 1976 corporis
2647 1909 2898 1965 habenda
2911 1928 3042 1967 cura
3058 1915 3165 1968 est?
3178 1914 3354 1980 Absit,
3368 1932 3476 1970 non
3487 1917 3593 1972 hoc

2020 1997 2166 2061 dico,
2179 1998 2257 2053 sic
2267 1997 2413 2052 enim
2427 1999 2629 2056 Paulus
2640 2003 2922 2074 praecepit:
2938 2003 3128 2061 Carnis
3140 2024 3324 2061 curam
3338 2025 3401 2061 ne
3415 2010 3596 2078 feceri-

2022 2090 2151 2143 tisin
2170 2089 2439 2145 desideriis
2455 2091 2628 2157 (Rom.
2651 2094 2735 2147 15.
2758 2095 2865 2166 14).
2887 2096 2992 2152 Sed
3012 2114 3080 2152 ne
3101 2114 3290 2152 curam
3308 2116 3464 2170 geras
3477 2101 3597 2169 ejus

2023 2180 2504 2250 concupiscentia,
2534 2199 2604 2238 ne
2635 2184 2816 2254 rapias
2839 2202 2962 2256 quae
2990 2196 3082 2243 tua
3106 2205 3214 2245 non
3244 2200 3393 2253 sunt,
3419 2207 3486 2246 ne
3501 2207 3595 2261 per

2024 2270 2310 2325 avaritiam
2338 2271 2567 2328 invadas
2589 2275 2790 2340 aliena,
2822 2293 2891 2332 ne
2916 2280 3132 2349 pejeres
3164 2280 3376 2350 (Matth.
3413 2283 3467 2337 5.
3489 2283 3602 2349 55).

2026 2362 2353 2427 Quibusnam
2380 2372 2539 2431 egent
2568 2363 2684 2418 hmc
2710 2364 3003 2430 laboribus,
3036 2369 3354 2438 quibusnam
3378 2372 3593 2426 sudori-

2027 2452 2128 2506 bus
2154 2469 2168 2505 :
2195 2451 2274 2507 Ne
2301 2451 2602 2508 crimineris
2623 2493 2638 2517 ,
2671 2455 2839 2525 inquit
2867 2495 2883 2519 ,
2914 2472 2979 2511 ne
2999 2461 3341 2513 calumnieris
3367 2459 3515 2528 (an.
3542 2464 3593 2518 5.

2030 2544 2143 2614 14).
2174 2543 2303 2610 Quis
2335 2544 2386 2598 in
2415 2542 2514 2598 hac
2543 2559 2599 2600 re
2624 2545 2815 2600 labor?
2842 2546 3179 2605 Contrarium
3205 2552 3419 2621 quidem
3451 2565 3598 2608 certe

2030 2646 2113 2689 est
2139 2636 2309 2690 labor.
2343 2634 2475 2690 Nam
2504 2636 2718 2705 quando
2746 2639 3047 2696 maledictis
3075 2645 3366 2713 appetieris
3384 2687 3398 2709 ,
3427 2647 3606 2701 statim

2029 2747 2089 2787 es
2116 2730 2168 2786 in
2202 2730 2446 2800 periculo
2469 2773 2483 2795 ,
2515 2732 2564 2785 in
2589 2733 2917 2803 suspicione,
2949 2735 3025 2790 Ne
3053 2735 3188 2791 forte
3215 2738 3448 2792 audierit
3475 2739 3520 2792 is
3544 2740 3612 2793 de

2029 2839 2137 2894 quo
2165 2824 2272 2877 dixi
2299 2864 2315 2890 ,
2347 2824 2460 2878 sive
2487 2825 2560 2879 sit
2587 2840 2834 2895 magnus,
2888 2828 3002 2883 sive
3036 2844 3234 2899 parvus
3262 2847 3278 2886 :
3305 2846 3427 2885 nam
3462 2831 3507 2886 si
3541 2831 3612 2888 sit

2033 2916 2248 2985 quidem
2272 2930 2517 2985 magnus,
2545 2918 2723 2970 statim
2756 2933 2813 2972 re
2842 2917 2953 2987 ipsa
2980 2920 3162 2974 venies
3193 2921 3242 2973 in
3269 2922 3560 2990 periculurn
3585 2936 3603 2988 ;

2032 3006 2115 3060 sin
2145 3020 2339 3075 parvus
2362 3046 2377 3064 .
2408 3020 2504 3072 par
2527 3007 2638 3074 pari
2670 3006 2869 3063 referet
2896 3049 2912 3073 ,
2941 3012 3049 3064 imo
3073 3012 3318 3080 graviora
3353 3014 3613 3082 rependet

2032 3107 2087 3151 et
2131 3104 2181 3149 te
2225 3093 2518 3163 majoribus
2557 3105 2771 3165 appetet
2819 3098 3141 3155 maledictis.
3171 3100 3311 3156 Nihil
3343 3103 3561 3160 difficile
3594 3146 3610 3167 ,

2036 3186 2166 3241 nihil
2194 3201 2355 3255 grave
2386 3185 2539 3240 nobis
2568 3196 2652 3241 est
2683 3197 3031 3258 praeceptum,
3059 3191 3101 3244 si
3126 3192 3352 3247 Velimlls
3373 3212 3387 3247 :
3409 3196 3490 3248 sin
3517 3211 3612 3248 au-

2036 3286 2141 3332 tem
2166 3275 2419 3340 nolimus,
2444 3276 2604 3329 etiam
2627 3293 2744 3345 qua:
2773 3288 2900 3333 sont
2924 3280 3167 3335 facillima
3202 3323 3218 3346 ,
3255 3284 3409 3337 nobis
3435 3301 3604 3351 appa-

2033 3370 2226 3425 rebuut
2249 3371 2448 3441 gravia.
2474 3371 2609 3438 Quid
2636 3381 2715 3427 est
2742 3373 2948 3431 facilius
2970 3389 3130 3445 quam
3156 3376 3438 3433 comedere
3463 3378 3488 3432 ?
3515 3379 3608 3435 sed

2038 3470 2258 3530 propter
2298 3463 2517 3517 multant
2561 3465 2837 3521 mollitiem
2865 3467 3014 3543 multi
3045 3466 3096 3522 id
3124 3482 3337 3539 quoque
3363 3485 3506 3541 aegre
3532 3472 3612 3528 fe-

2037 3561 2167 3608 runt
2195 3571 2209 3607 :
2237 3555 2434 3609 multos
2460 3555 2617 3610 audio
2645 3557 2886 3614 dicentes
2908 3601 2923 3625 ,
2966 3559 3109 3630 quod
3137 3560 3298 3616 etiam
3325 3564 3610 3619 comedere

2034 3649 2119 3697 est
2146 3643 2312 3701 labor.
2344 3644 2485 3700 Nihil
2514 3646 2701 3702 horum
2731 3660 2812 3703 est
2841 3650 3184 3716 laborimum,
3204 3650 3247 3704 si
3261 3652 3431 3706 velis:
3461 3669 3605 3712 nam.

2023 3746 2146 3786 cum
2188 3733 2353 3801 gratia
2396 3746 2646 3802 superna,
2682 3735 2732 3787 iu
2778 3737 3046 3788 voluntate
3082 3738 3183 3787 sita
3232 3744 3358 3789 sunt
3401 3741 3601 3797 omnia.

2026 3824 2269 3882 Velimus
2308 3838 2436 3891 ergo
2484 3822 2659 3888 bona,
2709 3834 2767 3877 ut
2811 3824 2972 3879 etiam
3020 3826 3160 3882 bona
3202 3840 3596 3898 consequamur

2026 3924 2227 3972 aeterna
2266 3957 2280 3974 .
2312 3913 2477 3979 gratia
2503 3922 2557 3967 et
2580 3913 2922 3980 benignitate.

360 3996 3523 4037 -————__.____________________________________

1678 4086 2025 4152 HOMILIA
2073 4085 2246 4149 XIV.

321 4181 456 4238 ευ.
478 4181 532 4239 8.
560 4184 616 4239 1.
658 4183 948 4256 Capitulum
976 4196 1147 4244 autem
1185 4207 1338 4261 super
1380 4208 1440 4246 ea
1479 4207 1593 4263 qua:
1620 4192 1858 4247 dicuntur
1882 4202 1904 4247 ξ

400 4274 577 4331 Talem
603 4278 846 4335 habemus
877 4283 1171 4351 pontiﬁcem
1194 4324 1212 4351 ,
1241 4286 1330 4353 qui
1357 4286 1580 4340 consedit
1616 4287 1669 4340 in
1698 4286 1908 4339 dextera

398 4369 532 4424 sedis
560 4371 929 4441 magnitudinis
950 4376 1003 4429 in
1024 4376 1162 4431 aclis
1181 4418 1197 4440 ,
1227 4377 1283 4431 2.
1312 4387 1597 4431 sanctorum
1627 4378 1854 4432 minister
1885 4417 1901 4441 ,

395 4470 443 4513 et
480 4460 798 4517 tabernaculi
834 4466 943 4519 ceri
970 4506 988 4534 ,
1023 4466 1160 4538 quod
1218 4467 1330 4535 ﬁxit
1368 4466 1619 4523 Dominus
1641 4508 1658 4533 ,
1711 4477 1756 4523 et
1801 4486 1904 4523 non

396 4556 570 4610 homo.

393 4648 446 4701 1.
472 4647 551 4719 (a)
563 4646 792 4705 Humilia
814 4650 1135 4708 sublimibus
1155 4652 1418 4710 admiscet
1437 4654 1649 4723 Paulus,
1664 4656 1907 4727 quisem-

318 4750 422 4807 per
443 4752 603 4793 suum
634 4739 875 4796 imitatur
903 4742 1210 4812 Magistrum
1236 4784 1252 4808 ,
1284 4755 1343 4797 ut
1375 4746 1590 4800 humilia
1613 4746 1752 4801 viam
1785 4763 1904 4803 mu-

316 4830 473 4885 niant
510 4829 577 4884 ad
605 4832 851 4888 sublimia
879 4875 893 4897 ,
921 4842 976 4889 et
1005 4850 1103 4903 per
1141 4849 1204 4890 ea
1232 4834 1300 4889 ad
1342 4835 1430 4889 illa
1464 4836 1812 4901 deducamur,
1845 4844 1903 4891 et

314 4935 439 4975 cum
473 4920 544 4976 ad
573 4938 761 4994 magna
786 4927 1207 4992 pervenerimus,
1227 4926 1496 4983 discamus
1518 4945 1580 4985 ca
1609 4931 1772 4985 fuisse
1792 4945 1903 4985 sure

320 5009 665 5068 demissionis
682 5013 750 5069 ad
774 5026 985 5086 captum
1008 5027 1269 5073 nostrum.
1298 5019 1410 5074 Hoc
1429 5034 1556 5090 ergo
1583 5020 1667 5076 hic
1691 5036 1902 5092 quoque

323 5100 488 5157 facit:
519 5104 708 5160 dicens
749 5107 892 5178 quod
929 5124 991 5165 se
1028 5108 1314 5175 obtulerit,
1351 5120 1406 5165 et
1440 5126 1560 5165 cum
1588 5112 1896 5179 pontificem

320 5208 443 5249 eum
473 5211 596 5252 esse
632 5200 977 5268 ostendisset,
1010 5201 1139 5257 dicit
1162 5194 1184 5256 ξ
1218 5202 1506 5273 Capitulnm
1543 5214 1709 5257 autent
1749 5220 1902 5274 super

319 5301 382 5339 ea
403 5302 517 5357 quia
536 5289 779 5343 dicuntur
805 5306 825 5346 :
846 5289 1027 5346 Talem
1052 5292 1291 5347 habemus
1315 5294 1623 5363 pontiﬁcem,
1651 5294 1738 5363 qui
1763 5310 1891 5348 con-

316 5376 446 5429 sedit
473 5377 525 5432 in
545 5376 757 5434 dextera
774 5380 909 5437 sedis
929 5383 1291 5454 magnitudinis
1329 5384 1382 5437 in
1402 5384 1566 5439 cazlis.
1605 5385 1767 5456 Atqui
1798 5384 1899 5440 hoc

380 5558 456 5630 (α)
464 5559 726 5631 iiumiliam
740 5562 812 5612 sic
822 5562 989 5659 incipit
1002 5559 1387 5634 polbzonomodo
1400 5558 1479 5609 hic
1495 5556 1672 5628 dicitur
1683 5557 1902 5629 minister

393 5630 605 5659 nman
628 5631 898 5659 mr'nrnm
961 5623 1040 5659 Inr
1061 5636 1187 5659 mm
1223 5618 1581 5659 Inhornnrulnm
1613 5621 1743 5659 dim,
1782 5619 1902 5659 Vule

319 5624 369 5668 et
392 5621 605 5672 mbristcr
626 5631 899 5674 sanctorum
917 5618 941 5673 Ρ
960 5623 1040 5673 hic
1061 5618 1188 5674 enim
1222 5618 1582 5673 tabernaculum
1613 5619 1747 5669 dicit.
1781 5619 1903 5670 Vide

314 5685 553 5740 quonde
585 5684 745 5735 erosit
777 5685 962 5735 animus
998 5686 1296 5735 Jnda'ormn.
1332 5684 1412 5734 Sic
1450 5683 1741 5745 j'aucissitnis
1768 5696 1902 5732 ama-

318 5748 522 5794 nuensis
541 5745 627 5797 ille
650 5745 803 5796 multa
824 5746 1211 5812 comprehendit.

2018 4203 2124 4245 non
2153 4191 2530 4262 estpontiﬁcis,
2561 4192 2656 4251 sed
2676 4192 2814 4264 ejus,
2850 4194 2937 4251 cui
2956 4203 3170 4267 oportet
3196 4195 3341 4269 fungi
3372 4212 3595 4257 munere

2017 4281 2328 4341 sacerdotis.
2351 4283 2655 4340 Sanctorum
2680 4285 2923 4341 minister.
2939 4285 3050 4343 Nec
3062 4287 3300 4343 absolute
3328 4288 3590 4355 minister,

2015 4373 2444 4434 sed.Sanctorum
2489 4377 2735 4433 minister.
2765 4377 2833 4432 Et
2857 4378 3169 4433 tabernaculi
3203 4380 3305 4433 veri
3327 4381 3462 4449 quod
3481 4381 3594 4447 [irit

2011 4465 2281 4531 Dominus,
2307 4479 2352 4523 et
2368 4486 2467 4523 non
2482 4470 2649 4524 homo.
2666 4469 2828 4525 Vides
2855 4471 2937 4525 sui
2962 4469 3378 4526 demissionem?
3400 4474 3590 4525 Annon

2016 4558 2175 4626 paulo
2198 4569 2321 4614 ante
2345 4559 2606 4627 distinxit,
2639 4560 2821 4616 dicens
2845 4578 2859 4614 :
2888 4559 3069 4614 Nonne
3096 4576 3267 4614 omnes
3286 4571 3401 4614 sunt
3420 4562 3590 4614 admi-

2023 4647 2302 4702 nistratorii
2322 4649 2532 4716 spiritus
2566 4649 2586 4719 (
2615 4648 2773 4704 Hebr.
2804 4650 2857 4704 1.
2890 4649 2957 4704 11
2979 4649 3039 4719 )?
3081 4648 3151 4705 Et
3176 4659 3456 4720 propterea
3483 4665 3590 4705 non

2012 4736 2270 4804 audiunt,
2304 4737 2438 4794 Sede
2479 4756 2512 4793 a
2550 4740 2740 4795 dextris
2783 4739 2925 4794 meis.
2960 4740 3070 4795 Hoc
3104 4751 3282 4794 autem
3310 4738 3424 4801 ait,
3447 4739 3590 4808 quod

2010 4829 2229 4883 omnino
2258 4844 2364 4884 non
2393 4831 2464 4885 sit
2488 4832 2731 4887 minister
2753 4831 2842 4902 qui
2870 4830 3041 4886 sedet.
3060 4829 3340 4899 Quomodo
3369 4845 3496 4899 ergo
3509 4829 3591 4883 di-

2012 4928 2131 4973 ctus
2157 4932 2239 4975 est
2258 4919 2347 4976 hic
2366 4923 2607 4977 minister
2619 4922 2951 4978 sanctorum?
2970 4920 3389 4975 Tabernaculum
3410 4933 3587 4975 autem

2014 5010 2103 5068 hic
2128 5013 2317 5069 cadum
2338 5014 2488 5069 dicit.
2522 5016 2644 5071 Ideo
2671 5016 2830 5070 etiam
2856 5022 2914 5067 ut
2936 5013 3181 5069 ostendat
3206 5027 3363 5081 quam
3381 5012 3593 5067 differat

2008 5126 2036 5164 a
2061 5109 2300 5173 Judaico,
2347 5105 2497 5172 dicit,
2530 5104 2678 5172 Quod
2707 5105 2817 5173 ﬁxit
2843 5101 3012 5168 Deus,
3042 5111 3215 5157 etnon
3235 5102 3402 5157 homo.
3451 5101 3587 5157 Vide

2007 5199 2278 5268 quomodo
2313 5195 2489 5252 erexit
2518 5196 2742 5250 animos
2781 5208 2967 5248 eorum
3008 5192 3096 5264 qui
3138 5192 3482 5248 crediderunt
3522 5192 3579 5246 in

2007 5289 2230 5346 Judteis.
2280 5287 2413 5342 Nam
2455 5285 2708 5355 quoniam
2736 5283 3030 5340 verisimile
3058 5292 3176 5340 erat
3205 5299 3300 5339 eos
3330 5282 3588 5353 imagina-

2009 5391 2094 5437 tos
2119 5395 2239 5435 esse
2267 5392 2366 5433 nos
2407 5392 2512 5432 nou
2542 5375 2743 5431 habere
2779 5375 2886 5431 tale
2924 5374 3328 5431 tabernaculum
3362 5391 3375 5427 :
3410 5375 3599 5441 Ecce,‘

2011 5471 2203 5542 inquit,
2231 5469 2505 5535 sacerdos,
2536 5476 2591 5521 et
2620 5480 2866 5537 magnus,
2896 5477 2951 5522 et
2977 5466 3069 5522 illo
3092 5465 3261 5521 multo
3290 5463 3460 5534 major
3484 5505 3500 5529 ,
3531 5474 3589 5519 ut

2010 5560 2379 5616 admirabilius
2420 5558 2614 5615 obtulit
2666 5557 3013 5614 sacrificium.
3061 5559 3132 5612 At
3174 5553 3431 5625 numquid
3475 5554 3590 5609 lucc

2012 5661 2137 5708 sunt
2170 5650 2425 5721 jactantia
2472 5658 2527 5706 et
2568 5649 2731 5706 animi
2772 5648 3101 5703 oblectatio?
3137 5647 3427 5716 Pmpterea
3473 5661 3586 5703 rem

2015 5747 2162 5819 prius
2190 5744 2317 5802 facit
2342 5742 2653 5801 credibilem
2679 5759 2744 5800 ex
2766 5739 3113 5815 jurejurando
3135 5783 3151 5809 ,
3187 5738 3384 5799 deinde
3427 5739 3587 5795 etiam

3806 6136 4001 6178 Δ
