4088 6204
452 343 548 400 ΙΗ

383 491 386 494 ~
440 466 506 516 ex
539 455 904 514 tabernaculo.
939 453 1068 508 Erat
1087 448 1299 522 quidem
1323 446 1441 502 haec
1468 445 1683 516 quoque
1710 445 1899 515 aperta
1919 433 2018 497 dif-

437 553 665 610 ferentia
692 569 704 605 :
737 550 851 618 ipse
874 557 1002 602 vero
1023 544 1180 599 aliaat
1208 549 1421 611 quoque
1447 538 1713 608 excogitat
1745 554 1759 593 :
1795 535 1942 602 Q‘u‘od
1957 533 2021 604 βε

440 647 515 700 ait
542 687 557 708 ,
589 643 798 712 inquit,
826 639 986 701 Deus,
1019 645 1066 689 et
1115 649 1217 688 non
1247 633 1414 686 homo.
1449 630 1550 686 Ubi
1573 637 1699 685 sunt
1721 629 1807 699 qui
1835 627 2021 682 dicunt

440 734 645 791 moveri
693 727 1050 786 Caelum?ubi
1102 732 1227 780 mut
1268 723 1356 806 qui
1405 721 1754 794 pronuntiant
1806 717 1859 773 id
1902 726 2022 773 esse

439 825 763 896 sphzcricum
787 820 890 891 (a)?
914 827 1134 888 utraque
1154 817 1296 871 enim
1321 815 1404 868 hic
1419 823 1542 867 sunt
1558 811 1781 866 sublata.
1807 808 2023 876 Capita;

441 918 548 971 lum
571 923 760 977 autem,
784 911 978 980 inquit,
1007 922 1160 976 super
1182 917 1240 960 ea
1262 917 1374 974 qua
1398 903 1654 959 dicuntur.
1682 901 1856 970 Caput
1884 913 2024 954 sem-

444 1022 544 1078 per
583 1003 782 1060 dicitur
828 999 881 1054 id
926 997 1066 1069 quini
1102 1003 1187 1051 est
1225 994 1538 1050 maximum.
1573 992 1777 1045 Rursus
1803 988 2026 1045 dimittit

447 1099 742 1155 orationem
773 1115 784 1148 :
817 1107 940 1148 cum
968 1091 1193 1146 dixisset
1220 1086 1362 1156 quod
1392 1095 1474 1140 est
1504 1083 1736 1140 sublime
1757 1123 1771 1146 ,
1805 1079 2022 1135 humilia

455 1199 640 1262 postea
670 1186 838 1242 libere
881 1181 1103 1255 profert.
1153 1177 1359 1234 Deinde
1402 1183 1459 1230 ut
1493 1176 1630 1230 scias
1673 1171 1814 1243 quod
1846 1170 1979 1224 illud
2007 1210 2022 1235 ,

447 1260 684 1337 Hinister
711 1321 729 1345 ,.
756 1277 962 1331 dictum
996 1274 1062 1327 sit
1093 1272 1162 1326 de
1205 1269 1536 1324 humanitate
1563 1308 1578 1332 ,
1610 1265 1732 1318 vide
1753 1260 2025 1333 quomodo

447 1383 639 1429 rursus
669 1373 770 1423 hoc
793 1365 1076 1437 signiticet.
1107 1363 1160 1417 5.
1187 1359 1362 1415 Omnis
1381 1359 1515 1412 enim
1540 1357 1767 1426 pontifex
1785 1396 1800 1420 ,
1830 1352 2024 1421 inquit,

447 1464 516 1518 ad
559 1459 872 1528 offerendum
913 1459 1126 1508 munera
1163 1462 1206 1505 et
1251 1450 1438 1504 hostias
1475 1447 1796 1501 constituitur
1827 1459 1846 1497 :
1879 1441 2027 1497 Unde

449 1569 647 1610 necesse
694 1559 765 1604 est
809 1558 854 1602 et
894 1547 1026 1599 hunc
1074 1543 1254 1596 habere
1292 1538 1484 1610 aliquid
1513 1536 1647 1607 quod
1675 1531 1877 1602 oﬁ'erat.
1907 1531 1984 1586 Ne
2011 1572 2025 1597 ,

450 1644 701 1717 quoniam
720 1639 870 1696 audis
889 1652 1010 1692 eum
1033 1633 1238 1698 sedere,
1263 1631 1534 1686 existimes
1556 1643 1675 1684 esse
1702 1641 1867 1698 nugas
1887 1624 2025 1696 quod

451 1715 627 1793 dictus
661 1736 732 1789 sit
761 1732 994 1803 pontiiex
1021 1746 1034 1780 :
1061 1741 1182 1781 nam
1221 1723 1349 1778 illud
1378 1721 1593 1794 quidem
1621 1729 1705 1776 est
1737 1720 1828 1774 Dei
1855 1715 2029 1787 digni-

451 1829 578 1883 tatis
602 1869 617 1894 ,
650 1839 839 1893 nempe
876 1821 1102 1885 sedere;
1145 1818 1246 1872 hoc
1269 1823 1448 1870 autem
1476 1813 1658 1868 multa:
1698 1812 1749 1866 in
1779 1811 2026 1866 homines

451 1917 839 1986 benevplentia:
869 1923 922 1968 et
951 1925 1154 1981 magna:
1177 1923 1318 1963 curte
1345 1921 1503 1976 quam
1531 1905 1696 1959 nostri
1721 1903 1873 1973 gerit.
1895 1901 2029 1956 Pro-

452 2021 636 2082 pterea
665 2009 767 2062 hoc
800 2006 951 2071 lenit,
979 2015 1034 2058 et
1061 2005 1112 2057 in
1137 2015 1202 2057 eo
1227 2000 1426 2055 diutius
1455 1999 1770 2053 immoratur
1799 2013 1812 2049 :
1857 1995 2038 2051 timuit

453 2097 602 2150 enim
648 2110 717 2150 ne
759 2095 888 2150 illud
927 2101 1213 2151 everteret.
1256 2086 1549 2160 Propterea
1596 2087 1664 2143 ad
1710 2088 1810 2142 hoc
1851 2094 2038 2142 rursus

356 2238 362 2245 ,
457 2184 673 2241 deducit
692 2189 1009 2251 orationem,
1029 2185 1278 2256 quoniam
1300 2182 1610 2253 quaerebant
1633 2180 1794 2250 aliqui
1822 2197 1835 2234 :
1862 2179 2041 2246 Quare

458 2285 543 2331 est
579 2285 822 2332 mortuus
845 2319 861 2340 ,
889 2291 1009 2332 cum
1047 2284 1192 2331 esset
1235 2273 1490 2329 sacerdos
1514 2272 1538 2325 ‘i
1565 2271 1816 2328 sacerdos
1857 2277 2038 2324 autem

459 2382 569 2423 non
602 2376 685 2424 est
724 2369 925 2439 absque
969 2366 1278 2424 sacriﬁcio:
1310 2365 1520 2434 oportet
1560 2370 1688 2432 ergo
1733 2375 1854 2415 eum
1905 2369 2041 2430 quo-

459 2471 563 2527 que
601 2458 799 2514 habere
841 2457 1184 2512 sacriﬁcium.
1239 2455 1490 2524 Alioquin
1546 2463 1724 2507 autem
1779 2465 1898 2506 cum
1951 2451 2038 2505 di-

459 2548 632 2602 xisset
684 2549 823 2618 quod
884 2549 954 2602 sit
1014 2547 1154 2618 apud
1204 2560 1428 2615 superos
1459 2583 1475 2610 ,
1523 2543 1652 2598 dicit
1704 2551 1758 2597 et
1807 2541 2041 2598 ostendit

459 2640 606 2710 quod
657 2641 731 2695 sit
782 2641 1035 2696 sacerdos
1085 2638 1357 2709 undique,
1384 2653 1449 2693 ex
1504 2634 1934 2700 Melchisedech,
1971 2647 2037 2689 ex

453 2733 799 2804 iuramento,
840 2749 903 2788 ex
945 2748 1013 2790 eo
1055 2732 1198 2803 quod
1232 2732 1422 2787 oﬁ'crat
1450 2729 1788 2784 sacriﬁcium.
1834 2726 1910 2780 Ex
1938 2726 2040 2780 hoc

460 2824 761 2881 de‘czetero
785 2826 944 2879 etiam
987 2825 1152 2879 alium
1192 2823 1430 2878 contexit
1472 2821 1860 2893 syIIOgismum.
1891 2819 1944 2873 Δ.
1977 2817 2039 2874 Si

460 2933 582 2986 ergo
605 2928 751 2980 esset,
772 2918 962 2988 inquit,
978 2933 1131 2988 super
1149 2911 1363 2979 terram,
1386 2929 1476 2969 nec
1495 2924 1622 2968 esset
1649 2915 1901 2977 sacerdos,
1922 2928 2040 2965 cum

459 3017 621 3060 essent
643 3008 928 3062 sacerdotes
953 3008 1040 3077 qui
1068 3005 1147 3073 οῙῙ
1142 3014 1306 3061 errent
1329 3005 1602 3060 secundum
1625 3004 1782 3075 legem
1807 3017 2036 3059 munera.

461 3099 520 3155 Si
549 3115 677 3171 ergo
713 3111 796 3156 est
831 3101 1083 3156 sacerdos
1108 3141 1122 3165 ,
1151 3101 1289 3155 sicut
1315 3107 1462 3155 certe
1490 3107 1592 3160 est,
1625 3105 1835 3166 oportet
1864 3096 2039 3166 ipsum

463 3212 706 3268 qurerere
747 3199 913 3253 alium‘
951 3197 1150 3253 locum.
1194 3195 1326 3252 Nam
1368 3196 1413 3250 si
1452 3203 1596 3249 esset
1637 3193 1849 3264 quidem
1879 3205 2041 3261 super

461 3299 682 3369 terram,
702 3305 806 3344 non
820 3297 966 3346 esset
984 3287 1255 3345 sacerdos.
1283 3286 1560 3355 Quomodo
1578 3285 1764 3341 enim?
1792 3284 1907 3340 Non
1935 3285 2040 3339 ob-

461 3381 689 3448 tulisset,
709 3397 813 3438 non
833 3382 1040 3436 functus
1057 3390 1202 3438 esset
1218 3395 1439 3435 munere
1464 3378 1778 3434 sacerdotali
1800 3395 1815 3443 ;
1848 3387 1903 3433 et
1920 3379 2042 3448 jure

461 3473 675 3543 quidem
702 3490 716 3528 :
746 3488 866 3527 nam
894 3473 1015 3528 istic
1035 3481 1189 3528 erant
1205 3470 1533 3528 sacerdotes.
1556 3469 1624 3524 Et
1645 3469 1880 3524 ostendit
1900 3469 2043 3539 quod

461 3580 561 3621 nec
582 3565 698 3621 ﬁeri
721 3566 891 3635 potuit
917 3573 978 3619 ut
1001 3574 1145 3620 esset
1173 3563 1424 3618 sacerdos
1451 3578 1612 3632 super
1636 3571 1828 3617 terram
1863 3580 1876 3617 :
1911 3575 2045 3632 quo-

461 3658 624 3713 modo
639 3658 780 3712 enim
797 3656 821 3710 ?
841 3656 1110 3727 Siquidem
1142 3669 1316 3724 neque
1340 3655 1666 3708 assurrectio
1691 3662 1828 3720 erat,
1850 3653 2040 3724 inquit.

535 3748 689 3804 Pauli
716 3747 1005 3820 prudentia.
1032 3744 1221 3801 —iiic
1273 3760 1494 3801 necesse
1519 3754 1603 3800 est
1650 3754 1882 3800 mentem
1929 3745 2042 3802 eri-

463 3851 612 3913 gere,
659 3851 718 3898 et
755 3841 1105 3912 apostolicam
1145 3837 1498 3909 contemplari
1524 3836 1898 3910 prudentiam:
1927 3853 2048 3893 rur-

461 3951 557 3992 sus
600 3936 743 3991 enim
778 3934 1032 3990 'ostendit
1079 3929 1436 3988 differentiam
1483 3930 1792 3986 sacerdotii.
1844 3932 1899 3987 5.
1946 3931 2046 3999 Qui

476 4025 757 4094 exemplari
780 4064 796 4091 ,
844 4024 1051 4093 inquit,
1098 4033 1146 4077 et
1192 4021 1383 4077 umbra:
1427 4023 1708 4076 deserviunt
1751 4021 2042 4077 caelestium.

466 4115 724 4182 Quaenam
753 4114 840 4170 hic
863 4114 994 4169 dicit
1015 4113 1288 4168 caelestia?
1309 4113 1615 4182 Spiritualia
1642 4129 1656 4165 :
1685 4126 1816 4167 nam‘
1837 4113 2046 4167 etiamsi

465 4207 692 4279 mystice
723 4203 853 4260 ﬁant
885 4217 1049 4276 super
1078 4211 1298 4269 terram,
1327 4208 1453 4260 sunt
1493 4213 1668 4258 tamen
1702 4203 1857 4275 digna
1885 4205 2045 4260 caele-

464 4299 657 4354 stibus.
685 4296 910 4366 Quando
937 4296 1080 4352 enim
1114 4292 1372 4351 Duminus
1403 4299 1584 4350 noster
1623 4294 1778 4363 Jesus
1806 4293 2049 4350 Christus

465 4391 782 4462 proponitur
806 4395 1072 4444 mactatus
1113 4397 1168 4443 et
1209 4385 1514 4440 immolatus
1536 4426 1549 4447 ,
1580 4384 1793 4452 quando
1835 4383 2048 4438 advenit

467 4481 736 4553 Spiritus,
765 4480 983 4552 quando
1028 4479 1117 4536 hic
1154 4478 1311 4532 adest
1349 4476 1436 4546 qui
1478 4475 1631 4531 sedet
1669 4474 1735 4530 ad
1775 4475 2050 4530 dexteram

467 4573 664 4639 Patris,
696 4571 912 4643 quando
942 4572 1076 4624 ﬁunt
1106 4569 1200 4623 ﬁlii
1227 4581 1324 4639 par
1351 4567 1644 4630 lavacrum,
1686 4565 1903 4636 quando
1926 4573 2052 4620 sunt

468 4665 614 4721 cives
640 4679 825 4720 eorum
851 4663 940 4732 qui
967 4669 1090 4716 sunt
1116 4661 1169 4715 in
1201 4658 1348 4714 czelis
1370 4698 1386 4724 ,
1414 4655 1626 4726 quando
1653 4656 1765 4712 illic
1794 4654 2051 4710 habemus

469 4758 696 4828 patriam
728 4763 782 4811 et
819 4754 1084 4810 civitatem
1107 4794 1123 4817 ,
1168 4749 1382 4818 quando
1413 4747 1500 4803 hic
1553 4761 1740 4802 sumus
1779 4746 2047 4816 peregrini

469 4858 524 4904 et
567 4847 803 4916 hospites
840 4841 1107 4916 quomodo
1146 4856 1252 4896 non
1298 4838 1559 4894 sunthaec
1583 4837 1759 4891 omnia
1783 4835 2050 4890 caelestia?

541 4937 595 4989 2.
629 4936 767 5003 Quid
798 4937 963 4990 vero?
1009 4933 1190 5006 hymni
1223 4945 1328 4987 non
1373 4941 1498 4986 sunt
1541 4931 1824 4986 czeiestes?
1869 4945 2048 4984 annon

471 5037 592 5098 qua:
625 5027 762 5096 apud
793 5040 1017 5096 superos
1054 5030 1254 5080 canunt
1297 5022 1447 5079 chori
1481 5022 1748 5078 Virtutum
1797 5023 2051 5090 incorpo-

472 5129 711 5181 rearum,
739 5129 802 5170 ea
830 5130 929 5171 nos
957 5129 1170 5188 quoque
1197 5116 1286 5187 qui
1317 5113 1452 5171 infra
1474 5125 1661 5168 sumos
1683 5115 1925 5168 canimus
1948 5113 2052 5168 illis

473 5207 860 5264 consonantia?
887 5213 1065 5264 annon
1106 5219 1160 5264 et
1188 5222 1278 5264 ara
1311 5217 1390 5263 est
1418 5205 1685 5263 caelestis?
1731 5204 2052 5274 Quomodo?

476 5301 610 5357 nihil
638 5301 798 5356 habet
822 5301 1036 5356 carnale
1065 5319 1079 5354 :
1109 5311 1234 5356 sunt
1258 5299 1552 5371 spiritualia
1583 5299 1763 5352 omnia
1790 5313 1908 5368 quae
1929 5303 2055 5352 sunt

476 5397 752 5466 proposita
787 5411 799 5446 :
831 5405 936 5446 non
966 5392 1017 5445 in
1054 5392 1288 5446 cinerem
1313 5435 1328 5457 ,
1371 5407 1476 5446 non
1506 5393 1556 5446 in
1591 5391 1790 5445 ﬁnnum
1817 5431 1832 5456 ,
1864 5404 1972 5443 non
2001 5389 2054 5443 in

479 5487 722 5541 nidorem
753 5471 1071 5540 diii‘uuditﬁr
1099 5481 1439 5548 sacriﬁcium,
1471 5482 1564 5538 sed
1595 5480 1872 5547 splendida
1903 5480 2055 5534 lacta-

481 5589 587 5646 que
613 5574 778 5630 efﬁcit
803 5585 923 5646 qua:
952 5583 1076 5631 sunt
1103 5573 1397 5647 proposita.
1428 5572 1706 5642 Quomodo
1739 5578 1919 5626 autem
1950 5583 2056 5626 non

544 5779 618 5854 (a)
628 5782 929 5854 sphaerion"!
955 5797 1068 5854 esse
1077 5783 1470 5854 ca:_lum‘negabat
1484 5782 1860 5854 pllrysostottttts.
1877 5781 1976 5854 Qua
1993 5781 2057 5831 de

403 5887 412 5890 -
483 5853 538 5895 re
565 5843 681 5897 vide
697 5859 805 5909 quae
828 5845 1105 5897 diximusin
1129 5843 1415 5897 Prsiatidnc
1444 5846 1500 5894 ad
1525 5843 1740 5896 casulam
1765 5843 2053 5908 .iigyptium.

1166 339 1223 398 S.
1265 331 1544 395 lOANNIS
1579 323 2056 390 CHRYSOSTOMI

2121 321 2439 380 RRCHIEP.
2480 315 3010 378 CONSTANTINOP.
3599 305 3615 358 i
3636 307 3696 361 i2

2125 430 2247 476 sunt
2272 423 2506 477 caelestis
2533 432 2650 491 quae
2677 423 3023 493 perﬁciuntur
3046 397 3466 496 mysteria,ieitni
3496 440 3559 482 ex
3591 443 3699 498 quo

2125 511 2326 567 dictum
2347 523 2448 578 est,
2480 512 2704 582 Quarum
2737 516 3039 570 retinueritis
3077 526 3300 588 peccata,
3321 529 3510 573 retenta
3537 531 3651 574 sunt
3675 537 3697 586 ;

2123 619 2333 674 quorum
2353 606 2659 669 remiseritis,
2677 609 2995 662 remittuntur
3014 607 3187 679 (lonn.
3205 609 3295 665 20.
3313 611 3426 682 23),
3450 612 3541 682 qui
3558 612 3702 668 nunc

2125 698 2428 751 ministrant
2448 697 2550 751 sibi
2595 698 2724 768 ipsis
2750 699 2802 754 id
2833 700 3005 768 ipsum
3033 700 3255 755 audiunt
3283 701 3524 756 dictum?
3569 719 3697 773 quo-

2125 789 2284 844 modo
2311 805 2414 844 non
2453 792 2627 845 omnia
2647 791 2876 846 cmiestia
2898 802 3016 846 cum
3047 792 3098 846 hi
3129 795 3288 848 etiam
3306 794 3478 850 claves
3507 794 3705 851 habent

2125 882 2272 950 regni
2299 882 2549 936 caelorum
2565 881 2745 958 ζ]ουὶ
2771 883 3065 952 exemplari,
3093 883 3278 953 inquit,
3306 893 3352 939 et
3394 882 3583 939 umbra:
3609 888 3702 940 de-

2123 973 2649 1040 seruiuntcazles'tium,
2677 975 2808 1029 sicut
2833 989 3122 1045 responsum
3143 986 3214 1030 est
3245 975 3413 1048 Moysi
3441 993 3552 1032 cum
3576 995 3696 1032 con-

2124 1075 2399 1142 summaret
2429 1065 2806 1119 tabernaculum
2835 1081 2854 1120 :
2889 1064 3032 1133 Vide,
3056 1068 3232 1139 inquit,
3259 1069 3430 1122 omnia
3449 1071 3602 1141 facito
3625 1087 3706 1125 se-

2125 1155 2346 1208 cundum
2362 1156 2620 1224 exentplar
2643 1155 2778 1225 quod
2803 1156 2890 1210 tibi
2913 1165 3168 1211 ostensum
3189 1167 3265 1212 est
3282 1159 3334 1212 in
3361 1171 3543 1214 monte.
3560 1160 3706 1226 Quo-

2128 1249 2275 1302 niam
2311 1248 2519 1302 auditus
2550 1257 2729 1302 noster
2769 1256 2853 1304 est
2890 1248 2956 1302 ad
2985 1248 3300 1305 discendum
3319 1251 3519 1307 tardior
3545 1256 3705 1321 quam

2128 1341 2273 1396 viSus
2301 1344 2429 1412 (non
2457 1343 2601 1398 enim
2626 1357 2745 1412 qua:
2771 1342 3092 1398 audierimus
3134 1343 3382 1398 similiter
3413 1344 3482 1399 ita
3509 1347 3690 1401 animo

2129 1433 2441 1489 mandamus
2478 1444 2636 1505 atque
2682 1450 2800 1505 quae
2842 1434 3178 1506 viderimus),
3226 1437 3459 1492 ostendit
3489 1438 3538 1493 ei
3588 1451 3708 1494 on:-

2130 1529 2236 1584 nia.
2287 1530 2394 1583 Aut
2435 1529 2536 1584 hoc
2572 1528 2639 1583 ab
2663 1527 2911 1599 exemplo
2931 1527 3164 1583 ostendit
3189 1537 3243 1584 et
3274 1529 3480 1593 umbra,
3523 1533 3613 1584 aut
3640 1531 3710 1587 de

2129 1622 2332 1691 templo
2371 1621 2756 1692 subintelligit;
2790 1621 3060 1692 subjunxit
3097 1622 3240 1676 enim
3262 1663 3276 1688 ,
3313 1620 3459 1688 Vide,
3505 1622 3697 1691 inquit,

2130 1712 2301 1766 omnia
2328 1712 2482 1782 facito
2498 1712 2776 1766 secundum
2805 1713 3060 1782 exemplar
3079 1711 3213 1782 quod
3236 1712 3323 1765 tibi
3347 1723 3604 1768 ostensum
3633 1714 3709 1768 est

2130 1803 2188 1857 in
2207 1811 2394 1858 monte.
2421 1801 2687 1872 Numquid
2715 1802 2847 1858 vidit
2878 1802 2946 1857 de
2983 1803 3378 1858 constructione
3407 1803 3587 1872 templi
3616 1820 3708 1857 so-

2131 1893 2266 1964 lum,
2296 1908 2362 1948 an
2387 1894 2454 1950 de
2482 1893 2775 1960 sacriﬁciis,
2797 1902 2851 1949 et
2877 1893 2944 1948 de
2964 1893 3081 1948 aliis
3107 1893 3353 1948 omnibus
3377 1893 3400 1946 ?
3431 1893 3538 1947 iuro
3584 1909 3712 1948 vero

2132 2000 2234 2042 nec
2269 1985 2592 2041 aberraverit
2620 1984 2708 2055 qui
2740 1985 2839 2039 hoc
2875 1985 3033 2039 etiam
3063 1984 3272 2038 dixerit.
3305 1982 3539 2038 Caelestis
3567 1984 3713 2039 enim

2131 2090 2215 2136 est
2233 2078 2488 2143 Ecclesia,
2503 2086 2555 2133 et
2579 2077 2708 2133 nihil
2735 2077 2881 2134 aliud
2896 2093 3053 2148 quam
3079 2077 3286 2132 ciuium.
3303 2077 3355 2132 6.
3371 2075 3526 2130 Nu’nc
3551 2081 3715 2130 autem

2133 2172 2314 2227 melius
2336 2172 2540 2227 sortitus
2558 2180 2631 2226 est
2649 2171 2998 2237 ministerium,
3027 2180 3215 2241 quanto
3236 2180 3281 2224 et
3312 2171 3531 2224 melioris
3553 2172 3709 2224 testa-

2136 2265 2288 2320 menti
2315 2265 2562 2318 mediator
2597 2273 2666 2319 est
2696 2262 2794 2334 (a).
2823 2263 2984 2318 Vides
3004 2304 3020 2327 ,
3051 2263 3257 2331 inquit,
3291 2271 3491 2331 quanto
3522 2262 3714 2317 melius

2137 2357 2221 2411 est
2242 2354 2592 2408 ministerium
2623 2352 2942 2414 ministerio,
2971 2351 3234 2420 siquidem
3265 2351 3393 2405 illud
3419 2359 3498 2405 est
3527 2364 3714 2405 exem-

2144 2448 2258 2518 plar
2277 2455 2326 2501 et
2363 2447 2549 2518 ﬁgura,
2574 2449 2673 2501 hoc
2692 2454 2869 2501 autem
2897 2443 3249 2501 veritas?Sed
3281 2443 3380 2498 hoc
3403 2443 3533 2498 nihil
3557 2442 3721 2514 prod-

2143 2547 2260 2596 erat
2287 2538 2643 2593 audientibus
2665 2578 2679 2601 ,
2710 2551 2882 2607 neque
2918 2550 3013 2592 eos
3035 2534 3301 2590 afﬁciebat
3339 2534 3542 2588 laetitia.
3585 2533 3745 2592 Pro-,

2144 2644 2325 2705 pterea
2368 2632 2497 2687 dicit
2544 2630 2594 2685 id
2637 2630 2775 2708 quod
2807 2629 3033 2684 maxima
3082 2629 3261 2684 laetitia
3288 2637 3380 2682 eos
3407 2626 3670 2680 alliciebat
3701 2643 3716 2680 :

2150 2726 2301 2794 Quod
2325 2726 2378 2778 in
2404 2723 2689 2779 melioribus
2709 2722 3178 2793 repromissionibus
3197 2720 3440 2774 sancitum
3464 2728 3556 2772 est.
3583 2716 3721 2771 Cum

2147 2817 2198 2872 id
2251 2817 2523 2871 extulisset
2555 2829 2584 2868 θ
2623 2813 2742 2870 loco
2768 2822 2822 2869 et
2857 2811 3134 2867 sacerdote
3186 2819 3240 2866 et
3280 2809 3560 2871 sacriﬁcio,
3592 2817 3722 2862 tunc
3757 2807 3762 2812 ’

2150 2908 2296 2977 ponit
2368 2914 2423 2962 et
2499 2905 2624 2976 quid
2670 2904 2878 2959 intersit
2933 2904 3070 2958 inter
3115 2909 3518 2963 testamentum;
3571 2905 3727 2952 antea

2147 3012 2357 3069 quoque
2404 2997 2616 3053 dixerat
2659 2995 2799 3065 quod
2848 3002 2993 3049 esset
3050 2991 3368 3046 imbecillum
3423 2999 3477 3044 et
3510 2989 3723 3042 inutile.

2151 3091 2217 3146 Et
2273 3089 2394 3143 vide
2442 3095 2638 3159 quanta
2684 3086 2930 3142 cautione
2973 3092 3184 3148 utatur,
3223 3096 3343 3136 cum
3376 3079 3544 3149 ipsum
3585 3084 3729 3133 esset

2150 3193 2514 3240 accusaturus.
2545 3181 2676 3236 Nam
2702 3194 2822 3235 eum
2851 3178 2959 3232 illic
2988 3176 3233 3241 dixisset,
3255 3172 3545 3230 Secundum
3571 3171 3729 3223 uirtu-

2152 3287 2250 3331 tem
2277 3276 2390 3330 uita:
2425 3272 2726 3337 insolubilis,
2771 3280 2897 3325 tunc
2939 3269 3091 3333 dixit,
3129 3263 3432 3336 Reprobatio
3458 3263 3515 3330 ﬁt
3539 3276 3728 3330 prwceo

2154 3367 2316 3421 dentis
2340 3366 2565 3419 mandati
2593 3380 2611 3417 :
2641 3360 2835 3417 deinde
2878 3360 3037 3414 etiam
3084 3367 3267 3428 postea
3312 3366 3561 3423 magnum
3603 3347 3730 3418 quid

2159 3459 2354 3528 posuit,
2384 3456 2591 3521 dicens,
2619 3453 2722 3508 Per
2746 3452 2881 3524 quod
2910 3451 3016 3505 Deo
3047 3447 3515 3519 appropinquamus
3542 3441 3723 3515 (Hebr.

2159 3549 2211 3604 7.
2243 3548 2352 3617 19).
2379 3547 2474 3602 Hic
2499 3553 2678 3601 autem
2706 3560 2830 3600 cum
2859 3558 2957 3597 nos
2984 3543 3035 3596 in
3078 3541 3268 3596 ciuium
3297 3536 3635 3597 sustulisset,
3679 3540 3734 3586 et

2157 3640 2478 3696 ostendisset
2514 3637 2652 3709 quod
2699 3651 2799 3707 pro
2845 3634 3041 3703 templo
3070 3633 3259 3688 cadum
3307 3629 3630 3692 habeamus,
3680 3633 3736 3679 et

2156 3732 2296 3804 quod
2339 3732 2426 3787 illa
2451 3739 2603 3787 erant
2629 3729 2810 3800 ﬁgura:
2837 3741 3015 3782 rerum
3051 3736 3350 3780 nostrarum
3373 3764 3391 3789 ,
3412 3730 3466 3777 et
3498 3735 3593 3791 per
3619 3720 3734 3772 hate

2155 3825 2435 3880 extulisset
2459 3822 2832 3886 ministerium,
2854 3819 3107 3888 deinceps
3131 3818 3294 3872 etiam
3313 3815 3506 3869 merito
3524 3811 3735 3866 extollit

2157 3917 2536 3972 sacerdotium.
2568 3912 2721 3981 Sed,
2751 3912 2888 3966 sicut
2911 3910 3019 3965 dixi
3045 3949 3060 3975 ,
3096 3909 3146 3963 id
3190 3906 3331 3977 quod
3364 3919 3458 3960 cos
3501 3904 3735 3958 maxime

2156 4006 2321 4062 afﬁcit
2357 4006 2537 4062 lietitia
2562 4047 2576 4071 ,
2608 4004 2754 4075 ponit
2795 4001 2978 4059 dicens
3006 4017 3020 4056 :
3056 3998 3204 4066 Quod
3233 4000 3285 4052 in
3315 3996 3600 4052 melioribus
3642 4011 3725 4047 re-

2159 4099 2574 4168 promissionibus
2619 4098 2870 4152 sancitum
2906 4104 2998 4150 est.
3030 4093 3182 4150 Unde
3227 4091 3329 4147 hoc
3358 4091 3612 4145 constat?
3659 4089 3737 4142 Ex

2158 4204 2225 4245 eo
2243 4189 2382 4258 quod
2413 4190 2585 4260 ipSum
2624 4187 2839 4260 quidem
2867 4193 2950 4243 est
2994 4186 3225 4255 ejectum
3253 4225 3270 4251 ,
3313 4182 3430 4252 ejus
3460 4197 3588 4236 vero
3619 4181 3737 4234 loco

2159 4280 2287 4335 illud
2320 4280 2676 4336 introductum
2708 4297 2722 4335 :
2753 4285 3034 4350 prOpter'ea
3078 4278 3222 4332 enim
3265 4275 3596 4330 dominatum
3636 4273 3738 4327 ob-

2160 4372 2293 4427 tinet
2315 4371 2457 4442 quod
2484 4373 2554 4427 sit
2583 4371 2796 4427 melius.
2830 4370 2960 4425 Nam
2989 4370 3128 4424 sicut
3152 4367 3281 4424 dicit
3309 4382 3324 4418 :
3361 4366 3421 4421 Si
3454 4378 3543 4435 per
3570 4366 3739 4434 ipsum

2158 4473 2266 4517 erat
2291 4463 2658 4518 consummatio
2682 4505 2697 4530 ,
2727 4463 2849 4535 quid
2874 4462 3042 4516 adhuc
3069 4471 3196 4530 opus
3224 4461 3322 4532 fuit
3348 4458 3624 4514 secundum
3652 4475 3744 4511 or-

2159 4553 2328 4608 dinem
2354 4553 2718 4610 Melchisedech
2742 4555 2901 4608 alium
2927 4569 3130 4624 surgere
3152 4551 3462 4606 sacerdotem
3483 4549 3510 4603 ?
3548 4549 3620 4603 ita
3653 4549 3742 4604 hic
3809 4614 3820 4625 κ

2161 4659 2373 4715 quoque
2397 4661 2524 4700 usus
2551 4655 2634 4701 est
2662 4644 2850 4702 eodem
2881 4645 3213 4717 syllogismo,
3243 4642 3432 4698 dicens
3464 4658 3478 4697 :
3507 4643 3560 4695 7.
3593 4637 3736 4694 Nam

2159 4739 2206 4794 si
2229 4738 2359 4792 illud
2385 4739 2524 4809 prius
2567 4738 2720 4809 culpa
2747 4743 2972 4793 uocasset
2991 4777 3007 4805 ,
3036 4751 3138 4791 non
3164 4735 3333 4805 utique
3360 4731 3571 4788 secundi
3599 4732 3744 4787 locus

2156 4847 2535 4915 inquireretur,
2583 4844 2688 4896 hoc
2720 4847 2826 4904 est,
2865 4841 2911 4894 si
2943 4839 3082 4892 nihil
3113 4837 3217 4908 ipsi
3244 4835 3530 4899 defuisset,
3567 4835 3612 4887 si
3638 4839 3732 4887 eos

2157 4935 2430 4991 effecisset
2451 4932 2587 4987 nulli
2608 4932 2781 5001 culpa:
2800 4929 3007 4984 aﬁines.
3030 4929 3164 4983 Nam
3187 4927 3335 4998 quod
3352 4926 3420 4981 de
3443 4926 3548 4979 hoc
3563 4923 3732 4987 dicat,

2160 5027 2288 5080 audi
2324 5024 2612 5096 sequentia
2666 5040 2682 5078 :
2730 5023 3042 5094 Vituperans
3079 5023 3218 5092 ipsos
3247 5019 3390 5073 dicit.
3427 5017 3545 5072 Non
3572 5014 3733 5078 dixit,

2160 5117 2490 5188 Vituperans
2513 5116 2713 5185 ipsum,
2733 5115 2850 5181 sed,
2873 5114 3186 5184 Vituperans
3209 5129 3294 5167 eos
3309 5112 3451 5166 dicit.
3479 5107 3612 5163 Ecce
3627 5108 3736 5161 dies
3788 5112 3798 5138 τ

2161 5209 2390 5275 venient,
2435 5206 2556 5260 dicit
2581 5205 2848 5271 Dominus,
2889 5215 2935 5258 et
2973 5201 3326 5258 consummabo
3349 5207 3500 5272 super
3525 5199 3733 5253 domum

2166 5298 2364 5366 Israel,
2396 5308 2443 5354 et
2469 5315 2619 5368 super
2646 5299 2852 5352 domum
2886 5296 3030 5351 Iuda
3067 5299 3418 5352 testamentum
3449 5307 3652 5354 novum,
3686 5289 3745 5345 9.

2167 5405 2271 5446 non
2300 5390 2578 5445 secundum
2607 5398 2956 5443 testamentum
2992 5388 3127 5456 quod
3169 5383 3268 5457 feci
3293 5385 3519 5456 patribus
3547 5381 3743 5445 eorum,

2167 5483 2220 5536 in
2249 5483 2330 5536 die
2358 5497 2457 5550 qua
2485 5480 2800 5550 apprehendi
2824 5495 3029 5532 manum
3056 5495 3248 5542 eorum,
3271 5487 3325 5529 ut
3349 5477 3611 5529 educerem
3631 5472 3748 5524 illos

2169 5575 2232 5629 de
2257 5585 2391 5628 terra
2421 5571 2640 5645 IEgypti
2666 5588 2684 5626 :
2711 5571 2951 5642 quoniam
2989 5572 3087 5641 ipsi
3125 5580 3225 5625 non
3272 5577 3658 5635 permanserunt
3699 5565 3752 5616 in

2171 5674 2467 5719 testamento
2514 5681 2643 5727 meo,
2698 5673 2746 5716 et
2783 5679 2874 5733 ego
2924 5662 3124 5732 neglexi
3171 5677 3286 5723 eos,
3320 5661 3440 5713 dicit
3480 5657 3755 5711 Dominus.

2173 5754 2732 5824 Maximc,inquit:et
2783 5755 2923 5809 unde
2958 5762 3164 5810 constat
3214 5752 3354 5824 quod
3405 5751 3562 5811 tinem
3599 5765 3754 5804 accc-

2229 5853 2302 5918 (a)
2328 5851 2383 5903 In
2406 5849 2541 5903 Coib.
2569 5849 2726 5899 hiatus
2749 5858 2950 5909 magnus
2975 5847 3066 5894 est.
