4088 6204
248 260 352 318 M5

239 377 761 451 perit?Ostenderst
791 374 1008 448 quidem
1034 391 1087 435 et
1131 396 1197 435 ex
1228 379 1507 441 sacerdote
1539 399 1552 434 :
1592 380 1829 436 ostendit

239 485 380 525 mmc
408 485 625 540 quoque
653 469 939 525 dilucidius
979 471 1195 525 disertis
1222 470 1435 537 verbis,
1482 472 1656 542 ipsum
1703 485 1828 527 esse

239 560 493 629 ejectum.
525 560 848 627 Quomodo?
895 560 956 614 In
998 561 1286 615 melioribus
1330 562 1826 633 repromissionibus,

239 652 449 707 dicens.
498 651 597 708 Ubi
629 652 793 715 enim,
822 652 1119 721 diequzeso,
1142 663 1224 709 est
1253 654 1392 708 inter
1406 654 1596 709 caelum
1633 663 1687 708 et
1720 663 1830 708 ter-

240 759 354 798 ram
385 743 710 813 mqualitas?
749 742 829 798 Tu
866 752 1043 797 autem
1086 742 1362 798 considera
1407 744 1674 813 quomodo
1720 743 1829 797 Iilie

243 850 462 905 quoque
480 834 632 899 dicit,
659 831 722 886 In
740 833 1231 903 reprmnissionibus,
1256 849 1322 889 ne
1352 843 1409 887 tu
1437 833 1487 889 id
1508 847 1719 903 quoque
1743 846 1832 886 ac-

242 942 423 983 cuses.
452 926 663 980 Etenim
692 924 821 991 illic,
856 923 956 979 Per
982 940 1133 988 quant
1149 940 1289 996 spem
1305 922 1417 978 Deo
1448 923 1829 993 appmpinqua-

244 1033 381 1084 mus,
404 1015 600 1088 inquit,
631 1014 891 1069 meliorem
916 1013 1098 1079 (Hebr.
1129 1013 1182 1069 τ.
1212 1014 1302 1086 19)
1329 1032 1344 1080 ;
1376 1006 1671 1069 ostendens
1695 1012 1836 1084 quod

247 1117 357 1173 illic
380 1129 600 1187 quoque
626 1114 697 1168 sit
720 1127 881 1184 spes;
912 1120 967 1166 et
1004 1112 1089 1167 hic
1108 1152 1123 1177 ,
1151 1110 1425 1167 Meliorem
1462 1109 1839 1180 repromissio-

250 1210 398 1272 riem,
427 1203 778 1261 subindicans
805 1203 947 1275 quod
975 1202 1081 1257 illic
1100 1215 1313 1274 quoque
1337 1202 1669 1273 promiserit.
1696 1200 1842 1268 Quo-

1004 260 1068 317 IN
1105 259 1324 320 EPIST.
1367 262 1458 317 AD
1496 261 1855 325 IIEBREOS.
1898 262 2053 322 CAP.
2096 266 2235 327 VIII.
2277 271 2510 332 HOMIL.
2551 275 2693 334 XIV.

3425 293 3529 353 114

1956 376 2059 433 alia
2085 392 2214 433 vero
2244 394 2350 435 non
2381 398 2394 434 :
2425 390 2482 436 ut
2507 382 2557 438 si
2578 383 2717 452 quis,
2747 386 2983 457 exempli
3009 402 3189 455 causa,
3221 391 3413 452 domus
3439 414 3530 454 ve-

1956 469 2104 536 teris,
2118 487 2236 542 quae
2254 472 2484 528 minatur
2502 474 2730 541 ruinam,
2750 478 2937 535 relicto
2948 481 3540 559 universoJundamen,

1954 572 2063 618 tum
2081 567 2436 635 consarcinat,
2454 568 3004 642 coul'eSIimdicimus,
3026 575 3157 631 Eam
3179 577 3534 651 fecitnovmn,

1949 668 2070 710 cum
2100 655 2203 712 alia
2229 660 2508 726 exemerit,
2562 660 2665 715 alia
2704 676 2890 718 eorum
2915 665 3036 721 loco
3062 667 3352 727 induxerit.
3400 672 3533 729 Nam

1946 746 2136 802 celum
2169 764 2382 820 quoque
2406 750 2603 807 dicitur
2624 768 2840 819 novum,
2882 762 3097 826 quando
3130 776 3236 816 non
3275 762 3373 817 fuit
3410 779 3532 819 am-

1947 838 2084 907 plius
2110 852 2342 902 :cneum,
2390 840 2485 896 sed
2529 841 2678 897 dedit
2720 845 2995 913 pluviam:
3039 850 3291 907 similiter
3316 869 3531 924 quoque

1944 936 2110 993 terra,
2130 931 2343 1000 quando
2368 947 2474 987 non
2506 934 2734 1004 amplius
2762 935 2859 990 luit
2879 938 3203 1008 inuncanda,
3240 960 3343 998 non
3359 962 3529 1016 quan-

1943 1021 2012 1077 do
2042 1021 2142 1077 fuit
2170 1032 2391 1079 mutata.
2442 1025 2510 1080 Et
2545 1024 2737 1082 domus
2782 1037 2907 1084 tunc
2950 1045 3107 1094 nom.
3160 1036 3371 1102 quando
3422 1040 3523 1095 alia

1939 1115 2152 1186 quidem
2178 1119 2295 1186 ejus
2321 1127 2446 1175 sunt
2490 1120 2687 1186 ablata,
2736 1123 2835 1177 alia
2868 1138 2998 1179 vero
3044 1138 3279 1182 manent.
3324 1131 3525 1198 Quam-

1938 1207 2120 1263 obrem
2147 1208 2616 1265 et'l‘estamentum
2640 1227 2834 1267 novum
2849 1214 2988 1271 bene
3008 1220 3234 1285 vocarit,
3259 1230 3315 1275 ut
3341 1234 3522 1280 osten-

252 1301 396 1356 niam
424 1308 606 1354 autem
647 1310 863 1367 semper
886 1294 1247 1361 accusabant.
1278 1293 1412 1349 Ecce
1449 1295 1602 1358 enim.
1647 1293 1840 1362 inquit.
1935 1296 2089 1354 deret
2115 1299 2256 1370 quod
2285 1300 2413 1355 illml
2441 1300 2844 1359 Testamentum
2886 1306 3082 1362 factum
3126 1309 3197 1362 sit
3225 1318 3513 1378 vetustum,

257 1391 365 1444 dies
394 1389 613 1455 varient,
644 1387 767 1441 dicit
804 1385 1054 1440 Dominus
1076 1426 1093 1451 ,
1122 1394 1169 1439 et
1194 1384 1554 1440 consummabo
1582 1399 1735 1454 super
1751 1383 1845 1437 do-

254 1500 392 1537 mum
418 1480 603 1545 Israel,
622 1488 669 1534 et
694 1494 847 1548 super
864 1477 1066 1533 domum
1090 1475 1232 1531 Iuda
1260 1485 1610 1532 testamentum
1637 1490 1841 1529 novum.

257 1573 371 1629 Non
400 1582 556 1627 vetus
584 1569 799 1642 aliquod
840 1578 1217 1625 testamentum
1261 1567 1409 1622 dicit.
1457 1565 1589 1622 Nam
1631 1570 1700 1621 ne
1742 1566 1844 1619 hoc

257 1671 482 1736 possent
531 1661 751 1725 dicere.
801 1669 1013 1731 tempus
1054 1672 1267 1730 qquue
1312 1655 1640 1727 przcscripsit
1679 1672 1692 1709 :
1735 1668 1844 1709 non

262 1760 403 1813 enim
438 1757 682 1813 absolute
706 1757 834 1813 dicit
852 1799 868 1823 ,
899 1757 1190 1814 Secundum
1220 1763 1571 1810 testamentum
1595 1749 1731 1822 quod
1750 1749 1848 1821 feci

263 1848 495 1917 patribus
524 1864 731 1913 eorum;
760 1864 827 1904 ne
869 1848 919 1903 id
961 1848 1109 1903 dicas
1136 1845 1279 1917 quod
1313 1847 1508 1902 factum
1542 1844 1652 1921 luit
1679 1843 1847 1897 Abra-

264 1940 445 2002 hamo,
475 1949 565 1994 aut
592 1939 735 2010 quod
774 1942 968 1994 lactant
997 1939 1096 1994 fuit
1137 1939 1281 2003 Noe;
1313 1936 1408 1993 sed
1435 1936 1704 2009 quodnam
1733 1934 1803 1987 sit
1826 1973 1843 1996 .

264 2029 437 2099 inquit
461 2030 744 2086 declarans
776 2049 790 2086 :
833 2030 955 2089 Non
994 2030 1271 2086 secundum
1317 2036 1669 2084 testamentum
1712 2025 1848 2097 quod

264 2125 362 2194 {cci
390 2124 620 2193 patribus
649 2140 822 2178 eorum
846 2166 862 2187 ,
907 2126 993 2193 qui
1021 2133 1162 2178 erum
1188 2124 1237 2177 in
1262 2122 1416 2177 exitu.
1454 2122 1518 2176 Et
1562 2121 1682 2176 ideo
1718 2120 1847 2177 sub-

260 2215 454 2287 iunxit,
489 2215 557 2270 In
600 2219 683 2271 die
702 2233 803 2282 qua
831 2216 1145 2286 apprehendi
1165 2231 1368 2269 manum
1407 2230 1600 2280 eorum,
1632 2223 1687 2267 ut
1716 2213 1849 2269 edu-

263 2325 423 2362 cerem
451 2309 571 2363 illos
610 2310 673 2363 de
707 2319 844 2362 tetra
873 2308 1092 2379 Egypti
1119 2325 1138 2362 :
1161 2310 1397 2377 quoniam
1441 2307 1537 2375 ipsi
1584 2322 1685 2360 non
1726 2321 1839 2374 per-

261 2411 558 2455 manserunt
585 2403 636 2456 in
659 2411 951 2456 testamento
981 2417 1113 2466 meo,
1145 2411 1191 2454 et
1227 2417 1317 2471 ego
1343 2398 1539 2470 neglexi
1569 2413 1652 2453 eos
1671 2439 1687 2465 ,
1726 2396 1844 2450 dicit

260 2490 539 2548 Dominus.

330 2587 389 2641 3.
424 2584 590 2641 Vides
611 2583 831 2655 primum
867 2585 1006 2639 mala
1041 2600 1070 2639 a
1097 2582 1252 2639 nobis
1273 2581 1549 2652 incipere?
1599 2580 1721 2649 lpsi,
1755 2578 1841 2634 in-

258 2682 397 2750 quit,
434 2679 662 2748 primum
704 2694 805 2732 non
834 2684 1262 2748 permanserunt.
1290 2675 1431 2746 Ergo
1466 2672 1603 2742 apud
1634 2686 1733 2726 nos
1763 2677 1846 2724 est

259 2772 584 2843 negligentia
610 2786 624 2833 ;
655 2770 792 2823 bona
820 2780 998 2825 autem
1024 2770 1092 2823 ab
1119 2769 1256 2837 ipso,
1283 2765 1563 2830 beneficia,
1598 2764 1837 2833 inquam.

260 2865 356 2920 llic
401 2865 554 2935 ponit
599 2873 869 2933 tamquam
917 2861 1306 2925 defensionem,
1356 2860 1525 2927 ipsam
1555 2856 1843 2911 ostendens

258 2970 503 3022 causam,
531 2965 747 3024 propter
766 2969 924 3023 quam
948 2967 1040 3009 eos
1062 2951 1329 3021 relinquit.
1358 2950 1442 3004 lt).
1469 2947 1721 3012 Quoniam
1746 2945 1840 2999 hoc

260 3056 721 3105 esttestamentum,
750 3044 940 3115 inquit,
978 3043 1112 3113 quod
1152 3043 1417 3112 disponam
1452 3038 1626 3092 domui
1670 3035 1834 3091 Israel

262 3147 369 3204 post
386 3137 496 3189 dies
524 3136 663 3201 illos,
682 3135 804 3189 dicit
831 3133 1083 3187 Dominus
1102 3131 1278 3186 :Dabo
1316 3130 1447 3201 leges
1461 3146 1594 3184 meas
1613 3129 1663 3182 in
1681 3138 1843 3181 mente

261 3245 452 3290 eorum,
481 3240 527 3281 et
544 3230 596 3282 in
614 3228 765 3281 corde
780 3243 951 3280 eorum
973 3226 1186 3280 scribam
1208 3241 1315 3290 eas;
1340 3233 1388 3277 et
1403 3239 1487 3276 ero
1504 3225 1575 3278 eis
1586 3223 1637 3276 in
1660 3219 1837 3283 Deum,

263 3334 307 3373 et
332 3322 435 3391 ipsi
462 3330 611 3375 erunt
633 3321 757 3374 mihi
777 3321 828 3373 in
856 3319 1121 3387 populum.
1145 3316 1295 3372 Adeo
1315 3316 1429 3371 Iure
1448 3316 1577 3371 dicit
1603 3315 1669 3371 de
1697 3330 1835 3370 novo

264 3413 745 3481 Testamentoquia
762 3411 890 3465 dicit
905 3408 1046 3465 :Non
1063 3411 1333 3464 secundum
1347 3417 1690 3463 testamentum
1705 3408 1842 3479 quod

266 3506 373 3575 feci.
402 3507 662 3572 Quruam
693 3512 871 3556 autem
911 3510 995 3555 cst
1041 3501 1142 3555 alia
1170 3516 1327 3572 quant
1356 3500 1468 3553 haec
1495 3498 1838 3553 dill‘erentia?

266 3595 320 3647 Si
345 3598 464 3665 quis
486 3604 665 3648 autem
689 3594 830 3647 dicat
855 3609 958 3645 non
991 3592 1042 3644 in
1074 3591 1173 3646 hoc
1191 3607 1309 3646 esse
1334 3589 1715 3656 differentium,
1746 3589 1840 3644 sed

275 3686 408 3754 quod
431 3688 568 3740 datm
597 3686 703 3738 sint
724 3686 774 3738 iu
802 3684 1054 3738 cordibus
1075 3698 1290 3735 eorum:
1322 3696 1425 3735 non
1453 3689 1840 3750 praceptorum

270 3777 497 3831 ostendit
520 3776 898 3839 diﬂ‘ercutiam,
917 3773 1010 3829 sed
1031 3771 1444 3826 motluuidandi.
1472 3770 1583 3824 Non
1613 3770 1841 3839 amplius

270 3873 363 3924 erit
382 3914 397 3935 ,
430 3872 622 3939 inquit,
645 3869 1047 3924 Testamentum
1075 3868 1125 3919 in
1152 3865 1463 3929 literis,~sed
1488 3866 1540 3919 in
1568 3864 1839 3921 cordibus.

274 3962 375 4016 lloc
398 3961 472 4015 ali
493 3961 692 4029 'uando
723 3959 919 4013 factum
948 3957 1197 4013 ostendat
1222 3956 1475 4021 lud:cus;
1508 3956 1600 4010 sed
1624 3970 1729 4010 non
1762 3957 1842 4010 in—

273 4055 440 4108 veniet
467 4071 481 4108 :
513 4068 701 4107 rursus
743 4053 884 4107 enim
918 4050 1110 4105 factum
1146 4050 1242 4103 fuit
1268 4052 1318 4102 in
1347 4049 1515 4105 literis
1556 4058 1674 4118 post
1704 4048 1843 4102 rcdi-

273 4158 373 4202 tum
396 4164 425 4203 a
451 4146 749 4218 Babylone.
803 4145 913 4215 Ego
940 4153 1116 4197 autem
1145 4142 1371 4196 ostendo
1410 4141 1683 4211 apostolos
1710 4140 1843 4195 nihil

272 4240 536 4310 accepisse
576 4236 859 4305 scriptum,
906 4234 1001 4289 sed
1032 4233 1335 4302 suscepisse
1367 4233 1418 4285 in
1452 4231 1702 4287 cordibus
1747 4247 1843 4300 per

265 4329 513 4401 Spiritum
552 4336 822 4385 sanctum.
849 4328 1212 4396 Quamobrem
1243 4327 1489 4382 Christus
1513 4341 1726 4397 quoque
1760 4326 1844 4382 di-

263 4422 404 4478 cebat
433 4442 446 4477 :
482 4421 587 4476 Ille
605 4438 723 4475 cum
748 4421 961 4487 uenerit,
1004 4421 1176 4473 omnia
1205 4420 1341 4472 vobis
1371 4417 1620 4472 revocabit
1647 4418 1701 4472 in
1736 4433 1842 4471 me-

259 4517 489 4582 moriam,
524 4524 569 4570 el
596 4512 799 4569 docebit
822 4509 1090 4585 vos(loan.
1128 4511 1216 4565 M.
1249 4508 1364 4581 26).
1391 4508 1479 4562 ll.
1533 4505 1600 4561 Et
1627 4524 1727 4561 non
1750 4508 1842 4561 do-

259 4610 374 4663 cebit
422 4608 769 4678 unusquisque
815 4606 1104 4677 proximum
1155 4621 1340 4668 suum,
1407 4611 1453 4657 et
1498 4602 1844 4671 unusquisque

260 4703 463 4768 fratrem
499 4718 676 4767 suum,
703 4700 874 4754 dicens
897 4714 917 4753 :
966 4696 1222 4770 Cognosce
1244 4696 1519 4751 Dominum
1544 4712 1562 4750 :
1604 4696 1842 4766 quoniam

260 4810 421 4847 omnes
451 4798 613 4850 scient
639 4808 717 4846 me
743 4809 774 4845 a
797 4791 991 4849 minore
1014 4805 1169 4857 usque
1191 4788 1257 4841 ad
1290 4788 1553 4860 utajorent.
1585 4785 1671 4842 I2.
1709 4785 1844 4853 Quia

262 4888 511 4954 prapitius
540 4901 627 4938 ero
656 4885 874 4950 peccatis
892 4894 941 4935 et
970 4883 1318 4953 iniquitatibus
1347 4896 1543 4946 eorum,
1589 4891 1636 4935 et
1668 4895 1843 4950 pecca-

264 4984 420 5029 torum
441 4993 616 5030 eorum
641 4980 746 5045 iam
779 4991 879 5027 non
919 4971 1259 5028 memorabor.
1302 4971 1440 5026 Ecce
1460 4970 1601 5025 aliud
1629 4985 1835 5040 quoque

263 5069 501 5138 Signum:
558 5069 603 5122 Α
636 5085 819 5139 parco,
869 5067 1063 5138 inquit,
1115 5082 1273 5133 usque
1309 5065 1377 5118 ad
1403 5080 1638 5136 magnum
1667 5079 1838 5141 eorum

265 5174 337 5212 tlte
358 5161 538 5222 scient.
565 5170 621 5215 et
644 5177 752 5214 non
775 5160 977 5225 dicent,
1004 5155 1262 5230 Cognosce
1294 5155 1585 5210 Dominum.
1619 5154 1841 5224 Quando

267 5248 451 5306 {actum
479 5249 719 5317 esthoc,
762 5249 861 5303 nisi
892 5247 1070 5302 nunc?
1119 5246 1251 5302 Nam
1290 5244 1429 5316 quod
1458 5256 1700 5300 nostrmn
1722 5243 1811 5313 qui
1830 5269 1842 5283 -

265 5342 380 5399 dem
419 5352 527 5410 est,
575 5351 665 5399 est
711 5339 1052 5395 manifestum
1078 5357 1092 5393 :
1116 5336 1261 5409 quod
1286 5346 1462 5392 autem
1489 5345 1573 5392 est
1603 5335 1839 5401 illorum,

266 5452 597 5509 nequaquam
643 5443 729 5492 est
763 5433 1129 5513 manilestpm,
1171 5430 1267 5486 sed
1312 5430 1509 5501 angulo
1552 5429 1839 5484 inclusum.

266 5530 505 5599 Alioquin
529 5542 729 5584 novum
757 5535 884 5581 tunc
910 5523 1125 5589 dicitur,
1152 5520 1366 5593 quando
1391 5520 1549 5575 fuerit
1567 5518 1732 5585 aliud,
1781 5527 1839 5575 et

268 5622 554 5679 mtenderit
568 5621 615 5677 si
645 5618 769 5692 quid
785 5618 904 5690 plus
924 5616 1084 5672 habet
1096 5630 1254 5686 quam
1271 5623 1446 5669 vetus.
1478 5611 1592 5666 Iloc
1618 5627 1827 5682 quoque

272 5723 347 5770 est
373 5712 608 5783 Novum,
653 5708 869 5783 quando
904 5707 1023 5780 ejus
1049 5706 1151 5763 alia
1177 5704 1388 5777 quidem
1416 5702 1612 5760 fuerint
1633 5700 1831 5770 ablata,

1936 1404 2003 1444 eo
2031 1390 2177 1460 quod
2208 1390 2412 1445 nullum
2441 1388 2604 1447 faciat
2632 1391 2890 1449 fructum.
2934 1396 3002 1451 Et
3027 1404 3084 1451 nt
3109 1410 3295 1455 exacte
3318 1402 3513 1468 ἀίκυης,

1947 1482 2062 1552 lege
2089 1483 2214 1553 quid
2238 1486 2382 1538 dicat
2411 1487 2659 1555 Aggzeus,
2689 1486 2814 1557 quid
2842 1487 3149 1555 Zacharias,
3180 1491 3308 1561 quid
3346 1507 3517 1563 ange-

1946 1571 2050 1638 lus,
2082 1574 2209 1644 quid
2241 1575 2437 1631 Esdras
2468 1579 2697 1634 iucuset.
2726 1578 3007 1647 Quomodo
3030 1581 3188 1651 igitur
3209 1599 3331 1638 eum
3359 1599 3523 1645 exces-

1944 1664 2064 1734 pitl
2090 1664 2371 1733 Quomodo
2397 1678 2576 1724 autem
2609 1670 2785 1726 nullus
2806 1681 2962 1741 rogat
2985 1673 3287 1737 Doruiuum,
3308 1677 3527 1746 quando

1943 1770 1998 1817 et
2030 1761 2131 1831 ipsi
2157 1771 2283 1817 sunt
2312 1766 2652 1835 transgressi,
2709 1777 2764 1822 et
2793 1783 2859 1823 ne
2899 1768 3000 1837 ipsi
3031 1769 3245 1837 quidem
3287 1782 3477 1825 norunt
3503 1771 3528 1825 ἲ

1951 1854 2111 1910 Vides
2136 1855 2407 1924 quomodo
2434 1867 2580 1912 tuum
2620 1861 2689 1913 sit
2720 1861 3011 1915 violatum?
3043 1862 3154 1932 Ego
3181 1873 3358 1918 autem
3383 1880 3524 1932 pono

1946 1962 2148 2012 meum,
2172 1963 2365 2019 nempe
2385 1951 2525 2019 quod
2548 1950 2650 2006 hoc
2674 1954 2892 2023 proprie
2915 1953 3120 2008 dieatur
3140 1971 3356 2009 uovnm.
3382 1957 3528 2010 Alio-

1946 2039 2071 2111 quin
2099 2048 2279 2094 autem
2314 2054 2381 2093 ne
2408 2041 2535 2096 illud
2563 2042 2777 2113 quidem
2821 2043 3059 2098 concedo
3079 2044 3146 2099 dc
3174 2045 3276 2099 hoc
3300 2059 3419 2100 esse
3438 2045 3527 2099 di-

1945 2141 2090 2186 ctum
2113 2172 2129 2197 ,
2189 2130 2301 2185 Erit
2328 2147 2511 2185 novum
2566 2134 2745 2187 cwlitni
2793 2132 2944 2198 (Isai.
2969 2136 3060 2191 65.
3089 2135 3199 2204 I7).
3241 2135 3350 2190 Cur
3380 2137 3522 2190 cnim

1945 2223 2131 2278 dicens
2170 2222 2221 2276 in
2254 2223 2689 2290 Deuteronomio,
2750 2222 2863 2277 Erit
2894 2228 3073 2279 caelum
3102 2242 3291 2280 cereum
3335 2226 3517 2294 (Deut.

1945 2313 2036 2368 28.
2065 2312 2183 2380 23).
2217 2328 2322 2368 nou
2354 2313 2456 2369 huc
2484 2315 2657 2382 posuit
2699 2316 2750 2369 in
2779 2315 3157 2373 distincio-ie:
3220 2318 3312 2373 Sin
3342 2327 3524 2374 autem

1946 2406 2245 2473 audieritis,
2272 2406 2375 2461 erit
2398 2409 2632 2462 novum?
2655 2408 2814 2478 Atqui
2842 2421 3120 2479 propterea
3142 2413 3271 2465 dicit
3296 2428 3357 2466 se
3377 2412 3523 2467 aliud

1945 2495 2195 2552 daturum
2242 2497 2665 2578 Testamentum,
2692 2500 2944 2569 quoniam
2978 2516 3083 2555 non
3113 2514 3526 2572 permanserunt

1946 2590 1999 2644 in
2022 2591 2205 2659 priori.
2236 2590 2350 2646 Hoc
2376 2605 2478 2660 ego
2500 2591 2729 2647 ostendo
2762 2609 2855 2661 per
2883 2608 2944 2647 ea
2985 2609 3104 2663 qme
3151 2594 3319 2650 dicit:
3371 2595 3519 2651 Nam

1944 2684 2081 2753 quod
2124 2684 2434 2753 impossibile
2474 2693 2582 2738 erat
2626 2684 2770 2755 legis,
2813 2687 2867 2739 in
2910 2702 3010 2755 quo
3048 2686 3404 2755 inﬁrmabatur
3433 2705 3523 2758 per

1944 2792 2146 2829 carnem
2164 2793 2184 2841 ;
2212 2783 2265 2831 et
2289 2791 2496 2839 rursus,
2528 2776 2666 2840 Quid
2713 2779 2918 2832 tentatis
2950 2776 3112 2833 Deum
3144 2781 3404 2851 imponere
3422 2783 3518 2852 ju—

1942 2883 2062 2938 gum
2087 2883 2243 2937 super
2258 2868 2446 2920 collum
2465 2868 2851 2936 discipulorum,
2887 2870 3023 2939 quod
3050 2887 3209 2941 neque
3234 2883 3404 2941 patres
3426 2890 3522 2927 nov

1943 2960 2054 3022 stri,
2102 2974 2261 3024 neque
2297 2975 2388 3013 nos
2414 2960 2669 3029 potuimus
2696 2964 2829 3031 ferre
2860 2962 2877 3028 (
2910 2960 3060 3014 Rom.
3094 2963 3147 3017 8.
3180 2964 3214 3018 3
3248 2965 3397 3030 ;Act.
3428 2966 3517 3020 15.

1942 3053 2098 3124 I0)?
2148 3052 2399 3119 Quoniam
2440 3053 2540 3123 ipsi
2568 3070 2669 3107 non
2711 3064 3113 3123 permanserunt,
3169 3054 3362 3124 inquit.
3421 3058 3520 3113 llic

1940 3143 2173 3199 ostendit
2196 3143 2337 3214 quod
2381 3156 2480 3197 uos
2518 3142 2764 3212 dignatur
2790 3142 3079 3211 nmjoribus
3125 3152 3181 3198 et
3210 3146 3375 3213 magis
3409 3147 3519 3216 Spi—

1942 3236 2244 3290 ritualibus.
2294 3234 2359 3289 In
2381 3251 2581 3289 onmem
2606 3235 2774 3300 enim,
2824 3236 3015 3306 inquit,
3044 3246 3230 3290 terram
3261 3238 3410 3290 exiuit
3431 3255 3521 3291 so-

1939 3344 2034 3381 nus
2072 3343 2264 3389 eorum,
2317 3338 2363 3381 et
2408 3327 2458 3380 in
2481 3327 2608 3394 ﬁnes
2633 3326 2766 3379 orbis
2795 3336 2944 3382 terrw
2976 3336 3118 3382 verba
3146 3345 3316 3381 eorum
3342 3329 3517 3398 (Psal.

1941 3418 2027 3474 I8.
2059 3420 2136 3489 5).
2187 3418 2297 3474 lloc
2319 3429 2422 3483 est,
2467 3418 2587 3473 Non
2614 3419 2745 3473 dicet
2772 3423 3111 3493 unusquisque
3131 3427 3362 3495 proximo
3383 3443 3473 3480 suo
3502 3440 3521 3479 :

1938 3508 2196 3580 Cognosce
2226 3508 2514 3562 Dominum.
2551 3510 2616 3565 Et
2645 3526 2830 3566 rursus
2859 3531 2871 3565 :
2922 3512 3230 3585 lmplebitur
3267 3528 3402 3572 terra
3431 3536 3521 3573 co-

1938 3599 2165 3669 gnitione
2193 3597 2419 3663 Domini,
2451 3601 2577 3654 sicut
2605 3618 2735 3669 aqua
2772 3603 2928 3657 multa
2950 3609 3149 3674 operuit
3179 3625 3319 3663 mare
3357 3611 3377 3682 (
3410 3611 3522 3665 lla-

1940 3692 2051 3745 bac.
2082 3690 2119 3743 2
2166 3691 2275 3761 Η).
2312 3691 2396 3747 15.
2429 3690 2658 3746 Dicenda
2682 3704 2873 3759 autem,
2905 3697 3097 3766 inquit,
3132 3716 3340 3768 novnm,
3376 3717 3510 3756 vetc-

1937 3783 2067 3836 ravit
2097 3782 2261 3852 prius.
2290 3782 2441 3850 Quod
2469 3794 2637 3837 autem
2664 3786 2957 3855 antiquetur
2998 3799 3044 3841 et
3085 3795 3317 3859 senescit,
3361 3813 3520 3867 prope

1936 3873 2195 3926 interitum
2218 3882 2314 3927 est.
2363 3873 2497 3928 Vide
2526 3876 2795 3944 quomodo
2835 3878 2976 3947 quod
3028 3891 3147 3936 erat
3193 3886 3516 3942 occultatum

1935 3965 2165 4031 aperuit,
2195 3965 2362 4032 ipsam
2393 3974 2625 4020 mentem
2655 3967 2960 4036 pI‘OpItclm.
2998 3970 3289 4033 llonoravit
3318 3977 3511 4047 legem,

1936 4064 1991 4109 et
2016 4054 2183 4108 noluit
2212 4070 2329 4109 eam
2369 4054 2553 4111 dicere
2593 4059 2905 4114 noniinatim
2939 4071 3170 4118 veterem
3200 4081 3214 4125 ;
3248 4081 3518 4124 verumta-

1936 4161 2059 4201 men
2091 4144 2192 4201 hoc
2216 4146 2349 4201 dixit
2377 4165 2391 4202 :
2442 4162 2565 4202 nam
2596 4150 2643 4204 si
2666 4150 2794 4205 illml
2823 4163 2967 4207 esset
2998 4170 3217 4222 novum,
3276 4174 3384 4214 non
3415 4161 3516 4224 hoc

1933 4253 2143 4308 quoque
2182 4250 2366 4310 postea
2417 4245 2744 4313 appellasset
2784 4265 3003 4307 novum.
3050 4252 3411 4320 Quamobrem
3453 4269 3508 4313 et

1934 4329 2133 4400 aiiquid
2162 4332 2296 4387 dans
2343 4337 2570 4407 amplius
2614 4348 2669 4393 et
2710 4341 2973 4409 alterum,
3003 4342 3206 4414 inquit,
3244 4344 3511 4403 Veterartt.

1935 4421 2078 4493 Ergo
2121 4423 2435 4483 dissolvitur
2463 4440 2516 4485 et
2560 4431 2744 4485 interit
2770 4440 2825 4487 et
2843 4427 2954 4487 non
2985 4445 3072 4489 est
3106 4436 3354 4504 amplius.
3409 4441 3513 4492 Ac-

1933 4523 2084 4583 cepta
2110 4529 2139 4567 a
2165 4517 2422 4587 propheta
2453 4519 2666 4587 ﬁducia,
2697 4524 2865 4593 magis
2887 4524 2940 4578 id
2961 4524 3257 4581 insectatur
3281 4528 3508 4592 utiliter,

1934 4604 2223 4661 ostendens
2247 4609 2389 4678 quod
2417 4621 2596 4664 nostra
2628 4628 2768 4667 nunc
2790 4614 3011 4671 ﬂoreant
3034 4633 3049 4683 ;
3084 4617 3303 4682 laoeest,
3331 4631 3513 4673 osten-

1934 4692 2010 4747 dit
2039 4710 2158 4750 eSse
2188 4708 2358 4752 vetus.
2394 4700 2598 4755 Deinde
2626 4714 2849 4773 accepto
2883 4709 3100 4763 nomine
3131 4710 3425 4773 vetustatis,
3458 4718 3514 4764 ct

1933 4784 2038 4837 alio
2066 4800 2096 4839 a
2126 4802 2185 4840 se
2212 4788 2413 4854 addito,
2462 4806 2653 4862 nempe
2679 4795 2834 4862 senii,
2875 4798 3015 4866 qum]
3045 4797 3361 4852 restabath
3393 4800 3514 4854 aliis

1934 4879 2160 4945 accepit,
2183 4889 2237 4934 et
2262 4880 2387 4936 dicit
2412 4900 2425 4938 :
2458 4882 2628 4954 Prope
2683 4888 2936 4945 interitum
2966 4901 3057 4942 est.
3113 4889 3225 4943 Non
3253 4906 3381 4958 ergo
3412 4908 3511 4946 no-

1934 4982 2058 5021 vum
2079 4969 2321 5026 absolute
2347 4972 2623 5044 abrogauit
2664 4987 2812 5033 vetus
2840 4978 3264 5038 'l’estzuuentum.
3324 4984 3418 5037 sed
3454 4993 3510 5039 ut

1935 5059 2075 5128 quod
2105 5064 2467 5129 consenuerit,
2511 5077 2563 5118 ut
2610 5069 2751 5135 quod
2793 5069 2837 5122 si
2870 5070 3077 5126 inutile.
3118 5050 3407 5144 Propterea
3434 5078 3515 5131 di-

1935 5152 2110 5218 cebat,
2140 5151 2355 5221 Propter
2374 5156 2718 5222 inﬁrmitatem
2745 5170 2792 5214 et
2835 5162 3193 5231 inutilitatem;
3233 5180 3310 5233 et,
3361 5169 3511 5225 Nileil

1935 5243 2006 5296 ad
2031 5244 2309 5312 perfectum
2337 5247 2549 5300 adduxit
2591 5248 2711 5313 (ex;
2759 5261 2812 5305 et
2839 5252 3001 5320 quod,
3036 5254 3096 5306 Si
3120 5258 3338 5322 primum
3360 5261 3512 5327 culpa

1935 5342 2200 5396 vacasset,
2253 5351 2358 5388 non
2403 5344 2731 5406 φαεν-ενδινγ
2755 5338 2970 5392 secundi
3000 5338 3142 5393 locus
3164 5341 3234 5410 (c.
3269 5342 3321 5395 7.
3353 5344 3513 5397 v.18:

1940 5424 2005 5479 l9
2045 5434 2165 5478 etc.
2193 5426 2249 5480 8.
2279 5442 2326 5479 υ,
2351 5424 2439 5497 7).
2498 5425 2672 5498 Culpa
2701 5443 2902 5484 vacans
2940 5430 3071 5500 quid
3100 5431 3217 5486 est?
3268 5432 3381 5486 Hoc
3405 5443 3509 5499 est,

1935 5518 2092 5583 utile,
2132 5518 2291 5571 forte.
2331 5517 2447 5571 Hoc
2475 5517 2630 5584 dicit,
2666 5534 2777 5590 non
2805 5520 2951 5590 quod
2981 5521 3051 5575 sit
3075 5521 3370 5575 obnoxium
3401 5524 3513 5578 cri-

1935 5610 2195 5675 minibus,
2218 5609 2313 5665 sed
2337 5609 2485 5681 quod
2505 5611 2882 5677 nonsulliciat,
2902 5612 3094 5669 rudius
3117 5623 3201 5668 est
3217 5613 3510 5684 loquutus:

1937 5711 2000 5758 ut
2028 5702 2073 5758 si
2103 5701 2379 5774 quispiam
2401 5703 2581 5775 dicat,
2635 5704 2808 5777 Culpa
2836 5719 2946 5762 non
2968 5712 3125 5761 vacat
3148 5705 3373 5779 domus;
3408 5706 3513 5765 hoc
