4088 6204
501 244 602 296 Hb

487 365 592 417 cst,
639 353 694 414 in
743 367 805 409 eo
861 357 948 412 est
990 349 1208 414 vitium,
1241 357 1298 404 et
1329 363 1440 408 non
1469 344 1746 404 est‘lirma
1771 355 1827 402 et
1850 344 2063 401 solida:

488 443 663 511 Culpa
696 455 803 498 non
830 447 988 502 vacat
1016 438 1209 503 vestis,
1256 437 1361 494 hoc
1400 445 1506 502 est,
1546 437 1658 508 jam
1689 435 1906 493 dilluit.
1947 435 2068 494 Non

496 549 627 604 ergo
658 533 750 588 hic
775 532 914 586 dicit
948 530 1095 600 quod
1119 531 1195 591 sit
1214 529 1420 592 malum
1445 569 1460 596 ,
1516 529 1612 585 sed
1642 529 1790 599 quod
1825 530 1878 586 in
1905 544 1972 585 eo
1999 528 2072 585 sit

491 625 638 702 quod
675 625 1116 697 reprehendatur
1149 623 1504 694 deiectusque
1529 631 1586 682 et
1607 616 1862 678 vitium.‘

568 717 620 770 4.
660 714 732 767 Ita
759 728 856 770 nos
883 727 1093 780 quoque
1117 711 1243 770 novi
1271 724 1457 770 sumus
1481 749 1498 776 ,
1557 711 1643 766 vel
1682 710 1856 780 potius
1875 707 2076 766 fuimus

494 805 619 860 novi
650 820 664 868 ;
714 818 852 858 nime
882 811 1058 858 autem
1095 801 1545 858 inveteravimus:
1583 808 1859 868 propterea
1891 811 2072 858 sumus

499 897 968 968 pt-upeinteritum.
999 893 1126 960 Sed,
1150 894 1194 950 si
1213 893 1457 962 velimus,
1479 892 1582 948 hoc
1599 893 1803 948 senium
1817 890 2082 948 amovohi-

494 1004 612 1043 ιιιιιε
625 999 678 1043 et
697 987 1034 1046 abradetnus.
1049 986 1282 1044 Lavacro
1299 984 1510 1054 quidem
1525 983 1633 1052 jam
1655 996 1760 1040 non
1775 996 2077 1051 possumus,

495 1081 588 1142 sed
621 1094 902 1150 possumus
927 1079 1257 1147 paenitentia.
1295 1078 1348 1132 Si
1381 1074 1505 1146 quid
1534 1076 1604 1132 sit
1647 1076 1701 1136 in
1733 1075 1884 1134 nobis
1928 1082 2080 1128 vetu-

495 1184 658 1238 stum,
699 1173 1011 1242 abjiciamus
1033 1171 1225 1240 :siqua
1253 1184 1400 1236 ruga,
1429 1169 1471 1226 si
1499 1182 1599 1238 qua
1627 1167 1852 1230 macula,
1895 1165 1940 1222 si
1983 1181 2083 1234 qua

497 1267 702 1328 sordes,
743 1264 1022 1318 abluantus
1036 1270 1088 1316 et
1117 1261 1318 1330 pulchri
1339 1260 1643 1329 reddamur,
1666 1268 1726 1321 ut
1741 1259 2084 1336 concupiscat

499 1358 612 1412 Rex
643 1355 1097 1427 pulchritudinem
1137 1363 1402 1412 nostram.
1452 1353 1626 1418 Licet,
1657 1351 1868 1413 etiamsi
1895 1353 1948 1404 in
1979 1365 2082 1403 ex-

497 1476 721 1523 tremam
771 1470 1131 1526 deciderimus
1180 1468 1574 1523 deformitatem
1603 1507 1618 1522 .
1696 1479 1881 1519 rursus
1927 1461 2074 1518 illam

499 1559 778 1628 acquirere
809 1558 1280 1628 pulchritudinem,
1309 1557 1378 1612 de
1399 1573 1498 1626 qua
1521 1556 1651 1610 dicit
1678 1551 1844 1608 David
1871 1570 1883 1605 :
1915 1549 2074 1613 Audi,

501 1651 630 1718 ﬁlia,
656 1661 703 1704 et
728 1651 860 1716 vide,
893 1661 938 1704 et
964 1651 1156 1704 inclina
1181 1667 1356 1704 aurem
1382 1659 1542 1714 tuam,
1583 1656 1629 1702 et
1667 1645 1956 1700 obliviscere
1983 1657 2077 1710 po-

501 1743 610 1814 puli
637 1744 730 1808 tui,
765 1753 810 1796 et
840 1743 1017 1797 domus
1050 1743 1210 1812 patris
1235 1745 1331 1810 tui,
1373 1753 1420 1797 et
1445 1743 1760 1812 concupiscet
1784 1738 1896 1793 Rc:
1923 1736 2079 1792 ἄθεον

501 1851 607 1888 rem
633 1845 770 1888 tuum
795 1834 966 1904 (Psal.
990 1836 1078 1890 44.
1115 1836 1204 1889 Η.
1232 1834 1348 1906 12).
1401 1834 1561 1903 Atqui
1592 1832 1791 1888 oblivio
1825 1845 1928 1886 non
1953 1827 2084 1882 facit

501 1927 772 1990 decorem;
795 1927 1064 1993 decorem,
1089 1927 1325 1996 inquam,
1345 1925 1558 1984 animat.
1573 1924 1825 1991 Quaenam
1844 1930 1927 1976 est
1953 1933 2082 1988 ergo

502 2017 739 2071 oblivio?
764 2016 973 2072 Oblivio
995 2027 1356 2086 peccatorum.
1390 2016 1694 2086 Alloquitur
1718 2013 1861 2068 enim
1887 2011 2081 2065 Eccle-

504 2110 637 2166 siam
653 2126 769 2180 qua:
781 2119 862 2165 est
887 2126 950 2165 ex
981 2111 1245 2179 gentibus,
1266 2109 1316 2166 ei
1342 2109 1574 2164 suadens
1596 2117 1651 2162 ut
1669 2115 1946 2176 parentum
1978 2117 2083 2157 non

505 2201 830 2266 meminerit,
889 2216 1084 2268 nempe
1128 2215 1313 2254 eorum
1343 2198 1433 2269 qui
1470 2195 1854 2252 sacriﬁcabant
1879 2192 2036 2247 idolis
2068 2209 2081 2246 :

506 2292 656 2346 exiis
682 2290 824 2345 enim
859 2289 954 2344 fuit
992 2291 1238 2346 collecta.
1293 2289 1361 2344 Et
1391 2304 1499 2343 non
1529 2288 1681 2352 dixit,
1725 2287 1803 2341 Ne
1840 2283 2087 2349 accedas,

507 2383 604 2437 sed
629 2382 770 2452 quod
799 2393 882 2438 est
909 2383 1161 2451 amplius,
1202 2381 1281 2437 Ne
1319 2396 1505 2436 eorum
1545 2380 1762 2449 quidem
1807 2377 1986 2432 veniat
2034 2376 2087 2430 in

510 2484 768 2530 mentem.
799 2473 952 2540 Quod
979 2474 1141 2530 etiam
1163 2473 1292 2528 dicit
1325 2472 1484 2534 alibi:
1521 2470 1646 2524 Non
1667 2468 1974 2524 recordabar
1993 2483 2084 2521 no-

509 2565 702 2620 minum
721 2582 892 2620 eorum
917 2582 1006 2635 per
1033 2566 1170 2620 labia
1191 2583 1339 2628 mea;
1368 2577 1422 2620 et
1451 2579 1656 2629 rursus,
1686 2562 1752 2618 Ut
1777 2580 1881 2616 non
1908 2563 2088 2631 loqua-

511 2667 592 2712 tur
619 2673 674 2710 os
712 2673 876 2710 meum
918 2673 1073 2726 opera
1102 2657 1360 2710 hominum
1389 2655 1559 2726 (Ptol.
1595 2655 1680 2709 15.
1720 2655 1775 2708 Δ.
1799 2663 1846 2707 et
1875 2653 1964 2707 lli.
1999 2651 2084 2722 6).

511 2748 756 2803 Nondum
784 2750 885 2804 hoc
915 2759 995 2803 est
1035 2763 1224 2818 magna
1251 2747 1455 2810 virtus;
1503 2747 1614 2800 imo
1651 2756 1734 2800 cst
1763 2759 1949 2812 magna
1975 2743 2094 2813 qui-

512 2840 656 2907 dem,
695 2841 790 2896 sed
815 2856 920 2895 non
942 2841 1084 2894 talis.
1115 2840 1227 2894 lllic
1251 2840 1393 2894 enim
1414 2839 1540 2909 quid
1572 2837 1748 2892 dicit?
1797 2837 1910 2891 Non
1931 2836 2087 2902 dixit,

512 2931 626 2987 Non
655 2932 890 3001 loquaris
911 2947 1029 3002 qua;
1058 2940 1185 2986 sunt
1206 2939 1438 3001 patrum,
1487 2929 1604 2994 sed,
1646 2924 1757 2984 Nec
1782 2943 1968 2984 eorum
2003 2941 2092 2981 re-

512 3023 774 3088 corderis,
818 3039 917 3080 nec
945 3024 1038 3078 tibi
1068 3024 1120 3078 in
1149 3033 1383 3088 mentem
1411 3022 1650 3077 veniant.
1709 3021 1872 3076 Vides
1892 3027 2096 3090 quanto

515 3113 798 3170 intervallo
824 3114 937 3168 vult
963 3129 1061 3169 nos
1081 3113 1271 3169 abesse
1302 3128 1333 3166 a
1364 3112 1536 3167 vitio?
1571 3111 1703 3166 Nam
1729 3111 1819 3182 qui
1847 3125 1952 3166 non
1983 3124 2100 3182 mc-

517 3206 690 3269 minit,
731 3221 830 3261 nec
856 3204 1148 3276 cogitabit;
1180 3205 1269 3274 qui
1300 3218 1405 3258 non
1435 3204 1654 3273 cogitat,
1703 3217 1802 3257 nec
1823 3202 2095 3271 loquitur;

516 3297 605 3364 qui
634 3306 810 3350 autem
834 3311 939 3348 non
961 3295 1218 3364 loquitur,
1246 3309 1346 3349 nec
1363 3303 1507 3362 aget.
1543 3293 1704 3348 Vides
1728 3293 1942 3363 quantis
1969 3306 2099 3360 Spa-

519 3391 608 3444 tiis
632 3389 726 3442 viae
749 3403 846 3444 nos
872 3389 1060 3451 arcuit,
1086 3399 1141 3442 et
1160 3389 1373 3457 quantis
1400 3387 1700 3442 intervallis
1721 3399 1824 3440 nos
1843 3385 2101 3440 removit?

521 3481 664 3550 Ergo
690 3493 789 3538 nos
809 3494 1024 3549 quoque
1053 3479 1353 3544 audiamus,
1404 3486 1460 3533 et
1486 3477 1748 3532 malorum
1791 3486 2099 3535 nostrorum

519 3570 916 3635 obliviscamur,
969 3583 1072 3626 non
1108 3579 1470 3637 peccatorum,
1503 3567 1739 3636 inquam,
1780 3582 1901 3636 quae
1923 3566 2103 3621 admi-

519 3664 687 3717 simus
717 3681 731 3716 :
762 3661 1025 3720 Memento
1055 3661 1220 3722 enim,
1266 3660 1458 3729 inquit,
1505 3668 1560 3714 tu
1590 3660 1758 3728 prior,
1791 3669 1844 3714 et
1865 3673 1965 3730 ego
1992 3675 2101 3714 non

520 3755 837 3810 meminero.
871 3751 937 3808 Ut
963 3751 1194 3821 exempli
1220 3765 1414 3807 causa:
1456 3765 1565 3806 non
1594 3750 1822 3820 amplius
1853 3750 2104 3806 recorde-

520 3860 643 3900 mur
687 3845 905 3914 rapimr,
959 3842 1052 3906 sed
1083 3844 1244 3898 etiam
1289 3841 1468 3912 priora
1523 3840 1832 3898 reddamus.
1878 3842 1990 3897 lloc
2018 3849 2103 3896 est

518 3959 761 4014 oblivisci
790 3957 928 4022 vitii,
957 3965 1011 4011 et
1039 3969 1288 4024 rapacem
1316 3951 1586 4023 expellere
1613 3950 2016 4021 cogitationem,
2041 3957 2096 4004 et

517 4050 688 4116 ipsam
715 4063 1003 4115 numquam
1030 4045 1332 4108 admittere,
1365 4045 1463 4099 sed
1495 4052 1548 4100 et
1580 4059 1698 4112 qua:
1723 4057 1753 4095 a
1785 4041 1938 4095 nobis
1963 4052 2093 4107 pce-

518 4146 636 4191 cata
660 4145 785 4190 sunt
813 4135 1014 4189 delere.
1063 4133 1344 4190 Undenam
1367 4142 1547 4186 autem
1577 4132 1731 4186 nobis
1757 4131 1961 4186 orietur
1990 4143 2104 4185 ma-

519 4229 692 4284 lorum
723 4227 961 4283 oblivio?
992 4227 1072 4281 Ex
1097 4225 1468 4280 recordatione
1491 4225 1752 4279 bonorum
1790 4224 1879 4277 Dei
1902 4222 1978 4276 :si
2010 4221 2103 4276 Dei

519 4327 780 4390 perpetuo
819 4316 1246 4379 meminerimus,
1293 4329 1400 4369 non
1432 4314 1728 4383 poterimus
1771 4314 1932 4368 etiam
1979 4313 2103 4366 illo-

520 4427 639 4467 rum
673 4409 1001 4471 meminisse.
1035 4407 1096 4462 Si
1122 4423 1310 4461 memor
1340 4407 1419 4476 fui
1449 4407 1542 4470 tui,
1567 4406 1760 4476 inquit,
1793 4421 1948 4475 super
1967 4415 2104 4459 stra-

522 4516 628 4558 tum
653 4520 838 4569 meum,
861 4503 904 4557 si
923 4503 976 4555 in
996 4501 1258 4556 matutinis
1277 4499 1559 4554 meditabar
1579 4499 1631 4553 in
1653 4508 1700 4553 te
1718 4497 1888 4570 (Psal.
1903 4497 1994 4555 62.
2024 4497 2106 4566 7).

523 4603 698 4667 Atque
719 4610 932 4665 semper
945 4593 1183 4664 quidem.
1208 4594 1441 4647 maxime
1461 4602 1638 4646 autem
1666 4591 1763 4646 Dei
1789 4599 1919 4646 tunc
1946 4605 2104 4662 opor-

523 4698 604 4742 tet
648 4687 978 4752 meminisse,
1027 4686 1245 4755 quando
1285 4684 1338 4738 in
1375 4684 1592 4740 silentio
1630 4693 1684 4738 et
1713 4683 1893 4754 quiete
1916 4690 2101 4738 nostra

523 4790 607 4834 est
645 4779 917 4849 cogitatio,
963 4777 1176 4848 quando
1218 4793 1312 4846 per
1351 4777 1492 4831 illam
1544 4775 1856 4831 memoriam
1901 4790 1962 4830 se
2005 4790 2105 4846 po-

527 4881 632 4925 test
674 4871 1036 4926 condemnare
1063 4911 1081 4938 ,
1125 4869 1340 4940 quando
1390 4870 1443 4924 in
1482 4869 1740 4924 memoria
1792 4878 1994 4925 tenere.
2049 4868 2106 4924 In

525 4966 614 5020 dic
628 4967 770 5020 enim
793 4982 901 5036 quo
926 4965 1181 5022 fuerimus
1207 4964 1492 5029 recordati,
1507 4965 1762 5036 ingressu
1777 4965 1895 5020 alite
1913 4966 2107 5022 sollici-

528 5054 740 5109 tudines
769 5065 823 5110 et
860 5059 1123 5111 tumultus
1180 5071 1301 5112 eam
1356 5048 1667 5127 expellunt:
1722 5066 1881 5112 noctu
1931 5067 2110 5112 autem

529 5153 784 5218 perpetuo
815 5160 1095 5215 possumus
1113 5147 1419 5203 meminisse
1440 5165 1454 5213 ;
1473 5147 1684 5218 quando
1717 5147 1771 5203 in
1794 5148 2095 5219 tranquilli-

600 5310 617 5341 ι
645 5306 698 5358 lu
723 5305 827 5356 haec
852 5302 1001 5356 verba
1021 5302 1206 5356 desiuit
1227 5299 1420 5358 homilia
1444 5301 1494 5349 in
1517 5295 1652 5350 Colb.

1196 246 1251 303 S.
1286 243 1563 301 JOANL‘IS
1593 235 2068 300 ωγεθετοω
2129 230 2447 289 ABCHIEP.
2489 223 3014 284 COXSTANTINOP.

3647 221 3747 276 illi

2175 343 2281 394 tate
2303 343 2356 392 et
2375 332 2552 403 quiete
2581 330 2740 393 tuerit
2766 329 2961 391 anima,
2979 326 3192 399 quando
3237 326 3287 386 in
3314 335 3506 398 portu,
3535 327 3750 395 quando

2178 423 2234 479 in
2261 423 2589 479 serenitate:
2623 421 2748 486 Qua:
2773 420 2961 483 dicitis,
2992 418 3180 488 inquit,
3210 418 3262 471 in
3302 417 3536 473 cordibus
3561 418 3756 481 restria,

2177 517 2232 571 in
2275 515 2521 570 cubilibus
2564 514 2736 572 uestris
2789 511 3186 582 compungimitti
3237 508 3577 580 (Psnl.l.5).
3625 508 3758 568 Nam

2177 605 2681 678 Oporterctquidem
2706 604 2868 658 etiam
2895 602 3126 658 interdiu
3155 601 3299 656 hanc
3331 601 3529 669 habere
3559 616 3760 654 metun-

2180 701 2346 764 riam;
2375 698 2626 768 quoniam
2652 705 2831 752 autem
2847 709 3064 762 semper
3081 693 3213 750 estis
3235 690 3548 756 solliciti,ct
3568 690 3766 746 distra-

2185 789 2375 846 hitnini
2418 791 2469 846 in
2515 788 2580 844 iis
2603 803 2729 856 quin
2760 786 2825 844 ad
2859 785 2994 841 hanc
3042 784 3205 842 vitam
3235 783 3525 854 pertinent,
3574 781 3765 842 εῖιιιωι

2187 893 2312 940 tunc
2342 882 2435 938 Dei
2467 880 2518 938 in
2545 878 2704 934 cubili
2749 883 3112 940 mementote:
3144 875 3196 931 in
3226 873 3502 932 matutinis
3546 871 3768 930 mediteo

2186 973 2318 1031 mini
2343 974 2396 1026 iu
2425 971 2544 1041 ipso
2563 968 2738 1040 (Psal.
2769 968 2859 1034 62.
2885 968 2962 1034 7).
3005 964 3061 1024 Si
3093 966 3146 1022 in
3176 965 3452 1024 matutinis
3496 963 3613 1020 lucc
3642 978 3766 1020 me-

2189 1064 2441 1129 ditemur,
2497 1075 2620 1118 cum
2665 1060 2832 1118 multa
2861 1058 3150 1116 securitate
3183 1056 3534 1127 procedemus
3564 1054 3630 1112 ad
3664 1070 3766 1109 ne-

2188 1157 2331 1229 getia
2357 1171 2372 1210 :
2420 1155 2464 1211 si
2493 1152 2890 1224 supplicatione
2933 1150 3164 1221 primum
3193 1147 3349 1205 nobis
3384 1147 3548 1208 Deum
3577 1145 3771 1206 ieceri.

2192 1264 2311 1320 ntus
2351 1247 2664 1318 prepitium,
2717 1244 2788 1298 ita
2827 1241 3179 1314 procedentes
3221 1241 3427 1296 nullum
3457 1238 3774 1308 habebimus

2192 1341 2506 1403 mimictuu;
2558 1335 2642 1390 sin
2683 1343 2864 1392 autem
2909 1331 3134 1400 habeas,
3181 1330 3457 1395 irridebis,
3488 1330 3651 1389 Deum
3675 1329 3773 1392 ha-

2193 1433 2323 1494 beus
2347 1429 2659 1500 propitium.
2717 1425 2920 1483 Bellum
2951 1434 3034 1480 est
3062 1423 3113 1480 in
3144 1421 3284 1485 foro.
3335 1436 3508 1496 pugna
3533 1429 3659 1478 sunt
3682 1435 3773 1486 res

2193 1518 2418 1586 diurna,
2470 1527 2593 1582 sunt
2634 1511 2861 1588 auctus.
2913 1524 3037 1576 sunt
3083 1519 3392 1588 tempestas.
3433 1508 3598 1570 Nobis
3635 1519 3774 1586 ergo

2198 1625 2334 1679 ututs
2379 1618 2462 1672 est
2497 1610 2702 1670 armis:
2733 1623 2926 1679 magna
2962 1598 3144 1668 autem
3181 1617 3329 1660 arma
3371 1610 3500 1660 sunt
3538 1612 3724 1672 preces
3756 1616 3772 1654 :

2196 1717 2332 1774 opus
2361 1711 2446 1759 est
2474 1701 2726 1762 sectutdis
2745 1701 2941 1767 ventis,
2989 1705 3203 1772 oportet
3240 1696 3448 1754 discere
3465 1693 3668 1759 omnia,
3718 1702 3776 1756 ut

2197 1791 2304 1852 diei
2332 1792 2719 1864 longitudinem
2745 1792 2998 1848 coniicias
3024 1791 3226 1860 absque
3254 1787 3544 1862 naufragiis
3571 1794 3626 1842 et
3651 1783 3773 1842 vul-

2200 1883 2460 1939 aeribus:
2493 1884 2647 1942 multi
2693 1885 2838 1942 enim
2878 1891 3004 1942 Sunt
3050 1882 3277 1957 singulis
3315 1880 3509 1938 diebus
3535 1876 3772 1947 scopuli,

2196 1973 2489 2048 quinetiam
2532 1989 2677 2046 saepe
2706 1976 2759 2029 in
2806 1990 2899 2031 eos
2929 1974 3173 2049 impingit
3195 1972 3393 2042 scapha
3421 1981 3476 2027 et
3503 1969 3771 2028 obruitur.

2270 2063 2502 2124 Precatio
2532 2066 2780 2124 matutina
2805 2075 2851 2122 et
2880 2074 3144 2124 nocturna.
3163 2093 3234 2106 —-
3251 2063 3543 2136 Propterea
3570 2076 3769 2136 proca.

2197 2156 2344 2213 tione
2373 2159 2527 2214 nobis
2557 2173 2691 2230 opus
2729 2169 2832 2225 est,
2865 2159 3097 2216 maxime
3122 2157 3381 2224 matutina
3407 2165 3463 2213 et
3491 2165 3774 2216 nocturna.

2199 2250 2346 2312 Multi
2378 2266 2445 2306 ex
2475 2252 2626 2308 vobis
2663 2267 2803 2324 saepe
2832 2260 3138 2321 spectarunt
3164 2249 3442 2321 Olympia,
3477 2263 3577 2308 nec
3602 2247 3775 2304 selum

2199 2351 2532 2415 speetarunt,
2562 2343 2656 2398 sed
2684 2345 2843 2400 etiam
2871 2357 3057 2399 eorum
3078 2343 3168 2412 qui
3190 2341 3536 2400 decertabant
3561 2338 3777 2396 fuerunt

2199 2429 2436 2486 fautores
2461 2441 2515 2486 et
2539 2433 2893 2488 admiratores
2912 2475 2928 2500 ,
2957 2443 3012 2487 et
3034 2433 3168 2488 alter
3193 2431 3406 2503 quidem
3437 2431 3612 2499 hujus,
3641 2430 3780 2486 alter

2199 2536 2328 2576 vero
2363 2522 2525 2577 illius.
2543 2523 2702 2580 Scitis
2722 2539 2850 2596 ergo
2867 2525 3012 2596 quod
3037 2540 3130 2595 per
3150 2523 3499 2582 certaminum
3523 2523 3641 2582 illos
3661 2521 3779 2576 dies

2196 2620 2251 2668 et
2281 2622 2498 2676 noctes,
2528 2623 2640 2670 tota
2670 2625 2827 2672 nocte
2870 2630 3049 2686 praeco
3093 2615 3226 2674 nihil
3269 2615 3409 2670 aliud
3439 2613 3669 2684 cogitat,
3709 2612 3779 2668 de

2199 2705 2348 2762 nullo
2367 2705 2472 2760 alio
2490 2715 2571 2763 est
2593 2707 2874 2775 sollicitus,
2893 2723 3051 2779 quam
3075 2723 3142 2764 ne
3163 2721 3407 2778 egreSSus
3427 2706 3472 2763 is
3495 2706 3580 2775 qui
3605 2712 3780 2759 certat

2200 2809 2260 2850 se
2290 2795 2542 2854 indecore
2562 2807 2732 2868 gerat.
2752 2797 2884 2854 Nam
2911 2799 2988 2854 illi
3018 2799 3108 2868 qui
3132 2798 3387 2860 assident,
3414 2796 3630 2858 tubicini
3655 2809 3781 2848 sua—

2201 2884 2332 2942 dent
2361 2901 2428 2942 ne
2457 2886 2706 2958 loquatur
2733 2889 2947 2959 quidem
2979 2889 3141 2946 alicui
3163 2931 3176 2954 ,
3207 2903 3275 2944 ne
3299 2887 3541 2956 spiritum
3578 2899 3780 2940 consu-

2205 2990 2356 3036 mens
2384 2979 2453 3032 sit
2481 2978 2761 3035 ridiculus.
2783 2978 2841 3038 Si
2867 2981 3025 3050 igitur
3045 2980 3134 3052 qui
3156 2995 3339 3038 coram
3371 2977 3672 3040 hominibus
3697 2984 3781 3034 est

2203 3077 2512 3128 certaturus
2534 3111 2549 3135 ,
2581 3079 2782 3126 tantam
2809 3087 2991 3128 curam
3017 3073 3155 3144 gerit
3189 3088 3202 3126 :
3237 3071 3406 3125 multo
3433 3070 3598 3139 magis
3624 3068 3780 3126 nobis

2201 3160 2484 3216 conveniet
2509 3161 2726 3217 assidue
2753 3177 2873 3219 esse
2899 3164 3160 3226 sollicitos
3196 3171 3251 3218 et
3278 3162 3515 3232 cogitare
3541 3202 3556 3226 ,
3585 3161 3780 3231 quibus

2206 3261 2312 3308 tota
2339 3253 2446 3308 vita
2475 3263 2558 3310 est
2589 3263 2884 3310 certamen.
2917 3256 3049 3310 Tota
3089 3269 3218 3327 ergo
3247 3269 3353 3313 nox
3378 3255 3447 3309 sit
3474 3253 3624 3314 nobis
3654 3268 3780 3322 per-

2202 3343 2474 3408 vigilium,
2519 3353 2574 3400 et
2611 3346 2825 3402 solliciti
2865 3347 3032 3402 simus
3073 3362 3141 3402 ne
3167 3362 3199 3402 e
3228 3345 3314 3400 die
3344 3345 3544 3417 εει-θεεὶ
3565 3386 3579 3404 .
3610 3345 3782 3406 simus

2200 3429 2428 3485 ridiculi.
2454 3431 2522 3486 Et
2545 3431 2747 3485 utinam
2770 3441 2973 3485 tantum
2995 3432 3239 3501 ridiculi:
3265 3449 3406 3490 nunc
3423 3443 3598 3488 autem
3626 3436 3782 3494 sedet

2198 3521 2263 3582 ad
2291 3523 2564 3578 dexteram
2591 3523 2762 3579 Patris
2791 3524 3131 3594 agonotheta,
3155 3524 3439 3597 diligenter
3464 3526 3686 3584 audiens
3711 3542 3781 3583 ne

2197 3613 2323 3688 quid
2356 3613 2637 3683 loquamur
2663 3615 2805 3688 quod
2837 3615 3096 3683 dissonet,
3123 3628 3178 3672 et
3203 3632 3272 3674 ne
3296 3618 3422 3690 quid
3448 3619 3587 3689 quod
3615 3620 3776 3674 modo

2198 3723 2304 3762 non
2329 3709 2616 3768 conveniat
2637 3728 2651 3764 :
2672 3724 2774 3763 non
2799 3718 2882 3764 est
2905 3710 3046 3765 enim
3068 3710 3241 3766 solum
3265 3709 3426 3779 jttdex
3456 3726 3654 3775 rerum,
3679 3712 3777 3766 sed

2198 3800 2359 3854 etiam
2388 3800 2692 3856 verborum.
2723 3799 2912 3854 Totam
2944 3809 3157 3856 noctem
3190 3801 3570 3872 pervigilemus
3594 3843 3608 3864 ,
3637 3818 3670 3854 ο
3694 3803 3779 3854 di-

2201 3891 2321 3946 lecti
2348 3908 2363 3948 :
2384 3890 2642 3946 habemus
2665 3906 2763 3946 nos
2783 3907 2994 3962 quoque
3018 3891 3271 3955 fautores,
3302 3893 3346 3950 si
3372 3893 3629 3948 velimus:
3654 3891 3778 3945 uui-

2201 3985 2392 4054 cuique
2415 3995 2654 4038 nostrum
2675 3985 2876 4042 assidet
2896 3985 3119 4054 angelus
3139 4003 3152 4040 :
3169 4000 3265 4039 nos
3286 3994 3463 4046 autem
3490 3976 3597 4038 tota
3621 3994 3782 4044 nocte

2199 4075 2488 4134 stertimus.
2522 4074 2587 4128 Et
2613 4075 2809 4129 utinam
2833 4074 2936 4129 hoc
2957 4083 3160 4129 tantum
3189 4094 3202 4128 :
3232 4075 3381 4132 multi
3408 4084 3589 4134 autem
3615 4075 3779 4129 etiam

2197 4167 2364 4230 multa
2395 4165 2593 4219 faciunt
2619 4165 2879 4235 ﬂagitiosa
2904 4208 2919 4232 ,
2951 4166 3039 4221 alii
3083 4167 3296 4240 quidem
3337 4177 3526 4221 euntes
3560 4166 3628 4221 ad
3656 4167 3769 4242 ipsa

2199 4256 2510 4326 prostibula,
2537 4256 2625 4310 alii
2655 4265 2830 4311 autem
2856 4271 2980 4311 suas
3007 4256 3151 4313 mdes
3179 4257 3474 4327 prostibula
3501 4258 3779 4323 facientes,

2202 4339 2348 4410 quod
2377 4341 2505 4396 illuc
2530 4342 2732 4397 ducant
2767 4344 3103 4403 meretrices.
3131 4344 3357 4400 Multum
3387 4360 3520 4404 sane
3553 4345 3775 4412 solliciti

2202 4441 2333 4489 sunt
2363 4432 2621 4510 (annon?)
2667 4442 2728 4489 ut
2776 4443 2923 4493 recte
2965 4443 3194 4494 certent.
3234 4435 3344 4494 Alii
3391 4444 3520 4492 sunt
3553 4436 3691 4491 ebrii
3721 4444 3778 4489 et

2203 4539 2486 4598 perperam
2518 4525 2840 4598 loquuntur,
2877 4525 2968 4581 alii
3008 4528 3432 4592 tumultuantur,
3477 4526 3568 4580 alii
3607 4534 3777 4592 totam

2203 4627 2419 4673 noctem
2471 4618 2612 4672 male
2657 4618 3004 4690 pervigilant,
3050 4620 3117 4674 iis
3155 4621 3317 4676 etiam
3362 4619 3456 4690 qui
3496 4618 3780 4674 dormiunt

2201 4710 2357 4781 pejus
2404 4711 2560 4766 dolos
2601 4720 2911 4778 nectentes;
2955 4713 3046 4768 alii
3084 4722 3374 4770 numerant
3416 4727 3645 4784 usuras,
3684 4711 3779 4767 alii

2203 4805 2355 4859 curis
2385 4804 2722 4867 cruciantur,
2749 4813 2804 4860 et
2831 4805 3013 4860 omnia
3039 4805 3214 4878 magis
3238 4803 3444 4861 faciunt
3467 4818 3629 4877 quam
3657 4817 3782 4874 qua

2203 4896 2540 4951 conveniunt
2589 4895 2893 4951 certamini.
2937 4895 3300 4961 Quamobrem
3344 4909 3478 4965 rogo
3509 4903 3567 4948 ut
3593 4893 3781 4948 missis

2204 4988 2458 5044 omnibus
2490 5002 2658 5042 unum
2703 4987 2878 5044 solum
2910 4995 3243 5058 spectemus,
3269 4995 3329 5041 ut
3370 4984 3652 5058 praemium
3683 4998 3781 5038 ac-

2203 5083 2494 5154 cipiamus,
2538 5095 2740 5138 corona
2779 5082 2955 5136 simus
3002 5081 3268 5148 redimiti;
3317 5081 3500 5136 omnia
3552 5091 3784 5149 agamus

2205 5192 2303 5249 per
2331 5191 2453 5248 quae
2477 5175 2616 5238 bona
2640 5175 2906 5250 promissa
2937 5175 3211 5246 possimus
3242 5173 3460 5245 assequi
3491 5187 3506 5227 :
3531 5185 3653 5242 quae
3684 5184 3785 5225 no-

2205 5269 2292 5327 bis
2319 5267 2574 5330 omnibus
2601 5267 2759 5328 detur
2788 5266 3048 5339 consequi
3073 5266 3248 5340 gratia
3279 5276 3332 5323 et
3351 5261 3709 5335 benignitate.

2002 5505 2251 5520 ου’*
