4088 6204
1155 365 1220 421 IN
1259 364 1472 421 EPIST.
1513 365 1604 419 AD
1643 360 2002 421 HEBREOS.
2043 364 2196 420 CAP.
2238 362 2331 418 lx.
2372 360 2599 417 llOlﬂL.
2642 359 2753 422 XV.

2554 477 2943 487 _—.__————-
3001 475 3577 492 Ἦ..-

1693 543 2028 605 HOMlLIA
2075 541 2186 602 XV
2201 586 2215 600 .

341 688 472 744 CAP.
513 688 568 744 9.
602 705 654 743 v.
687 690 738 744 1.
774 688 966 744 Habuit
1001 690 1203 760 quidem
1245 699 1292 744 et
1335 690 1475 760 prius
1513 691 1907 761 justi/icationes

401 782 636 846 culturae,
659 791 702 834 et
725 790 958 834 sanctum
980 780 1244 835 srrculare.
1271 780 1320 834 Ξ.
1347 780 1750 835 Tobernaculum
1772 781 1907 835 enim

405 876 597 944 factum
613 881 685 925 est
705 873 946 941 primum,
965 874 1020 926 in
1037 889 1134 942 quo
1156 883 1298 926 erant
1317 873 1621 927 candelabra
1641 881 1688 927 et
1711 889 1904 941 mensa,

404 974 450 1016 et
482 963 763 1032 propositio
805 979 1038 1031 panum,
1077 979 1190 1033 qua:
1229 964 1414 1017 dicitur
1450 973 1644 1018 sancta.
1687 966 1740 1020 5.
1780 964 1908 1019 Post

405 1054 735 1107 selmnentum
773 1062 942 1107 autem
977 1053 1253 1107 secundum
1276 1095 1291 1118 ,
1328 1055 1704 1111 tabernaculum
1726 1096 1740 1122 ,
1769 1057 1904 1126 quod

406 1146 590 1200 dicitur
613 1156 789 1199 sancta
811 1155 1120 1211 sanctorum,
1153 1148 1208 1200 4.
1232 1163 1443 1201 aureum
1466 1147 1654 1204 habens
1676 1149 1907 1204 thuribu-

405 1238 530 1300 lunt,
553 1245 599 1288 et
624 1252 797 1288 arcam
817 1237 1100 1290 testamenti
1120 1238 1496 1295 circumtectam
1518 1241 1656 1294 omni
1680 1256 1744 1295 ex
1762 1254 1908 1308 parte

414 1327 658 1380 duro:in
690 1342 792 1394 qua
830 1343 964 1380 urna
989 1346 1143 1383 aurea
1182 1332 1367 1388 habens
1411 1353 1608 1390 manna
1637 1377 1653 1403 ,
1699 1347 1744 1392 et
1782 1339 1926 1407 uirga

416 1417 588 1469 Aaron
619 1433 731 1482 ante
757 1418 1086 1488 fronduerat,
1121 1432 1165 1474 et
1189 1424 1370 1478 tabulae
1397 1429 1676 1482 testamenti
1705 1469 1720 1494 ,
1753 1429 1806 1483 5.
1834 1445 1922 1482 stt-

418 1525 602 1576 perque
626 1525 736 1560 eam
763 1508 1032 1564 Cherubin:
1058 1514 1234 1582 gloria:
1261 1517 1607 1574 obumbrantia
1657 1521 1806 1591 propi
1816 1522 1918 1574 tia-

415 1598 600 1649 torium
624 1612 643 1654 :
669 1597 732 1651 de
756 1598 934 1668 quibus
961 1616 1062 1655 non
1100 1612 1175 1659 est
1213 1606 1360 1661 modo
1389 1608 1654 1665 dicendum
1684 1631 1774 1684 per
1811 1618 1920 1671 sin-

413 1689 554 1756 gula.

415 1777 464 1829 l.
493 1777 740 1835 Ostendit
766 1795 830 1834 ex
859 1783 1156 1853 sacerdote,
1185 1803 1251 1842 ex
1275 1790 1597 1862 sacerdotio,
1628 1810 1695 1851 ex
1727 1797 1912 1852 Testa—

342 1875 554 1932 mento,
607 1868 750 1937 quod
800 1872 927 1925 illud
976 1873 1132 1928 linem
1182 1877 1249 1930 sit
1301 1878 1606 1937 habiturum
1641 1901 1653 1937 :
1684 1887 1919 1943 ostendit

335 1953 549 2012 demum
577 1974 644 2013 ex
668 1957 836 2030 ﬁgura
864 1961 1029 2032 ipsius
1061 1964 1409 2021 tabernaculi.
1433 1967 1714 2035 Quomodo
1732 1972 1754 2025 ἲ
1772 1972 1908 2028 San-

334 2055 416 2099 cta
444 2046 653 2116 dicens,
675 2060 730 2106 et
745 2063 930 2108 sancta
956 2067 1260 2111 sanctorum
1279 2095 1292 2112 .
1389 2060 1563 2131 Atque
1587 2061 1781 2119 Sancta
1796 2067 1912 2134 qui-

335 2137 453 2192 dem
489 2150 621 2195 sunt
669 2144 916 2214 symbola
953 2157 1007 2201 et
1049 2149 1196 2218 signa
1243 2153 1437 2220 prioris
1482 2156 1773 2224 temporis;
1804 2157 1912 2214 illic

332 2229 472 2281 enim
501 2229 634 2285 ﬁunt
657 2235 834 2287 omnia
859 2251 953 2304 per
973 2239 1232 2292 sacriﬁcia
1255 2257 1268 2294 :
1291 2252 1474 2297 sancta
1493 2252 1669 2300 autem
1697 2260 1910 2303 sancto—

330 2332 444 2372 rum
470 2360 488 2384 ,
535 2322 692 2392 hujus
743 2340 884 2381 nunc
923 2330 1208 2396 prmsentis
1244 2334 1522 2403 temporis.
1568 2336 1703 2392 Dicit
1730 2347 1907 2396 autem

328 2421 514 2466 salicta
544 2425 848 2472 sanctorum
877 2421 1065 2476 caelum
1091 2462 1106 2485 ,
1139 2433 1194 2478 et
1223 2427 1398 2480 velum
1425 2429 1541 2482 caeli
1563 2471 1578 2497 ,
1605 2438 1660 2485 et
1689 2446 1904 2487 carnem

328 2517 445 2570 quae
486 2504 781 2574 ingreditur
809 2510 866 2563 in
898 2511 1151 2568 interiora
1178 2515 1318 2582 veli,
1363 2517 1464 2573 hoc
1493 2529 1575 2574 est
1600 2536 1699 2591 per
1727 2523 1904 2578 velum

327 2597 511 2650 carnis
539 2597 670 2667 ejus.
701 2601 738 2654 E
766 2617 824 2656 re
865 2602 1026 2658 fuerit
1063 2615 1238 2661 autem
1269 2619 1327 2662 ut
1354 2608 1495 2666 hunc
1535 2613 1709 2668 locum
1741 2615 1902 2672 altius

328 2696 651 2778 repetamus.
681 2691 813 2759 Quid
847 2709 973 2764 ergo
1009 2697 1179 2752 dicit?
1213 2699 1402 2755 Habuit
1431 2705 1631 2773 quidem
1658 2717 1704 2760 et
1733 2708 1894 2778 prius.

320 2773 456 2840 Quid
502 2779 692 2845 prius?
739 2782 1162 2842 Testamentum.
1210 2788 1616 2859 Justi/icationes
1657 2773 1895 2854 cultum.

319 2864 453 2931 Quid
482 2878 567 2922 est
585 2909 601 2931 ,
628 2869 1073 2941 Justi/icationes?
1101 2879 1354 2950 Symbola
1374 2925 1388 2949 ,
1423 2893 1515 2939 aut
1545 2887 1679 2943 ritus
1714 2908 1730 2945 :
1757 2904 1820 2946 ac
1850 2892 1896 2946 si

317 2956 546 3050 diceret,
571 2967 694 3016 tunc
716 2960 923 3029 habuit,
947 2982 1090 3023 nunc
1112 2985 1216 3024 non
1241 2971 1420 3030 habet.
1444 2974 1690 3034 Ostendit
1717 2981 1892 3050 ipsum

306 3045 419 3113 jam
449 3047 574 3104 huic
599 3055 824 3111 cessisse
845 3073 858 3110 :
879 3056 1029 3114 Tunc
1053 3062 1218 3126 enim,
1251 3065 1440 3135 inquit,
1475 3068 1677 3126 habuit.
1711 3045 1889 3140 Quare

312 3151 470 3204 nunc,
501 3143 662 3196 etiam
704 3143 750 3198 si
795 3154 935 3216 stet,
969 3165 1076 3206 non
1107 3160 1210 3208 est.
1244 3154 1311 3208 Et
1349 3169 1581 3214 sanctum
1622 3164 1884 3218 steculare.

305 3224 577 3286 Saeculare
606 3248 701 3288 seu
727 3237 1055 3296 mundanum
1082 3241 1234 3311 dicit,
1266 3248 1516 3316 quoniam
1543 3253 1888 3319 permitteba,

309 3325 392 3371 tur
417 3322 674 3379 omnibus
701 3327 926 3396 ingredi,
955 3341 1010 3386 et
1037 3334 1357 3392 manifestus
1385 3350 1500 3394 erat
1529 3341 1678 3398 locus
1705 3345 1756 3402 in
1786 3361 1882 3402 ea-

300 3408 423 3507 dem
441 3413 615 3507 domo
634 3458 652 3483 ,
681 3419 770 3474 ubi
799 3423 1012 3480 stabant
1041 3428 1368 3497 sacerdotes,
1401 3431 1492 3486 ubi
1517 3432 1706 3503 Judaei,
1739 3451 1873 3507 pro-

297 3502 452 3598 selyti
471 3547 487 3573 ,
516 3507 722 3576 Graeci,
753 3512 1006 3571 Nazaraei.
1037 3519 1299 3584 Quoniam
1333 3538 1460 3594 ergo
1490 3524 1556 3580 ad
1587 3528 1637 3582 id
1665 3502 1879 3598 patebat

295 3592 471 3650 aditus
500 3599 665 3657 etiam
692 3606 969 3672 gentibus,
1003 3609 1174 3678 ipsum
1205 3625 1360 3669 vocat
1394 3592 1720 3676 mundanum
1746 3639 1760 3678 :
1782 3622 1876 3678 Ju-

292 3681 394 3782 daei
443 3689 588 3743 enim
638 3707 744 3748 non
788 3706 943 3751 erant
981 3701 1229 3756 mundus.
1272 3703 1674 3768 Tabernaculum
1716 3715 1869 3782 enim,

289 3775 484 3845 inquit,
516 3785 711 3849 factum
731 3795 802 3839 est
825 3789 1065 3857 primum,
1093 3793 1227 3862 quod
1250 3795 1438 3850 dicitur
1462 3809 1637 3854 sancta
1657 3819 1675 3855 :
1697 3804 1746 3857 in
1770 3775 1868 3876 quo

285 3877 433 3920 erant
458 3872 765 3927 candelabra
804 3886 854 3930 et
881 3895 1084 3947 mensa,
1115 3891 1162 3935 et
1190 3887 1468 3956 propositio
1495 3906 1707 3958 panum.
1744 3872 1870 3952 Hum

283 3967 410 4009 sunt
453 3961 637 4016 mundi
675 3967 938 4034 symbola.
971 3969 1094 4024 Post
1121 3972 1452 4031 velamentum
1479 3991 1647 4034 autem
1671 3995 1868 4038 secun-

280 4046 423 4100 dum:
457 4050 575 4104 Non
606 4065 724 4109 erat
762 4072 893 4128 ergo
924 4076 1086 4115 unum
1124 4064 1344 4132 velum,
1373 4067 1466 4122 sed
1515 4071 1676 4125 etiam
1714 4083 1864 4132 extra

278 4145 396 4188 erat
425 4138 575 4194 aliud
604 4143 779 4198 velum
799 4187 813 4210 ,
843 4163 1034 4218 nempe
1071 4150 1476 4212 Tabernaculum
1513 4162 1648 4229 quod
1677 4162 1862 4218 dicitur

277 4238 457 4281 meta
485 4244 796 4290 sanctorum.
830 4239 962 4296 Vide
991 4245 1257 4312 quomodo
1288 4247 1482 4319 ubique
1511 4261 1662 4308 vocet
1687 4255 1862 4311 taber-

277 4321 526 4378 naculum
553 4365 569 4392 ,
601 4342 668 4387 ex
694 4343 759 4384 eo
782 4332 924 4401 quod
953 4333 1062 4390 illic
1084 4335 1306 4408 degatur
1332 4348 1389 4394 ut
1413 4341 1467 4395 in
1494 4343 1856 4401 tabernaculo.

275 4407 497 4502 Aureum
515 4415 708 4471 habens
725 4418 1056 4490 thuribulum,
1079 4407 1268 4496 inquit,
1291 4437 1336 4482 et
1356 4445 1528 4484 arcam
1557 4434 1854 4502 testamenti,

278 4500 661 4557 circumactam
699 4507 837 4559 omni
867 4522 928 4561 ea:
971 4519 1114 4579 parte
1146 4529 1272 4567 auro
1301 4531 1320 4570 :
1344 4517 1397 4570 in
1425 4535 1525 4588 qua
1554 4539 1682 4579 urna
1706 4500 1868 4587 aurea

277 4589 470 4644 habens
489 4609 699 4660 ntanna,
725 4606 771 4649 et
787 4599 926 4668 uirga
945 4601 1115 4655 Aaron
1142 4621 1254 4673 qute
1273 4609 1588 4678 fronduerat,
1613 4626 1660 4670 et
1680 4617 1862 4677 tabula

273 4685 586 4778 testamenti.
633 4686 760 4742 ﬂare
797 4691 973 4746 omnia
1016 4705 1170 4750 erant
1215 4702 1492 4770 magniﬁca
1526 4717 1578 4762 et
1605 4713 1857 4778 prmclara

273 4772 472 4842 ingrati
498 4775 808 4835 Iudaeorum
833 4783 996 4838 animi
1023 4789 1371 4848 monimenta.
1398 4794 1464 4849 Et
1494 4772 1678 4856 tabula:
1707 4812 1856 4859 testa-

272 4867 449 4919 menti.
497 4866 603 4921 Eas
641 4871 782 4924 enim
813 4872 1021 4944 Moyses
1050 4879 1308 4952 confregit
1340 4901 1352 4937 :
1387 4894 1440 4940 et
1468 4904 1658 4946 manna
1690 4911 1703 4946 :
1731 4911 1854 4952 nam

272 4967 678 5014 murmurat-ant
700 4976 712 5012 :
737 4971 792 5016 et
820 4973 1101 5033 pr0pterea
1131 4975 1446 5030 memoriam
1488 4984 1855 5044 transmittens

268 5044 338 5152 a‘d
364 5057 638 5114 posteros,
662 5051 824 5121 jussit
840 5070 956 5110 eam
979 5063 1170 5128 reponi
1192 5064 1244 5118 in
1269 5082 1398 5123 urna
1418 5084 1600 5128 aurea.
1621 5073 1691 5130 Et
1711 5080 1850 5152 virga

469 5155 585 5240 qua!
614 5143 932 5242 fronds-erat.
961 5150 1370 5212 lnsurrexerunt
1393 5165 1556 5218 enim.
1587 5165 1716 5234 Quia

269 5232 358 5278 tur
382 5227 574 5296 ingrati
603 5243 759 5289 erant
785 5235 974 5304 Judaei,
1005 5250 1061 5298 et
1085 5243 1438 5316 frequentium
1464 5227 1846 5320 beneficiorum

264 5329 378 5369 non
422 5322 883 5412 recordabantur:
910 5328 1035 5385 ideo
1069 5334 1221 5401 jussu
1265 5339 1582 5408 legislatoris
1617 5349 1669 5404 in
1712 5368 1847 5412 urna

260 5419 430 5462 aurea
473 5408 590 5464 bare
628 5426 961 5484 posuerunt,
1002 5429 1057 5476 et
1091 5423 1168 5478 sic
1203 5440 1388 5482 eorum
1428 5442 1733 5498 memoriam

261 5508 512 5605 ppstettos
537 5503 818 5605 miserunt.
845 5508 1018 5582 Super
1038 5529 1148 5569 eam
1168 5528 1333 5574 autem
1352 5522 1616 5582 Cherubin:
1640 5535 1841 5605 gloria,

257 5591 615 5687 obumbrantia
644 5601 1075 5668 propitiatorium.
1098 5610 1234 5676 Quid
1264 5623 1348 5670 est
1371 5628 1548 5676 autem
1575 5591 1846 5687 Cherubin:

255 5681 481 5782 gloriae!
510 5687 566 5742 ld
597 5699 717 5758 est,
747 5693 1014 5764 gloriosa;
1052 5710 1148 5757 aut
1174 5720 1329 5773 quae,
1367 5710 1536 5782 inquit
1559 5758 1573 5780 ,
1605 5681 1841 5782 sublica-

252 5772 584 5833 obumbrant
623 5784 1068 5852 propitiatorium.
1107 5772 1272 5851 Recte
1295 5772 1470 5858 autem
1489 5772 1600 5863 haec
1627 5772 1838 5892 quoque

607 5880 881 5953 Panos.
929 5887 1046 5950 Gn.
1094 5888 1318 5960 LXIII,

2024 678 2731 752 verbisextollitmtmajora
2774 697 2896 739 esse
2932 688 3181 742 ostendat
3223 704 3286 744 ea
3315 707 3434 762 quae
3478 709 3601 756 sunt

2025 781 2226 839 postea.
2256 771 2337 826 De
2378 773 2557 842 quibus
2603 790 2703 828 non
2751 784 2844 842 est,
2893 775 3080 847 inquit,
3139 779 3286 834 modo
3333 784 3599 844 dicendum

2021 875 2111 928 per
2154 861 2375 930 singula.
2422 863 2516 917 llic
2550 864 2709 918 tacite
2760 865 2933 922 innuit
2985 882 3088 919 non
3125 876 3325 927 tantum
3376 889 3437 932 ea
3481 895 3600 948 quae

2021 953 2358 1018 videbantur,
2379 954 2472 1008 sed
2518 956 2677 1010 etiam
2733 957 2973 1026 qumdam
3003 959 3289 1028 aenigmata
3319 963 3498 1025 fuisse.
3526 973 3602 1029 De

2017 1044 2195 1116 quibus
2266 1062 2366 1099 non
2418 1056 2492 1100 est
2518 1087 2532 1113 ,
2581 1047 2772 1118 inquit,
2828 1065 2962 1102 nunc
2998 1051 3264 1105 dicendum
3304 1057 3599 1129 sign/gum;

2017 1136 2243 1191 fortasse
2265 1137 2384 1206 quia
2414 1138 2614 1206 prolixa
2638 1154 2771 1207 opus
2818 1138 3016 1195 habent
3071 1147 3332 1204 oratione.
3389 1151 3442 1206 6.
3499 1154 3596 1209 llis

2016 1243 2129 1282 vero
2187 1230 2260 1282 ita
2293 1230 2612 1300 contpositis,
2650 1231 2703 1285 in
2759 1233 2902 1302 prius
2958 1236 3160 1305 quidem
3217 1241 3594 1301 tabernaculum

2015 1335 2209 1389 semper
2247 1319 2521 1374 introibant
2552 1322 2865 1388 sacerdotes,
2896 1327 3266 1396 sacriﬁciorum
3287 1335 3448 1404 oﬁicia
3465 1353 3591 1392 con-

2011 1421 2338 1466 sumntantes.
2364 1412 2476 1468 Hoc
2501 1422 2602 1479 est,
2650 1423 2803 1468 erant
2853 1415 2967 1471 hate
3012 1419 3247 1487 quidem,
3306 1423 3386 1478 his
3416 1437 3590 1482 autem

2012 1518 2119 1559 non
2175 1503 2484 1558 fruebantur
2538 1504 2738 1568 Judaei;
2802 1522 2974 1578 neque
3032 1511 3176 1564 enim
3229 1528 3292 1568 ea
3323 1515 3590 1572 videbant.

2010 1596 2368 1663 Quamobrem
2407 1613 2512 1652 non
2574 1598 2738 1666 magis
2784 1609 2936 1654 erant
2996 1601 3138 1668 illis,
3190 1620 3348 1674 quam
3402 1610 3593 1680 quibus

2010 1688 2503 1759 pra-ﬁgurabantur.
2566 1689 2616 1744 7.
2666 1688 2732 1742 In
2791 1692 3068 1746 secundum
3114 1705 3282 1750 autem
3335 1702 3488 1754 semel
3537 1703 3589 1757 in

2009 1795 2144 1833 anno
2193 1780 2330 1833 solus
2363 1781 2622 1851 pontifex,
2678 1796 2779 1835 non
2817 1781 2926 1836 sine
2979 1787 3240 1856 sanguine,
3273 1806 3417 1859 quem
3444 1791 3591 1860 o/fert

2011 1885 2104 1941 pro
2127 1886 2180 1924 se
2204 1878 2248 1924 et
2272 1871 2446 1940 pepuli
2470 1870 2788 1940 ignorantiis.
2816 1871 2976 1927 Vides
3001 1874 3109 1943 jam
3142 1886 3298 1948 typos
3320 1889 3586 1949 tamquam

1999 1967 2400 2024 fundamentum
2431 1971 2580 2041 prius
2607 1971 2817 2040 jactos?
2847 1972 2978 2026 Nam
3025 1989 3091 2028 ne
3120 1974 3362 2032 dicerent
3393 1995 3405 2030 :
3436 1977 3580 2045 Quo-

1997 2061 2158 2115 modo
2184 2077 2346 2127 unum
2377 2063 2720 2130 sacriﬁcium,
2754 2072 2808 2118 et
2837 2065 3110 2134 quomodo
3140 2067 3378 2134 pontifex
3405 2069 3576 2124 semel

1996 2152 2252 2208 offerebat
2276 2154 2298 2208 ?
2325 2155 2561 2210 ostendit
2588 2155 2642 2210 id
2671 2155 2840 2212 fuisse
2872 2157 3054 2212 multis
3084 2167 3209 2213 ante
3235 2160 3466 2226 sareulis,
3501 2162 3578 2216 si-

1993 2247 2208 2316 quidem
2231 2247 2370 2318 quod
2392 2256 2507 2303 erat
2525 2248 2762 2304 sanctius
2780 2258 2833 2304 et
2854 2250 3229 2316 reverendam,
3249 2259 3366 2306 erat
3385 2269 3572 2308 unum.

1997 2340 2070 2394 Ex
2095 2341 2311 2410 antiquo
2335 2356 2480 2396 more
2518 2341 2770 2396 sacerdos
2815 2342 2982 2396 semel
3011 2342 3287 2398 oﬁ‘erebat.
3322 2345 3390 2399 Et
3419 2355 3569 2403 recte

1991 2431 2166 2486 dixit:
2200 2431 2317 2485 Non
2345 2433 2455 2485 sine
2482 2432 2726 2502 sanguine
2748 2447 2767 2486 :
2791 2447 2897 2487 non
2916 2433 3031 2487 sine
3049 2435 3304 2503 sanguine
3331 2436 3568 2504 quidem,

1991 2537 2097 2578 non
2126 2532 2303 2578 tamen
2328 2520 2430 2578 hoc
2453 2524 2744 2593 sanguine;
2774 2537 2878 2578 non
2896 2532 3010 2579 erat
3035 2524 3178 2580 enim
3208 2533 3408 2579 tantum
3429 2527 3571 2596 quod

1993 2616 2251 2688 agebatur
2280 2617 2574 2688 negotium.
2615 2615 2860 2672 Ostendit
2887 2625 3064 2672 autem
3093 2616 3330 2674 futurum
3361 2618 3569 2673 sacriﬁ-

1988 2711 2127 2763 cium
2151 2749 2166 2774 ,
2201 2706 2343 2778 quod
2365 2693 2491 2764 'non
2534 2708 2658 2778 igne
2700 2715 3086 2774 consumatur,
3126 2707 3222 2765 sed
3250 2723 3279 2762 a
3311 2710 3570 2779 sanguine

1988 2799 2158 2871 magis
2185 2799 2516 2856 ostendatur.
2557 2797 2691 2854 Nam
2724 2798 2976 2868 quoniam
3008 2798 3329 2858 sacriﬁcium
3359 2800 3569 2857 vocavit

1985 2909 2218 2958 crucem,
2247 2907 2364 2965 quae
2389 2906 2488 2948 nec
2511 2890 2674 2949 habet
2694 2891 2894 2962 ignem,
2920 2890 3200 2959 necligna,
3225 2905 3398 2962 neque
3423 2906 3567 2962 saepe

1985 2987 2207 3041 offertur
2233 3026 2248 3052 ,
2291 2984 2386 3040 sed
2417 2984 2586 3040 semel
2614 2983 2790 3039 oblata
2819 2993 2903 3039 est
2928 2983 2980 3037 in
3011 2983 3269 3054 sanguine
3294 3001 3306 3037 :
3330 2983 3564 3046 ostendit

1981 3077 2121 3150 quod
2150 3085 2304 3132 vetus
2333 3089 2544 3146 quoque
2571 3073 2890 3130 sacriﬁcium
2922 3083 3069 3128 esset
3098 3074 3401 3144 bujusmodi
3428 3093 3442 3130 :
3466 3089 3557 3130 se-

1980 3169 2084 3225 mcl
2111 3167 2432 3223 oﬁ'erebatur
2456 3166 2511 3220 in
2539 3165 2813 3236 sanguine.
2849 3163 3007 3232 Quem
3031 3163 3177 3231 o/Tert
3206 3181 3296 3235 pro
3319 3181 3372 3220 se
3394 3175 3442 3219 et
3465 3181 3561 3235 po-

1980 3260 2087 3329 puli
2113 3259 2438 3330 ignorantiis.
2468 3256 2599 3312 Vide
2624 3274 2638 3312 :
2660 3270 2770 3311 non
2790 3255 2944 3322 dixit,
2969 3255 3229 3322 Pcecatis,
3255 3255 3372 3320 sed,
3399 3255 3558 3326 Igno-

1972 3351 2190 3415 rantiis,
2233 3364 2300 3404 ne
2328 3349 2494 3403 altum
2536 3355 2805 3418 saperent.
2837 3346 2968 3400 Nam
2999 3345 3205 3401 etiamsi
3236 3361 3338 3399 non
3369 3347 3557 3406 lubens

1973 3441 2246 3514 peccasti;
2270 3441 2364 3496 sed
2388 3450 2562 3498 tamen
2586 3440 2786 3494 invitus
2809 3437 3084 3510 ignorasti,
3109 3445 3163 3493 et
3183 3437 3250 3492 ab
3275 3437 3376 3492 hoc
3398 3453 3556 3494 nemo

1972 3543 2057 3589 est
2081 3548 2267 3604 purus.
2302 3533 2368 3587 Et
2397 3531 2590 3601 ubique
2621 3529 2753 3586 illud
2779 3571 2794 3597 ,
2825 3528 2930 3584 Pro
2957 3545 3030 3594 se,
3061 3527 3232 3597 ponit,
3263 3528 3554 3586 ostendens

1971 3625 2116 3696 quod
2142 3624 2388 3680 Christus
2429 3623 2586 3693 longe
2625 3629 2709 3677 est
2737 3621 2928 3676 melior
2965 3629 3020 3676 et
3058 3619 3397 3689 praestantior
3425 3635 3556 3687 pon-

1974 3717 2126 3783 tifex,
2159 3731 2319 3787 quam
2347 3715 2436 3784 qui
2463 3723 2580 3768 erat
2609 3712 2748 3783 apud
2775 3712 3011 3767 Judmos.
3039 3711 3096 3766 Si
3122 3713 3264 3766 enim
3293 3725 3321 3762 a
3354 3711 3554 3764 nostris

1971 3808 2202 3879 peccatis
2231 3805 2729 3873 fuissctseparatus,
2749 3799 3017 3872 quomodo
3042 3815 3142 3870 pro
3161 3815 3221 3855 se
3237 3801 3552 3856 obtulisset?

1971 3901 2079 3955 Cur
2108 3913 2257 3968 ergo,
2288 3895 2480 3966 inquit,
2508 3893 2622 3948 hmc
2648 3892 2867 3947 dixisti?
2891 3891 3002 3946 lloc
3023 3891 3165 3946 cnim
3188 3901 3270 3947 est
3291 3893 3547 3954 melioris,

1968 3991 2240 4062 Nusquam
2270 3999 2352 4045 est
2381 3989 2469 4044 hic
2495 3987 2882 4058 contemplatio
2903 4003 2913 4039 :
2934 3985 3190 4056 deinceps
3214 3998 3392 4042 autem
3418 4003 3550 4046 cou-

1967 4085 2258 4154 templatur
2283 4090 2338 4136 et
2361 4080 2494 4136 dicit
2517 4097 2530 4132 :
2555 4082 2607 4134 8.
2643 4078 2755 4132 Hoc
2781 4079 3104 4149 signiﬁcante
3126 4078 3329 4149 Spiritu
3350 4091 3546 4150 sancto,

1967 4175 2192 4229 nondum
2213 4171 2533 4243 prapalatam
2557 4186 2663 4225 esse
2689 4179 2981 4224 sanctorum
3006 4170 3160 4238 viam,
3190 4171 3358 4227 adhuc
3378 4173 3550 4243 priore

1963 4265 2285 4320 tabernaculo
2311 4263 2520 4317 habente
2541 4270 2749 4316 statum.
2775 4261 3087 4332 Propterea,
3111 4262 3303 4333 inquit,
3327 4265 3448 4320 huic
3476 4267 3546 4321 ita

1960 4366 2088 4414 sunt
2117 4364 2418 4412 constructa
2443 4372 2456 4420 ;
2490 4364 2548 4410 ut
2578 4354 2907 4410 disceremus
2932 4355 3072 4424 quod
3101 4355 3168 4410 ad
3201 4366 3386 4412 sancta
3415 4373 3546 4412 san-

1959 4456 2170 4504 ctorum
2189 4488 2205 4514 ,
2237 4447 2341 4502 hoc
2368 4454 2485 4513 est,
2515 4445 2582 4500 ad
2610 4446 2798 4500 caelum
2825 4487 2839 4512 ,
2871 4445 3107 4499 nondum
3141 4455 3319 4514 pateat
3344 4449 3537 4504 aditus.

1959 4537 2037 4593 Nc
2061 4551 2209 4607 ergo,
2233 4535 2426 4605 inquit,
2455 4535 2709 4604 quoniam
2737 4534 2907 4605 ipsum
2936 4549 3039 4588 non
3064 4535 3416 4604 ingredimur,
3442 4553 3542 4593 nec

1958 4643 2077 4685 esse
2093 4627 2306 4696 quidem
2323 4627 2709 4693 existimemus,
2729 4626 2977 4693 quoniam
2998 4639 3096 4680 nec
3111 4637 3293 4682 Sancta
3313 4629 3537 4698 ingreSsi

1956 4723 2158 4768 sumus.
2188 4710 2243 4765 9.
2273 4711 2400 4776 Quae
2427 4712 2668 4780 parabola
2689 4722 2783 4780 est,
2803 4713 2988 4783 inquit,
3015 4719 3256 4783 temporis
3278 4720 3532 4772 instantis.

2021 4800 2078 4855 2.
2109 4799 2390 4870 Quodnam
2409 4814 2566 4860 vocat
2615 4812 2826 4874 tempus
2853 4805 3092 4860 instans?
3119 4805 3270 4873 Quod
3286 4815 3370 4860 est
3408 4817 3534 4862 ante

1951 4892 2238 4952 adventum
2260 4892 2491 4949 Christi:
2523 4909 2644 4950 nam
2668 4905 2788 4964 post
2805 4893 2999 4950 Christi
3028 4895 3310 4954 adventum
3331 4911 3436 4951 non
3452 4906 3534 4951 est

1951 4985 2182 5056 amplius
2214 4994 2425 5056 tempus
2459 4988 2700 5043 instans:
2740 4987 3009 5060 quomodo
3041 4987 3184 5042 enim
3212 4997 3376 5055 esset,
3409 5004 3530 5044 cum

1950 5079 2226 5135 advenerit
2253 5079 2488 5134 etlidem
2520 5079 2748 5135 habent?
2803 5079 2958 5134 Aliud
3011 5095 3224 5150 quoque
3265 5080 3530 5149 indicans,

1952 5171 2054 5227 hoc
2075 5170 2221 5238 dicit,
2251 5172 2376 5239 Qua:
2392 5173 2636 5243 parabola
2665 5181 2736 5226 est
2758 5171 2994 5242 temporis
3009 5171 3280 5239 instantis;
3311 5172 3412 5228 hoc
3427 5182 3530 5240 est,

1950 5261 2124 5316 lactus
2152 5270 2235 5317 est
2267 5272 2441 5332 typus.
2472 5261 2632 5315 Juxta
2659 5277 2808 5330 quam
2831 5277 3038 5314 munera
3056 5272 3102 5315 et
3123 5261 3299 5317 hostia:
3311 5262 3532 5332 offerun-

1951 5363 2052 5423 tur,
2070 5370 2186 5425 qua:
2196 5371 2294 5408 non
2316 5363 2524 5424 possunt
2543 5355 2685 5424 iuxta
2702 5353 3056 5410 conscientiam
3075 5355 3531 5424 perfectum§facere

1949 5448 2261 5503 servientem.
2288 5446 2476 5502 Vidisti
2503 5461 2660 5516 quam
2688 5447 2832 5501 clare
2857 5445 2980 5502 hinc
3005 5447 3250 5504 ostendat
3274 5447 3400 5517 quid
3429 5447 3532 5502 sibi

1948 5540 2120 5595 velint
2161 5538 2277 5595 haec
2303 5539 2488 5604 verba,
2522 5538 2671 5595 Nihil
2705 5539 2773 5594 ad
2801 5541 3080 5610 perfectum
3110 5539 3324 5593 adduxit
3345 5539 3444 5605 lex,
3475 5549 3531 5596 et

1949 5629 2101 5694 illud,
2147 5629 2208 5685 St
2251 5631 2470 5699 primum
2514 5639 2867 5686 testamentum
2898 5640 3005 5684 erat
3052 5630 3532 5700 irrcprehensibile?

1946 5722 2266 5790 Quomodo?
2314 5722 2476 5778 Juxta
2518 5724 2896 5779 conscientiam.
2948 5721 3079 5778 Nam
3121 5721 3384 5778 sacriﬁcia
3419 5739 3525 5777 non

1946 5814 2266 5876 amovehant
2315 5815 2506 5873 sordes
2545 5816 2612 5872 ab
2641 5817 2838 5884 anima,
2883 5815 2976 5872 sed
3005 5815 3180 5871 adhuc
3205 5823 3358 5870 erant
3385 5816 3524 5877 circa
