4088 6204
521 337 620 399 ηθ

507 485 702 539 corpus
725 487 738 524 :
764 468 1057 524 Secundum
1098 466 1255 537 legem
1285 465 1440 527 enim,
1471 461 1661 532 inquit,
1699 461 1926 514 mandati
1971 477 2086 514 car-

507 566 640 618 nalis
662 562 850 624 (Hebr.
881 563 932 614 7.
967 558 1079 629 16).
1108 558 1223 612 Non
1257 565 1502 626 poterant
1532 555 1673 610 enim
1697 552 1966 608 dimittere
1991 551 2086 606 ad-

507 656 780 718 ulterium,
815 665 992 723 neque
1033 649 1256 711 exedem,
1291 663 1466 718 neque
1511 645 1872 715 sacrilegium.
1903 643 2086 708 Vides,

509 748 624 803 Hoc
650 746 864 817 quidem
893 741 1164 804 comedas,
1197 739 1329 793 illud
1364 753 1466 791 non
1507 731 1793 791 co‘medas?
1821 749 1938 805 quae
1966 735 2088 804 qui-

509 840 630 894 dem
649 833 1166 891 suntindill'erentia.
1187 829 1517 885 Solummodo
1536 828 1588 881 in
1605 827 1724 880 cibis
1746 835 1789 879 et
1812 827 1863 879 in
1892 827 2090 896 potibus

511 931 599 985 10.
628 938 673 982 ct
700 929 751 980 in
774 927 922 980 variis
948 924 1345 992 baptismatibus.
1363 919 1706 989 lloc,linquit,
1728 919 1848 973 bibe
1877 932 2089 987 :quam-

507 1037 665 1092 quam
710 1021 778 1075 de
807 1030 927 1088 poltl
952 1018 1079 1072 nihil
1110 1015 1633 1078 eratconstitutum;
1684 1011 1776 1067 sed
1819 1013 1934 1065 Ικεο
1955 1010 2084 1070 dicit

509 1113 869 1184 vilipendens.
897 1111 960 1164 Et
989 1111 1140 1164 variis
1163 1106 1565 1179 baptisntatibus,
1598 1114 1643 1159 et
1661 1103 1874 1175 justitiis
1899 1103 2087 1168 carnis,

510 1222 667 1276 usque
698 1203 766 1258 ad
805 1213 998 1274 tempus
1027 1199 1349 1253 correctionis
1375 1196 1649 1265 impositis.
1677 1195 1802 1250 Haec
1835 1201 1919 1248 est
1943 1191 2088 1248 enim

508 1300 711 1371 justitia
754 1297 952 1351 carnis.
997 1294 1092 1347 llic
1122 1289 1381 1346 sacriﬁcia
1428 1289 1643 1358 dejieit,
1687 1287 1975 1341 ostendens
2027 1300 2091 1340 ea
2123 1287 2156 1312 “

513 1393 711 1446 nullam
744 1387 994 1442 habuisse
1037 1386 1308 1448 virtutem,
1341 1391 1395 1435 et
1417 1381 1578 1433 luisse
1601 1393 1768 1446 usque
1789 1376 1853 1431 ad
1883 1385 2093 1445 tempus

513 1479 884 1542 correctionis;
915 1478 1015 1531 hoc
1037 1485 1138 1540 est,
1164 1483 1504 1542 ex5peetasse
1521 1479 1728 1539 tempus
1745 1467 1885 1537 quod
1915 1467 2093 1520 omnia

515 1575 767 1644 corrigat.
801 1572 888 1625 Η.
921 1569 1150 1623 Christus
1179 1575 1346 1618 autem
1381 1563 1622 1617 assistens
1645 1561 1877 1632 pontifex
1897 1559 2096 1626 futuro-

517 1684 630 1720 runt
678 1667 942 1726 bonorum,
974 1677 1061 1731 per
1098 1657 1319 1727 amplius
1345 1664 1390 1709 et
1418 1652 1686 1723 perfectius
1717 1647 2095 1703 tabernaculum

519 1776 618 1813 non
664 1754 1031 1820 manufestum.
1060 1750 1288 1805 Carnem
1321 1745 1406 1800 hic
1435 1745 1584 1799 dicit.
1617 1743 1782 1797 Recte
1803 1749 1981 1795 autem
2010 1737 2096 1792 di-

520 1849 596 1903 xit
639 1845 812 1914 majus
838 1852 892 1898 et
923 1840 1230 1912 perfectius,
1281 1835 1544 1905 siquidem
1585 1842 1639 1888 et
1669 1833 1807 1886 Deus
1840 1830 2094 1894 Verbum,

531 1950 586 1992 et
607 1937 856 1991 universa
887 1931 1126 2001 operatio
1145 1929 1374 1998 Spiritus
1395 1929 1446 1980 in
1475 1942 1539 1979 eo
1562 1924 1796 1977 habitat:
1830 1921 1951 1975 Non
1967 1921 2098 1974 enim

516 2021 582 2072 ad
613 2035 899 2074 mensuram
931 2019 1018 2071 dat
1049 2017 1186 2070 Deus
1212 2016 1466 2088 spiritum.
1496 2015 1596 2068 Aut
1618 2012 1905 2083 perfectius
1937 2011 2087 2072 dicit,

519 2123 574 2166 ut
605 2113 732 2166 etin
767 2109 908 2181 quod
939 2125 1041 2163 non
1073 2108 1225 2162 cadat
1244 2105 1607 2176 reprehensio,
1648 2113 1701 2160 et
1727 2104 1866 2174 quod
1895 2105 2094 2172 majora

518 2213 660 2259 recte
689 2211 858 2274 gerat.
907 2198 971 2254 Id
997 2209 1088 2264 est,
1146 2215 1245 2252 non
1275 2199 1427 2268 hujus
1474 2196 1762 2250 creationis.
1795 2194 1932 2248 Ecce
1959 2209 2094 2263 quo-

517 2295 676 2350 modo
705 2294 908 2364 majus:
943 2306 1048 2346 nou
1099 2299 1241 2345 esset
1289 2289 1433 2344 enim
1473 2304 1538 2341 ex
1583 2287 1794 2356 spiritu,
1841 2286 1886 2340 si
1935 2284 2095 2339 homo

518 2391 688 2458 ipsum
708 2385 1108 2442 construxisset.
1146 2381 1263 2436 Non
1289 2381 1441 2452 hujus
1459 2379 1740 2442 creationis,
1768 2377 1937 2447 inquit
1957 2393 1971 2438 ;
1994 2375 2096 2428 hac

521 2491 623 2548 est,
649 2496 751 2533 non
773 2487 855 2534 est
879 2493 941 2533 ex
973 2477 1054 2530 his
1101 2474 1259 2530 rebus
1291 2475 1502 2534 creatis,
1523 2470 1615 2524 sed
1641 2468 2097 2538 spiritualiserea-

520 2573 679 2626 tionis
714 2587 821 2625 :ex
865 2569 1063 2638 Spiritu
1108 2566 1250 2620 enim
1295 2572 1480 2618 sancto
1530 2569 1900 2615 constructum
1955 2566 2089 2611 erat.

524 2663 681 2717 \‘ides
709 2659 975 2731 quomodo
1015 2668 1069 2712 et
1096 2655 1492 2711 tabernaculum
1526 2661 1580 2707 et
1624 2652 1798 2706 velum
1830 2648 2092 2704 etcatlum

520 2765 674 2810 Vocet
701 2753 939 2824 corpus?
981 2751 1083 2806 Per
1124 2751 1289 2821 majus
1315 2758 1360 2802 ct
1385 2747 1655 2818 perfectius
1683 2742 2094 2804 tabernaculum;

518 2845 729 2909 deinde,
754 2844 857 2898 Per
881 2842 1066 2906 velum,
1097 2841 1191 2894 hoc
1222 2848 1315 2901 est,
1350 2853 1553 2891 carnem
1584 2849 1766 2898 suam;
1797 2842 1851 2888 et
1871 2846 2056 2887 rursus
2077 2871 2090 2895 ,

523 2939 584 2990 In
617 2936 852 2990 interiora
871 2932 968 2988 veli
997 2931 1180 3002 (Hebr.
1215 2931 1267 2986 6.
1303 2926 1431 2998 19);
1479 2936 1534 2983 et
1562 2940 1769 2991 rursus,
1798 2918 2098 2994 Ingredien-

521 3041 618 3083 tent
643 3030 695 3081 in
722 3036 893 3081 sancta
923 3031 1233 3088 sanctorum,
1272 3031 1330 3076 ut
1367 3025 1621 3089 appareat
1645 3015 1811 3070 vultui
1842 3015 1951 3068 Dei.
1987 3014 2097 3068 Cur

519 3134 648 3190 ergo
695 3118 796 3172 hoc
849 3116 1010 3171 facit?
1057 3113 1127 3169 Ut
1172 3125 1268 3166 nos
1292 3109 1486 3166 doceat
1515 3105 1808 3163 secundum
1852 3104 1999 3158 aliud
2040 3113 2098 3158 et

521 3210 664 3265 aliud
697 3208 1054 3278 signiﬁcatum
1084 3202 1332 3258 eumdem
1359 3215 1480 3257 esse
1508 3212 1832 3254 sermonem.
1860 3195 2094 3265 Utputa,

519 3303 696 3357 velum
726 3301 915 3354 eat-lum
949 3305 1065 3352 est:
1109 3295 1248 3350 sicut
1277 3293 1416 3346 enim
1460 3290 1636 3344 velum
1669 3288 1828 3342 veluti
1861 3285 2095 3356 quodam

521 3405 674 3446 muro
702 3396 883 3443 sancta
908 3395 1140 3456 separat,
1165 3385 1241 3438 sic
1263 3397 1388 3436 caro
1404 3380 1630 3435 occultat
1654 3377 2013 3441 divinitatem,
2042 3382 2098 3431 et

519 3496 649 3535 caro
689 3480 813 3534 item
841 3488 923 3534 est
953 3475 1372 3536 tabernaculum,
1404 3470 1732 3525 divinitatem
1774 3467 2010 3532 habens;
2042 3474 2099 3522 et

521 3571 925 3630 tabernaculum
975 3583 1161 3624 rursus
1206 3566 1424 3629 cadum;
1468 3562 1575 3617 illic
1626 3562 1767 3615 enim
1821 3570 1902 3616 est
1953 3560 2096 3615 intus

521 3665 780 3734 pontifex.
807 3659 1037 3718 Christus
1063 3667 1250 3724 autent,
1283 3657 1476 3726 inquit,
1506 3670 1619 3706 cum
1645 3653 1933 3707 accessisset
1961 3666 2094 3721 pon-

517 3759 658 3828 tifex.
693 3755 805 3810 Non
833 3753 982 3816 dixit,
1015 3751 1144 3806 Cum
1177 3749 1346 3804 lactus
1371 3754 1534 3812 esset,
1561 3743 1676 3808 sed,
1698 3743 1822 3797 Cum
1851 3742 2095 3798 accessis-

518 3859 625 3912 set;
655 3850 754 3902 hoc
781 3857 883 3909 est,
911 3860 1033 3900 cum
1075 3841 1141 3896 ad
1186 3841 1286 3895 hoc
1317 3840 1489 3909 ipsum
1523 3837 1778 3900 venisset,
1809 3850 1914 3888 non
1940 3832 2096 3889 alteri

518 3941 896 3996 successisset:
934 3955 1038 3992 non
1069 3938 1213 4004 prius
1256 3935 1504 3995 accessit,
1537 3941 1590 3985 et
1621 3939 1746 3984 tunc
1770 3928 1940 3983 iactus
1975 3934 2094 3992 est;

518 4029 612 4082 sed
658 4029 884 4082 simulac
930 4029 1094 4080 venit.
1134 4025 1201 4078 Et
1250 4039 1352 4077 ttOn
1396 4022 1527 4076 dixit
1559 4038 1570 4072 :
1600 4019 1732 4072 Cum
1782 4018 2097 4074 accessisset

521 4116 754 4184 [uiittilex
791 4131 976 4170 eorum
1003 4131 1121 4182 qua:
1168 4116 1560 4172 sacriticantur,
1615 4109 1732 4173 sed,
1779 4107 2092 4162 Futurorum

515 4210 779 4272 bonorum,
823 4220 889 4260 eo
927 4205 1072 4274 quod
1112 4217 1216 4256 non
1249 4212 1429 4271 posset
1476 4202 1782 4256 universum
1829 4199 2095 4268 explicare

517 4297 706 4352 oratio.
740 4297 828 4350 12.
881 4294 1060 4366 Neque
1089 4309 1178 4364 per
1201 4293 1499 4363 sanguinem
1541 4291 1797 4345 hircorum
1834 4301 1923 4346 aut
1965 4292 2096 4345 vitu-

516 4392 700 4446 lorum.
731 4386 921 4444 Omnia
951 4394 1076 4440 sunt
1107 4386 1402 4438 immutata.
1430 4382 1535 4436 Sed
1568 4397 1656 4451 per
1686 4383 1948 4451 proprium
1974 4395 2095 4434 san-

513 4480 719 4552 guinem
747 4478 970 4533 introivit
1015 4475 1170 4530 semel
1205 4475 1258 4528 in
1304 4482 1502 4528 sancta.
1545 4471 1685 4526 Ecce
1733 4470 1858 4525 illud
1891 4470 2096 4526 vocavit

514 4571 726 4628 caelum.
753 4568 946 4636 Semel,
983 4566 1174 4636 inquit,
1201 4564 1421 4618 introivit
1460 4564 1513 4616 in
1551 4573 1744 4626 sancta,
1794 4572 1983 4616 (eterna
2008 4577 2092 4614 re-

515 4663 801 4735 demptione
839 4663 1058 4716 inuenta.
1100 4657 1168 4714 Et
1207 4656 1354 4723 illud,
1392 4656 1627 4722 Inventa,
1657 4664 1738 4710 est
1779 4671 1845 4710 cx
1889 4656 1954 4709 iis
1971 4670 2094 4726 qua:

509 4762 635 4811 sunt
662 4753 816 4807 valde
850 4751 1032 4814 dubia,
1073 4758 1129 4805 et
1159 4757 1352 4818 prteter
1380 4748 1856 4819 exspectationem,
1889 4761 2084 4816 nempe

509 4845 781 4915 quomodo
830 4859 924 4912 per
953 4859 1116 4897 unum
1147 4841 1422 4896 introitum
1451 4849 1707 4894 attentam
1757 4837 1960 4893 invenit
1996 4853 2078 4892 re-

1234 345 1290 400 S.
1331 337 1609 403 JOANNlS
1645 341 2120 406 CHRYSOSTUMI
2157 349 2472 411 ARCHIEP.
2511 353 3045 420 CONSTANTINUP.

3671 375 3767 429 1‘20

2202 469 2328 540 quid
2354 471 2644 537 existimes,
2680 473 2898 528 adnotat
2923 485 2973 528 et
2998 473 3232 530 ostendit
3257 479 3381 546 quid
3415 481 3618 536 intersit
3644 486 3780 540 inter

2203 569 2482 632 utramque
2511 566 3013 632 sanctilieatinnem,
3047 577 3101 620 et
3127 568 3396 636 quomodo
3424 570 3538 624 hsce
3562 574 3775 643 quidem

2201 663 2282 709 est
2309 654 2574 723 sublimis,
2606 656 2695 710 illa
2727 673 2854 711 vero
2885 656 3134 713 humilis:
3165 668 3218 715 et
3248 659 3377 715 dicit
3406 665 3599 719 merito
3628 665 3677 721 id
3708 668 3777 722 ita

2200 761 2340 812 esse,
2366 747 2629 817 siquidem
2653 747 2740 802 ille
2767 748 2985 818 quidem
3008 760 3088 804 est
3111 754 3326 821 sanguis
3353 763 3647 820 taurorum,
3689 757 3775 813 hic

2200 846 2375 892 autem
2405 837 2623 892 Christi.
2652 838 2760 893 Nec
2797 839 2892 893 fuit
2917 847 3200 895 contentus
3227 844 3465 909 nomine,
3493 846 3587 900 sed
3611 849 3772 903 etiam

2202 930 2414 984 modum
2447 930 2599 1000 ponit
2634 930 2940 985 oblationis.
2987 931 3087 997 Qui
3122 949 3210 1001 per
3237 933 3488 1004 Spiritum
3519 950 3770 1009 sanctum,

2200 1021 2384 1089 inquit,
2405 1021 2725 1090 semetipsum
2754 1021 2932 1075 obtulit
2967 1022 3343 1078 immaculatum
3372 1025 3515 1082 Deo:
3541 1029 3643 1086 hoc
3666 1043 3770 1098 est,

2198 1109 2424 1164 hostiam
2455 1111 2870 1178 immaculatum,
2901 1113 3154 1168 mundam
3181 1129 3208 1166 a
3241 1118 3492 1185 peccatis.
3520 1119 3651 1174 Illud
3677 1136 3774 1177 au-

2199 1211 2326 1267 tem,
2360 1201 2462 1256 Per
2489 1201 2744 1273 Spiritum
2769 1213 3022 1268 sanctum,
3056 1204 3106 1258 id
3153 1216 3254 1270 est,
3285 1223 3389 1260 non
3431 1223 3526 1276 per
3556 1212 3729 1281 ignem
3754 1257 3768 1281 ,

2197 1308 2300 1348 non
2339 1309 2433 1364 per
2460 1295 2634 1364 aliqua
2665 1295 2788 1348 alia.
2808 1294 3139 1362 Emundabit,
3179 1297 3384 1367 inquit,
3413 1305 3769 1361 conscientiam

2194 1394 2416 1439 nostram
2446 1385 2508 1438 ab
2537 1385 2769 1454 operibus
2803 1387 3032 1441 mortuis.
3066 1387 3230 1442 Recte
3260 1388 3412 1455 dixit,
3438 1392 3513 1445 Ab
3538 1395 3769 1464 operibus

2193 1477 2422 1530 mortuis.
2445 1477 2498 1532 Si
2529 1477 2649 1545 quis
2673 1477 2816 1532 enim
2842 1487 2967 1532 tunc
2990 1479 3235 1548 tetigerat
3255 1491 3542 1550 mortuum,
3566 1486 3768 1555 pollue-

2191 1568 2378 1634 batur;
2409 1578 2464 1625 et
2508 1569 2595 1623 hic
2622 1569 2669 1624 si
2695 1569 2817 1638 quis
2851 1570 3082 1639 tetigerit
3135 1585 3270 1640 opus
3314 1583 3604 1641 mortuum,
3643 1579 3760 1646 pol-

2191 1660 2355 1714 luitur
2381 1675 2479 1732 per
2512 1660 2918 1715 conscientiam.
2964 1661 3044 1713 Ad
3070 1662 3406 1730 serviendum,
3439 1664 3628 1736 inquit,
3654 1667 3763 1724 Deo

2192 1751 2372 1804 viventi
2409 1760 2455 1803 et
2482 1767 2615 1804 vero.
2643 1749 2741 1804 Hic
2766 1749 3020 1814 ostendit,
3058 1750 3199 1820 quod
3235 1753 3349 1807 lieri
3377 1769 3482 1809 non
3512 1767 3688 1825 potest
3709 1773 3764 1816 ut

2189 1841 2276 1909 qui
2308 1849 2516 1894 mortua
2540 1840 2701 1895 habet
2721 1855 2906 1910 opera,
2939 1841 3138 1894 serviat
3168 1857 3291 1897 vero
3312 1853 3364 1896 et
3393 1845 3587 1900 viventi
3618 1849 3750 1905 Deo.

2189 1927 2537 1997 Merilodixit,
2561 1929 2663 1983 Deo
2680 1930 2856 1984 viventi
2878 1938 2922 1984 et
2941 1945 3072 1995 vero,
3089 1931 3372 1987 ostendens
3390 1934 3478 1989 illa
3496 1920 3614 2006 qua:
3637 1941 3757 1996 olle-

2186 2029 2376 2075 runtur
2405 2020 2502 2090 ipsi
2517 2020 2638 2074 talia
2655 2035 2772 2074 esse
2793 2019 3007 2075 debere.
3037 2020 3164 2088 Qtue
3179 2037 3208 2075 a
3227 2023 3380 2078 nobis
3418 2041 3544 2096 ergo
3567 2031 3760 2097 prode-

2179 2118 2295 2174 unt,
2338 2109 2567 2165 viventia
2604 2118 2659 2166 et
2707 2125 2832 2166 vera
2857 2120 2980 2163 sunt
3005 2126 3019 2164 :
3050 2109 3138 2164 illa
3167 2125 3292 2164 vero
3317 2125 3438 2181 qua:
3476 2125 3507 2165 a
3535 2110 3756 2180 ludatis,

2180 2207 2232 2250 et
2267 2208 2474 2253 mortua
2499 2208 2551 2254 et
2577 2199 2744 2267 falsa;
2773 2208 2828 2254 et
2846 2200 3062 2255 merito.

2249 2291 2304 2344 ὅ.
2325 2290 2505 2345 Nullus
2530 2293 2686 2362 igitur
2717 2293 2916 2348 habens
2936 2308 3098 2363 opera
3125 2301 3332 2349 mortua
3361 2294 3466 2350 huc
3487 2294 3757 2364 ingredia—

2183 2391 2285 2434 tur.
2319 2381 2374 2437 Si
2405 2387 2543 2437 enim
2573 2400 2694 2440 eum
2724 2385 2812 2454 qui
2842 2395 3104 2440 mortuum
3137 2401 3330 2456 corpus
3361 2386 3627 2457 tangebat,
3651 2401 3756 2441 non

2179 2474 2462 2542 Oportebat
2497 2475 2720 2544 ingredi,
2756 2477 2922 2531 multo
2944 2477 3117 2547 magis
3143 2492 3266 2532 eum
3305 2478 3392 2548 qui
3415 2493 3576 2547 opera
3599 2478 3759 2532 habet

2180 2572 2388 2617 mortua
2414 2580 2427 2616 :
2461 2572 2545 2618 est
2573 2564 2715 2618 enim
2741 2565 2962 2633 pollutio
2991 2567 3328 2636 gravissima.
3350 2567 3557 2621 Mortua
3579 2576 3755 2621 autem

2179 2666 2302 2710 sunt
2327 2672 2487 2726 opera
2514 2659 2692 2712 omnia
2719 2675 2837 2729 qum
2867 2661 3026 2714 vitam
3058 2675 3161 2715 non
3194 2661 3538 2730 habent,qu:e
3560 2670 3753 2715 tetrum

2186 2746 2395 2816 spirant
2421 2747 2660 2803 odorem.
2691 2749 2841 2805 Sicut
2865 2751 3006 2805 enim
3038 2766 3232 2820 corpus
3252 2761 3516 2805 mortuum
3543 2751 3608 2804 ad
3640 2751 3760 2805 nul-

2179 2835 2289 2891 lum
2318 2852 2532 2892 sensum
2560 2848 2644 2893 est
2670 2838 2820 2906 utile,
2853 2840 2946 2894 sed
2977 2841 3137 2895 etiam
3169 2841 3410 2895 molesria
3450 2840 3615 2895 allicit
3663 2855 3761 2895 eos

2177 2928 2267 2997 qui
2295 2929 2726 2998 appropinquant
2757 2948 2770 2984 :
2802 2931 2870 2984 ita
2901 2932 3059 2986 etiam
3108 2941 3384 3002 peccatum
3420 2932 3598 2987 statim
3639 2931 3760 2987 ferit

2181 3017 2486 3073 facultatem
2525 3020 2903 3082 ratiocinandi.
2929 3030 2983 3075 et
3013 3037 3112 3076 nec
3149 3023 3316 3091 ipsam
3351 3022 3563 3091 quidem
3612 3039 3761 3077 men-

2179 3117 2286 3161 tem
2317 3109 2445 3162 sinit
2469 3108 2772 3179 quiescere,
2801 3109 2893 3164 sed
2922 3111 3082 3165 etiam
3112 3112 3219 3165 ciet
3248 3112 3530 3166 tumultum
3563 3120 3619 3166 et
3639 3126 3757 3165 eam

2178 3199 2472 3267 perturbat.
2529 3199 2733 3255 Dicitur
2782 3209 2959 3255 autem
3003 3203 3168 3271 pestis
3214 3217 3429 3272 quoque
3452 3212 3608 3257 enata
3635 3218 3759 3257 eor-

2180 3305 2429 3360 rumpere
2459 3305 2706 3360 corpora.
2738 3291 2866 3347 Tale
2883 3302 2965 3347 est
2991 3293 3150 3348 etiam
3184 3303 3459 3364 peccatum
3494 3312 3508 3348 :
3539 3310 3568 3348 a
3611 3303 3762 3365 peste

2181 3381 2313 3435 nihil
2367 3381 2566 3448 dill‘ert,
2593 3399 2696 3439 non
2722 3399 2899 3440 aerem
2929 3387 3155 3455 primum
3183 3387 3761 3458 eorrumpens,deindo

2178 3483 2425 3539 corpora,
2457 3473 2551 3527 sed
2583 3474 2762 3528 statim
2795 3475 2848 3528 in
2882 3476 3113 3530 animam
3142 3477 3407 3533 insiliens.

2256 3558 2425 3614 Morbi
2447 3563 2631 3616 anima:
2655 3564 2843 3618 morbis
2860 3565 3085 3634 corporis
3115 3567 3333 3636 pejores.
3356 3568 3508 3622 Antor
3537 3568 3762 3636 pecunia

2181 3659 2424 3718 quantum
2450 3650 2662 3704 malum.
2687 3681 2758 3692 -—
2778 3651 2892 3707 Non
2915 3654 3060 3708 vides
3079 3669 3173 3709 eos
3201 3657 3290 3724 qui
3319 3665 3466 3726 peste
3493 3657 3758 3720 laborant,

2181 3739 2450 3809 quomodo
2471 3739 2885 3810 inﬂammantur,
2898 3744 3166 3813 quomodo
3181 3747 3449 3816 agitantur
3463 3755 3514 3802 et
3535 3748 3762 3801 circum-

2179 3830 2481 3899 volvuntur,
2501 3832 2767 3902 quomodo
2780 3834 2966 3890 faetore
2980 3844 3101 3889 sunt
3119 3836 3278 3904 pleni,
3313 3852 3468 3906 quam
3485 3841 3651 3908 turpis
3682 3846 3766 3892 est.

2185 3936 2368 3977 eorum
2398 3934 2660 3992 aspectus,
2691 3940 2847 3994 quam
2881 3927 2972 3978 toti
2997 3936 3121 3979 sunt
3141 3925 3436 3981 immundi?
3461 3926 3615 3982 Tales
3640 3936 3764 3982 sunt

2183 4015 2342 4068 etiam
2365 4016 2452 4084 qui
2473 4024 2712 4084 peccant,
2737 4017 3068 4071 etiamsinon
3099 4018 3330 4073 videant.
3353 4017 3482 4072 Nam
3504 4019 3589 4072 die
3610 4018 3761 4085 mihi,

2186 4119 2360 4158 annon
2391 4107 2576 4174 quovis
2593 4107 2929 4162 febricitante
2949 4118 3031 4162 est
3056 4109 3289 4164 deterior
3315 4109 3404 4179 qui
3424 4110 3658 4179 pecunia:
3673 4123 3763 4164 aut

2185 4207 2466 4264 corporum
2485 4207 2672 4264 captus
2688 4207 2768 4251 est
2784 4196 3072 4254 desiderio?
3089 4213 3264 4254 annon
3284 4199 3366 4253 his
3382 4210 3464 4255 est
3488 4201 3760 4268 impurior.

2184 4286 2272 4356 qui
2319 4287 2495 4339 omnia
2522 4287 2691 4356 turpia
2721 4289 2830 4357 agit
2869 4298 2921 4344 et
2947 4289 3178 4358 patitur?
3207 4289 3345 4357 Quid
3384 4299 3468 4344 est
3485 4291 3626 4345 enim
3649 4290 3765 4343 viro

2186 4376 2390 4446 turpius
2427 4378 2518 4446 qui
2549 4385 2758 4433 tenetur
2787 4393 2968 4434 amore
2997 4379 3268 4448 pecuniae?
3286 4395 3407 4434 nam
3421 4393 3766 4450 quascumque

2185 4467 2516 4532 meretrices,
2548 4484 2898 4538 qutecumque
2926 4471 3152 4525 scenica:
3194 4470 3447 4525 mulieres
3473 4484 3580 4523 non
3605 4482 3763 4522 recu-

2183 4565 2304 4611 sant
2330 4557 2527 4623 facere,
2556 4574 2617 4614 ea
2645 4573 2745 4614 nec
2770 4560 2906 4626 iste;
2941 4561 3048 4615 imo
3077 4577 3202 4616 vero
3255 4570 3338 4616 est
3362 4559 3667 4626 verisimile,
3699 4559 3763 4613 il-

2186 4648 2266 4703 las
2330 4650 2500 4720 magis
2547 4667 2706 4721 quam
2757 4653 2898 4706 hunc
2944 4668 3211 4709 recusare.
3263 4653 3398 4719 Quid
3449 4653 3610 4719 dico,
3657 4667 3770 4708 non

2183 4743 2428 4797 recusat?
2483 4760 2568 4798 res
2621 4745 2821 4814 patitur
2859 4746 3102 4810 serviles,
3146 4745 3367 4801 adulans
3413 4745 3602 4815 quibus
3658 4759 3766 4800 non

2186 4846 2415 4902 Oportet,
2444 4838 2614 4891 audax
2645 4853 2826 4892 rursus
2856 4848 2912 4892 ct
2963 4837 3237 4892 conlidens
3268 4838 3355 4892 ubi
3400 4855 3503 4892 non
3534 4845 3763 4907 oportet,

509 4935 892 5004 demptionem.
926 4937 1126 4991 Deinde
1171 4935 1413 5004 sequitur
1462 4933 1513 4987 id
1551 4933 1692 5003 quod
1720 4941 1804 4987 est
1827 4931 2083 4988 credibile
2174 4925 2374 4995 ubique
2423 4927 2698 4996 inatqualis
2727 4944 2739 4980 :
2771 4925 2898 4982 viris
2937 4939 3080 4995 saepe
3120 4924 3416 4989 sceleratis,
3457 4932 3512 4979 et
3541 4925 3750 4993 prtesti-

508 5035 564 5081 et
605 5026 833 5082 aﬂerens
889 5029 1045 5084 (idem
1091 5029 1220 5083 :15.
1263 5025 1325 5081 Si
1375 5027 1506 5080 enim
1569 5027 1776 5098 sanguis
1829 5026 2084 5079 hircorum
2173 5017 2467 5086 giatorihus
2492 5017 2758 5087 corruptis
2783 5031 2845 5071 ac
2871 5017 3067 5086 pravis,
3093 5016 3248 5084 longe
3270 5015 3384 5085 ipso
3409 5023 3462 5069 et
3480 5013 3761 5082 pauperie.

511 5128 556 5172 et
578 5128 857 5174 taurorum.
877 5127 921 5171 et
936 5121 1062 5174 cinis
1109 5119 1280 5174 vitula
1310 5135 1546 5189 aspersus
1590 5119 1875 5187 inquinatos
1904 5117 2091 5171 sancti-

511 5210 630 5280 ﬁcat
658 5208 726 5261 ad
751 5211 1155 5264 emundationem
1190 5210 1398 5264 carnis:
1422 5209 1507 5264 Η.
1534 5218 1724 5278 quanto
1769 5208 1928 5280 magis
1965 5225 2087 5262 san-

511 5301 625 5372 guis
657 5298 864 5366 Christi,
919 5301 1004 5369 qui
1053 5317 1140 5370 per
1200 5301 1450 5371 Spiritum
1499 5310 1725 5354 sanctum
1766 5301 2089 5370 semetipsum

512 5395 692 5450 obtulit
742 5393 1130 5466 immaculatum
1179 5392 1285 5447 Deo
1313 5435 1329 5460 ,
1385 5393 1676 5446 emundubit
1728 5393 2086 5448 conscientiam

513 5495 737 5538 nostram
761 5485 823 5538 ab
835 5482 1066 5552 operibus
1089 5483 1298 5535 mortuis
1323 5483 1392 5536 ad
1409 5482 1726 5539 seruiendum
1748 5481 1852 5539 Deo
1869 5483 2046 5535 viventi
2059 5483 2085 5536 ξ’

512 5575 568 5630 Si
591 5577 754 5642 enim,
785 5577 974 5646 inquit,
996 5589 1212 5629 carnem
1239 5583 1412 5643 potest
1438 5573 1697 5629 mundare
1722 5573 1938 5642 sanguis
1969 5581 2087 5626 tau-

515 5681 716 5728 rorum,
753 5668 918 5720 multo
950 5667 1119 5736 magis
1141 5664 1332 5720 sordes
1359 5665 1553 5720 animm
1584 5664 1855 5734 absterget
1874 5665 2091 5732 sanguis

513 5757 731 5817 Christi.
760 5757 894 5815 Nam
939 5773 1006 5817 ne
1045 5774 1168 5817 cum
1197 5757 1450 5824 audieris,
1501 5756 1800 5825 Sancti/ica!
1841 5771 2090 5827 magnum

2177 5107 2325 5161 ribus
2347 5116 2400 5161 et
2426 5106 2806 5177 abjectioribus
2831 5104 3032 5160 assidet
3052 5113 3354 5171 assentans,
3380 5113 3432 5158 et
3461 5104 3580 5158 aliis
3605 5102 3760 5157 bonis

2177 5208 2232 5252 et
2251 5199 2443 5254 virtute
2471 5197 2705 5268 praeditis
2734 5198 2994 5254 insultans
3037 5209 3092 5253 et
3117 5197 3456 5252 contumeliis
3477 5203 3760 5265 appetens.

2177 5291 2370 5346 Vidisti
2406 5294 2670 5361 utrimque
2711 5293 2962 5361 probrum
2985 5300 3039 5346 et
3086 5289 3506 5360 impudentiam?
3527 5298 3609 5342 est
3638 5303 3764 5356 pero

2179 5384 2299 5438 inde
2331 5383 2545 5438 humilis
2596 5393 2793 5453 praeter
2833 5383 3073 5448 modum,
3117 5393 3279 5452 atque
3323 5397 3603 5451 arrogans.
3657 5379 3764 5435 Sed

2178 5475 2325 5529 domi
2357 5483 2500 5528 stant
2542 5474 2876 5542 meretrices,
2923 5484 2980 5529 et
3025 5475 3126 5529 hoc
3171 5483 3253 5528 est
3304 5488 3487 5528 earum
3530 5473 3761 5538 crimen,

2181 5564 2319 5634 quod
2376 5578 2570 5633 corpus
2619 5563 2850 5619 vendant
2898 5565 3139 5634 pecuniis
3171 5582 3184 5620 :
3215 5579 3400 5620 verum
3456 5571 3763 5634 paupertas,

2182 5653 2376 5721 inquit,
2400 5655 2558 5723 cogit,
2589 5663 2644 5708 et
2672 5654 2836 5708 fames
2861 5655 3141 5724 cogit,etsi
3163 5654 3392 5709 maxime
3421 5669 3489 5709 ne
3520 5654 3622 5710 hoc
3643 5651 3767 5721 qui-

2181 5743 2301 5803 dem
2328 5741 2519 5799 s‘ul‘licit
2547 5742 2612 5799 ad
2642 5744 3038 5802 excusationem
3069 5761 3083 5800 :
3115 5753 3357 5814 poterant
3384 5742 3526 5800 enim
3545 5741 3616 5797 alt
3635 5757 3766 5812 ope-
