4082 6212
573 322 665 378 1‘21
1235 330 1289 387 S.
1325 328 1606 385 JO.\NN|S
1640 331 2122 387 CHRYSOSTOMI
2160 330 2472 391 ARCIIIEP.
2509 334 3049 396 CONSTANTINOP.

571 437 838 510 ἔγκλημα,
875 440 956 495 ὅτι
990 443 1052 496 :6
1098 444 1256 515 σῶμα
1300 445 1537 500 πωλοῦσι
1585 454 1882 518 χρημάτων
1906 448 2090 500 ἕνεκεν
2116 459 2130 472 ·

570 525 684 577 ἀλλ’
706 526 891 597 ἔχουσί
918 546 1037 583 τινα
1064 530 1380 600 ἀπολογίαν,
1406 532 1503 602 τὴν
1532 535 1721 589 πενίαν
1752 537 1844 588 καὶ
1873 535 1965 588 τὸν
2005 551 2134 588 κατ-

569 615 945 682 αναγκάζοντα
966 615 1140 687 λιμόνσ
1168 619 1216 671 εί
1236 620 1331 674 καὶ
1344 621 1412 673 τά
1436 620 1670 691 μάλιστα
1689 621 1807 676 οὐδὲ
1837 621 1996 676 τοῦτο
2018 623 2134 676 lxa-

569 700 659 753 v6v
683 702 763 765 είς
788 703 1081 771 ἀπολογίαν
1105 722 1119 738 ο
1146 707 1275 778 ἐξῆν
1314 709 1423 782 γάρ
1456 709 1823 781 ἐργαζομένας
1849 709 2132 781 διατρέφε-

569 786 712 844 σθαι.
756 789 1019 843 Ἐνταῦθα
1060 791 1116 844 δὲ
1154 793 1386 865 ἔστηκεν
1429 798 1457 851 6
1486 797 1853 867 πλεονέκτης,
1896 796 1995 851 οὐκ
2042 797 2134 851 ἐπὶ

566 872 885 943 οίκήματος,
926 877 1041 931 ἀλλ’
1070 880 1162 933 ἐπὶ
1195 881 1299 951 τῆς
1342 883 1550 948 πόλεως
1593 884 1802 955 μέσης,
1848 886 1906 938 οὗ
1952 885 2131 956 σῶμα.

564 959 703 1014 ἀλλά
747 963 847 1035 τὴν
887 965 1064 1037 ψυχὴν
1111 970 1394 1040 προδιδοὺς
1433 972 1509 1043 τῷ
1554 973 1784 1044 διαϐόλῳ
1808 1016 1822 1039 ,
1867 974 2006 1029 ὥστε
2040 977 2133 1031 καὶ

567 1048 916 1115 συγγίνεσθαι
940 1055 1033 1107 καὶ
1059 1056 1398 1128 είσέρχεσθαι
1420 1059 1557 1130 πρὸς
1574 1060 1734 1114 αὐτὸν
1758 1059 1945 1133 ὥσπερ
1966 1062 2133 1127 ὅντως

565 1134 702 1220 πρὸς
730 1136 955 1209 πόρνην,
992 1143 1089 1195 καὶ
1117 1144 1216 1213 τὴν
1256 1145 1549 1216 ἐπιθυμίαν
1587 1147 1752 1201 αὐτοῦ
1787 1149 1965 1202 πᾶσαν
1996 1150 2133 1220 πλη-

565 1218 748 1287 ρώσας
775 1222 1052 1295 ἐξέρχεται
1079 1242 1093 1257 ⁸
1135 1230 1229 1282 καὶ
1270 1231 1437 1302 δρῶσι
1470 1234 1620 1286 πᾶσα
1660 1235 1693 1301 ή
1745 1235 1918 1299 πόλις,
1950 1236 2010 1289 06
2039 1218 2132 1291 δύο

563 1304 756 1376 ἄνδρες
800 1310 894 1362 καὶ
934 1315 1102 1382 τρεῖς.
1137 1316 1246 1369 Καὶ
1288 1316 1445 1372 τοῦτο
1486 1318 1543 1381 δὲ
1586 1320 1693 1375 τῶν
1743 1322 1958 1392 πορνῶν
2003 1323 2131 1377 ἴδιόν

564 1395 730 1482 ἐστιν,
759 1396 839 1448 ὅτι
872 1397 964 1451 τοῦ
994 1400 1054 1454 :6
1084 1404 1301 1472 χρυσίον
1331 1404 1562 1471 διδόντος
1585 1408 1689 1462 είσί
1713 1426 1727 1441 ·
1759 1409 1861 1463 κάν
1885 1410 1992 1482 γάρ
2013 1411 2132 1464 δοῦ·

563 1479 653 1544 λος
680 1479 736 1554 ᾖ,
777 1484 878 1539 κᾶν
911 1488 1211 1562 ἐλεύθερος,
1241 1493 1344 1547 κᾶν
1374 1496 1695 1568 μονομάχος,
1726 1499 1830 1554 κᾶν
1859 1479 2126 1565 ὁστισοῦν,

564 1570 820 1659 προτείνῃ
849 1574 904 1626 δὲ
933 1575 1024 1628 τὸν
1054 1579 1268 1647 μισθὸν,
1311 1583 1694 1653 καταδέχονται
1719 1602 1735 1617 ο
1779 1587 1904 1652 τοὺς
1932 1587 1989 1640 δέ
2020 1606 2127 1659 μη-

478 1681 482 1685 <
562 1655 650 1747 δέν
666 1661 1066 1747 προτείνοντας,
1098 1665 1198 1720 κᾶν
1215 1668 1429 1723 πάντων
1447 1664 1580 1725 ὦσιν
1603 1674 1993 1747 εὐγενέστεροι,

568 1743 651 1828 ρξς
677 1746 770 1801 τοῦ
798 1750 1062 1823 ἀργυρίου
1092 1755 1151 1807 06
1190 1760 1527 1828 προσίενται.
1563 1762 1734 1818 Τοῦτο
1766 1764 1862 1818 καὶ
1893 1743 2128 1822 ἐνταῦθα

562 1826 707 1925 οῦτοι
742 1837 987 1895 ποιοῦσι·
1016 1843 1139 1907 τοὺς
1171 1826 1271 1915 μὲν
1302 1846 1496 1918 ὀρθοὺς
1524 1849 1838 1923 λογισμοὺς,
1872 1856 2000 1909 ὅταν
2027 1857 2126 1925 ἀρ-

561 1920 751 2016 γύρεον
786 1925 860 1997 μὴ
890 1926 1087 2016 έχωσιν
1112 1970 1127 1994 ,
1164 1933 1595 2007 ἀποστρέφονται
1616 1956 1628 1969 ’
1669 1920 1783 2005 τοῖς
1824 1941 1883 1996 δέ
1913 1920 2128 2016 μιαροῖς

562 2010 655 2105 καλ
677 2011 843 2105 ὅντως
887 2015 1238 2105 θηριομάχοις
1277 2027 1621 2094 συγγίνονται
1658 2030 1747 2085 διά
1785 2032 1846 2086 τὸ
1884 2010 2125 2105 χρυσίον,

560 2097 654 2184 καὶ
699 2099 1022 2171 ἀσχημόνως
1065 2109 1445 2181 συγγίνονται,
1485 2117 1580 2170 καὶ
1626 2118 1687 2171 :6
1733 2097 1934 2184 κάλλόξ
1964 2097 2127 2176 άπολέ

560 2181 747 2278 λύουσι
772 2188 881 2278 τῆς
906 2189 1103 2262 ψυχῆς.
1150 2196 1417 2272 Καθάπερ
1445 2202 1553 2273 γὰρ
1584 2205 1787 2259 ἐκεῖναι
1832 2181 1991 2276 φύσει
2027 2209 2127 2278 μέν

559 2271 817 2366 ε-ιδεχθεῖς
844 2279 936 2331 καὶ
964 2281 1208 2350 μέλαιναι
1240 2288 1332 2341 καὶ
1353 2271 1661 2359 ἀγροικίδες
1680 2294 1772 2347 καὶ
1793 2271 2126 2366 παχεῖαικαὶ

558 2362 805 2457 ἄμορφοι
844 2368 935 2457 καὶ
978 2372 1343 2430 κακόπλαστοι
1370 2417 1385 2441 ,
1425 2380 1520 2433 καὶ
1565 2382 1829 2438 πάντοθεν
1855 2362 2077 2457 αίσχραί
2108 2405 2121 2419 ·

556 2447 697 2540 οὕτω
723 2452 815 2506 1&1
846 2456 901 2509 αῐ
930 2457 1133 2514 τούτων
1166 2460 1409 2530 γίνονται
1453 2465 1622 2537 ψυχαὶ
1648 2508 1662 2530 ,
1701 2470 1823 2526 οὐδὲ
1851 2447 2123 2540 τοῖςιέξω-

557 2532 649 2587 θεν
678 2537 1039 2632 ἐπιτρίμμασι
1081 2545 1180 2617 τὴν
1210 2532 1483 2621 ἀμορφίαν
1511 2532 1851 2627 συγκαλύψαι
1893 2532 2125 2632 δῦνάμε-

556 2640 668 2680 ναι.
693 2623 860 2718 Ὅταν
884 2628 991 2718 γάρ
1018 2631 1223 2704 ἐσχάτη
1305 2637 1588 2706 δυσείδεια,
1611 2642 1709 2696 ὃσα
1737 2623 1802 2698 διν
1827 2623 2123 2718 ἐπινοήσω-

558 2730 680 2779 σιν,
731 2711 851 2805 οὐδὲ
907 2716 1306 2791 ὑποκρίνασθαι
1345 2723 1619 2783 δύνανται.
1663 2730 1785 2786 Ὅτι
1828 2733 1936 2805 γὰρ
1975 2711 2125 2790 ἀναι-

558 2804 777 2891 σχυντία
800 2807 1002 2879 πόρνας
1027 2810 1190 2881 ποιεῖ,
1209 2809 1438 2869 ἄκουσον
1451 2815 1544 2870 τοῦ
1563 2822 1842 2891 προφήτου
1854 2804 2119 2890 λέγοντοςι

567 2889 1166 2982 Ἀπηναισχύντησας
1180 2903 1331 2971 πρὸς
1343 2904 1589 2971 πάντας,
1604 2889 1742 2975 ὄψις
1760 2889 1979 2979 πόρνης
2001 2913 2125 2982 ἐγέ-

553 2980 695 3031 νετό
724 2998 841 3036 σοι.
879 2983 1047 3040 Τοῦτο
1082 2988 1176 3043 καὶ
1203 2992 1339 3064 πρὸς
1368 2996 1495 3060 τοὺς
1521 2996 1845 3062 πλεονέκτας
1868 2996 2014 3052 ἐστιν
2040 2980 2122 3054 εί-

556 3065 699 3157 πεζν.
730 3069 1137 3157 ἀπηναισχύντη
1147 3093 1245 3142 σας
1266 3079 1661 3150 πρὸςπάντας,
1688 3086 1751 3143 06
1774 3083 1911 3157 πρὸς
1933 3085 2122 3141 τούσδε

554 3152 649 3248 καὶ
674 3153 882 3248 τούσδε,
918 3161 1053 3215 ἀλλὰ
1097 3163 1233 3235 πρὸς
1274 3167 1502 3233 πάντας.
1554 3173 1712 3241 Πῶς;
1758 3152 1834 3228 06
1868 3172 2081 3248 πατέρα
2103 3214 2120 3243 ο

554 3243 652 3334 ούχ
678 3244 812 3312 υῐδν,
852 3248 911 3302 06
953 3255 1218 3320 γυναῖκα,
1264 3257 1324 3312 06
1375 3260 1548 3327 φίλον,
1587 3263 1688 3317 οὐκ
1734 3263 1979 3334 ἀδελφὺν,
2012 3243 2123 3320 ὀὐκ

555 3330 867 3416 εὐεργέτην,
898 3338 1089 3394 οὐδένα
1110 3343 1296 3408 ἁπλῶς
1326 3346 1554 3402 αἰδεῖται
1578 3351 1607 3403 6
1636 3330 1895 3416 τοιοῦτος’.
1928 3330 2038 3406 Καὶ
2068 3353 2122 3406 τί

554 3414 695 3506 λέγω
725 3420 876 3488 φίλον
904 3425 1000 3478 καὶ
1025 3427 1252 3496 ἀδελφὸν
1283 3435 1379 3486 καὶ
1411 3434 1659 3506 πατέρας
1704 3414 1868 3492 αὐτὸν
1906 3438 2005 3492 οὐκ
2036 3439 2122 3494 al-

554 3502 723 3560 δεῖται
754 3507 846 3561 τὸν
877 3509 1030 3576 Θεδν,
1061 3513 1196 3568 ἀλλά
1224 3517 1400 3572 πάντα
1433 3502 1599 3591 μῦθος
1624 3502 1770 3595 αὐτῷ
1794 3520 2117 3592 εἶναιδοκεῖ,

553 3595 657 3684 καῖ
683 3595 818 3668 γελᾷ
860 3595 967 3652 61:6
1009 3604 1110 3674 τῆς
1163 3603 1367 3676 πολλῆς
1409 3606 1702 3680 ἐπιθυμίας
1745 3612 1978 3684 μεθύων,
2026 3615 2121 3670 καὶ

552 3681 673 3770 οὐδὲ
704 3686 771 3757 τῇ
812 3686 963 3761 ἀκοῇ·
982 3691 1422 3766 παραδεχόμενός
1467 3713 1520 3751 τι
1550 3696 1662 3752 τῶν
1694 3681 1922 3770 ὠφελεῖν
1961 3703 2122 3758 αὑτὸν

552 3766 882 3839 δυναμένων.
919 3776 1058 3831 Ἀλλ’
1074 3777 1119 3832 ὢ
1142 3780 1242 3851 τῆς
1265 3781 1514 3847 ἀτοπίας,
1539 3787 1632 3839 καὶ
1663 3766 2116 3858 οἷαφθέγγονται³

555 3858 692 3944 Θύαί
727 3878 848 3926 σοι,
884 3867 1138 3936 μαμωνᾶ,
1168 3868 1363 3941 καὶτῷ
1403 3870 1479 3944 μὴ
1508 3871 1684 3944 ἔχοντί
1722 3877 1812 3930 σει
1857 3875 2121 3934 Ἐνταῦθα

555 3943 706 4036 55]
732 3949 1051 4022 διαπρίομαι
1079 3957 1182 4009 61:6
1201 3958 1295 4011 τοῦ
1318 3958 1490 4030 θυμοῦ
1517 3977 1530 3994 ο
1554 3943 1675 4015 060:1
1701 3964 1809 4036 γάρ
1824 3966 1935 4029 τοῖς
1950 3964 2120 4021 ταῦτα

552 4029 789 4125 λέγουσι,
824 4036 927 4125 κᾶν
960 4041 1023 4125 ἐν
1053 4041 1246 4125 γέλωτι
1289 4029 1540 4115 λέγωσιν.
1584 4029 1723 4104 Εἰπέ
1761 4029 1852 4120 μοι
1897 4051 2028 4125 γὰρ,
2057 4055 2117 4108 06

552 4116 808 4186 τοιαύτην
822 4122 1058 4192 ἀπειλὴν
1084 4124 1374 4198 ἠπείλησεν
1400 4133 1428 4183 6
1454 4133 1588 4197 Θεὸς
1616 4116 1812 4204 λέγων·
1839 4116 2120 4193 0661511:-

552 4204 851 4301 ονθερυσὶ
889 4212 1116 4301 κυρίοις
1157 4213 1509 4301 aquom,-
1555 4223 1619 4275 σὺ
1666 4225 1724 4278 δέ
1768 4227 1980 4293 ἐκλύεις
2018 4229 2119 4301 τὴν

551 4291 801 4389 ἀπειλήν,
837 4297 1076 4389 τοιαῦταΔ
1092 4297 1305 4389 τολμῶν
1345 4305 1674 4377 φθέγγεσθαι
1715 4313 1808 4366 ἐπὶ
1850 4291 2005 4387 κακῷ
2041 4291 2120 4389 τῶ

554 4381 816 4473 σεαμτοῦς
862 4385 963 4473 υύκ
1006 4386 1449 4462 είδωλολατρείαν
1494 4397 1660 4467 αὐτὴν
1701 4396 1837 4452 εἷναί
1881 4381 2046 4473 φησιν

553 4468 783 4558 ηαῦλος,
814 4472 908 4526 καὶ
938 4473 1031 4528 τὸν
1066 4476 1393 4551 πλεονέκτην
1417 4481 1806 4556 είδωλολάτρην
1831 4468 2023 4558 καλεῖ;
2053 4491 2117 4544 σὺ

551 4555 606 4648 δὲ
634 4555 871 4648 ἕστηκας
895 4561 1069 4629 γελῶν
1100 4564 1243 4620 κατὰ
1275 4567 1375 4632 τὰς
1416 4568 1675 4638 βιωτικάς
1704 4555 1988 4644 γυναῖκας,
2010 4555 2120 4648 Ὑγε-

550 4643 860 4699 λωτοποιῶν
888 4648 1028 4702 κατά
1059 4649 1155 4713 τάς
1182 4653 1241 4705 ἐν
1264 4656 1331 4723 τῇ
1368 4660 1539 4729 σκηνῇ
1564 4670 1590 4700 ι
1612 4674 1628 4724 ;

620 4732 683 4787 6'.
708 4733 877 4789 Τοῦτο
910 4736 1086 4791 πάντα
1115 4738 1396 4811 ἀνέτρεψε,
1417 4744 1572 4800 τοῦτο
1605 4748 1872 4803 κατέϐαλε
1895 4766 1908 4780 ·
1945 4753 2120 4821 γέλως

551 4819 739 4910 γέγονε
765 4821 840 4910 ,τὰ
870 4822 1114 4910 ἡμέτερα
1156 4826 1251 4880 καὶ
1297 4829 1613 4900 Μλιτισμός
1654 4834 1749 4887 καὶ
1792 4819 2077 4910 ἀστειότης
2100 4857 2115 4874 ι

552 4904 702 4996 οὐδὲν
724 4909 1001 4974 εὐσταθὲς,
1026 4911 1179 4965 οὐδὲν
1214 4914 1488 4983 στιϐαρόν.
1524 4920 1597 4972 O6
1627 4922 1763 4990 πρὸς
1786 4924 1913 4988 τοὺς
1939 4904 2120 4996 βιωτι-

554 4990 683 5051 κοὺς
719 4992 915 5063 ἄνδρας
950 4997 1110 5067 μόνον
1140 4998 1284 5069 λέγω
1305 5002 1500 5069 ταῦτα,
1533 5005 1645 5060 ἀλλ’
1674 5000 1789 5062 οῐδα
1827 4990 2120 5075 οὒς-αἰνίτ-

554 5091 717 5169 τομαι
739 5092 752 5106 ο
783 5079 1017 5169 γέλωτος
1042 5086 1149 5156 γάρ
1174 5088 1554 5160 ἐμπέπλησται
1591 5094 1625 5164 ή
1674 5094 1990 5169 Ἐκκλησία.
2021 5101 2120 5154 Ἂν

553 5162 585 5216 6
610 5163 756 5258 δεῖνα
780 5166 993 5223 ἀστεῖον
1020 5173 1171 5245 εἴπῃ,
1196 5176 1367 5244 γέλως
1406 5162 1621 5245 εὐθέως
1640 5183 1698 5234 ἐν
1729 5186 1843 5248 τοῖς
1860 5162 2121 5258 ’καθημέ-

556 5270 666 5347 νοις
690 5252 937 5347 γίνεται-ο
973 5260 1068 5347 καῖ
1105 5263 1166 5315 :6
1193 5263 1526 5337 θαυμαστὸν,
1568 5271 1625 5323 ἐν
1655 5270 1804 5342 αὐτῷ
1836 5271 1914 5344 τῷ
1942 5252 2119 5347 καιρῷ

552 5342 652 5410 τῆς
679 5340 930 5433 εὐχῆς-ού
952 5346 1221 5433 παύονται
1252 5353 1437 5408 πολλοὶ
1482 5356 1575 5410 τοῦ
1607 5340 1791 5429 γελᾷν.
1838 5340 2118 5433 Πανταχοῦ

551 5429 766 5496 χορεύει
789 5430 818 5481 6
845 5430 1107 5497 διάϐολος,
1152 5440 1357 5503 πάντας
1398 5441 1701 5507 ἐνεδύσατο,
1740 5446 1955 5499 πάντων
1991 5429 2120 5517 κρα-

552 5517 635 5568 τεῖ
660 5531 673 5545 ’
716 5518 1015 5589 ήτίμασται
1053 5521 1082 5573 6
1127 5523 1378 5595 Χριστὸς,
1426 5530 1772 5601 παρέωσται,
1812 5535 1869 5586 ἐν
1906 5534 2118 5601 οὐδενός

591 5633 635 5718 L"
659 5632 1000 5718 Epﬁujdgw
1023 5647 1103 5694 καὶ
1125 5648 1207 5705 τὰς
1254 5651 1479 5712 βιωτικάς
1518 5655 1740 5713 γυναῖκας
1784 5659 2115 5718 γελωτοποιῶν

551 5695 637 5749 τὰς
658 5695 705 5744 έν
729 5703 785 5759 τῇ
810 5695 981 5765 δίηνῇ,

3699 348 3801 405 122

2240 445 2355 499 ἐστι
2391 450 2603 524 μέρειή
2641 452 2926 526 ἐκκλησία.
2957 454 3069 508 Ούκ
3110 452 3333 507 ἀκούετε
3372 456 3582 512 Παύλου
3617 458 3802 529 λέγον⁸

2237 552 2346 599 τος·
2364 541 2718 610 Αἱσχρότης,
2732 545 2830 597 καὶ
2847 546 3201 615 μωρολογία,
3214 544 3311 597 καὶ
3323 546 3684 613 εὐτραπελία
3694 550 3800 619 dp-

2237 623 2392 691 θήτω
2417 627 2518 695 ἀφ’
2536 630 2722 695 {min-,-
2744 632 2893 684 Μετά
2918 632 3017 702 τῆς
3039 633 3389 704 αίσχρότητος
3413 633 3512 705 τὴν
3539 636 3803 701 εὐτραπε-

2236 710 2353 765 λίαν
2387 713 2566 784 τίθησι
2588 732 2601 746 ο
2654 718 2718 771 σὺ
2754 718 2811 771 δέ
2846 718 3046 790 γελᾷςς
3091 720 3416 791 Μωρολογία
3450 722 3505 774 τί
3538 723 3696 787 ἐστι;
3733 724 3801 778 τά

2238 801 2404 871 μηδὲν
2444 800 2634 872 ἔχοντα
2674 805 2961 876 χρήσιμον.
2999 807 3167 878 Γελᾷς
3202 807 3263 860 δὲ
3289 807 3446 871 ὅλως,
3477 809 3573 862 καὶ
3598 808 3800 880 διαχεῖς

2233 888 2295 940 :6
2317 888 2604 958 πρόσωπον
2626 893 2654 945 6
2684 893 2928 964 μονάζων
2955 913 2970 963 ;
3003 897 3032 949 6
3055 896 3485 971 ἐσταυρωμένος,
3507 898 3536 950 6
3563 898 3797 962 πενθῶν,

2234 974 2432 1046 γελᾷς,
2479 978 2600 1031 εἰπέ
2645 996 2773 1049 μοις
2817 981 2926 1034 Ποῦ
2958 981 3049 1034 τοῦ
3092 983 3327 1053 Χριστοῦ
3360 984 3518 1037 τοῦτο
3563 985 3801 1055 ήκουσας

2238 1064 2548 1132 ποιοῦντος;
2579 1067 2850 1139 Ούδαμοῦ,
2880 1070 3017 1123 ἀλλά
3046 1071 3417 1140 κατηφοῦντος
3455 1071 3555 1141 μὲν
3599 1073 3801 1127 πολλά-

2236 1167 2343 1215 κις.
2375 1153 2486 1206 Καὶ
2510 1154 2618 1223 γὰρ
2659 1156 2747 1208 ὅτε
2784 1157 2882 1227 τὴν
2926 1157 3282 1229 Ἰερουσαλὴμ
3308 1154 3468 1224 εῖδεν,
3506 1159 3795 1231 ἐδάκρυσε,

2233 1240 2329 1292 καὶ
2360 1240 2448 1292 ὅτε
2471 1242 2562 1295 τὸν
2592 1242 2857 1312 προδότην
2888 1245 3169 1317 ἐνενόησεν
3191 1287 3207 1311 ,
3237 1245 3511 1317 ἐταράχθη
3531 1286 3546 1310 ,
3586 1248 3681 1301 καὶ
3707 1248 3798 1302 ὅτε

2231 1325 2323 1379 τὸν
2353 1328 2600 1398 Λάζαρον
2630 1329 2852 1397 ἔμελλεν
2874 1331 3130 1402 ἐγείρειν,
3160 1331 3415 1387 ἔκλαυσν
3444 1334 3508 1387 σὺ
3527 1333 3582 1387 δὲ
3603 1335 3794 1407 γελᾷςς

2232 1412 2296 1466 Εί
2324 1416 2417 1468 61:1
2438 1418 2545 1479 τοῖς
2583 1416 2785 1488 ἐτέρων
2818 1419 3203 1490 ἁμαρτήμασιν
3241 1420 3271 1473 6
3317 1421 3391 1493 μὴ
3433 1421 3632 1491 ἀλγῶν,
3660 1442 3799 1478 κατ-

2230 1506 2455 1577 ηγορίας
2482 1506 2630 1573 ἄξιος
2650 1525 2665 1541 ’
2693 1510 2722 1562 6
2752 1508 2844 1562 ἐπὶ
2871 1511 2982 1574 τοῖς
2997 1511 3161 1564 αὑτοῦ
3184 1510 3499 1579 ἀναλγήτως
3525 1510 3799 1583 διακείμε-

2229 1607 2318 1654 νος
2341 1595 2435 1647 καὶ
2459 1595 2650 1662 γελῶν,
2673 1595 2828 1661 ποίας
2847 1596 2997 1651 ἐσται
3018 1597 3344 1669 συγγνώμης
3366 1598 3532 1663 ἄξιοςς
3560 1598 3796 1665 Πένθους

2229 1678 2259 1731 6
2285 1679 2474 1750 παρὼν
2514 1684 2704 1752 καιρὸς
2740 1684 2836 1738 καὶ
2865 1684 3117 1754 θλίψεως,
3157 1684 3521 1755 ύπωπιασμοῦ
3554 1686 3649 1739 καὶ
3676 1686 3797 1740 δου-

2229 1763 2524 1836 λαγωγίας,
2559 1769 2783 1838 ἀγώνων
2820 1772 2915 1824 καὶ
2956 1770 3194 1842 ἱδρώτων
3220 1786 3235 1802 ⁸
3269 1771 3333 1825 σὺ
3362 1771 3419 1825 δὲ
3449 1772 3612 1843 γελᾷς
3637 1790 3651 1838 ;
3678 1775 3795 1843 Οὐχ

2227 1854 2359 1926 ὁρᾷς
2379 1858 2496 1922 πῶς
2525 1858 2824 1930 ἐπετιμήθη
2854 1860 3057 1932 Σάρρας
3082 1860 3181 1914 οὐκ
3206 1858 3422 1923 ἀκούεις
3443 1859 3536 1914 τοῦ
3556 1860 3791 1931 Χριστοῦ

2228 1942 2494 2013 λέγοντος*
2524 1946 2668 2003 Οὐαὶ
2699 1949 2753 2002 οι
2776 1948 3088 2017 γελῶντες,
3115 1950 3203 2003 ὅτι
3234 1950 3604 2003 κλαύσονται
3616 1965 3638 2013 ;
3659 1950 3795 2003 Ταΰ-

2228 2046 2295 2083 τα
2322 2029 2540 2099 ψάλλεις
2557 2031 2677 2085 καθ’
2695 2032 2928 2104 ἑκάστην
2950 2035 3183 2104 ἡμέραν.
3212 2035 3279 2088 Τί
3306 2034 3411 2105 γὰρ
3433 2034 3791 2103 λέγεις,,είπέ

2232 2133 2319 2185 μοι
2344 2135 2358 2183 ;
2388 2118 2467 2171 ὅτι
2512 2119 2804 2186 Ἐγέλασα;
2836 2121 3096 2192 Οὐδαμῶς
3117 2137 3132 2153 θ
3166 2122 3302 2175 ἀλλά
3324 2124 3418 2188 τίς
3462 2123 3791 2177 Ἐκοπίασα

2225 2202 2297 2256 ἐν
2324 2202 2402 2269 τῷ
2429 2206 2737 2275 στεναγμῷ
2768 2225 2909 2276 μου.
2944 2206 3105 2261 Ἀλλά
3135 2208 3277 2279 τάχα
3313 2208 3456 2272 τινές
3484 2212 3620 2264 εἰσιν
3644 2208 3789 2264 οὕτω

2226 2289 2604 2361 διαιιεχυμένοι
2639 2293 2729 2347 καλ⁵
2759 2294 2945 2363 χαῦνοι
2967 2335 2983 2357 ,
3016 2295 3091 2358 ὡς
3129 2295 3222 2348 καὶ
3256 2297 3314 2349 ἐν
3360 2297 3426 2365 τῇ
3475 2296 3788 2367 ἐπιτιμήσει

2226 2378 2393 2450 ταύτῃ
2415 2380 2598 2450 γελᾷν,
2621 2381 2703 2433 ὅτι
2728 2380 2791 2451 δὴ
2814 2381 2940 2452 περὶ
2959 2383 3193 2449 γέλωτος
3215 2382 3387 2436 ταῦτα
3406 2382 3786 2455 διαλεγόμεθα.

2225 2465 2335 2520 Καὶ
2361 2470 2469 2537 γὰρ
2495 2467 2730 2523 τοιοῦτόν
2759 2470 2905 2523 ἐστιν
2944 2471 2977 2542 ή
3018 2470 3330 2543 παραφορὰ,
3357 2471 3581 2542 τοιαύτη
3610 2474 3644 2544 ἡ
3687 2491 3788 2528 πα-

2228 2552 2523 2623 ραπληξία,
2552 2554 2672 2608 ούδέ
2697 2556 3011 2611 αἰσθάνεται
3042 2557 3138 2627 τῆς
3168 2558 3561 2629 ἐπιτιμήσεως.

2297 2638 2444 2713 [156]
2475 2643 2743 2713 Ἕστηκεν
2769 2644 2798 2697 6
2830 2645 3008 2715 ἱερεὺς
3031 2645 3124 2699 τοῦ
3153 2644 3288 2699 Θεοῦ
3319 2647 3417 2716 τὴν
3446 2647 3662 2700 πάντων
3690 2646 3785 2700 εὖ·

2225 2729 2325 2801 χὴν
2354 2730 2636 2802 ἀναφέρων
2662 2747 2675 2762 ο
2713 2732 2777 2786 σὺ
2818 2731 2873 2787 δὲ
2915 2732 3116 2804 γελᾷς,
3160 2733 3313 2787 οὐδὲν
3358 2734 3650 2799 δεδοικώς;
3691 2732 3787 2788 καὶ

2228 2816 2432 2880 ἐκεῖνος
2477 2816 2575 2886 μὲν
2615 2818 2830 2889 τρέμων
2864 2820 3005 2890 ὑπὲρ
3035 2817 3128 2872 σοῦ
3162 2819 3260 2882 τάς
3297 2819 3460 2889 εὐχάς
3498 2818 3781 2891 ἀναφέρει,

2227 2904 2293 2958 σὺ
2321 2902 2377 2957 δέ
2405 2909 2759 2976 καταφρονεῖς
2784 2923 2798 2971 ;
2836 2907 2948 2959 Οὐκ
2972 2906 3188 2971 ἀκούεις
3218 2909 3318 2978 τῆς
3342 2906 3565 2976 Γραφῆς
3594 2906 3786 2976 λεγού-

2225 3009 2357 3064 σηςο
2392 2993 2535 3048 Οὐαὶ
2573 2996 2627 3048 οι
2668 2994 3105 3062 καταφρονηταί
3119 3010 3139 3057 ;
3170 2993 3230 3047 06
3274 2993 3553 3064 φρίττεις;
3597 2994 3658 3046 06
3689 3010 3787 3048 συ-

2227 3078 2463 3143 στέλλεις
2495 3079 2722 3147 σαυτόν;
2753 3079 2863 3133 Ka‘:
2903 3080 2984 3144 είς
3019 3079 3117 3149 μέν
3159 3077 3404 3148 βασίλεια
3447 3078 3653 3147 εἰσιὼν,
3690 3078 3787 3134 καὶ

2225 3164 2463 3239 σχήματι
2491 3167 2585 3219 καὶ⁸
2617 3165 2887 3237 βλέμματι
2919 3168 3013 3219 καὶ
3054 3165 3344 3236 βαδίσματι
3381 3166 3477 3220 καὶ
3512 3168 3646 3220 πᾶσι
3672 3166 3788 3229 τοῖς

2222 3254 2399 3316 ἄλλοις
2426 3254 2651 3325 κοσμεῖς
2681 3252 2874 3307 σαυτόν
2895 3269 2909 3283 ·
2952 3249 3185 3306 ἐνταῦθα
3220 3251 3307 3316 δὲ,
3351 3250 3478 3304 ἔνθα
3520 3250 3590 3304 τὰ
3617 3248 3786 3314 ὅντως

2223 3343 2340 3397 ἐστὶ
2369 3343 2630 3414 βασίλεια,
2658 3344 2752 3398 καὶ
2784 3340 3007 3398 τοιαῦτα
3044 3337 3133 3398 οἷα
3172 3339 3241 3398 τὰ
3281 3342 3507 3413 οὐράνια
3527 3379 3543 3404 ,
3573 3342 3669 3395 καὶ
3694 3357 3787 3411 γε-

2223 3430 2351 3503 λᾷς;
2384 3432 2455 3484 Σὺ
2478 3431 2578 3502 μὲν
2604 3427 2696 3483 οὖν
2721 3427 2836 3484 οῖδα
2863 3431 2944 3484 ὅτι
2967 3429 3065 3500 οὐχ
3101 3430 3233 3501 ὁρᾷς
3256 3445 3270 3459 ·
3303 3429 3467 3483 ἄκουε
3494 3427 3551 3481 δέ
3583 3428 3664 3482 ὅτι
3690 3427 3789 3497 ἄγ-

2221 3519 2368 3589 γελοι
2393 3520 2613 3592 πάρεισι
2640 3519 2932 3590 πανταχοῦ,
2964 3519 3058 3573 καὶ
3087 3517 3319 3589 μάλιστα
3344 3519 3403 3571 ἐν
3430 3517 3505 3587 τῷ
3532 3517 3663 3586 οῐκῳ
3686 3518 3784 3571 τοῦ

2222 3609 2356 3664 Θεοῦ
2386 3609 2760 3681 παρεστήκασι
2794 3607 2872 3680 τῷ
2915 3607 3145 3679 βασιλεῖ,
3173 3608 3269 3662 καὶ
3297 3606 3472 3661 πάντα
3500 3604 3787 3675 ἐμπέπλη-

2223 3713 2343 3750 σται
2370 3695 2478 3751 τῶν
2519 3695 2823 3767 ἀσωμάτων
2862 3694 3085 3749 ἐκείνων
3125 3692 3425 3764 δυνάμεων.
3469 3684 3634 3753 Οῦτος
3662 3691 3790 3760 ἐμοὶ

2221 3785 2314 3840 m1
2347 3783 2486 3855 πρὸς
2528 3785 2791 3854 γυναῖκας
2820 3783 2848 3836 6
2873 3781 3050 3850 λόγος,
3084 3779 3140 3834 αἶ
3181 3781 3273 3833 ἐπὶ⁵
3302 3778 3403 3849 μὲν
3441 3777 3549 3832 τῶν
3578 3777 3788 3847 ἀνδρῶν

2222 3873 2283 3928 06
2311 3871 2551 3943 τολμῶσι
2577 3870 2736 3924 τοῦτο
2771 3871 2944 3922 ποιεῖν
2972 3867 3201 3937 ταχέως,
3232 3865 3337 3920 κάν
3365 3863 3564 3919 ποιῶσι
3584 3864 3663 3925 δὲ,
3685 3865 3787 3917 οὐκ

2222 3959 2329 4023 ἀεὶ,
2358 3956 2490 4012 ἀλλὰ
2521 3957 2670 4026 παρά
2695 3955 2785 4008 τὸν
2820 3952 3009 4024 καιρὸν
3031 3952 3131 4022 τῆς
3160 3950 3394 4012 ἀνέσεως
3419 3964 3432 3977 ’
3466 3947 3703 4002 ἐνταῦθα
3729 3947 3789 4001 δὲ

2223 4049 2328 4104 ἀεί.
2358 4046 2828 4111 Κατακαλύπτεις,
2858 4043 2979 4098 εἰπέ
3007 4058 3119 4113 μοι,
3148 4040 3248 4113 τὴν
3275 4040 3539 4109 κεφαλὴν,
3571 4039 3667 4094 καὶ
3693 4054 3790 4106 γε·

2221 4136 2338 4206 λᾷς,
2371 4130 2416 4189 ὧ
2442 4135 2624 4204 γύναι,
2650 4135 2710 4186 ἐν
2749 4130 3013 4202 ἐκκλησίᾳ
3052 4128 3333 4200 καθημένη
3360 4144 3376 4193 ;
3423 4126 3669 4197 εἰσῆλθες
3702 4124 3792 4190 ἐξ·

2220 4222 2653 4295 ομολογήσασθαι
2680 4220 2748 4275 τά
2778 4221 3173 4290 ἁμαρτήματα,
3189 4217 3519 4287 προσπεσεῖν
3535 4213 3613 4284 τῷ
3640 4212 3782 4284 Θεῷ,

2218 4308 2468 4380 δεηθῆναι
2496 4307 2590 4362 καὶ
2620 4305 2891 4360 ἱκετεῦσαι
2914 4306 3054 4374 ὑπὲρ
3083 4302 3192 4358 τῶν
3221 4301 3405 4363 κακῶς
3435 4317 3519 4354 σοι
3537 4301 3789 4370 πεπλημ-

2223 4394 2558 4467 μελημένων,
2594 4395 2688 4447 καὶ
2720 4394 2857 4463 μετά
2876 4392 3108 4462 γέλωτος
3138 4388 3292 4443 τοῦτο
3315 4389 3514 4454 ποιεῖς;
3543 4386 3667 4449 Πῶς
3690 4382 3789 4441 οὖν

2218 4482 2380 4537 αὑτὸν
2415 4480 2801 4549 ἐξιλεώσασθαι
2827 4480 3031 4551 δυνήσῃ
3058 4496 3076 4541 ς
3118 4477 3227 4531 Καὶ
3250 4476 3304 4530 τί
3330 4476 3500 4531 κακὸν
3529 4477 3557 4528 6
3586 4475 3785 4543 γέλως,

2221 4569 2383 4641 φησίν
2412 4587 2428 4637 ;
2457 4568 2533 4623 06
2560 4568 2727 4623 κακὸν
2750 4570 2779 4622 6
2803 4567 2994 4637 γέλως,
3031 4565 3170 4620 ἀλλά
3193 4564 3362 4618 κακὸν
3395 4562 3457 4616 :6
3495 4562 3648 4632 παρά
3687 4564 3789 4633 μέ-

2217 4674 2366 4730 τρον,
2395 4656 2455 4709 :6
2478 4656 2723 4727 ἄκαιρον.
2739 4656 2799 4709 '0
2817 4654 2988 4723 γέλως
3015 4651 3255 4721 ἔγκειται
3277 4653 3336 4705 ἐν
3354 4652 3507 4721 ἡμῖν,
3545 4648 3632 4715 ἵν’,
3657 4650 3788 4703 ὅταν

2221 4746 2406 4816 φίλους
2439 4746 2637 4815 ίδωμεν
2665 4744 2753 4798 διὰ
2802 4741 3011 4812 μακροῦ
3054 4741 3247 4812 χρόνου
3271 4777 3286 4803 ,
3315 4736 3475 4792 τοῦτο
3516 4735 3784 4808 ποιῶμεν,

2219 4836 2347 4889 ὅταν
2381 4833 2536 4896 τινὰς
2579 4829 3136 4902 καταπεπληγμένους
3175 4825 3269 4881 καὶ
3313 4823 3615 4888 δεδοικότας
3641 4864 3659 4889 ,
3701 4824 3789 4877 άν-

2219 4922 2367 4994 ῶμεν
2392 4922 2588 4985 αὐτοὺς
2606 4919 2682 4992 τῷ
2707 4920 3038 4991 μειδιάματι,
3066 4917 3165 4988 οὐχ
3189 4914 3275 4969 ἴνα
3291 4912 3785 4984 ἀνακαγχάζωμεν,

2219 5013 2312 5067 καὶ⁵
2331 5011 2419 5065 ἀεὶ
2442 5009 2686 5081 γελῶμεν
2704 5024 2719 5039 ·
2764 5009 2794 5061 6
2822 5007 2993 5077 γέλως
3019 5004 3263 5074 ἔγκειται
3287 5004 3351 5074 τῇ
3378 5002 3522 5074 ψυχῇ
3555 5004 3621 5072 τῇ
3646 5002 3789 5071 ήμε-

2218 5099 2373 5171 τέρᾳ,
2402 5097 2490 5151 ἵνα
2533 5093 2726 5167 ἀνῆταί
2753 5094 2883 5148 ποτε
2926 5093 2959 5164 ή
2996 5091 3181 5163 ψυχὴ,
3218 5089 3319 5161 οὐχ
3358 5088 3789 5160 ἵναδιαχέηται.

2233 5186 2383 5240 Ἐπεὶ
2417 5185 2512 5239 καὶ
2544 5181 2805 5253 ἐπιθυμία
2831 5182 2965 5252 ἡμῖν
2999 5178 3243 5247 ἔγκειται
3278 5174 3570 5247 σωμάτων,
3601 5175 3699 5227 καὶ
3724 5173 3791 5227 06

2221 5273 2435 5335 πάντως
2459 5271 2668 5341 ἀνάγκη
2699 5266 2786 5323 διά
2812 5269 2873 5322 :6
2914 5264 3194 5337 ἐγκεῖσθαι
3229 5264 3322 5318 καὶ
3364 5264 3500 5333 αὐτῇ
3529 5259 3789 5333 χρῆσθαι,

2219 5362 2254 5433 ἢ
2290 5360 2589 5431 κεχρῆσθαι
2618 5358 2870 5430 ἀμέτρως
2896 5374 2910 5388 ’
2955 5355 3091 5410 ἀλλά
3135 5355 3228 5409 καὶ
3255 5351 3564 5425 κρατοῦμεν
3591 5349 3789 5420 αὐτῆς,

2220 5450 2316 5505 καὶ
2339 5450 2400 5503 06
2425 5449 2675 5520 λέγομεν,
2707 5445 2925 5516 Ἐπειδὴ
2953 5444 3215 5513 ἔγκειται,
3252 5439 3607 5515 χρησώμεθα.
3634 5436 3792 5493 Μετὰ

2219 5535 2469 5607 δακρύων
2503 5535 2718 5588 δούλευε
2746 5532 2825 5603 τῷ
2854 5530 2994 5602 Θεῷ,
3036 5531 3123 5584 ἵνα
3155 5528 3389 5600 δυνηθῇς
3424 5523 3791 5597 ἀπονίψασθαι

2218 5624 2288 5677 τὰ
2320 5623 2701 5694 ἡμαρτημένα.
2733 5617 2862 5675 Οῐδα
2898 5621 2979 5674 ὅτι
3008 5619 3191 5673 πολλοὶ
3231 5614 3614 5683 διαμωκῶνται
3643 5614 3791 5685 ἡμᾶς

2220 5711 2488 5778 λέγοντες,
2508 5708 2723 5772 Εὐθέως
2749 5706 2979 5778 δάκρυα.
3000 5706 3099 5760 Διά
3124 5703 3283 5760 τοῦτο
3302 5702 3557 5774 δακρύων
3574 5699 3789 5772 καιρός.
