4088 6204
372 315 466 372 121

365 426 576 475 rantes.
597 415 699 471 Hic
723 420 907 471 autem
936 419 1042 468 stat
1071 425 1292 480 avarus,
1318 428 1428 468 non
1453 413 1622 480 domi,
1647 416 1740 472 sed
1761 416 1815 471 in
1840 431 1947 473 me-

365 515 455 569 dia
485 513 734 574 civitate,
757 525 863 564 non
887 523 1111 578 corpus,
1131 507 1225 563 sed
1247 507 1486 562 animam
1507 508 1724 565 diabolo
1746 513 1943 582 prosti-

371 617 551 668 tuens,
575 612 638 659 ut
668 609 723 659 et
754 609 910 658 coeat
933 610 988 657 et
1013 600 1079 655 ad
1113 601 1288 670 ipsum
1319 602 1628 657 meretricis
1663 602 1838 660 instar
1861 605 1943 660 in-

365 699 647 770 grediatur
671 736 686 761 ,
720 704 776 751 et
803 693 952 749 omni
990 692 1112 763 ejus
1140 693 1363 763 impleta
1405 693 1633 750 libidine
1673 709 1864 764 exeat;
1892 709 1946 754 et

370 791 513 846 videt
554 796 665 844 tota
705 787 930 852 civitas,
970 801 1084 840 non
1122 784 1231 840 duo
1262 791 1360 840 aut
1398 794 1508 841 tres
1545 787 1670 841 viri.
1718 788 1830 844 [loc
1861 800 1944 844 est

365 883 530 936 etiam
559 879 839 951 proprium
869 879 1243 943 meretricum,
1267 877 1412 946 quod
1443 877 1564 947 ejus
1595 878 1704 933 sint
1736 880 1827 949 qui
1852 880 1945 935 dat

366 988 591 1028 aurum:
615 981 671 1026 et
693 971 816 1026 licet
835 970 908 1024 sit
931 985 1144 1034 servus,
1164 969 1292 1025 licet
1317 969 1476 1035 liber,
1500 971 1628 1026 licet
1651 972 1940 1042 gladiator,

365 1066 492 1120 licet
508 1064 758 1135 quilibet,
778 1062 823 1119 si
846 1061 1092 1132 porrigat
1113 1062 1445 1125 mercedem,
1467 1063 1619 1118 illum
1639 1065 1939 1134 excipiunt;

364 1155 566 1211 liberos
586 1162 791 1218 autem,
811 1153 976 1208 etiam
998 1153 1044 1208 si
1059 1152 1169 1208 sint
1188 1154 1435 1208 omnium
1455 1155 1805 1223 nobilissimi,
1826 1159 1944 1214 sine

360 1247 594 1316 pecunia
617 1260 724 1300 non
743 1244 1056 1298 admittunt.
1080 1243 1196 1299 Hoc
1219 1244 1309 1299 isti
1343 1260 1562 1316 quoque
1591 1245 1795 1302 faciunt
1821 1264 1834 1302 :
1866 1264 1942 1304 reo

361 1347 479 1393 etas
493 1337 714 1406 quidem
738 1337 1120 1405 cogitationes,
1140 1352 1264 1391 cum
1288 1338 1576 1408 pecunia-ni
1598 1355 1701 1393 non
1719 1340 1937 1406 habent,

361 1436 717 1495 aversantur;
739 1443 862 1484 cum
886 1429 1170 1484 sceleratis
1188 1439 1368 1485 autem
1385 1438 1438 1485 et
1454 1430 1843 1486 bestiariorum
1867 1433 1942 1487 .Ιὶ-

357 1520 484 1591 griis
509 1528 702 1574 coeunt
733 1530 953 1590 propter
984 1535 1201 1587 aurum,
1227 1521 1624 1593 inhonesteque
1649 1533 1866 1588 coeunt,
1888 1532 1941 1579 ct

361 1612 597 1682 perdunt
618 1614 813 1667 anima:
832 1610 1324 1682 pulchritudinem.
1354 1613 1486 1669 Nam
1513 1623 1571 1669 ut
1604 1616 1710 1670 illac
1741 1625 1939 1670 natura

303 1723 308 1726 ·
355 1702 581 1770 quidem
607 1702 886 1758 deformes
906 1711 962 1759 et
994 1704 1179 1775 nigrae,
1197 1713 1550 1778 agrestesque
1581 1715 1634 1762 et
1656 1722 1859 1764 crassae
1884 1717 1940 1762 et

357 1791 649 1861 informes,
671 1804 725 1850 et
749 1810 861 1849 non
889 1802 1054 1850 recta!
1075 1795 1286 1867 figurae,
1310 1806 1363 1853 et
1384 1801 1532 1853 omni
1555 1816 1619 1856 ex
1647 1807 1802 1870 parte
1824 1807 1939 1855 tur-

358 1899 454 1952 pes
476 1902 489 1936 :
510 1885 585 1939 ita
606 1885 802 1940 horum
831 1901 1050 1958 quoque
1072 1889 1207 1943 fiunt
1231 1889 1447 1957 animae,
1469 1907 1590 1961 qum
1610 1907 1678 1948 ne
1692 1892 1940 1948 externis

357 1976 577 2045 quidem
599 1977 749 2034 illitis
774 1977 918 2034 fucis
941 1980 1348 2036 deformitatem
1374 1991 1604 2052 possunt
1622 1993 1938 2056 contegere.

357 2067 492 2122 Nam
515 2071 740 2140 quando
757 2079 1000 2127 extrema
1025 2071 1188 2128 fuerit
1204 2074 1544 2142 deformitas,
1565 2075 1829 2147 quidquid
1852 2093 1942 2133 ex-

357 2158 787 2228 cogitarint,nec
811 2169 1041 2232 possunt
1064 2171 1240 2219 tamen
1265 2165 1540 2236 obtegere.
1559 2165 1770 2222 Etenim
1793 2167 1938 2238 quod

356 2250 696 2319 impudentia
721 2253 916 2309 elliciat
957 2256 1305 2323 meretrices,
1334 2256 1462 2312 audi
1503 2257 1820 2327 prophetam
1858 2257 1914 2312 di

355 2347 564 2393 eentem
587 2357 603 2394 :
639 2337 668 2392 Ι
673 2341 916 2407 mpudens
941 2342 1076 2408 facta
1104 2358 1155 2395 es
1180 2343 1246 2394 ad
1274 2358 1443 2396 omnes
1466 2383 1480 2407 ,
1526 2343 1616 2396 tibi
1644 2345 1739 2413 fuit
1767 2343 1922 2412 facies

355 2429 632 2484 meretricis
663 2429 794 2498 (Jer.
829 2433 881 2486 5.
912 2432 988 2498 5).
1020 2430 1132 2484 Hoc
1161 2431 1324 2485 etiam
1357 2431 1460 2485 dici
1499 2439 1673 2499 potest
1700 2431 1916 2485 avaris:

354 2517 644 2586 [mpudens
670 2519 838 2575 factus
881 2536 941 2575 es
987 2520 1053 2574 ad
1079 2535 1286 2585 omnes,
1328 2534 1432 2574 non
1473 2519 1538 2574 ad
1571 2520 1746 2575 hoset
1772 2519 1914 2588 illos,

352 2609 449 2663 sed
476 2610 543 2662 ad
590 2624 792 2665 omnes.
819 2610 1140 2678 Quomodo?
1173 2610 1284 2664 Non
1323 2618 1546 2679 patrem,
1594 2625 1700 2665 non
1728 2610 1913 2675 filium,

351 2714 459 2753 non
493 2714 733 2768 uxorem,
754 2715 858 2755 non
897 2701 1148 2767 amicum,
1197 2717 1300 2754 non
1327 2701 1564 2768 fratrem,
1593 2715 1697 2756 non
1746 2701 1914 2756 bene-

349 2787 530 2853 ﬁcum,
557 2791 829 2845 neminem
859 2802 1136 2846 reveretur
1162 2793 1247 2860 qui
1278 2799 1360 2846 est
1381 2791 1662 2861 ejusmodi.
1694 2792 1760 2846 Et
1785 2792 1912 2862 quid

346 2877 469 2934 dico
495 2879 723 2934 amicum
739 2889 795 2935 et
815 2880 1028 2936 fratrem
1057 2888 1112 2936 et
1137 2881 1378 2950 patrem?
1407 2897 1474 2937 ne
1504 2882 1675 2951 ipsum
1697 2882 1908 2952 quidem

346 2977 566 3022 veretur
595 2968 779 3036 Deum,
811 2969 904 3024 sed
935 2971 1112 3025 omnia
1141 2974 1188 3026 ei
1217 2969 1463 3026 videntur
1487 2985 1609 3028 esse
1630 2971 1823 3038 fabula,
1855 2982 1908 3028 et

343 3056 484 3109 ridet
508 3072 540 3110 a
569 3059 730 3113 multa
763 3059 1058 3128 cupiditate
1085 3060 1286 3124 ebrius,
1333 3075 1401 3115 ne
1433 3061 1650 3116 auribus
1692 3062 1904 3132 quidem

341 3147 627 3217 quidquam
658 3150 946 3204 admittens
961 3165 1143 3205 eorum
1165 3166 1284 3220 qua:
1305 3160 1526 3220 possunt
1550 3151 1598 3209 ei
1631 3152 1902 3222 prodesse.

340 3236 468 3299 Sed,
516 3253 550 3291 ο
590 3238 999 3306 absurditatem,
1046 3255 1289 3310 quaenam
1321 3241 1643 3311 loquuntur!
1676 3242 1764 3298 Va:
1808 3244 1902 3298 tibi

339 3342 614 3393 mamona,
671 3338 726 3384 et
775 3332 824 3384 ei
869 3332 966 3400 qui
1017 3341 1068 3386 te
1104 3347 1207 3386 non
1262 3331 1440 3386 habet.
1495 3332 1573 3386 lra
1620 3334 1898 3389 dissecor:

340 3415 428 3469 Vae
449 3418 610 3472 etiam
630 3419 697 3473 iis
719 3420 809 3488 qui
839 3419 954 3474 hmc
980 3422 1181 3486 dicunt,
1211 3421 1417 3477 etiamsi
1449 3423 1672 3478 ridendo
1695 3423 1898 3483 dicant.

335 3506 464 3559 Nam
516 3507 604 3562 dic
657 3509 824 3576 mihi,
871 3525 1049 3566 annon
1096 3513 1228 3567 tales
1280 3512 1448 3567 minas
1487 3513 1628 3567 Deus
1672 3514 1899 3570 intenta-

334 3598 428 3660 vit,
481 3598 664 3654 dicens
718 3618 733 3654 :
791 3600 912 3654 Non
966 3603 1170 3671 potestis
1214 3601 1410 3656 duobus
1453 3601 1670 3656 dominis
1715 3604 1900 3658 servire

333 3686 544 3755 (Matth.
599 3688 656 3744 6.
713 3688 840 3759 ειη
891 3698 946 3744 ιιι
999 3697 1177 3745 autem
1220 3691 1391 3746 minas
1419 3689 1668 3747 dissolvis
1686 3691 1808 3746 dum
1834 3707 1894 3747 ea

334 3777 386 3829 in
435 3776 684 3831 damnum
740 3787 884 3832 tuum
930 3779 1096 3834 audes
1144 3779 1357 3835 dicere?
1395 3795 1571 3836 annon
1613 3797 1730 3837 eam
1769 3781 1898 3836 dicit

332 3866 526 3921 Paulus
569 3882 690 3923 esse
739 3868 1112 3935 idololatriam,
1151 3879 1206 3924 et
1229 3885 1445 3925 avarum
1490 3881 1638 3926 vocat
1680 3872 1895 3928 idolola-

331 3958 505 4010 tram?
531 3967 588 4012 tu
610 3968 786 4013 autem
815 3967 925 4014 stas
954 3958 1136 4015 ridens
1163 3960 1327 4015 instar
1345 3961 1676 4016 saecularium
1705 3964 1894 4018 mulie-

329 4061 468 4111 rum,
496 4050 667 4102 instar
709 4064 891 4105 earum
946 4066 1066 4121 quin
1106 4061 1230 4108 sunt
1271 4052 1323 4107 in
1369 4066 1528 4108 scena
1577 4055 1740 4110 risum
1783 4071 1894 4110 mo-

331 4149 479 4191 vena.

397 4229 455 4283 ι.
495 4227 607 4281 Hoc
621 4229 798 4282 omnia
818 4230 1032 4294 evertit,
1062 4228 1162 4284 hoc
1182 4229 1364 4300 dejicit
1383 4250 1397 4286 :
1418 4232 1525 4288 Res
1554 4244 1747 4290 nostra:
1773 4234 1892 4291 effe-

331 4326 426 4372 cta:
453 4328 581 4372 sunt
601 4319 764 4384 risus,
779 4319 1011 4374 civilitas
1035 4329 1089 4375 et
1107 4321 1394 4378 urbanitas.
1413 4324 1557 4380 Nihil
1577 4327 1786 4392 stabile,
1811 4330 1891 4383 ni-

331 4408 401 4463 hil
424 4408 856 4479 grave.Nonhoc
873 4410 1045 4465 solum
1079 4411 1197 4468 dico
1227 4414 1350 4470 viris
1379 4414 1536 4485 hujus
1563 4417 1685 4473 vita:
1713 4419 1888 4474 studio

325 4497 653 4562 deditis,sed
693 4499 807 4552 scio
835 4515 970 4567 quos
1015 4502 1209 4554 inuuo:
1243 4503 1349 4556 risu
1391 4505 1531 4558 enim
1569 4506 1778 4575 impleta
1809 4519 1890 4562 est

325 4586 586 4641 Ecclesia.
612 4585 670 4641 Si
703 4587 963 4656 quiSpiam
988 4589 1215 4644 facetum
1245 4593 1367 4660 quid
1399 4593 1613 4660 dixerit,
1644 4598 1778 4651 inter
1805 4613 1888 4652 sc-

320 4679 516 4735 dentcs
536 4681 716 4734 statim
738 4682 974 4734 nascitur
996 4683 1170 4736 risus:
1193 4692 1246 4737 et
1267 4685 1405 4753 quod
1432 4696 1511 4740 est
1531 4688 1790 4752 mirabile,
1821 4705 1886 4744 ne

321 4770 376 4823 in
397 4769 514 4840 ipso
540 4769 752 4838 quidem
786 4787 998 4840 prccmn
1027 4782 1265 4844 tempore
1285 4787 1490 4828 cessant
1510 4778 1658 4830 mttlti
1691 4779 1882 4833 ridere.

323 4853 527 4924 Ubique
544 4857 740 4912 choros
765 4860 909 4914 ducit
936 4862 1191 4926 diabolus,
1213 4878 1400 4917 omnes
1417 4854 1684 4930 ingressus
1703 4869 1801 4918 cst,
1828 4861 1877 4913 in

309 4958 499 5000 omnes
515 4947 842 5004 dominatum
871 4953 1074 5008 obtinet
1108 4973 1121 5008 :
1150 4954 1396 5009 Christus
1426 4952 1749 5020 cautemptui
1784 4950 1879 5003 ha-

310 5033 464 5088 betur
483 5077 497 5096 ,
525 5039 846 5093 extruditur.
885 5043 1032 5095 nihili
1057 5043 1264 5097 ducitur
1277 5041 1530 5098 Ecclesia.
1547 5041 1657 5095 Non
1682 5042 1875 5096 auditis

306 5122 526 5180 Paulum
549 5128 813 5185 dicentem
837 5148 849 5181 :
872 5133 1169 5199 Turpitudo,
1191 5144 1236 5187 et
1253 5134 1638 5202 stultiloquium,
1670 5144 1715 5184 et
1732 5149 1872 5186 scur-

304 5213 470 5270 rilitas
509 5221 723 5273 tollatur
751 5239 781 5274 a
803 5223 936 5278 vobis
961 5222 1176 5295 (Ep/tes.
1205 5226 1258 5280 5.
1283 5225 1372 5293 4)?
1391 5225 1520 5279 Cum
1553 5224 1870 5293 turpitudine

302 5306 454 5371 ponit
480 5306 899 5365 scurrilitatem:
927 5322 982 5366 tu
1018 5324 1193 5368 autem
1239 5313 1420 5368 rides?
1459 5313 1595 5381 Quid
1636 5313 1862 5367 stultilo-

298 5397 520 5460 quium?
535 5412 656 5466 qua:
671 5399 805 5454 nihil
829 5401 1022 5456 habent
1043 5403 1190 5460 utile.
1206 5402 1286 5459 Tu
1306 5412 1480 5458 tamen
1497 5404 1657 5468 rides,
1670 5413 1722 5458 et
1749 5406 1865 5456 vul-

297 5491 406 5536 tum
420 5484 696 5556 difl’undis,
712 5490 800 5558 qui
818 5506 875 5545 es
898 5493 1227 5548 monachus?
1247 5494 1336 5564 qui
1359 5494 1661 5560 crucifixus,
1679 5492 1767 5563 qui
1787 5493 1864 5547 lu-

293 5581 436 5629 ctum
451 5574 650 5646 induis,
677 5580 842 5648 rides,
861 5581 947 5636 die
964 5583 1128 5637 mihi?
1150 5584 1246 5640 Ubi
1275 5583 1450 5640 vidisti
1467 5583 1733 5638 Christum
1760 5581 1860 5637 hoc

294 5663 624 5726 facientem?
652 5671 920 5745 Nusquam
948 5690 962 5736 ;
987 5674 1083 5730 sed
1105 5689 1249 5746 smpe
1271 5674 1486 5746 quidem
1519 5674 1744 5729 tristem.
1768 5673 1857 5728 Et-

1184 307 1250 362 ΙΝ
1287 305 1502 364 EPIST.
1542 304 1634 362 AD
1673 303 2034 362 ΙΙΕΒΒΔΕΟε.
2076 307 2229 364 CAP.
2273 309 2364 366 IX.
2407 311 2635 371 llOMlL.
2677 314 2794 370 XV.

3514 319 3616 374 153:7.

2045 412 2185 466 enim
2211 414 2422 482 quando
2450 415 2579 470 vidit
2613 415 2938 482 Jerusalem,
2985 415 3166 480 ﬂevit;
3197 423 3251 471 et
3279 417 3490 486 quando
3539 429 3606 471 de

2045 501 2314 570 proditore
2341 505 2608 574 cogitavit,
2635 505 2733 559 fuit
2759 507 3032 569 turbatus;
3060 504 3334 574 etquando
3348 504 3605 558 Lazarum

2040 592 2390 647 suscitaturus
2428 604 2562 658 erat,
2599 594 2919 665 lacrymatus
2967 604 3048 648 est
3072 611 3085 646 :
3113 602 3166 647 tu
3199 603 3376 648 autem
3423 592 3603 645 rides?

2039 679 2094 734 Si
2117 682 2201 750 qui
2231 690 2443 750 propter
2467 684 2689 736 aliorum
2720 691 2936 752 peccata
2964 698 3069 737 non
3109 682 3276 746 dolet,
3300 683 3489 752 dignus
3518 691 3601 736 est

2036 771 2126 840 qui
2175 783 2492 827 accusetur“.
2522 775 2610 842 qui
2645 789 2739 841 pro
2785 774 2895 828 suis
2929 775 3072 828 nullo
3117 775 3344 843 tangitur
3388 774 3594 840 dolore,

2036 860 2128 914 sed
2154 861 2310 924 ridet,
2335 877 2563 930 quanam
2593 863 2696 917 erit
2717 863 2906 934 dignus
2935 865 3082 920 venia
3104 865 3125 918 ?
3146 865 3341 918 Luctus
3358 874 3438 918 est
3469 873 3600 918 tem-

2037 966 2135 1018 pus
2162 961 2213 1005 et
2242 951 2561 1016 afllictionis,
2582 954 2941 1022 castigationis
2958 966 3012 1011 et
3034 957 3300 1011 servitutis
3316 955 3596 1023 obeundae,

2034 1043 2380 1098 certaminum
2409 1053 2462 1100 et
2487 1044 2742 1100 sudorum
2770 1063 2782 1098 :
2816 1055 2870 1099 tu
2891 1054 3067 1100 autem
3091 1047 3272 1100 rides?
3299 1047 3413 1100 Νοη
3444 1048 3596 1102 vides

2031 1133 2302 1202 quomodo
2346 1134 2616 1204 increpata
2665 1134 2765 1188 fuit
2792 1134 2955 1191 Sara?
3010 1150 3117 1190 non
3145 1135 3295 1189 audis
3323 1134 3592 1190 Christum

2031 1226 2296 1279 dicentem
2331 1243 2344 1279 :
2391 1225 2474 1279 Va:
2501 1226 2587 1294 qui
2605 1226 2790 1292 rident,
2818 1227 3054 1294 quoniam
3087 1227 3352 1295 plorabant
3381 1226 3588 1297 (Luc.5.

2030 1315 2150 1384 25)?
2163 1315 2284 1369 l'lzec
2303 1315 2480 1384 psallis
2497 1298 2751 1383 quotidie.
2771 1315 2904 1383 Quid
2923 1318 3062 1371 enim
3083 1316 3234 1380 dicis,
3260 1316 3344 1370 die
3372 1317 3591 1385 (μιξεεοῖ

2029 1405 2254 1469 dicisue,
2286 1406 2433 1461 Risi?
2475 1407 2858 1476 Nequaquam;
2914 1407 3006 1462 sed
3057 1407 3220 1476 quid?
3257 1405 3500 1460 Laboravi
3541 1408 3591 1460 in

2022 1501 2215 1569 gemitu
2241 1516 2367 1552 meo.
2392 1498 2494 1554 Sed
2527 1501 2753 1554 fortasse
2777 1498 2989 1568 quidam
3038 1509 3154 1553 sunt
3195 1499 3330 1554 adeo
3351 1499 3590 1554 dissoluti

2029 1593 2338 1663 mollesque,
2363 1602 2418 1646 ut
2443 1593 2600 1646 etiam
2627 1594 2679 1646 in
2698 1593 2796 1646 hac
2823 1592 3186 1661 increpatione
3206 1591 3430 1657 rideant,
3454 1606 3586 1662 quo-

2024 1683 2168 1736 niam
2195 1681 2261 1736 de
2288 1682 2396 1736 risu
2440 1682 2552 1736 lia-c
2595 1682 2839 1738 dicimus.
2875 1683 3082 1736 Etenim
3109 1681 3366 1750 ejusmodi
3391 1699 3474 1736 res
3505 1683 3584 1738 fu.

2024 1786 2136 1835 ror,
2171 1773 2288 1826 talis
2341 1773 2533 1828 mentis
2567 1783 2770 1843 stupor,
2805 1788 2872 1827 ne
2893 1773 3056 1829 sentit
3102 1773 3315 1842 quidem
3350 1773 3589 1844 increpa-

2025 1859 2245 1915 tionem.

2095 1949 2250 2005 Risus
2282 1950 2337 2004 in
2371 1950 2580 2007 ecclesia
2617 1951 2919 2021 prohibitus.
2951 1982 3018 1994 —
3047 1952 3164 2012 Stat
3200 1954 3448 2009 sacerdos
3494 1955 3584 2008 hci

2019 2040 2256 2092 omnium
2284 2039 2516 2096 offerens
2554 2045 2953 2112 precationem:
2981 2054 3034 2100 ιιι
3060 2056 3238 2102 autem
3269 2046 3431 2111 rides,
3468 2049 3598 2102 nihil

2013 2129 2248 2184 veritus?
2270 2140 2323 2186 et
2352 2131 2442 2186 ille
2466 2133 2680 2202 quidem
2715 2145 2949 2191 tremens
2982 2153 3077 2206 pro
3105 2147 3156 2191 te
3183 2137 3340 2192 oﬂ'ert
3372 2154 3556 2209 preces
3583 2158 3596 2194 :

2016 2227 2072 2273 tu
2097 2228 2274 2274 autem
2300 2221 2566 2292 despicis?
2593 2224 2709 2279 Non
2738 2226 2891 2281 audis
2921 2227 3252 2298 Scripturam
3282 2229 3548 2284 dicentem
3581 2249 3592 2284 :

2020 2309 2104 2365 Va:
2133 2312 2286 2377 vobis,
2320 2317 2721 2384 contemptores?
2748 2333 2856 2372 non
2885 2316 3190 2373 horrescis?
3220 2334 3325 2374 non
3366 2321 3594 2389 teipsqu

2004 2401 2315 2458 contrahis?
2339 2403 2405 2458 Et
2427 2406 2628 2475 regiam
2658 2406 2874 2477 quidem
2901 2408 3223 2478 ingrediens,
3256 2419 3308 2464 et
3336 2410 3520 2464 habitu
3540 2419 3595 2466 et

2000 2501 2224 2562 aspectu
2255 2501 2311 2548 et
2348 2493 2559 2550 incessu
2587 2503 2642 2550 et
2669 2498 2916 2553 omnibus
2940 2497 3060 2553 aliis
3088 2507 3139 2554 te
3169 2513 3332 2560 ornas
3357 2509 3412 2554 et
3439 2515 3585 2555 com-

2001 2582 2190 2651 ponis;
2219 2583 2306 2638 hic
2330 2592 2530 2652 autem,
2545 2585 2634 2640 ubi
2661 2601 2786 2642 vere
2799 2596 2880 2642 est
2897 2589 3065 2659 regia,
3082 2599 3136 2644 et
3163 2591 3319 2660 plane
3348 2591 3435 2647 hic
3461 2605 3588 2648 sunt

2001 2674 2130 2729 talia
2161 2674 2341 2745 qualia
2366 2676 2625 2744 caelestia,
2649 2677 2810 2734 etiam
2833 2679 3017 2735 rides?
3039 2681 3215 2750 Atque
3239 2683 3351 2737 scio
3371 2683 3588 2752 quidem

1999 2767 2139 2837 quod
2157 2775 2212 2822 tu
2225 2782 2330 2823 non
2353 2768 2524 2835 vides;
2545 2769 2670 2825 audi
2686 2780 2864 2827 autem
2888 2773 3030 2843 quod
3059 2773 3253 2844 ubique
3276 2775 3471 2831 adsunt
3493 2792 3588 2833 an.

1995 2859 2120 2930 geli,
2148 2868 2203 2916 et
2222 2859 2458 2916 maxime
2482 2861 2535 2916 in
2563 2861 2724 2918 domo
2753 2863 2846 2918 Dei
2876 2864 3132 2919 assistunt
3161 2865 3296 2936 regi,
3324 2876 3380 2921 et
3406 2868 3586 2922 omnia

1995 2964 2121 3007 sunt
2141 2953 2357 3024 impleta
2379 2956 2712 3026 incorporeis
2728 2956 2833 3011 illis
2852 2959 3224 3027 potestatibus.
3237 2959 3436 3014 Eadem
3455 2976 3483 3014 a
3501 2977 3586 3016 me

1996 3044 2062 3099 ad
2101 3044 2353 3100 mulieres
2387 3061 2600 3117 quoque
2633 3048 2858 3104 habetur
2883 3052 3055 3106 oratio
3082 3067 3234 3107 :eum
3248 3054 3443 3109 adsunt
3467 3056 3584 3125 qui-

1993 3132 2116 3188 dem
2133 3135 2252 3203 viri,
2273 3150 2378 3189 non
2393 3144 2496 3190 tam
2509 3137 2615 3192 cito
2632 3137 2682 3192 id
2695 3139 2890 3194 audent
2909 3139 3103 3206 facere;
3125 3150 3176 3196 et
3187 3143 3228 3196 si
3247 3141 3461 3210 faciant,
3475 3160 3580 3199 non

1993 3240 2228 3297 semper,
2246 3225 2344 3281 sed
2378 3237 2617 3296 tempore
2631 3230 2976 3284 recreationis
3002 3244 3064 3284 ac
3081 3231 3422 3287 relaxationis
3451 3252 3464 3286 :
3497 3234 3582 3289 hic

1992 3326 2170 3372 autem
2185 3333 2417 3389 semper.
2437 3319 2645 3388 Operis,
2664 3319 2750 3374 dic
2775 3321 2925 3387 mihi,
2944 3332 3125 3392 caput,
3149 3331 3203 3379 et
3228 3325 3390 3392 rides,
3411 3340 3442 3380 ο
3460 3343 3578 3382 ιιιιι-

1993 3408 2112 3472 licr,
2129 3407 2322 3463 sedens
2335 3407 2390 3462 in
2407 3409 2654 3464 ecclesia?
2668 3412 2906 3480 ingressa
2919 3427 2979 3467 es
2997 3422 3050 3467 ut
3063 3425 3280 3484 peccata
3293 3414 3576 3473 confitere-

1993 3499 2086 3563 ris,
2119 3508 2174 3552 ιιι
2206 3499 2314 3553 Deo
2342 3497 2675 3570 procideres,
2708 3510 2766 3556 ut
2795 3517 3014 3573 rogares
3041 3512 3095 3560 et
3122 3505 3452 3575 supplicares
3481 3522 3578 3576 pro

1990 3589 2200 3645 delictis
2225 3604 2344 3660 qua:
2369 3605 2400 3644 a
2430 3600 2481 3646 te
2507 3591 2646 3646 male
2674 3601 2799 3648 sunt
2821 3593 3076 3660 admissa,
3102 3604 3160 3651 et
3187 3610 3308 3651 cum
3336 3597 3448 3651 risu
3477 3597 3576 3651 hoc

1991 3682 2158 3736 facis?
2183 3683 2453 3752 quomodo
2478 3699 2608 3754 ergo
2645 3699 2767 3740 eum
2815 3686 3018 3754 poteris
3060 3687 3309 3756 placare?
3336 3688 3408 3742 Et
3433 3689 3575 3757 quod

1991 3773 2187 3826 malum
2210 3781 2314 3840 est,
2344 3773 2572 3842 inquies,
2597 3773 2776 3828 risus?
2803 3774 2919 3828 Non
2950 3775 3146 3829 malum
3176 3787 3256 3831 eat
3286 3777 3445 3843 risus,
3479 3779 3573 3834 sed

1988 3865 2184 3918 malum
2220 3873 2304 3920 est
2343 3865 2395 3920 id
2431 3865 2574 3936 quod
2601 3877 2684 3922 est
2721 3877 2915 3936 praeter
2954 3869 3206 3937 modum,
3239 3869 3290 3926 id
3317 3872 3458 3941 quod
3489 3883 3574 3928 est

1987 3956 2446 4024 intempestivum.
2473 3956 2674 4014 lnsitus
2700 3967 2784 4014 est
2808 3959 2961 4016 nobis
2986 3961 3146 4029 risus,
3174 3971 3229 4017 ut
3257 3963 3470 4032 quando
3491 3964 3572 4019 vi-

1984 4048 2219 4103 derimus
2245 4047 2448 4104 amicos
2472 4058 2594 4119 post
2619 4049 2836 4120 longum
2867 4059 3077 4121 tempus
3095 4091 3112 4118 ,
3142 4050 3246 4108 hoc
3275 4053 3568 4110 faciamus:

1983 4139 2200 4210 quando
2229 4140 2439 4210 aliquos
2478 4140 2758 4210 perculsos
2793 4151 2848 4197 et
2886 4143 3132 4210 territos,
3159 4152 3217 4198 ut
3243 4143 3571 4202 subridendo

1980 4245 2075 4287 eos
2104 4245 2426 4296 recreemus,
2459 4245 2566 4286 non
2597 4241 2655 4285 ut
2679 4231 2971 4288 cachinnos
2997 4231 3241 4301 edamus,
3275 4243 3330 4290 et
3355 4249 3571 4307 semper

1979 4323 2289 4389 rideamus;
2316 4323 2499 4379 animo
2523 4331 2711 4380 nostro
2741 4323 2934 4379 insitus
2957 4332 3041 4380 est
3063 4325 3224 4388 risus,
3248 4333 3306 4381 ut
3329 4326 3569 4397 aliquan-

1976 4417 2047 4472 do
2075 4418 2345 4472 relaxetur
2370 4419 2599 4479 auitnus,
2635 4433 2738 4472 non
2777 4429 2830 4471 ιιι
2859 4417 3206 4474 diffundatur.
3235 4419 3367 4475 Nam
3395 4433 3450 4477 et
3483 4424 3567 4478 in-

1997 4503 2094 4557 sita
2125 4512 2206 4557 est
2235 4504 2386 4558 nobis
2411 4520 2690 4573 corporum
2733 4504 2995 4572 cupiditas
3015 4547 3028 4567 ,
3060 4515 3113 4557 et
3151 4520 3257 4558 non
3301 4517 3581 4574 propterea

1996 4594 2217 4647 omnino
2245 4609 2306 4648 ea
2336 4595 2408 4646 uti
2439 4609 2658 4649 necesse
2688 4604 2800 4661 est,
2830 4602 2924 4648 aut
2961 4594 3034 4648 uti
3063 4594 3414 4649 immoderate
3439 4634 3453 4658 ,
3484 4596 3580 4648 sed

1994 4684 2041 4756 ci
2071 4685 2414 4754 imperamus,
2446 4699 2542 4740 nec
2571 4686 2795 4740 dicimus
2820 4704 2834 4742 :
2864 4686 3126 4754 Quoniam
3160 4688 3318 4754 inest,
3342 4695 3574 4742 utamur.

1995 4775 2106 4831 Deo
2146 4777 2286 4831 servi
2320 4761 2440 4830 cum
2480 4775 2759 4848 lacrymis,
2789 4787 2845 4832 ut
2886 4779 3057 4848 possis
3083 4777 3300 4832 abluere
3341 4787 3578 4846 peccata.

1991 4869 2116 4926 Scio
2141 4869 2281 4940 quod
2311 4869 2465 4924 multi
2494 4886 2594 4926 nos
2621 4873 2916 4939 irrideant,
2959 4873 3200 4928 dicentes
3231 4889 3245 4924 :
3276 4873 3468 4927 Statim
3497 4873 3577 4927 la-

1992 4976 2210 5031 crymze.
2236 4961 2524 5034 Pr0pterca
2551 4972 2756 5032 tempus
2773 4975 2854 5019 est
2871 4965 3248 5035 lacrymarum.
3272 4963 3397 5020 Scio
3416 4966 3577 5020 etiam

1992 5053 2134 5124 quod
2157 5053 2468 5108 ominantur
2491 5055 2522 5108 ii
2550 5055 2636 5124 qui
2660 5055 2845 5109 dicunt
2868 5071 2882 5110 :
2905 5053 3237 5110 Comedamus
3257 5064 3304 5109 et
3329 5055 3575 5121 bibamus,

1993 5161 2106 5199 cras
2135 5145 2267 5199 enim
2303 5146 2580 5201 moriemur
2599 5143 2806 5215 (l.Cor.
2841 5148 2925 5203 15.
2956 5146 3070 5218 52).
3102 5148 3208 5204 Sed
3232 5150 3407 5220 cogita
3433 5149 3575 5219 quod

2008 5235 2212 5292 Vanitas
2241 5241 2543 5306 vanitatum,
2571 5249 2619 5294 et
2643 5239 2814 5294 omnia
2838 5241 3033 5294 vanitas
3064 5238 3249 5312 (Eceli.
3273 5243 3325 5298 1.
3354 5243 3435 5312 2).
3461 5242 3578 5298 Non

1993 5343 2092 5399 ego
2121 5326 2273 5394 dico,
2307 5329 2403 5385 sed
2446 5331 2561 5399 ipse
2597 5333 2686 5400 qui
2725 5346 2906 5388 rerum
2933 5333 3168 5388 omnium
3200 5333 3386 5389 habuit
3410 5349 3576 5403 expc-

1993 5419 2270 5485 rientiam,
2303 5421 2416 5475 tunc
2442 5421 2566 5476 dicit
2599 5438 2612 5475 :
2640 5419 2921 5490 [Ediﬁcaui
2967 5423 3092 5478 mihi
3125 5425 3320 5488 domos,
3353 5425 3576 5496 plantan

1994 5512 2118 5566 milii
2145 5515 2330 5576 vineas,
2366 5515 2460 5584 feci
2486 5514 2609 5567 mihi
2636 5530 2884 5585 aquarum
2911 5516 3156 5588 piscinas,
3185 5517 3503 5584 pocillatore:
3528 5530 3577 5573 et

1995 5603 2331 5665 pocillatrices
2356 5602 2539 5668 (Eccli.
2567 5604 2621 5659 2.
2649 5607 2703 5661 4.
2731 5607 2811 5677 5).
2835 5606 2902 5662 Et
2921 5607 3046 5678 quid
3074 5607 3284 5664 tandem
3307 5609 3436 5666 dicit
3460 5622 3576 5680 past

1995 5694 2106 5767 haec
2137 5695 2355 5750 omnia?
2393 5695 2599 5751 Vanitas
2628 5698 2924 5766 vanitatum,
2951 5708 2998 5755 et
3025 5699 3195 5754 omnia
3225 5701 3439 5757 uanitas.
3473 5701 3577 5757 Lu-
