4088 6204
525 288 627 349 iis
1269 316 1325 369 s.
1365 315 1639 373 JOANNlS
1673 316 2145 373 cunrsosrout
2183 316 2497 376 ancorae.
2536 281 3060 377 consumas-oe.
3668 318 3761 381 tat

520 428 739 480 gcamus
767 429 914 486 ergo,
948 432 980 468 ο
1005 414 1205 484 dilecti,
1247 417 1537 487 lugeamus,
1572 429 1628 474 ut
1661 437 1783 478 rere
1815 423 2079 480 rideamus
2190 419 2332 474 illaut
2353 433 2754 488 persequamur.
2785 416 2898 470 Atia
2925 424 3101 469 autem
3132 413 3336 468 ratione
3361 427 3464 470 non
3497 415 3614 471 licet
3644 432 3761 472 eam

523 515 578 560 ιιι
623 523 745 562 rere
789 509 1030 564 ltetemnr
1072 511 1122 563 in
1171 519 1413 578 tempore
1454 512 1676 568 sincera:
1714 514 1934 572 laetitiae.
1971 516 2100 574 Nam
2187 514 2427 584 assequi.
2459 527 2618 582 quam
2646 526 2711 566 80
2745 509 2888 580 quod
2930 509 3016 563 hic
3043 508 3332 578 θιῑεωηυεν
3361 523 3464 562 ηοη
3491 523 3609 577 Ψυθ
3642 520 3766 565 sum

522 597 635 652 inec
659 598 874 668 quidem
906 599 1088 653 lwtitia
1118 608 1201 654 est
1225 601 1443 655 omnino
1468 603 1695 658 admista
1729 606 1976 672 tristitiae,
2006 625 2104 666 nec
2182 603 2414 673 jucunda
2437 645 2450 670 ι
2479 603 2572 657 sed
2596 617 2714 673 (Ιυπ
2740 599 2892 655 “una
2914 641 2927 664 ν
2956 609 3011 654 ei
3037 613 3221 669 Parum
3251 595 3549 666 “ﬁngam”
3575 598 3764 654 luben‘

518 707 636 745 eam
679 693 806 746 licet
849 691 1091 746 invenire
1131 707 1353 762 puram;
1397 694 1483 746 illa
1528 704 1704 752 autem
1736 707 1818 752 est
1855 700 2099 771 sincera,

519 781 720 834 fraudis
741 790 794 836 et
817 779 924 834 doli
958 798 1173 850 expers,
1196 799 1294 838 nec
1316 785 1604 855 quidquam
1641 788 1845 844 habens
1878 792 2101 848 insidia-

518 891 657 939 rum,
676 889 847 942 neque
863 873 1153 943 quidquam
1174 876 1462 931 admislum
1485 897 1498 931 :
1521 880 1612 932 illa
1636 878 1878 936 lattemur
1896 883 2101 946 lmtitia,

2188 704 2302 762 tes,
2342 705 2396 752 et
2432 711 2552 751 cum
2593 696 2884 763 gratiarum
2925 693 3135 747 actione
3169 691 3404 746 teramus
3436 693 3615 746 omnia
3644 708 3766 762 quae

2184 791 2449 850 accidunt.
2481 792 2568 848 Sic
2593 791 2736 845 enim
2767 792 3061 861 poterimus
3091 805 3312 860 regnum
3339 790 3594 845 extorum
3617 803 3767 846 asse-

2185 889 2296 958 qui,
2324 887 2487 956 gratia
2513 896 2558 939 et
2587 885 2938 955 benignitate,
2967 891 3071 935 etc.

524 965 2596 990 W—

1952 1032 2285 1093 HOMILIA
2334 1030 2502 1088 ΧΠ.

509 1108 643 1164 (λιιι.
674 1112 726 1167 9.
760 1130 811 1165 ν.
848 1116 928 1170 15.
963 1116 1027 1170 Et
1056 1119 1169 1173 ideo
1200 1121 1314 1172 novi
1337 1115 1628 1176 testamenti
1655 1126 1901 1180 mediator
1927 1135 2020 1194 est,
2047 1137 2100 1180 ut

585 1212 743 1256 morte
770 1204 1106 1262 intercedente
1145 1220 1190 1262 et
1230 1212 1623 1280 redemptionem
1661 1232 1833 1270 earum
1862 1219 2104 1286 prtevari-

583 1293 860 1362 cationum,
889 1312 1000 1364 qua:
1025 1309 1165 1353 erant
1190 1301 1280 1354 sub
1305 1303 1463 1371 priori
1487 1313 1796 1373 testamento,
1829 1309 2104 1377 repromis-

583 1384 775 1439 sionem
804 1389 1057 1458 accipiant
1091 1393 1175 1460 qui
1214 1397 1378 1447 vocati
1413 1406 1529 1448 sunt
1559 1408 1760 1452 wternae
1787 1400 2097 1455 hereditatis.

587 1477 672 1530 16.
707 1476 805 1531 Ubi
847 1481 978 1533 enim
1021 1493 1371 1539 testamentum
1396 1498 1498 1552 est,
1529 1507 1664 1545 mors
1695 1508 1894 1548 necesse
1917 1504 1989 1548 est
2018 1496 2101 1548 in-

584 1567 802 1620 tercedat
837 1573 1087 1625 testator-Is
1111 1588 1130 1626 :
1155 1576 1236 1628 17.
1271 1585 1619 1632 testamentum
1648 1582 1778 1634 enim
1807 1584 1859 1636 in
1887 1586 2101 1638 mortuis

584 1669 657 1712 est
686 1663 1035 1730 con/innatum
1061 1683 1078 1719 :
1101 1667 1292 1737 alioqui
1317 1672 1542 1724 nondum
1573 1674 1698 1727 valet
1727 1674 1844 1728 dum
1872 1678 1990 1729 vivit
2014 1677 2102 1747 qui

585 1759 793 1805 testatus
819 1765 910 1807 est.
949 1755 1032 1810 18.
1070 1756 1218 1812 Unde
1256 1775 1346 1813 nec
1383 1764 1601 1830 primum
1627 1767 1828 1834 quidem
1850 1768 1957 1822 sine
1981 1785 2104 1822 san-

585 1844 736 1911 guine
764 1845 1052 1901 dedicatum
1078 1859 1170 1903 est.

586 1935 637 1987 1.
675 1935 799 1988 Erat
825 1939 1114 1993 verisimile
1154 1941 1350 1997 multos
1389 1957 1453 1998 ex
1496 1945 1913 2014 inﬁrmioribus,
1942 1964 2005 2004 ex
2037 1965 2103 2005 eo

515 2025 673 2077 etiam
719 2027 949 2083 maxime
986 2031 1127 2099 quod
1166 2044 1406 2088 mortuus
1449 2046 1590 2090 esset
1629 2036 1909 2102 Christus,
1944 2039 2102 2095 ﬁdem

517 2131 620 2168 non
650 2115 845 2170 habere
876 2121 1175 2188 promissis.
1205 2122 1400 2176 Paulus
1420 2140 1649 2194 ergo,ex
1679 2128 1998 2183 abundantia
2026 2141 2104 2184 ta-

518 2207 621 2261 lem
643 2209 927 2265 conl‘utans
944 2213 1274 2282 opinionem,
1303 2217 1402 2270 hoc
1426 2220 1567 2285 ponit
1593 2235 1656 2273 ex
1679 2223 1948 2276 communi
1967 2237 2105 2278 sum-

518 2306 666 2366 ptum
697 2303 1102 2358 consuetudine.
1134 2305 1456 2371 Quodnam?
1492 2309 1715 2378 Propter
1756 2311 1858 2366 hoc
1890 2313 2063 2383 ipsum
2083 2355 2100 2380 ,

517 2391 720 2460 inquit,
752 2403 969 2462 oportet
998 2396 1271 2450 conﬁdere
1306 2408 1359 2451 et
1397 2399 1539 2453 bono
1567 2415 1687 2454 esse
1715 2403 1928 2469 animo,
1961 2404 2102 2473 quod

520 2495 623 2534 non
655 2482 977 2549 viventibus,
1012 2485 1106 2539 sed
1139 2489 1363 2540 mortuis
1393 2489 1456 2542 iis
1481 2490 1568 2558 qui
1599 2501 1722 2545 sunt
1748 2493 1946 2554 testati,
1977 2490 2104 2550 tunc

522 2573 670 2624 ﬁrma
700 2583 753 2626 et
783 2574 952 2628 valida
993 2575 1101 2630 sint
1142 2587 1459 2634 testamenta
1480 2623 1494 2647 ,
1527 2592 1580 2634 et
1619 2583 1783 2637 robur
1817 2584 2101 2654 accipiant.

519 2662 587 2717 Et
633 2663 752 2718 ideo
795 2665 872 2720 sic
919 2667 1104 2736 incipit
1142 2668 1326 2723 dicens
1350 2711 1364 2735 ,
1406 2680 1460 2724 et
1500 2671 1574 2725 ait
1607 2690 1619 2725 :
1654 2671 1789 2725 Novi
1827 2678 2105 2731 testamenti

521 2753 768 2808 mediator
811 2765 905 2814 est.
949 2757 1346 2813 Testamentum
1377 2761 1434 2813 ﬁt
1465 2762 1515 2815 in
1548 2762 1734 2816 ultimo
1768 2764 1854 2819 die
1895 2770 2102 2824 mortis.

520 2845 650 2901 'I‘ale
677 2857 758 2903 est
784 2860 960 2903 autem
995 2868 1007 2903 :
1038 2852 1171 2905 alios
1214 2853 1428 2923 quidem
1473 2855 1632 2911 habet
1679 2856 1935 2926 heredes,
1974 2862 2107 2917 alios

520 2954 648 2992 vero
705 2940 1081 2997 exberedatos.
1148 2943 1222 2998 lla
1284 2945 1369 2999 hic
1422 2961 1633 3016 quoque
1696 2949 1763 3002 de
1822 2949 2107 3006 heredibus

521 3030 693 3084 dicit:
734 3029 859 3084 Volo
917 3043 967 3084 ut
1017 3034 1099 3086 ubi
1149 3051 1238 3104 ego
1275 3052 1406 3103 sum,
1447 3038 1616 3106 inquit
1669 3037 1934 3106 Christus,
1980 3050 2026 3095 et
2055 3041 2107 3094 hi

522 3121 621 3172 sint
653 3120 828 3188 (Joan.
863 3123 949 3177 17.
990 3123 1105 3194 21).
1151 3125 1220 3178 Ει
1265 3141 1453 3181 rursus
1497 3127 1563 3183 de
1607 3129 1944 3184 cxhcrcdatis
1985 3132 2106 3186 audi

521 3226 641 3263 cum
674 3211 940 3266 dicentem
973 3233 985 3268 :
1015 3213 1135 3268 Non
1165 3232 1255 3286 pro
1285 3219 1514 3272 omnibus
1542 3235 1686 3286 rogo,
1715 3220 1802 3273 sed
1822 3237 1913 3291 pro
1939 3222 2000 3274 iis
2023 3223 2108 3292 qui

523 3303 728 3355 credunt
761 3321 850 3372 per
878 3306 1080 3360 verbum
1108 3325 1276 3360 eorum
1302 3309 1353 3362 in
1384 3327 1462 3362 me
1489 3309 1535 3378 (l
1546 3311 1646 3363 bid.
1679 3326 1726 3364 v.
1760 3311 1874 3381 20).
1902 3311 2107 3367 Rursus

526 3405 900 3451 testamentum
925 3399 1028 3452 alia
1056 3400 1268 3469 quidem
1303 3400 1462 3456 habet
1491 3403 1609 3471 ejus
1635 3403 1723 3472 qui
1751 3415 1832 3458 est
1864 3413 2106 3472 testatus,

523 3486 625 3541 alia
664 3503 789 3543 vero
832 3505 1018 3544 eorum
1061 3492 1148 3560 qui
1194 3492 1525 3561 suscipiunt;
1559 3494 1630 3548 ita
1673 3505 1732 3548 ut
1767 3496 1867 3549 alia
1895 3498 2108 3566 quidem

519 3577 752 3645 capiant,
784 3576 884 3630 alia
917 3589 1046 3632 vero
1073 3576 1290 3631 faciant.
1321 3578 1394 3632 lla
1423 3579 1508 3633 hic
1537 3595 1749 3650 quoque
1782 3599 1796 3635 :
1827 3591 2103 3652 postquam

521 3670 664 3723 enim
694 3670 1012 3739 promiserat
1050 3669 1478 3734 innumerabilia,
1509 3672 1576 3724 ab
1606 3674 1684 3728 eis
1713 3674 1955 3743 quaedam
1989 3679 2110 3731 exi-

520 3761 618 3830 git,
647 3761 830 3816 dicens
856 3778 870 3816 :
897 3761 1197 3816 Mandatum
1224 3779 1404 3816 novum
1431 3763 1495 3816 do
1518 3763 1654 3817 vobis
1677 3765 1853 3834 (Joan.
1883 3769 1969 3824 17.
1996 3767 2106 3841 13).

527 3851 727 3906 Rursus
756 3863 1129 3908 testamentum
1156 3853 1315 3907 debet
1342 3853 1536 3910 habere
1569 3864 1763 3921 testes;
1789 3856 1908 3911 audi
1935 3858 2106 3927 ipsum

523 3958 712 3997 rursus
739 3944 1003 3999 dicentem
1037 3964 1049 3998 :
1081 3945 1190 4015 Ego
1220 3962 1329 3999 sum
1370 3946 1458 4017 qui
1501 3947 1835 4000 testimonium
1877 3948 2108 4019 perhibea

525 4037 587 4086 de
614 4036 803 4104 meipso
823 4076 836 4096 ,
869 4045 913 4087 et
941 4037 1276 4089 testimonium
1306 4039 1530 4105 perhibet
1559 4037 1622 4091 de
1647 4055 1723 4092 me
1743 4040 1829 4110 qui
1852 4039 1984 4093 misit
2013 4039 2110 4092 Pa-

527 4133 600 4175 ter
621 4123 800 4191 (Joan.
839 4126 892 4176 8.
926 4124 1051 4196 18);
1081 4135 1134 4176 et
1159 4141 1363 4186 rursus,
1392 4125 1493 4177 Ille
1523 4129 1861 4182 testimonium
1888 4131 2114 4199 perhibe-

526 4213 596 4264 bit
623 4212 686 4264 de
709 4228 789 4264 me
811 4210 986 4283 (Joan.
1020 4213 1106 4266 15.
1136 4212 1251 4282 26),
1276 4213 1460 4267 dicens
1482 4214 1547 4268 de
1571 4216 1883 4279 Paracleto:
1911 4227 1962 4272 et
1984 4218 2114 4271 duo-

528 4303 700 4356 docirn
744 4303 1015 4372 apostolos
1063 4303 1239 4368 misit,
1281 4303 1510 4359 dicens;
1547 4305 1908 4375 Testi/icamini
1945 4325 2116 4364 coram

529 4393 656 4450 Deo.
690 4394 753 4447 Et
785 4404 1064 4463 propterea
1093 4393 1259 4449 dicit:
1291 4393 1426 4448 Novi
1450 4399 1731 4451 testamenti
1756 4399 2000 4454 mediator
2023 4412 2116 4455 est.

529 4485 667 4552 Quid
715 4495 797 4539 est
840 4497 1018 4539 autem
1071 4486 1378 4540 mediator?
1415 4486 1671 4543 Mediator
1715 4505 1817 4543 non
1859 4490 2018 4547 habet
2064 4494 2115 4546 in

534 4587 796 4646 potestate
825 4593 939 4632 rem
971 4578 1127 4647 cujus
1155 4590 1236 4632 est
1267 4579 1624 4645 intercessor;
1658 4582 1750 4635 sed
1779 4581 1878 4636 alia
1905 4583 2119 4653 quidem

533 4685 620 4723 res
649 4678 730 4725 est
752 4711 764 4732 ,
793 4669 930 4723 alius
956 4684 1082 4724 vero
1111 4671 1436 4726 intercessor
1463 4689 1477 4725 :
1513 4673 1654 4726 velut
1682 4675 2005 4730 matrimonii
2037 4686 2122 4731 est

538 4765 897 4826 intercessor,
941 4777 1045 4816 non
1087 4763 1174 4832 qui
1221 4763 1460 4833 jungitur
1504 4766 1880 4834 matrimonio,
1910 4768 2004 4822 sed
2032 4769 2122 4838 qui

538 4870 693 4923 opem
717 4853 821 4908 fert
844 4854 892 4909 ei
915 4854 1004 4924 qui
1030 4865 1114 4910 est
1141 4853 1402 4910 ducturus
1425 4871 1668 4910 uxorem.
1698 4858 1770 4910 Ita
1800 4857 1886 4912 hic
1910 4874 2124 4929 quoque

541 4945 709 4998 Filius
738 4947 834 5000 luit
863 4947 1188 5001 intercessor
1211 4947 1382 5001 Patris
1404 4957 1456 5002 et
1478 4959 1682 5004 noster.
1716 4949 1940 5005 Nolebat
1966 4951 2125 5007 Pater

542 5036 695 5090 nobis
724 5039 1025 5108 relinquere
1057 5039 1196 5094 hanc
1228 5039 1598 5107 hereditatem,
1629 5042 1722 5096 sed
1749 5044 1901 5098 nobis
1928 5043 2126 5100 irasce-

545 5130 720 5194 batur,
743 5138 797 5182 et
818 5141 931 5184 erat
957 5147 1132 5187 smvus
1160 5143 1210 5188 et
1239 5149 1396 5202 asper
1419 5144 1474 5187 ιιι
1498 5135 1586 5203 qui
1607 5151 1850 5191 essemus
1875 5137 2123 5192 alienati:

545 5221 644 5275 fuit
671 5235 800 5289 ergo
831 5231 1013 5276 noster
1038 5238 1090 5278 et
1129 5225 1246 5294 ejus
1289 5227 1634 5293 intercessor,
1665 5237 1720 5282 et
1748 5230 1796 5284 ei
1837 5231 2126 5300 persuasit.

546 5312 613 5366 Et
653 5311 771 5366 vide
809 5313 1079 5382 quomodo
1121 5315 1219 5369 fuit
1260 5317 1582 5373 intercessor
1613 5337 1626 5372 :
1663 5321 1823 5375 verba
1864 5323 2038 5377 attulit
2076 5331 2132 5377 et

548 5405 768 5471 retulit,
809 5421 926 5476 quzu
956 5421 983 5458 a
1016 5405 1173 5460 Patre
1204 5420 1354 5464 erant
1394 5411 1460 5465 ad
1504 5426 1602 5466 nos
1645 5415 2044 5480 transmittens,
2076 5425 2132 5470 et

547 5507 776 5551 mortem
817 5497 1112 5567 adjiciens;
1145 5497 1568 5567 oﬂ'enderamus,
1601 5505 1734 5557 mori
1762 5503 2128 5572 debebamus;

549 5601 648 5654 pro
675 5589 828 5642 nobis
850 5598 931 5644 est
953 5599 1211 5653 mortuus,
1233 5600 1288 5645 et
1312 5591 1436 5647 fecit
1464 5610 1561 5649 nos
1582 5596 1770 5667 dignos
1791 5606 2130 5652 testamento.

550 5678 684 5732 tiine
713 5682 871 5734 etiam
902 5692 982 5736 est
1014 5684 1225 5737 ﬁrmum
1257 5694 1308 5739 et
1337 5685 1524 5742 stabile
1556 5695 1961 5756 testamentum,
1989 5690 2131 5763 quod

550 5785 658 5823 non
693 5769 742 5824 in
778 5771 1020 5841 indignos
1047 5775 1154 5845 jam
1190 5776 1381 5832 factum
1418 5787 1520 5834 est.
1553 5781 1724 5849 Atque
1753 5783 1818 5836 ab
1845 5783 1993 5838 initio
2021 5787 2133 5856 qui-

2181 1135 2303 1189 dem
2342 1137 2710 1186 testamentum
2740 1126 2864 1181 fecit
2891 1135 3158 1192 tamquam
3191 1122 3348 1175 Pater
3371 1119 3424 1172 in
3458 1116 3631 1204 ﬁlios;
3660 1117 3754 1169 sed

2183 1223 2432 1295 quoniam
2475 1219 2675 1288 indigni
2716 1231 2901 1272 sumus
2944 1213 3168 1279 redditi,
3198 1226 3302 1265 non
3337 1210 3563 1279 amplius
3593 1215 3760 1261 testa—

2193 1323 2374 1370 mento
2400 1328 2534 1382 opus
2559 1319 2709 1372 erat,
2747 1309 2841 1364 sed
2881 1305 3167 1376 supplicio.
3197 1303 3332 1370 Quid
3363 1318 3524 1371 ergo,
3557 1302 3763 1370 inquit,

2192 1407 2259 1461 de
2299 1407 2417 1476 lege
2454 1401 2732 1474 gloriaris?
2763 1414 2882 1453 nam
2911 1399 2964 1451 iu
2993 1405 3194 1450 tantum
3225 1408 3322 1448 nos
3350 1392 3556 1462 redegit
3584 1405 3768 1461 pecea-

2193 1508 2326 1564 tum,
2352 1507 2408 1550 ut
2427 1508 2716 1564 numquam
2744 1491 2874 1546 salvi
2901 1503 3142 1545 essemus
3162 1485 3324 1540 futuri
3349 1505 3361 1538 :
3386 1485 3486 1538 nisi
3513 1482 3767 1536 Dominus

2193 1597 2376 1643 noster
2408 1601 2505 1658 pro
2534 1585 2688 1640 nobis
2715 1591 2859 1638 esset
2886 1589 3165 1647 mortuus,
3192 1580 3278 1633 lex
3310 1589 3640 1645 nequaquam
3668 1588 3767 1643 po-

2193 1681 2415 1743 tuisset;
2442 1686 2557 1732 erat
2583 1676 2726 1730 enim
2763 1673 3050 1727 imbecilla.
3077 1669 3421 1739 Nequaquam
3449 1675 3624 1719 autem
3650 1679 3780 1717 ama

2195 1772 2334 1843 ptius
2367 1771 2471 1824 hoc
2497 1765 2777 1823 conﬁrmat
2801 1779 2865 1818 ex
2905 1762 3016 1816 sola
3047 1757 3458 1821 consuetudine,
3491 1754 3585 1809 sed
3613 1769 3678 1807 ex
3706 1753 3770 1806 iis

2195 1865 2356 1920 etiam
2386 1876 2506 1932 qua:
2539 1865 2832 1914 evenerunt
2857 1855 2908 1908 in
2937 1853 3117 1908 Veteri
3151 1869 3162 1905 :
3193 1849 3333 1920 quod
3362 1847 3575 1918 quidem
3605 1845 3773 1899 maxi-

2198 1971 2283 2010 me
2307 1968 2400 2008 eos
2427 1949 2652 2006 induxit.
2683 1949 2750 2002 At
2776 1945 2950 1999 nullus
2977 1943 3086 1996 illic
3109 1951 3245 2007 erat,
3275 1939 3464 2008 inquit,
3495 1944 3768 2000 mortuus;

2195 2042 2462 2115 quomodo
2487 2056 2613 2111 ergo
2638 2039 2767 2093 illud
2791 2038 3002 2090 ﬁrmum
3029 2043 3084 2088 et
3109 2031 3342 2087 stabile?
3373 2029 3473 2083 Per
3500 2025 3767 2088 eumdem,

2195 2136 2387 2207 inquit,
2409 2134 2646 2189 modum.
2669 2127 2979 2196 Quomodo?
3001 2124 3208 2179 Etenim
3236 2122 3346 2207 illic
3372 2119 3607 2189 sanguis,
3637 2117 3775 2170 sicut

2196 2241 2249 2286 et
2273 2204 2360 2284 hic
2386 2225 2629 2295 sanguis;
2654 2223 2696 2276 si
2727 2229 2902 2275 autem
2936 2233 3044 2272 non
3078 2224 3192 2270 erat
3215 2204 3415 2268 Christi
3441 2210 3674 2278 sanguis,
3707 2221 3775 2261 ne

2200 2319 2412 2375 mireris
2441 2335 2456 2372 :
2485 2324 2601 2370 erat
2635 2313 2776 2368 enim
2821 2321 3014 2382 typus:
3046 2307 3271 2373 ideoque
3305 2302 3434 2356 dicit
3456 2342 3472 2366 ,
3504 2299 3650 2354 Unde
3685 2312 3774 2350 nec

2199 2413 2421 2483 primum
2450 2407 2682 2478 quidem,
2723 2403 2927 2472 inquit,
2957 2401 3065 2453 sine
3095 2395 3339 2466 sanguine
3365 2393 3648 2446 dedicatum
3677 2398 3772 2483 est.

2197 2480 2336 2572 Quid
2371 2501 2472 2557 sibi
2515 2499 2630 2553 vult
2668 2496 2798 2550 illud
2819 2534 2833 2557 ,
2863 2492 3159 2546 Dedicatum
3196 2487 3305 2540 est?
3331 2485 3548 2538 Factum
3578 2489 3658 2535 est
3685 2480 3776 2532 lir-

2201 2610 2368 2659 mum,
2399 2591 2588 2648 stabile
2612 2598 2669 2644 et
2695 2596 2889 2641 ratum.
2922 2582 3092 2647 Unde,
3122 2579 3310 2648 inquit,
3349 2573 3630 2644 oportebat
3655 2583 3775 2624 esse

2200 2686 2501 2760 symbolum
2532 2678 2836 2737 testamenti
2863 2684 2917 2730 et
2947 2672 3153 2729 mortis.

2272 2778 2328 2832 2.
2369 2777 2611 2843 Quanam
2639 2771 2780 2826 enim
2825 2767 2890 2821 de
2939 2778 3119 2827 causa,
3150 2761 3236 2816 die
3266 2757 3418 2824 mihi,
3445 2755 3580 2810 liber
3612 2761 3778 2808 testa-

2199 2867 2371 2926 menti
2401 2861 2736 2934 aspergitur?
2769 2858 2854 2913 l9.
2881 2855 3034 2910 Lecto
3056 2854 3211 2916 enim,
3246 2848 3438 2918 inquit,
3462 2847 3596 2900 omni
3624 2859 3775 2896 man-

2204 2966 2324 3016 dato
2343 2957 2464 3028 legis
2480 2973 2510 3008 a
2530 2953 2706 3023 Moyse
2732 2951 2962 3004 universo
2984 2946 3190 3016 populo,
3209 2941 3463 3011 accipiens
3481 2937 3779 3006 sanguinem

2204 3051 2473 3105 vitulorum
2515 3054 2560 3099 et
2591 3046 2845 3096 hircorum
2891 3055 3004 3092 cum
3049 3051 3180 3105 aqua
3208 3045 3256 3087 et
3307 3031 3426 3084 lana
3471 3030 3697 3082 coccinea
3730 3037 3780 3079 et

2205 3144 2446 3212 hyssopo,
2468 3139 2634 3205 ipsum
2663 3135 2848 3187 librum
2873 3140 2918 3184 et
2942 3143 3138 3182 omnem
3161 3125 3406 3195 populum
3431 3118 3779 3212 aspersit-£0.

2206 3207 2378 3284 dicens
2407 3244 2425 3280 :
2462 3226 2563 3279 Hie
2603 3223 2808 3294 sanguis
2836 3216 3117 3273 testamenti
3145 3213 3278 3284 quod
3307 3210 3561 3265 mandavit
3599 3207 3666 3260 ad
3694 3223 3779 3260 vos

2211 3321 2369 3374 Deus.
2400 3317 2639 3384 Quanam
2671 3328 2802 3382 ergo
2841 3309 2909 3365 de
2955 3321 3138 3367 causa,
3163 3304 3251 3359 die
3298 3301 3450 3366 mihi,
3482 3299 3780 3368 aspergitur

2205 3411 2343 3465 liber
2391 3407 2696 3462 testamenti
2727 3414 2781 3458 et
2840 3400 3082 3472 populus,
3120 3411 3276 3466 quam
3322 3391 3463 3463 quod
3513 3390 3780 3460 pretiosus

2206 3501 2420 3571 sanguis
2474 3498 2654 3552 multis
2704 3494 2980 3549 retroactis
3029 3489 3240 3545 saeculis
3293 3483 3648 3580 ﬁgurabatura
3673 3481 3780 3534 Cur

2206 3590 2480 3665 Ιιγςεοροῗ
2541 3588 2675 3655 Quia
2732 3585 2957 3640 densum
3014 3589 3068 3636 et
3124 3589 3410 3638 tenerum,
3469 3584 3778 3641 sanguinem

2203 3682 2527 3736 continebat.
2569 3676 2706 3745 Quid
2759 3689 2887 3730 vero
2940 3671 3111 3741 aqua?
3139 3667 3383 3723 Ostendit
3430 3665 3530 3718 hoc
3569 3675 3779 3732 quoque

2196 3783 2316 3838 qua:
2359 3767 2417 3821 ﬁt
2446 3781 2542 3835 per
2580 3777 2769 3832 aquam
2819 3760 3240 3815 mundationem.
3281 3755 3417 3821 Quid
3448 3767 3574 3808 vero
3621 3753 3779 3806 lana?

2197 3859 2267 3913 Et
2315 3856 2428 3911 haec
2454 3871 2685 3925 quoque,
2734 3861 2790 3905 ut
2826 3852 3191 3906 contineretur
3237 3845 3472 3915 sanguis.
3510 3843 3654 3897 ldem
3697 3839 3782 3893 hic

2199 3945 2434 4002 ostendit
2461 3960 2581 4000 esse
2621 3942 2931 4013 sanguinem
2977 3949 3032 3994 et
3061 3951 3250 4008 aquam
3287 3955 3299 3989 :
3340 3934 3601 4002 baptisma
3637 3931 3778 3983 enim

2205 4048 2292 4094 est
2332 4039 2448 4107 ejus
2501 4036 2762 4105 passionis
2814 4032 3134 4103 symbolum.
3183 4029 3272 4084 2t.
3333 4027 3501 4080 Etiam
3547 4024 3781 4077 taberna-

2213 4131 2385 4184 culum
2434 4139 2479 4182 et
2530 4128 2699 4180 omnia
2759 4141 2878 4178 vasa
2937 4123 3200 4176 ministerii
3249 4119 3495 4190 sanguine
3553 4115 3784 4170 similiter

2202 4222 2444 4292 aspergit.
2489 4219 2582 4272 22.
2618 4217 2684 4270 Et
2734 4217 2906 4270 omnia
2948 4231 3075 4285 penc
3111 4215 3165 4266 in
3207 4210 3452 4281 sanguine
3509 4206 3785 4261 secundum

2209 4313 2365 4381 legem
2391 4310 2718 4372 inundantur,
2765 4316 2811 4360 et
2850 4306 2956 4359 sine
3001 4303 3259 4374 sanguinis
3297 4298 3541 4366 e/fusione
3581 4312 3682 4348 non
3731 4295 3788 4361 ﬁt

2205 4403 2453 4455 remissio.
2493 4400 2602 4454 Cur
2629 4399 2780 4464 illud,
2807 4396 2984 4450 Pene?
3027 4412 3124 4450 cur
3153 4394 3203 4448 id
3230 4395 3308 4447 sic
3347 4389 3610 4446 correxit?
3637 4388 3786 4455 Quo-

2209 4492 2350 4545 niam
2391 4491 2476 4544 illa
2513 4505 2615 4544 non
2665 4499 2818 4544 erant
2845 4486 3078 4557 perlecta
3117 4484 3416 4546 inundatio,
3460 4495 3632 4550 neque
3670 4493 3791 4547 per-

2210 4582 2346 4637 fecta
2378 4580 2646 4644 remissio,
2667 4579 2759 4634 sed
2782 4577 3177 4647 semiperfecta,
3197 4587 3251 4630 et
3281 4575 3330 4627 in
3359 4573 3576 4627 minima
3603 4578 3789 4640 parte:

2212 4672 2296 4726 hic
2323 4681 2523 4737 autem,
2577 4669 2677 4722 llic
2709 4679 2804 4734 est,
2849 4668 3044 4737 inquit,
3073 4669 3280 4736 sanguis
3325 4663 3438 4716 novi
3488 4659 3790 4724 testamenti,

2210 4764 2295 4832 qui
2344 4778 2437 4831 pro
2479 4761 2614 4815 vobis
2651 4759 2928 4827 effunditur
2971 4759 3026 4812 in
3074 4757 3421 4810 remissionem
3469 4763 3794 4823 peccatorum

2213 4853 2426 4923 (Matth.
2469 4852 2561 4906 26.
2593 4852 2708 4920 28).
2741 4850 2838 4906 Ubi
2873 4850 3030 4920 igitur
3058 4849 3190 4903 liber
3231 4846 3538 4902 cmundavit
3583 4843 3794 4896 iliorum

2216 4945 2463 4999 mentes?
2492 4942 2592 5012 Ipsi
2624 4952 2778 4996 erant
2804 4937 2924 4995 libri
2956 4941 3080 4993 novi
3111 4937 3464 4993 Testamenti.
3491 4933 3591 4989 Ubi
3619 4944 3800 4987 autem

2219 5055 2343 5092 vasa
2376 5036 2698 5091 ministerii?
2727 5035 2831 5104 lpsi
2876 5044 3021 5088 sunt.
3053 5032 3152 5087 [lbi
3201 5026 3646 5085 tabernaculum?
3696 5026 3800 5093 Ipsi

2216 5139 2340 5183 sunt
2369 5142 2593 5182 rursus:
2630 5125 2936 5178 Inhabitabo
2967 5123 3134 5188 enim,
3162 5121 3353 5191 inquit,
3384 5121 3438 5173 in
3477 5118 3603 5182 illis,
3633 5125 3682 5170 et
3715 5119 3799 5167 in-

2219 5217 2487 5272 ambulabo
2515 5213 2828 5287 (2.Cor.6.
2859 5214 2982 5282 16).
3021 5215 3089 5266 At
3128 5211 3247 5264 lana
3288 5209 3537 5263 coccinea
3578 5215 3630 5260 et
3673 5205 3805 5275 hys-

2219 5326 2350 5380 sopo
2397 5309 2482 5364 hic
2529 5323 2635 5362 non
2670 5307 2980 5376 aspergebat
3010 5322 3023 5357 :
3057 5303 3261 5373 quare?
3305 5299 3630 5356 Emuudatio
3659 5299 3803 5351 enim

2221 5418 2324 5455 non
2357 5411 2474 5455 erat
2500 5400 2814 5469 corporalis,
2838 5398 2930 5453 sed
2958 5395 3273 5465 spiritualis,
3301 5405 3356 5448 et
3396 5392 3612 5462 sanguis
3641 5388 3803 5458 spiri-

2224 5492 2406 5545 tualis.
2441 5490 2760 5559 Quomodo?
2785 5489 2900 5544 Non
2936 5504 2999 5542 ex
3033 5501 3259 5555 corpore
3289 5485 3442 5540 ﬂuxit
3470 5479 3810 5537 irrationabi-

2225 5583 2351 5636 lium
2377 5624 2390 5646 ,
2428 5582 2524 5637 sed
2563 5597 2626 5636 ex
2671 5595 2895 5650 corpore
2925 5577 3065 5647 quod
3115 5586 3355 5647 paratum
3401 5573 3500 5627 luit
3527 5587 3554 5624 a
3583 5570 3804 5640 Spiritu.

2225 5678 2337 5733 llee
2373 5676 2633 5747 sanguine
2664 5689 2761 5728 nos
2790 5690 2894 5727 non
2926 5671 3161 5742 Moyses,
3188 5667 3284 5722 sed
3305 5665 3555 5722 Christus
3581 5661 3816 5732 aspersit

2225 5785 2318 5841 per
2351 5768 2568 5824 verbum
2599 5766 2739 5838 quod
2789 5766 2986 5822 dictum
3019 5771 3100 5818 est
3149 5779 3161 5815 :
3219 5759 3319 5815 llic
3348 5769 3419 5814 est
3458 5757 3666 5826 sanguis
3696 5753 3818 5809 novi
