4082 6212
491 254 596 319 123

491 380 647 451 μέρει
680 398 694 413 ·
718 374 950 437 ἐνταῦθα
980 383 1066 440 δέ’
1099 383 1280 439 Τοῦτο
1303 384 1370 439 τὸ
1405 379 1572 455 αἷμα,
1594 385 1751 455 φησὶ.
1790 384 1900 454 τῆς
1923 400 2051 438 και-

485 463 603 533 νῆς
637 464 947 535 διαθήκης,
997 467 1063 522 τὸ
1100 466 1254 535 ὑπὲρ
1303 467 1473 537 ὑμῶν
1522 469 1932 537 ἐκχυνόμενον
1972 469 2061 533 είς

485 548 706 615 ἄφεσιν
746 544 1065 617 ἁμαρτιῶν.
1114 551 1224 605 Ποῦ
1275 551 1458 604 τοίνυν
1479 550 1541 605 τὸ
1565 550 1770 621 βιϐλίον
1819 549 2057 621 ὲκάθαρε

484 631 582 694 τὰς
613 632 855 695 διανοίας
877 633 1089 698 αὐτῶνς
1119 633 1285 686 Αὐτοὶ
1313 632 1423 702 ἄρα
1436 628 1577 703 ἦσαν
1603 633 1783 702 βιϐλία
1803 634 1903 703 τῆς
1932 650 2055 687 και-

482 712 582 784 νῆς
633 715 920 785 διαθήκης.
974 714 1082 768 Ποῦ
1103 715 1163 768 δὲ
1212 716 1281 768 τὰ
1311 716 1479 786 σκεύη
1534 717 1634 785 τῆς
1670 716 2055 788 λειτουργίαςς

484 796 647 850 Αὐτοί
672 800 797 852 εἰσι.
831 799 941 852 Ποῦ
964 799 1073 869 δὲὴ
1103 802 1274 871 σκηνὴ
1303 816 1318 863 ;
1343 799 1509 853 Αὐτοί
1536 801 1641 852 είσι
1668 796 2057 855 πάλιν·Ἔνοι-

482 881 654 958 νήσω
682 882 791 949 γὰρ
833 883 902 935 ἐν
932 883 1158 950 αὐτοῖς,
1212 883 1313 937 καὶ
1363 884 1840 953 ἐμπεριπατήσω,
1870 884 2054 956 φησίν.

496 963 634 1016 Ἀλλ’
661 966 760 1019 οὐκ
791 967 922 1036 ὲρίῳ
951 968 1190 1038 κοκκίνῳ
1220 966 1342 1020 οὐδὲ
1363 968 1602 1038 ὑσσώπῳ
1621 970 1939 1040 ἑῤῥάντισεν
1968 969 2057 1021 ὲν-

481 1044 656 1099 ταῦθα
675 1064 687 1077 ·
714 1048 764 1100 τί
790 1049 1027 1118 δὴποτες
1055 1049 1133 1103 Οὐ
1160 1049 1267 1120 γὰρ
1330 1051 1639 1120 σωματικδς
1657 1052 1686 1105 6
1714 1050 2058 1122 καθαρισμδς

480 1122 569 1195 ἦν,
628 1130 764 1185 ἀλλὰ
825 1132 1214 1203 πνευματικὸς,
1268 1135 1364 1187 καὶ
1381 1133 1445 1186 τὸ
1472 1128 1611 1205 αἷμα
1665 1124 2054 1203 πνευματικόν.

480 1210 606 1274 Πῶς
630 1230 645 1278 ;
672 1214 784 1266 Οὐκ
806 1215 915 1269 ἀπὸ
941 1215 1193 1286 σώματος
1215 1216 1324 1287 γὰρ
1355 1216 1507 1288 ἔρρει
1530 1216 1765 1285 ἀλόγων,
1796 1216 1935 1271 ἀλλὰ
1951 1216 2053 1270 σώ-

483 1309 654 1370 ματος
707 1296 815 1349 ἀπὸ
881 1298 1197 1369 Πνεύματος
1257 1301 1809 1363 κατασκευασθέντος.
1867 1299 2055 1370 Τούτῳ

479 1369 630 1445 ἡμᾶς
648 1378 709 1430 οὐ
737 1380 1001 1452 Μωῦσῆς,
1051 1382 1165 1435 ἀλλ’
1193 1384 1221 1435 6
1244 1382 1483 1453 Χριστὸς
1541 1383 1835 1455 ἑῤῥάντισε
1864 1381 1942 1453 τῷ
1964 1369 2051 1436 αἴὲ

482 1466 634 1539 ματι,
669 1460 756 1516 διὰ
810 1465 905 1517 τοῦ
950 1465 1113 1539 λόγου
1142 1465 1235 1518 τοῦ
1266 1465 1566 1536 λεχθέντος,
1600 1465 1749 1539 [160]
1778 1465 1957 1521 Τοῦτο
1985 1467 2052 1519 τὸ

479 1533 623 1608 αἷμα
647 1543 753 1611 τῆς
787 1538 1001 1615 καινῆς
1032 1533 1451 1615 νδιιιθήκηςνείς
1477 1533 1697 1618 ἄφεσιν
1730 1533 2049 1617 αμαρτιῶν.

480 1619 648 1687 ωὗτος
678 1629 705 1680 6
728 1628 883 1696 λόγος
928 1631 1049 1683 ἀντὶ
1088 1632 1344 1686 ὑσσώπου
1384 1632 1462 1704 τῷ
1493 1633 1687 1703 αἵματι
1741 1632 2005 1701 ἐμϐαφεὶς
2032 1671 2048 1696 9

479 1705 689 1770 πάντας
721 1727 786 1763 πε
797 1708 1084 1782 ριρραίνει.
1113 1715 1290 1768 Κάκεῖ
1309 1714 1408 1784 μὲν
1431 1712 1493 1768 τὸ
1522 1714 1680 1783 σῶμα
1698 1712 1897 1777 ἔξωθεν
1923 1714 2042 1765 ἐκα-

480 1789 699 1863 θαίρετο
726 1800 740 1824 ⁸
776 1794 1085 1864 σωματικὸς
1115 1798 1238 1867 ¹γὰρ
1259 1799 1286 1850 ὁ
1314 1797 1656 1869 καθαρισμὸς
1685 1794 1751 1869 ἦν
1776 1813 1791 1829 ·
1818 1795 2052 1849 ἐνταῦθα

480 1872 557 1938 δὲ,
592 1875 778 1945 ἐπειδὴ
810 1881 1178 1948 πνευματικός
1203 1882 1352 1934 ἐστιν
1375 1882 1404 1934 6
1431 1882 1796 1951 καθαρισμὸς,
1818 1880 1900 1944 είς
1951 1880 2051 1950 τὴν

477 1954 656 2027 ψυχὴν
678 1958 1006 2029 εἰσέρχεται,
1024 1963 1119 2014 καὶ
1142 1962 1415 2033 καθαίρει,
1434 1962 1533 2032 οὐχ
1556 1963 1745 2026 ἁπλῶς
1767 1963 2054 2034 περιρραι-

478 2038 723 2117 νόμενος,
751 2043 887 2097 ἀλλὰ
933 2045 1197 2112 πηγάζων
1225 2048 1284 2098 ἐν
1310 2049 1430 2110 ταῖς
1472 2046 1772 2117 ἡμετέραις
1826 2045 2048 2116 ψυχαῖς.

482 2116 692 2177 Ἰσασιν
717 2127 765 2178 οί
790 2128 1136 2199 μεμυημένοι
1167 2128 1234 2182 τὰ
1261 2116 1552 2200 λεγόμενα.
1608 2130 1718 2183 Καὶ
1766 2130 1853 2182 ἐπ’
1903 2129 2048 2181 ἐκεί⁶

478 2220 584 2258 νων
633 2208 734 2277 μὲν
778 2210 951 2282 αὐτὴν
1003 2211 1102 2282 τὴν
1127 2211 1453 2281 ἐπιφάνειαν
1506 2210 1868 2284 ἕρῤαινε,καὶ
1889 2211 2051 2267 πάλιν

475 2289 804 2347 ἀπενίπτετο
827 2294 855 2347 6
883 2286 1272 2365 ραντιζόρενος
1289 2311 1304 2327 '
1322 2295 1383 2347 οὐ
1409 2294 1518 2367 γὰρ
1534 2295 1599 2365 δὴ
1626 2294 1944 2366 ᾑμαγμένος
1964 2295 2051 2348 ἀεὶ

478 2368 725 2444 περιῄει·
753 2377 846 2430 ἐπὶ
870 2376 925 2430 δὲ
945 2377 1044 2449 τῆς
1076 2377 1257 2514 ψυχῆς
1299 2378 1399 2449 οὐχ
1433 2377 1628 2445 οὕτως,
1654 2377 1770 2432 ἀλλ’
1812 2377 1951 2448 αὐτῇ
1979 2380 2047 2449 τῇ

479 2456 639 2514 οὐσία
668 2458 1034 2514 ἀναμίγνυται
1056 2476 1087 2512 τ
1146 2456 1308 2514 αἷμα.
1346 2460 1639 2514 όωιιαλέαν
1665 2454 1834 2514 αὐτὴν
1862 2460 2047 2514 ποιοῦν

479 2456 639 2527 οὐσίᾳ
668 2458 1034 2529 ἀναμίγνυται
1056 2454 1118 2514 τὸ
1146 2456 1308 2531 αἷμα,
1345 2460 1639 2532 ῥωμαλέαν
1665 2454 1834 2530 αὐτὴν
1862 2460 2048 2514 ποιοῦν

478 2540 572 2592 καὶ
600 2541 795 2611 ἁγνὴν,
824 2544 921 2596 καὶ
950 2540 1088 2615 πρὸς
1117 2542 1249 2597 αὐτὸ
1277 2543 1340 2599 τὸ
1366 2544 1650 2615 ἀμήχανον
1671 2543 1863 2607 κάλλος
1890 2543 2045 2613 ἄγον.

474 2622 727 2678 Δείκνυσι
742 2624 808 2696 δὴ
836 2625 1020 2680 λοιπὸν
1035 2625 1127 2681 τὸν
1148 2627 1379 2682 θάνατον
1406 2627 1466 2679 οὐ
1498 2626 1658 2697 μόνον
1682 2624 2045 2696 βεϐαιώσεως,

474 2705 614 2760 ἀλλά
658 2708 754 2763 καῖ¹
800 2710 1087 2782 καθαρμοῦ
1136 2710 1333 2767 αἴτιον.
1378 2709 1595 2781 Ἐπειδὴ
1636 2709 1799 2781 γὰρὴ
1826 2708 2049 2783 τελευτὴ

474 2791 676 2862 μιαρὸν
705 2796 935 2864 πρᾶγμα
961 2796 1136 2850 ἐδόκει
1156 2791 1318 2860 εἶναι,
1339 2793 1435 2847 καὶ
1464 2793 1746 2864 μάλισταὴ
1772 2792 1860 2847 διὰ
1892 2809 2049 2847 σταυι

476 2873 597 2944 ροῦ,
627 2875 774 2945 λέγει
799 2879 882 2932 ὃτι
911 2879 1171 2950 ἐκάθαρε,
1203 2879 1300 2933 καὶ
1334 2877 1576 2949 ὲκάθαρε
1603 2875 1790 2947 τιμίαν
1841 2877 2050 2949 κάθαρι

476 2975 584 3021 σιν,
607 2961 701 3013 καὶ
726 2961 819 3015 ἐπὶ
855 2960 1099 3032 μείζοσι·
1127 2962 1216 3016 διὰ
1244 2961 1403 3016 τοῦτο
1429 2958 1486 3014 αἱ
1520 2958 1704 3016 θυσίαι
1717 2961 2045 3032 προῦλαϐον,

473 3040 635 3095 διὰτὸ
656 3036 797 3113 αἷμα
823 3043 981 3098 τοῦτο
1001 3062 1015 3076 ·
1036 3043 1130 3098 διὰ
1157 3044 1317 3098 τοῦτο
1342 3043 1805 3115 ἀμνοὶ,διὰτοῦτο
1830 3045 2048 3099 ἅπαντα

474 3122 711 3190 ἐγένετο.
741 3118 999 3196 Ἀνάγκη
1030 3122 1144 3183 οὖν
1162 3126 1364 3198 τὰμὲν
1392 3126 1797 3196 ὑποδείγματα
1834 3125 1953 3180 τῶν
1978 3127 2049 3181 ἐν

472 3206 601 3273 τοῖς
627 3208 907 3277 οὐρανοῖς
928 3211 1165 3276 τούτοις
1188 3203 1602 3278 καθαρίζεσθαι
1643 3227 1658 3242 ο
1689 3209 1843 3265 αὐτὰ
1879 3209 1947 3263 δὲ
1974 3211 2049 3266 τὰ

472 3290 802 3360 ἐπουράνια
819 3293 1118 3363 κρείττοσι
1130 3294 1363 3357 θυσίαις
1376 3293 1536 3363 παρὰ
1548 3294 1788 3360 ταύτας.
1800 3294 1911 3346 Καὶ
1929 3293 2047 3357 πῶς

473 3374 624 3427 ἐστιν
637 3376 1010 3447 ὑποδείγματα
1032 3377 1142 3430 τῶν
1158 3379 1217 3430 ὲν
1226 3380 1338 3441 τοῖς
1362 3378 1612 3447 οὐρανοῖς
1630 3393 1645 3444 ;
1666 3377 1788 3431 τίνα
1811 3374 1870 3431 δὲ
1890 3375 2048 3431 καλεῖ

473 3458 541 3511 τὰ
555 3460 611 3511 ὲν
626 3461 738 3521 τοῖς
749 3457 997 3532 οὐρανοῖς
1015 3458 1111 3516 νῦν
1127 3479 1142 3529 ;
1163 3456 1272 3531 ἆρα
1289 3462 1381 3515 τὸν
1392 3455 1621 3530 οὐρανόν
1636 3478 1651 3529 ;
1670 3459 1942 3526 manu;
1956 3464 2048 3532 ἀγ-

473 3538 697 3611 γέλους;
722 3543 886 3598 Οὐδὲν
899 3545 1128 3613 τούτων,
1147 3544 1284 3599 ἀλλὰ
1294 3544 1366 3599 τὰ
1391 3546 1660 3617 ἡμέτερα.
1695 3546 1840 3616 Ἄρα
1853 3548 1911 3601 ὲν
1933 3549 2047 3613 τοῖς

474 3629 724 3698 οὐρανοῖς
753 3629 823 3681 τὰ
851 3628 1117 3699 ἡμέτερα,
1156 3630 1252 3684 καὶ
1314 3630 1637 3701 ἐπουράνια,
1671 3629 1772 3685 κᾶν
1800 3631 1858 3684 ὲν
1881 3634 1947 3703 τῇ
1974 3634 2045 3703 γῇ

474 3712 806 3784 έπιτελῆται.
845 3713 997 3767 Ἐπεὶ¹
1035 3715 1130 3768 καὶ
1161 3712 1382 3783 ἄγγελοι
1406 3714 1468 3768 έν
1492 3716 1558 3784 τῇ
1587 3716 1656 3786 γῇ
1690 3715 1825 3768 είσιν
1856 3754 1871 3780 ,
1930 3713 2048 3769 ἀλλ’

473 3790 786 3868 ἐπουράνιοι
810 3797 1061 3868 λέγονται
1085 3816 1100 3830 ο
1132 3797 1229 3852 καὶ
1254 3798 1325 3852 τὰ
1356 3797 1641 3869 Χερουϐὶμ
1673 3798 1767 3851 ἐπὶ
1794 3797 1894 3869 τῆς
1943 3799 2048 3869 γῆς

473 3879 671 3951 ἐφάνη,
708 3875 822 3935 ἀλλ’
858 3882 1160 3953 ὲπουράνιά
1183 3884 1322 3937 ἐστι.
1343 3883 1455 3938 Καὶ
1479 3882 1531 3936 τί
1546 3876 1691 3952 λέγω
1716 3882 1889 3953 ἐφάνη
1913 3900 1928 3948 ;
1953 3883 2047 3938 ἐπὶ

471 3961 571 4030 τῆς
594 3963 697 4033 γῆς
726 3964 824 4032 μὲν
850 3962 944 4018 οῦν
967 3966 1166 4034 διάγει,
1188 3964 1377 4036 ὥσπερ
1399 3960 1492 4019 οὖν
1523 3967 1581 4020 ὲν
1611 3965 1691 4035 τῷ
1708 3966 2043 4037 παραδείσῳ.

486 4044 629 4096 Ἀλλ’
653 4046 805 4099 οὐδὲν
822 4048 1064 4101 ἐκώλυσε
1093 4047 1277 4101 τοῦτο’
1297 4048 1598 4119 έπουρανία
1628 4048 1737 4121 γὰρ
1761 4050 1856 4103 καὶ
1871 4047 2047 4113 οὕτως

473 4118 610 4177 ἐστί.
645 4126 756 4178 Καὶ
788 4127 959 4195 ἡμῶν
984 4129 1053 4182 τό
1085 4130 1419 4199 πολίτευμά
1442 4118 1624 4185 ἐστιν
1650 4118 1721 4183 ἐν
1742 4131 2043 4200 οὐρανοῖς,

472 4204 652 4262 καίτοι
673 4210 907 4265 ἐνταῦθα
924 4210 1339 4282 πολιτευόμεθα.
1352 4215 1515 4268 Αὐτὰ
1525 4212 1594 4266 δὲ
1610 4214 1680 4267 τὰ
1692 4213 2038 4281 ἐπουράνιαο

470 4291 738 4358 τουτέστι,
777 4292 877 4365 τὴν
905 4295 1229 4364 φιλοσοφίαν
1257 4294 1357 4366 τὴν
1386 4297 1516 4366 παρ’
1550 4296 1705 4366 ἡμῖν,
1736 4296 1865 4360 τοὺς
1926 4299 2046 4350 ἐκεῖ

472 4377 843 4448 κεκλημένους
863 4391 913 4433 0-.
933 4378 1242 4450 Κρείττοσι
1267 4380 1508 4445 θυσίαις
1529 4378 1692 4448 παρὰ
1715 4380 1955 4446 ταύτας.
1971 4380 2045 4433 Τὸ

474 4463 725 4532 κρεῖττον
753 4461 920 4517 καλοῦ
942 4463 1088 4527 τινός
1113 4464 1234 4517 ἐστι
1251 4464 1500 4535 κρεῖττον
1522 4479 1534 4491 ’
1567 4461 1680 4533 ἄρα
1708 4462 1852 4517 καλὰ
1882 4463 2041 4531 γεγό-

475 4562 621 4611 νασι,
646 4547 742 4599 καὶ
773 4545 844 4600 τὰ
869 4542 1246 4617 ὑποδείγματα
1278 4547 1387 4600 τῶν
1409 4548 1469 4601 ὲν
1489 4549 1602 4610 τοῖς
1634 4547 1905 4618 οὐρανοῖς.
1931 4546 2044 4601 Οὐκ

475 4629 544 4685 ἂν
570 4630 680 4701 γὰρ
732 4630 854 4686 οὐδὲ
883 4629 953 4683 τὰ
1003 4630 1375 4701 ὑποδείγματα
1435 4631 1648 4702 πονηρά
1674 4624 1763 4701 ἡν,
1800 4631 1923 4683 ἐπεὶ
1942 4633 2043 4685 κὰ-

474 4716 630 4769 κεῖνα
658 4712 726 4769 ἂν
757 4715 844 4786 εἴη
873 4714 1086 4786 πονηρὰ
1106 4710 1183 4769 ὧν
1214 4716 1362 4769 ἐστιν
1388 4715 1781 4787 ὑποδείγματα.

548 4888 699 4961 [161]
722 4892 792 4960 γ’.
816 4892 1076 4947 Είτοίνυν
1109 4892 1423 4964 ἐπουράνιοι
1458 4890 1641 4963 ἡμεῖς,
1663 4892 1759 4950 καὶ
1784 4894 2041 4967 τοιαύτης

474 4973 667 5035 οὐσίας
713 4974 1000 5047 ἐτύχομεν,
1036 4977 1321 5048 φρίξωμεν
1340 4995 1353 5008 ·
1391 4979 1587 5048 μηκέτι
1613 4979 1864 5052 μένωμεν
1885 4983 1943 5038 ἐν
1969 4986 2037 5055 τῇ

478 5057 571 5127 Tir
588 5055 767 5121 ἔξεστι
789 5060 894 5129 γὰρ
921 5063 996 5132 μὴ
1021 5059 1163 5117 εἶναι
1184 5063 1241 5115 ἐν
1261 5064 1327 5133 τῇ
1348 5065 1419 5133 γῇ
1436 5063 1530 5117 καὶ
1551 5062 1646 5117 νῦν
1667 5064 1759 5119 τὸν
1780 5064 2041 5137 βουλόμεθ-

475 5150 586 5193 νον.
616 5138 689 5192 Τὸ
710 5140 817 5209 γὰρ
847 5137 985 5196 εἷναι
1016 5145 1074 5198 ὲν
1092 5146 1158 5216 τῇ
1184 5148 1257 5216 γῇ
1291 5145 1385 5198 καὶ
1410 5144 1484 5216 μὴ
1512 5141 1671 5211 εἶναι,
1725 5149 1912 5220 τρόπῳ
1945 5151 2043 5204 καὶ

476 5221 798 5293 προαιρέσει
830 5223 1037 5289 γίνεται
1072 5243 1087 5257 ο
1121 5223 1234 5282 οἷόν
1263 5246 1315 5283 τι
1359 5227 1504 5296 λέγω
1529 5243 1542 5256 ·
1576 5229 1636 5282 Ὀ
1660 5229 1795 5294 Θεὸς
1822 5229 2041 5300 λέγεται

474 5303 616 5362 εἶναι
642 5308 700 5359 ὲν
728 5304 806 5377 τῷ
830 5306 1042 5378 οὐρανῷ
1070 5326 1085 5342 σ
1109 5309 1199 5364 διὰ
1223 5310 1276 5363 τί
1302 5312 1396 5376 ;οὐ
1424 5311 1576 5383 τόπῳ
1601 5312 2040 5385 ἀποκλειόμενος,

482 5389 556 5460 μὴ
584 5391 817 5459 γένοιτο,
850 5391 974 5444 οὐδὲ
994 5391 1092 5462 τὴν
1118 5394 1222 5463 γῆν
1250 5394 1458 5466 ἔρημον
1483 5394 1583 5465 τῆς
1613 5395 1779 5451 αὐτοῦ
1833 5414 2043 5469 παρουο

479 5473 603 5536 σίας
630 5474 811 5543 ἀφεὶς,
841 5473 980 5535 ἀλλὰ
1005 5478 1070 5546 τῇ
1090 5477 1272 5545 σχέσει
1301 5478 1395 5533 καὶ
1416 5482 1481 5550 τῇ
1512 5479 1784 5536 οἰκειώσει
1813 5485 1875 5554 τῇ
1907 5482 2039 5553 πρδς

542 5630 568 5659 ⁸
592 5632 701 5687 Τοῖς
725 5633 1116 5696 ἐκκεκλημένοιςῖ

1222 267 1282 322 s.
1313 257 1599 322 JOANNIS
1625 252 2118 323 13111115051011!
2150 254 2471 324 Ancum».
2512 267 3059 329 CONSTANTINOP.

3631 274 3734 331 126

2164 385 2295 449 τοὺς
2357 388 2640 461 ἀγγέλους.
2672 393 2769 445 Ἂν
2795 391 2973 445 τοίνυν
3007 393 3100 447 καὶ
3142 391 3306 462 ἡμεῖς
3364 392 3531 462 ὲγγύς
3582 387 3734 467 ὦμεν

2161 470 2255 521 τοῦ
2286 473 2445 537 Θεοῦ,
2475 476 2533 528 ἐν
2560 475 2778 546 οὐρανῷ
2834 477 3022 546 ἐσμεν,
3056 475 3121 528 Τί
3149 477 3260 545 γάρ
3309 492 3400 544 μοι
3447 477 3597 547 μέλει
3640 481 3734 536 του

2156 551 2411 622 οὐρανοῦ,
2432 558 2564 611 ὅταν
2588 557 2702 625 δρῶ
2735 558 2828 611 τὸν
2857 558 3137 628 Δεσπότην
3168 558 3263 610 τοῦ
3289 559 3545 631 οὐρανοῦ,
3604 562 3735 618 ὅταν

2158 632 2322 715 αὐτὸς
2349 638 2580 709 οὐρανὸς
2607 641 2854 709 γένωμαι
2877 658 2892 707 ;
2936 641 3336 709 Ἐλευσόμεθα
3361 642 3470 712 γὰρ
3491 685 3505 708 ,
3536 646 3732 715 φησὶν,

2156 714 2271 784 ἐγὼ
2295 720 2391 772 καί
2423 722 2456 773 ό
2478 722 2680 789 Πατήρ
2709 738 2849 790 μου,
2867 722 2966 776 καί
2988 722 3187 790 μονὴν
3215 725 3350 791 παρ’
3374 725 3535 791 αὐτῷ
3558 714 3734 797 ποιή-

2156 808 2364 867 σομεν.
2412 801 2737 874 Ποιήσωμεν
2782 799 2876 858 οῦν
2919 805 3079 875 ἡμῶν
3123 805 3223 876 τὴν
3259 805 3436 877 ψυχὴν
3479 811 3730 880 οὐρανόν.

2155 880 2385 965 Φαιδρός
2439 884 2583 939 ἐστιν
2602 888 2632 940 6
2660 885 2891 958 οὐρανὸς
3017 887 3209 957 φύσει·
3233 888 3355 944 οὐδὲ
3394 890 3503 962 γάρ
3536 895 3594 945 ὲν
3618 912 3732 965 χει-

2160 961 2297 1048 μῶνι
2328 965 2498 1048 μέλας
2542 969 2754 1036 γίνεται
2780 984 2795 1000 ·
2829 970 2890 1023 οὐ
2911 969 3021 1040 γὰρ
3055 970 3217 1035 αὐτὸς
3256 971 3580 1043 μεταϐάλλει

2154 1040 2299 1113 NW,
2330 1047 2448 1125 ᾁλλ’
2473 1052 2528 1103 αί
2555 1052 2779 1121 νεφέλαι
2801 1053 3207 1125 συνδραμοῦσαι
3247 1040 3612 1111 καλύπτουσιν
3631 1040 3731 1113 αύ-

2157 1125 2273 1211 τόν.
2344 1121 2403 1182 ⁵0
2459 1133 2691 1206 οὐρανὸς
2744 1136 2896 1207 ἥλιον
2934 1121 3072 1207 ⁷ἔχει
3106 1152 3121 1169 '
3176 1136 3373 1208 ἔχομεν
3435 1141 3530 1193 καὶ
3570 1142 3736 1211 ἡμεῖς

2153 1209 2305 1279 ἥλιον
2357 1213 2727 1288 δικαιοσύνης.
2789 1215 2956 1274 Εἶπον
2990 1258 3005 1283 ,
3067 1219 3288 1286 Ἔξεστι
3332 1209 3622 1290 γενέσθαι-⁷
3654 1224 3735 1287 ὡς

2155 1293 2419 1364 οὐρανόν·
2468 1299 2567 1355 καὶ
2610 1301 2723 1374 ὁρῶ
2769 1302 2853 1355 ὅτι
2913 1302 3008 1356 καῖ¹
3049 1302 3298 1371 βελτίονα
3350 1304 3607 1371 γενέσθαι
3637 1307 3731 1359 τοῦ

2154 1378 2390 1454 οὐρανοῦ
2448 1381 2648 1449 ἔξεστι.
2707 1383 2878 1449 Πῶς;
2937 1383 3110 1439 Ὅταν
3158 1384 3248 1439 τὸν
3302 1382 3581 1457 Δεσπότην
3634 1388 3731 1442 τοῦ

2153 1465 2305 1536 ἡλίου
2360 1465 2596 1537 ἔχωμεν.
2650 1462 2710 1519 Ὃ
2769 1466 3001 1538 οὐρανὸς
3066 1467 3330 1522 πάντοθέν
3389 1470 3508 1523 ἐστι
3556 1470 3733 1525 καθα-ι

2156 1546 2247 1616 ρὸς
2309 1549 2405 1602 καὶ
2466 1547 2843 1618 άκηλίδωτος,
2906 1549 3009 1602 οὐκ
3063 1551 3122 1603 ἐν
3176 1548 3447 1620 χειμῶνι,
3509 1552 3609 1605 οὐκ
3671 1553 3735 1606 ὲν

2151 1632 2307 1686 νυκτὶ
2335 1631 2732 1701 μεταϐάλλεται
2759 1649 2774 1665 σ
2810 1632 2885 1702 μὴ
2903 1631 3086 1686 τοίνυν
3129 1631 3264 1702 μηδὲ
3290 1633 3454 1703 ἡμεῖς
3507 1638 3644 1704 μήτε
3671 1636 3732 1688 ὲν

2150 1718 2270 1778 ταῖς
2296 1713 2531 1783 θλίψεσι,
2568 1715 2707 1785 μήτε
2731 1715 2788 1773 ἐν
2819 1717 2941 1778 ταῖς
2970 1714 3281 1784 μεθοδείαις
3327 1714 3421 1768 τοῦ
3476 1716 3732 1772 διαϐόλου
3775 1706 3798 1729 ⁹

2148 1797 2308 1851 τοῦτο
2344 1799 2667 1868 πάσχωμεν,
2694 1788 2833 1850 ἀλλὰ
2859 1796 3111 1868 μένωμεν
3135 1797 3458 1867 ἀκηλίδωτοι
3497 1796 3594 1852 καὶ
3625 1818 3732 1853 κα-

2151 1880 2329 1951 θαροί.
2368 1880 2426 1933 '0
2455 1881 2685 1951 οὐρανός
2716 1882 2864 1934 ἐστιν
2914 1874 3137 1952 ὑψηλὸς,
3164 1881 3260 1935 καὶ
3289 1881 3426 1934 πολὺ
3468 1882 3571 1951 τῆς
3624 1883 3730 1953 γῆς

2150 1963 2400 2033 ἀπέχων’
2435 1961 2593 2016 τοῦτο
2621 1963 2715 2015 καὶ
2752 1964 2913 2033 ἡμεῖς
2947 1966 3284 2035 ποιήσωμεν,
3331 1964 3731 2034 ἀποστήσωμεν

2149 2044 2376 2107 ἑαυτοὺς
2403 2044 2503 2114 τῆς
2539 2046 2660 2114 γῆς,
2688 2047 2783 2098 καὶ
2807 2045 2944 2117 πρὸς
2977 2046 3039 2100 τὸ
3063 2046 3197 2116 ὕψος
3240 2046 3501 2119 ἀρθῶμεν
3526 2048 3727 2102 έκεῖνο.

2148 2127 2259 2181 Καὶ
2300 2127 2400 2180 ποῦ
2447 2126 2549 2198 τῆς
2568 2128 2670 2197 γῆς
2721 2128 2949 2193 ἑαυτοὺς
2981 2124 3417 2199 άποστήσωμεν;
3455 2120 3623 2183 Ὅταν
3660 2130 3730 2183 τά

2145 2210 2371 2279 οὐράνια
2392 2210 2808 2281 φανταζώμεθα.
2852 2212 2909 2266 '0
2941 2210 3170 2281 οὐρανὸς
3190 2211 3462 2283 άνώτερός
3490 2213 3607 2266 ἐστι
3633 2212 3729 2265 καὶ

2147 2293 2319 2348 ὑετῶν
2367 2296 2462 2348 καὶ
2508 2293 2808 2365 χειμώνων,
2856 2295 2952 2350 καὶ
2996 2294 3089 2348 ὑπ’
3142 2292 3359 2357 οὐδενὸς
3405 2294 3686 2348 ἁλίσκεται
3709 2306 3723 2325 ⁴

2144 2375 2304 2432 τοῦτο
2328 2378 2422 2430 καὶ
2453 2379 2614 2448 ἡμεῖς
2642 2376 3003 2449 δυνησόμεθα,
3037 2376 3132 2431 ἐὰν
3155 2375 3419 2448 θέλωμεν.
3453 2370 3619 2442 Οὗτος
3643 2377 3732 2431 δο-

2146 2462 2233 2514 κεῖ
2279 2458 2398 2532 μὲν,
2426 2461 2489 2514 οὐ
2520 2460 2703 2532 μέντοι
2744 2460 2976 2531 πάσχει·
3014 2459 3094 2531 μὴ
3149 2460 3334 2513 τοίνυν
3380 2459 3515 2530 μηδὲ
3545 2461 3728 2532 ἡμεῖς,

2146 2541 2249 2597 κᾶν
2277 2542 2521 2614 δοκῶμεν
2550 2542 2800 2614 πάσχειν,
2842 2543 3165 2613 πάσχωμεν.
3195 2543 3405 2615 Ὠσπερ
3432 2541 3542 2614 γάρ
3563 2544 3621 2596 ἐν
3647 2543 3730 2614 τῷ

2146 2625 2374 2697 χειμῶνι
2425 2626 2473 2678 οί
2514 2624 2613 2696 μὲν
2647 2625 2832 2679 πολλοὶ
2863 2625 2923 2678 τὸ
2953 2625 3152 2688 κάλλος
3182 2624 3348 2678 αὐτοῦ
3385 2626 3486 2678 οὐκ
3524 2625 3728 2692 ίσασιν,

2146 2707 2281 2763 ἀλλὰ
2301 2708 2608 2779 νομίζουσιν
2643 2707 2806 2762 αὐτὸν
2834 2707 3156 2778 τρέπεσθαι,
3183 2709 3233 2761 οἱ
3262 2706 3320 2761 δὲ
3367 2706 3733 2777 φιλοσοφοῦν-

2144 2807 2235 2854 τες
2260 2790 2438 2844 ἴσασιν
2470 2791 2551 2844 ὅτι
2581 2785 2733 2844 οὐδὲν
2757 2789 2961 2844 ἔπαθεν
2982 2806 2996 2821 ·
3028 2789 3171 2843 οὑτω
3190 2789 3283 2842 καὶ
3319 2789 3447 2862 περὶ
3476 2789 3639 2860 ἡμῶν
3666 2790 3731 2843 ἐν

2143 2875 2263 2937 ταῖς
2295 2873 2557 2943 θλίψεσιν,
2584 2872 2634 2925 οί
2667 2873 2765 2943 μὲν
2815 2873 3005 2926 πολλοὶ
3041 2871 3352 2947 νομίζουσιν
3378 2872 3527 2941 ἡμᾶς
3584 2887 3731 2940 συμ-

2144 2954 2603 3027 μεταϐεϐλῆσθαι,
2635 2956 2729 3009 καὶ
2763 2955 2938 3026 αὐτῆς
2966 2954 3125 3027 ἡμῶν
3162 2949 3335 3026 ἧφθαι
3362 2954 3463 3024 τῆς
3493 2954 3727 3024 καρδίας

2142 3040 2243 3111 τὴν
2290 3039 2500 3110 θλῖψινο
2530 3036 2580 3094 οί
2613 3040 2672 3094 δὲ
2725 3040 3005 3110 φιλόσοφοι
3059 3039 3237 3094 ἴσασιν
3284 3040 3367 3093 δτι
3420 3039 3520 3109 οὐχ
3544 3038 3723 3109 ἥψατο

2141 3120 2320 3192 ἡμῶν.
2350 3121 2643 3194 Γενώμεθα
2672 3123 2854 3176 τοίνυν
2900 3120 3153 3194 οὐρανὸς,
3185 3120 3502 3190 ἀνέλθωμεν
3551 3123 3631 3184 είς
3667 3119 3733 3173 τὸ

2144 3202 2275 3276 ὕψος
2291 3205 2486 3270 έκεῖνο,
2518 3205 2613 3260 καὶ
2634 3202 2806 3269 οὕτως
2822 3203 3066 3277 ὀψόμεθα
3088 3206 3216 3269 τοὺς
3243 3204 3568 3276 ἀνθρώπους
3600 3219 3735 3274 μυρδ

2145 3288 2336 3359 μὴκων
2363 3287 2514 3341 οὐδὲν
2533 3287 2888 3359 διαφέροντας
2905 3305 2920 3320 ⁸
2959 3287 3022 3341 οὐ
3047 3287 3176 3349 τοὺς
3205 3286 3447 3357 πένητας
3462 3284 3608 3354 λέγω
3634 3285 3736 3356 μό-

2142 3387 2251 3431 νον,
2262 3368 2419 3506 ἑὶϐἓ]
2439 3370 2559 3424 οὐδὲ
2577 3372 2705 3434 τοὺς
2717 3369 3028 3435 πλουσίους,
3043 3364 3181 3423 ἀλλὰ
3201 3369 3307 3423 κᾶν
3330 3368 3634 3440 στρατηγός
3649 3384 3735 3427 τις

2142 3448 2197 3506 ἦ.
2225 3469 2259 3506 κ
2299 3470 2327 3505 ν
2359 3453 2630 3506 Βασιλεὺς.
2662 3451 2762 3506 οὐκ
2797 3452 3040 3506 ὀψόμεθα
3074 3451 3194 3506 ἐκεῖ
3210 3454 3302 3504 τὸν
3328 3450 3577 3506 Βασιλέα.
3612 3450 3733 3503 οὐδὲ

2141 3448 2197 3527 ᾗ,
2225 3448 2327 3507 κᾶν
2356 3453 2630 3522 βασιλεὺς,
2662 3451 2762 3506 οὐκ
2797 3452 3040 3523 ὀψόμεθα
3074 3451 3194 3506 ἐκεῖ
3210 3454 3302 3504 τὸν
3327 3450 3577 3521 βασιλέα,
3612 3450 3733 3503 οὐδὲ

2142 3534 2234 3587 τὸν
2261 3533 2474 3606 ἰδιώτην
2494 3552 2509 3566 ·
2543 3535 2645 3588 οὐκ
2692 3530 2954 3606 εἰσόμεθα
2975 3535 3030 3588 τί
3064 3533 3165 3606 μὲν
3206 3534 3426 3604 χρυσὸς,
3452 3533 3505 3586 τί
3543 3531 3599 3584 δὲ
3627 3532 3734 3601 ἄρ-

2143 3633 2329 3688 γυρος,
2373 3619 2428 3671 τί
2455 3616 2512 3672 δὲ
2561 3613 2773 3688 ἱμάτιον
2802 3613 3048 3689 σηρικὸν,
3081 3612 3115 3686 ἢ
3170 3616 3485 3689 πορφυροῦν
3506 3632 3519 3646 ·
3550 3615 3731 3671 πάντα

2143 3698 2330 3772 ὥσπερ
2362 3699 2526 3771 μυίας
2560 3700 2823 3771 ὀψόμεθα,
2853 3701 2949 3755 ἐὰν
2981 3701 3041 3753 ὲν
3077 3699 3273 3770 ἐκείνῳ
3315 3697 3391 3769 τῷ
3426 3697 3550 3768 ὕψει
3587 3696 3723 3750 καθ·
3825 3742 3829 3746 .

2148 3780 2382 3852 ίσωμεν’
2419 3782 2596 3846 οὐδεὶς
2643 3782 2868 3855 θόρυϐος
2915 3783 3051 3849 ἐκεῖ,
3074 3782 3304 3852 οὐδεμία
3341 3781 3574 3852 ταραχὴ.
3607 3779 3730 3833 οὐδὲ

2143 3867 2381 3938 κραυγή.
2429 3866 2540 3920 Καὶ
2565 3867 2684 3931 πῶς
2716 3865 2815 3928 ένι,
2852 3866 3038 3937 φησὶν,
3068 3864 3150 3928 είς
3176 3860 3354 3917 έκεῖνο
3383 3862 3619 3934 ἀρθῆναι
3660 3862 3729 3915 τὸ

2143 3946 2296 4018 ὕψος,
2320 3948 2413 4002 ἐπὶ
2437 3949 2536 4020 τῆς
2557 3948 2664 4021 γῆς
2689 3946 3096 4021 περιπατοῦντα
3118 3963 3133 4012 ;
3158 3947 3317 4018 Λόγῳ
3353 3945 3457 4018 μὲν
3491 3947 3554 3998 οὐ
3583 3945 3729 4014 λέγω

2141 4029 2300 4086 τοῦτο
2326 4032 2512 4097 ἁπλῶς
2539 4032 2688 4101 ’,ἀλλ’
2737 4033 2787 4085 εί
2810 4031 3011 4102 βούλει,
3042 4031 3153 4101 ἐγώ
3184 4047 3265 4083 σοι
3285 4030 3538 4100 δείκνυμι
3575 4029 3727 4102 ἔργῳ
3754 4080 3757 4081 ν

2141 4114 2268 4177 τοὺς
2283 4115 2365 4178 είς
2379 4114 2439 4167 τὸ
2457 4113 2589 4185 ὕψος
2612 4117 2787 4171 έκεῖνο
2806 4115 3148 4185 φθάσαντας.
3185 4113 3352 4178 Τίνας
3368 4111 3432 4184 δὴ
3460 4113 3689 4176 τούτους
3711 4129 3729 4178 ;

2143 4188 2282 4260 Τοὺς
2308 4197 2436 4267 περὶ
2467 4197 2676 4251 Παῦλον
2702 4197 2848 4266 λέγω
2867 4239 2881 4263 ,
2916 4198 3111 4260 οἵτινες
3128 4198 3188 4251 ἐν
3211 4199 3279 4268 τῇ
3314 4199 3384 4267 γῇ
3443 4194 3617 4258 ὄντες,
3671 4196 3732 4247 ἐν

2141 4279 2220 4349 τῷ
2266 4279 2480 4352 οὐρανῷ
2529 4280 2815 4352 διέτριϐον.
2841 4281 2954 4338 Καὶ⁵
3012 4281 3064 4335 τί
3085 4281 3229 4349 λέγω
3258 4282 3319 4332 ὲν
3355 4277 3435 4349 τῷ
3466 4276 3681 4348 οὐρανῷ
3710 4294 3727 4342 ;

2145 4361 2463 4434 ὑψηλότεροι
2505 4352 2645 4434 ἦσαν
2692 4364 2786 4418 τοῦ
2830 4362 3086 4435 οὐρανοῦ.
3114 4363 3211 4420 καὶ
3250 4359 3344 4416 τοῦ
3379 4360 3542 4414 ἄλλου
3576 4360 3604 4399 δ
3639 4360 3733 4412 οὐ-

2145 4443 2327 4517 ρανοῦ,
2381 4447 2477 4500 καὶ
2515 4446 2650 4518 πρὸς
2683 4442 2844 4501 αὐτὸν
2878 4446 3112 4517 άνῆλθον
3156 4445 3248 4500 τὸν
3290 4443 3446 4498 Θεόν.
3478 4444 3575 4507 Τίς
3618 4443 3731 4511 ⁸γὰρ

2141 4531 2300 4601 ἡμᾶς
2328 4533 2594 4602 χωρίσει,
2629 4534 2817 4605 φησὶν,
2850 4534 2967 4589 ἀπὸ
3003 4532 3116 4602 τῆς
3144 4530 3383 4602 ἀγάπης
3425 4530 3535 4585 τοῦ
3591 4531 3729 4598 Χρι-

2139 4616 2328 4681 στοῦ;
2359 4616 2583 4686 θλῖψις,
2612 4614 2650 4685 ἣ
2670 4618 3057 4688 στενοχωρία,
3080 4616 3118 4685 ἣ
3135 4615 3374 4696 λιμὸς,ἢ
3400 4611 3668 4683 διωγμὸς,
3691 4611 3730 4681 ἢ

2139 4700 2457 4770 γυμνότης,
2488 4700 2527 4769 ἢ
2554 4700 2860 4768 κίνδυνος,
2885 4694 2923 4769 ἢ
2953 4699 3219 4769 μάχαιρα
3244 4716 3264 4764 ;
3301 4694 3396 4752 καὶ
3420 4697 3603 4761 πάλιν,
3633 4695 3730 4763 Μὴ

2139 4782 2535 4836 σκοπούντων
2580 4782 2750 4851 ἡμῶν
2778 4783 2850 4839 τὰ
2899 4782 3277 4850 βλεπόμενα,
3322 4779 3491 4834 ἀλλὰ
3539 4779 3614 4832 τὰ
3640 4777 3727 4846 μὴ

2136 4866 2506 4935 βλεπόμενα.
2553 4860 2717 4938 Ὁρᾷς
2755 4867 2836 4920 ὅτι
2865 4866 2985 4920 οὐδὲ
3017 4864 3260 4938 ἑώρα-τὰ
3296 4862 3567 4924 ὲνταῦθας
3610 4860 3731 4913 Ἵνα

2139 4948 2198 5002 δέ
2234 4964 2317 5002 σοι
2351 4946 2512 5014 δείξω
2540 4948 2622 5002 ὅτι
2660 4949 2768 5002 τῶν
2814 4947 3060 5018 οὐρανῶν
3106 4946 3382 5018 ἀνώτερος
3420 4938 3508 5014 ἦν,
3561 4943 3730 4997 ἄκουε

2140 5031 2305 5086 αὐτοῦ
2326 5031 2574 5101 λέγοντος
2595 5049 2610 5063 ·
2644 5031 2974 5101 Πέπεισμαι
2998 5032 3106 5102 γὰρ
3142 5026 3233 5085 ὅτι
3278 5030 3419 5084 οὔτε
3470 5025 3730 5093 θάνατος

2139 5116 2279 5169 οὔτε
2312 5114 2447 5183 ζωὴ,
2474 5116 2611 5169 οὔτε
2669 5114 2970 5169 ἐνεστῶτα
3015 5112 3154 5169 οὔτε
3198 5113 3527 5183 μέλλοντα,
3591 5107 3731 5162 οὔτε

2140 5197 2358 5266 ὕψωμα
2403 5198 2542 5252 οὔτε
2566 5192 2782 5264 βάθος,
2844 5199 2982 5252 οὔτε
3019 5216 3110 5264 τις
3147 5198 3347 5263 κτίσις
3397 5192 3569 5262 ἑτέρα
3618 5190 3729 5245 δυ-

2140 5277 2386 5347 νήσεται
2414 5280 2569 5351 ’ἡμᾶς
2600 5283 2845 5352 χωρίσαι
2870 5281 2991 5337 ἀπὸ
3036 5280 3149 5351 τῆς
3176 5279 3418 5353 ἀγάπης
3444 5274 3553 5330 τοῦ
3596 5275 3729 5342 Χρι-

2141 5381 2310 5419 στου.

2226 5447 2388 5518 Ὀρᾷς
2417 5448 2533 5511 πῶς
2558 5448 2734 5503 πάντα
2774 5447 3149 5519 παραδραμὼν
3186 5447 3215 5499 ὁ
3262 5444 3545 5514 λογισμὸς,
3575 5440 3721 5495 ἀνώ-

2145 5547 2299 5601 τερον
2326 5529 2487 5583 αὐτδν
2515 5532 2788 5602 ἐποίησεν,
2818 5532 2879 5584 οὐ
2906 5529 3109 5603 ταύτης
3146 5529 3305 5603 μόνον
3346 5527 3447 5598 τῆς
3472 5524 3723 5586 κτίσεως,

2211 5638 2238 5679 δ
2265 5639 2356 5688 Καὶ
2378 5638 2458 5688 τοῦ
2482 5637 2670 5702 τρίτουῗ
