4088 6204
330 267 436 324 {‘25

327 370 604 425 testamenti
644 370 699 425 in
752 369 1097 427 remissionem
1139 379 1476 442 peccatorum.
1529 371 1640 427 Hoc
1682 375 1900 427 verbum

325 476 419 529 pro
446 460 686 532 bYSSOpO
712 462 972 533 sanguine
996 461 1299 528 intinctum,
1329 476 1520 517 omnes
1548 464 1803 533 aspergit.
1838 464 1906 518 Et

323 554 433 608 illic
473 554 693 622 quidem
733 570 928 625 corpus
966 555 1302 610 extrinsecus
1341 555 1736 621 mundabatur;
1785 565 1900 610 erat

328 646 468 701 enim
499 646 777 701 mundatio
803 647 1100 716 corporalis
1121 663 1135 697 :
1160 645 1245 700 hic
1275 655 1450 701 autem
1477 648 1726 716 quoniam
1753 665 1906 702 mun-

345 738 488 792 datio
533 746 618 791 est
659 736 984 805 spiritualis,
1012 733 1284 788 mundatio
1327 733 1624 802 ingreditur
1664 732 1919 799 animam,

305 804 315 826 ⁶
345 843 450 882 non
480 827 653 881 solum
682 804 978 896 aspergens
1005 825 1100 878 sed
1128 823 1468 878 etiaminstar
1498 823 1656 877 fontis
1687 825 1922 894 irrigans

343 918 396 973 in
427 917 710 972 animabus
734 916 963 972 nostris.
997 915 1183 972 Sci-unt
1207 930 1324 984 qua:
1353 913 1602 970 dicuntur
1623 914 1658 968 ii
1681 915 1768 985 qui
1797 924 1924 970 sunt

345 1010 530 1065 initiati
560 1008 854 1082 mysteriis.
878 1008 947 1063 Et
973 1008 1024 1062 in
1047 1006 1152 1060 illis
1178 1005 1393 1075 quidem
1417 1006 1584 1074 ipsam
1606 1005 1923 1075 aspergebat

347 1102 707 1172 superﬁciem,
737 1111 790 1156 et
810 1100 899 1169 qui
941 1100 1340 1168 aspergebatur,
1361 1112 1546 1152 rursus
1570 1097 1918 1163 abluebatur;

349 1207 452 1246 non
478 1191 624 1246 enim
648 1205 864 1259 semper
889 1189 1067 1244 obibat
1093 1197 1432 1242 cruentatus:
1458 1187 1514 1240 in
1537 1187 1711 1241 anima
1743 1197 1919 1242 autem

359 1297 460 1336 non
492 1282 592 1348 sic,
612 1281 703 1336 sed
737 1279 840 1350 ipsi
868 1279 1116 1335 essentia:
1139 1279 1459 1332 admiscetur
1487 1277 1722 1347 sanguis,
1752 1277 1919 1346 ipsam

345 1369 577 1425 reddens
609 1369 882 1425 robustam
913 1378 967 1424 et
995 1377 1220 1432 castam,
1243 1378 1299 1422 et
1326 1367 1594 1421 deducens
1634 1368 1698 1422 ad
1726 1368 1917 1436 ips:nn,

343 1478 462 1533 quae
498 1461 756 1532 explicari
784 1477 886 1516 non
920 1469 1131 1531 potest,
1165 1459 1631 1530 pulchritudinem.
1665 1461 1920 1530 Deinceps

345 1566 523 1608 autent
564 1552 799 1607 ostendit
841 1560 1072 1607 mortem
1121 1567 1227 1607 non
1280 1551 1700 1606 confirmationis
1746 1553 1919 1608 solum

345 1658 464 1699 esse
489 1657 731 1708 causztm,
762 1643 855 1698 sed
881 1644 1043 1698 etiam
1065 1641 1478 1699 emundationis.
1505 1644 1642 1700 Nam
1667 1643 1918 1712 quoniam

293 1725 298 1728 ’
346 1751 495 1791 mors
535 1734 817 1790 videbatur
843 1749 964 1791 esse
1009 1748 1096 1790 res
1126 1735 1463 1790 exsecranda.
1500 1747 1557 1793 et
1600 1734 1833 1790 maxime
1857 1749 1920 1788 ea

345 1844 464 1897 quae
483 1828 880 1897 suscipiebatur
909 1842 1002 1896 per
1025 1841 1262 1892 crucem,
1282 1825 1410 1881 dicit
1436 1841 1555 1882 eam
1578 1825 1919 1891 emundasse,
1964 1834 1981 1840 ‘

346 1919 506 1989 idque
552 1919 790 1989 pretiosa
838 1916 1238 1982 emundatione,
1270 1926 1322 1971 et
1346 1931 1467 1985 quas
1511 1925 1628 1970 erat
1660 1916 1712 1969 itt
1760 1915 1922 1970 rebus

348 2012 662 2081 majoribus.
709 2011 996 2078 Propterea
1043 2015 1438 2078 przecesserunt
1481 2007 1764 2070 sacrilicia,
1792 2021 1922 2076 pro-

353 2111 469 2171 pter
516 2101 659 2154 hunc
703 2100 1056 2170 sanguinem:
1105 2107 1389 2168 propterea
1434 2098 1592 2169 agni,
1644 2107 1922 2167 pr0pterea

348 2193 486 2246 facta
516 2199 642 2244 sunt
666 2191 862 2244 omnia.
887 2189 976 2244 9.5.
1012 2187 1229 2243 Necesse
1265 2198 1335 2242 est
1363 2205 1500 2259 ergo,
1525 2190 1723 2259 inqttit,
1753 2205 1922 2243 exent-

350 2282 516 2351 plaria
543 2280 744 2349 quidem
767 2279 1041 2333 cctlestium
1070 2279 1148 2332 his
1187 2279 1444 2341 mandari,
1474 2280 1586 2346 ipsa
1629 2290 1794 2331 autem
1819 2294 1923 2332 ccc-

348 2376 490 2428 lestia
526 2373 818 2426 melioribus
855 2373 1032 2426 hostiis
1064 2388 1215 2441 quant
1249 2373 1378 2426 istis.
1415 2372 1481 2425 Et
1502 2371 1769 2440 quomodo
1797 2380 1924 2425 sunt

348 2462 672 2532 exemplaria
691 2478 876 2518 eorum
898 2477 1018 2532 qua:
1043 2473 1165 2516 sunt
1189 2461 1240 2515 in
1257 2461 1436 2516 cadis?
1455 2461 1724 2529 quomodo
1746 2473 1922 2516 autem

347 2565 506 2607 vocat
533 2569 674 2607 nunc
700 2569 759 2608 ea
786 2570 902 2622 qua:
933 2562 1060 2608 sunt
1085 2553 1137 2606 in
1165 2553 1354 2608 uelis?
1401 2569 1526 2606 nunt
1571 2553 1796 2606 etelum?
1835 2563 1922 2607 aut

347 2644 612 2714 angelos?
640 2643 780 2699 Nihil
807 2644 1034 2709 horum;
1080 2643 1170 2698 sed
1193 2652 1399 2697 nostra.
1428 2643 1620 2698 Nostra
1649 2659 1776 2714 ergo
1800 2655 1924 2698 sunt

351 2735 406 2788 in
431 2735 600 2801 melis,
629 2745 682 2788 et
707 2745 891 2788 nostra
930 2743 1054 2788 sunt
1078 2735 1334 2800 caelestia,
1366 2734 1574 2788 etiamsi
1607 2745 1928 2804 pet-agantur

351 2827 406 2880 in
459 2839 619 2881 terra.
671 2827 802 2881 Nam
845 2828 1022 2898 angeli
1061 2842 1274 2898 quoque
1321 2838 1448 2882 sunt
1495 2827 1550 2882 in
1599 2839 1776 2894 terra,
1832 2829 1926 2883 sed

350 2918 602 2973 dicuntur
649 2920 925 2984 caelestes;
984 2930 1038 2974 et
1091 2919 1379 2974 Cherubim
1447 2929 1807 2989 apparuerunt
1873 2921 1925 2974 in

354 3019 518 3072 terra,
549 3019 672 3063 sunt
717 3020 892 3066 tamen
930 3011 1187 3065 czelestia.
1221 3011 1289 3065 Et
1329 3010 1456 3080 quid
1500 3012 1620 3065 dico
1663 3026 1925 3080 apparue-

354 3103 522 3154 runt?
553 3101 604 3153 in
638 3111 779 3156 terra
809 3101 1024 3172 quidem
1051 3113 1201 3157 certe
1224 3102 1442 3172 degunt,
1474 3111 1526 3156 ut
1566 3102 1727 3157 etiam
1759 3103 1809 3156 in
1839 3119 1927 3172 pa-

356 3193 554 3247 radiso.
577 3193 682 3250 Sed
717 3195 849 3248 nihil
877 3195 977 3249 hoc
1006 3195 1315 3263 impedivit;
1349 3204 1472 3248 sunt
1498 3195 1642 3250 enim
1670 3196 1925 3252 Caelestis.

356 3281 422 3334 Et
444 3293 614 3337 nostra
631 3286 941 3339 conversatio
963 3287 1096 3339 estin
1117 3286 1254 3339 cwlis
1271 3285 1531 3356 (Philipp.
1549 3287 1602 3341 5.
1619 3285 1736 3354 20),
1753 3301 1931 3356 quam-

355 3377 437 3428 vis
467 3375 553 3428 hic
578 3390 879 3429 versemur.
930 3374 1056 3444 Ipsa
1083 3385 1251 3429 autem
1277 3377 1528 3441 cwlestia;
1568 3376 1669 3430 hoc
1695 3385 1778 3431 est
1813 3377 1933 3446 phi-

357 3467 598 3536 loSOphia
631 3468 717 3520 illa
748 3483 868 3536 quas
909 3477 989 3521 est
1013 3469 1152 3536 apud
1193 3483 1312 3538 nos,
1342 3468 1431 3537 qui
1473 3468 1596 3522 illuc
1625 3484 1808 3522 sumus
1839 3484 1933 3523 vo-

357 3559 482 3612 cati.
505 3557 822 3623 Melioribus,
843 3557 1032 3626 inquit,
1053 3557 1228 3612 hostiis
1247 3574 1398 3627 quam
1418 3559 1544 3611 istis.
1564 3557 1715 3625 Quod
1742 3559 1932 3612 melius

359 3658 463 3711 est,
493 3649 670 3716 aliquo
720 3649 859 3702 bono
889 3657 972 3702 est
1002 3648 1228 3704 melius:
1271 3663 1403 3716 ergo
1433 3646 1648 3701 fuerunt
1686 3647 1845 3711 bona,
1881 3658 1934 3702 et

359 3739 680 3802 exemplaria
713 3754 900 3792 eorum
945 3754 1065 3806 quae
1095 3738 1147 3792 in
1193 3738 1361 3792 cadis.
1393 3737 1504 3792 Nec
1550 3738 1689 3792 mala
1737 3737 1934 3793 fuerint

361 3823 728 3891 exemplaria:
760 3839 882 3877 nam
917 3824 1009 3878 illa
1045 3839 1259 3894 quoque
1301 3833 1485 3880 essent
1526 3825 1666 3879 mala
1711 3839 1937 3894 quorum

360 3924 488 3968 sunt
516 3915 862 3984 exemplaria.

430 4005 488 4060 3.
517 4005 575 4059 Si
606 4021 732 4075 ergo
759 4021 944 4061 sumus
972 4006 1236 4073 caelestes,
1267 4015 1321 4060 et
1349 4017 1523 4062 tamen
1554 4005 1824 4076 assequuti
1849 4019 1940 4060 su-

361 4110 484 4149 mus
527 4096 844 4161 essentiam,
888 4098 1369 4166 pertimescamus:
1401 4115 1505 4151 non
1553 4099 1778 4168 amplius
1822 4113 1938 4152 nta-

363 4201 586 4240 neamus
617 4188 666 4240 in
703 4197 840 4242 terra
868 4207 882 4242 :
907 4189 1030 4243 licet
1052 4188 1195 4242 enim
1237 4189 1284 4242 ei
1317 4189 1406 4258 qui
1436 4189 1582 4252 velit,
1613 4189 1771 4243 etiam
1798 4205 1939 4244 nunc

365 4292 472 4330 non
517 4293 642 4332 esse
687 4279 739 4332 in
788 4288 952 4334 terra.
995 4280 1125 4334 Nam
1158 4290 1214 4334 ut
1243 4282 1410 4337 simus
1452 4291 1506 4336 et
1544 4297 1648 4335 non
1693 4283 1860 4337 simus
1889 4284 1938 4338 in

367 4373 528 4431 terra,
573 4367 632 4420 fit
678 4369 842 4422 animi
890 4369 1136 4424 instituto
1161 4380 1220 4424 et
1265 4371 1561 4427 voluntate.
1600 4373 1666 4428 Ut
1711 4376 1943 4444 exempli

364 4473 525 4512 eausa
556 4477 569 4512 :
601 4459 743 4514 Deus
767 4459 964 4515 dicitur
987 4477 1111 4516 esse
1148 4462 1201 4515 in
1230 4464 1362 4517 caelo
1389 4481 1400 4516 :
1433 4465 1635 4531 quare?
1678 4482 1784 4518 non
1826 4465 1943 4520 loco

363 4548 634 4615 exclusus,
666 4551 827 4615 absit,
873 4566 1044 4620 neque
1083 4561 1279 4607 terram
1318 4553 1631 4623 relinquens
1672 4555 1940 4610 desertam

361 4654 460 4693 sua
494 4641 806 4710 pta-sentiat,
837 4641 932 4696 sed
961 4643 1192 4713 quadam
1219 4643 1531 4701 habitudine
1557 4645 1945 4702 familiaritate-

359 4748 468 4802 que
493 4733 945 4803 ctcoujunctione
971 4751 1091 4804 quae
1117 4744 1200 4791 est
1229 4737 1307 4791 illi
1333 4751 1454 4792 cum
1477 4739 1697 4807 angelis.
1730 4738 1785 4794 Si
1813 4753 1944 4809 ergo

361 4838 464 4877 nos
483 4839 698 4892 quoque
715 4826 882 4879 simus
905 4836 1126 4896 propter
1151 4828 1339 4891 Deum,
1357 4844 1544 4883 sumus
1563 4831 1616 4883 in
1629 4831 1782 4885 caelo.
1803 4829 1942 4899 Quid

360 4915 507 4968 enim
538 4914 672 4968 mihi
704 4931 846 4969 curae
874 4927 954 4970 est
985 4919 1196 4985 caelum,
1226 4919 1439 4990 quando
1473 4920 1632 4974 video
1663 4922 1943 4975 Dominum

362 5005 512 5059 ccli?
528 5007 744 5073 quando
757 5008 872 5074 ipse
899 5007 1070 5064 factus
1084 5010 1236 5064 fuero
1255 5013 1444 5065 caelum
1463 5011 1765 5066 ?Veniemus
1779 5012 1946 5080 enim,

365 5096 556 5165 inquit,
589 5115 682 5168 ego
708 5110 756 5152 et
785 5099 943 5153 Pater
967 5118 1128 5164 meus,
1152 5111 1196 5154 et
1227 5104 1538 5156 mansionem
1564 5105 1702 5174 apud
1726 5120 1836 5157 eum
1862 5106 1944 5175 fa-

366 5190 552 5246 ciemus
595 5192 780 5260 (Joan.
815 5194 903 5248 Η.
935 5195 1050 5262 25).
1093 5194 1341 5247 Animam
1393 5210 1521 5262 ergo
1565 5195 1820 5249 faciamus
1847 5209 1946 5249 no-

362 5278 449 5334 bis
475 5281 689 5336 cadum.
719 5284 1040 5339 Czelum'est
1089 5295 1277 5339 natura
1305 5285 1598 5354 qunndunt
1641 5295 1695 5341 et
1733 5286 1945 5340 iactum:

367 5384 541 5440 neque
567 5374 711 5427 enim
745 5375 799 5426 in
830 5383 1148 5443 tempestate
1177 5377 1235 5428 lit
1264 5375 1471 5444 nigrum
1503 5392 1514 5425 :
1549 5391 1654 5428 non
1682 5383 1851 5430 mutat
1876 5378 1951 5432 fa-

365 5461 540 5528 ciem,
571 5465 664 5517 sed
711 5475 1102 5520 concurrentes
1147 5471 1320 5521 nubes
1368 5467 1542 5536 ipsum
1593 5467 1950 5527 abscondunt.

366 5551 569 5606 Caelum
603 5553 767 5608 habet
791 5555 965 5609 solem
993 5573 1005 5608 :
1044 5555 1301 5611 habemus
1319 5571 1418 5610 nos
1443 5572 1654 5627 quoque
1679 5559 1847 5616 solem
1865 5561 1952 5632 ju-

369 5642 550 5698 stitizc.
575 5645 686 5700 Dixi
709 5647 876 5702 licere
893 5645 1009 5702 fieri
1031 5657 1300 5717 tamquam
1313 5649 1505 5704 caelum
1534 5668 1543 5703 :
1566 5659 1619 5706 et
1638 5651 1790 5708 video
1811 5655 1950 5720 quod

1137 273 1200 331 IN
1239 275 1454 333 EPIST.
1495 277 1587 332 AD
1625 274 1983 336 HEBREOS.
2023 276 2179 333 CAP.
2220 273 2311 331 IX.
2354 274 2586 330 HOMIL.
2628 273 2770 331 XVI.

3490 276 3589 333 1:16

2017 377 2178 430 etiam
2207 375 2340 430 caelo
2380 375 2537 430 liceat
2581 377 2698 432 ﬁeri
2742 379 3018 435 meliorem
3049 391 3104 436 et
3148 387 3589 453 przestantiorem.
3683 429 3699 447 .

2022 469 2343 536 Quomodo?
2372 471 2597 538 Quando
2619 472 2750 526 solis
2775 474 3054 530 Dominum
3086 476 3447 534 habuerimus.
3477 481 3593 535 Ca:-

2023 561 2130 615 lum
2177 571 2258 616 est
2285 563 2431 616 omni
2463 576 2530 618 ex
2561 572 2711 632 parte
2740 581 2928 633 purum
2958 577 3012 621 et
3041 567 3457 636 immaculatum,
3490 587 3594 626 non

2023 651 2219 718 hieme,
2245 667 2348 706 non
2375 656 2534 707 noete
2560 663 2818 710 mutatur.
2841 655 2917 710 Ne
2935 657 3035 712 hoc
3052 674 3178 728 ergo
3197 661 3351 715 nobis
3371 661 3595 728 accidat,

2023 757 2306 797 caveamus
2320 743 2800 810 neaftlictionibus,
2817 748 3118 803 autdiaboli
3135 751 3340 806 insidiis
3353 755 3594 822 appetiti,

2026 833 2128 888 tale
2171 833 2299 902 quid
2351 835 2774 903 patiamurzsed
2829 853 3138 895 maneamus
3184 842 3512 898 immaculati
3542 856 3597 898 et

2025 922 2226 979 mundi.
2257 921 2457 979 Cat-lum
2487 927 2858 982 estexcelsum
2879 967 2894 995 ,
2922 937 2975 983 et
2999 943 3030 982 a
3061 938 3200 984 terra
3231 933 3388 1003 longe
3417 949 3597 989 remo-

2026 1020 2136 1067 tum
2154 1030 2166 1064 :
2184 1012 2285 1068 hoc
2297 1029 2393 1069 nos
2409 1031 2621 1086 quoque
2635 1015 2912 1086 faciamus,
2930 1033 2960 1072 a
2981 1029 3120 1074 terra
3139 1036 3237 1075 nos
3253 1023 3596 1090 abducamus,

2018 1114 2071 1158 et
2087 1103 2154 1158 ad
2169 1105 2316 1159 illam
2329 1107 2657 1161 extollantur
2673 1108 3391 1178 altitudinetn.thuomodo
3405 1123 3593 1166 aterra

2018 1193 2390 1248 abducentur?
2418 1194 2475 1249 Si
2517 1197 2759 1251 caelestia
2787 1199 3111 1267 cogitemus.
3143 1199 3346 1253 Caelum
3388 1200 3593 1256 imbres

2014 1291 2068 1342 et
2087 1291 2432 1352 tempestates
2449 1295 2750 1354 superat,et
2765 1302 2792 1339 a
2810 1289 2958 1340 nullo
2972 1289 3213 1357 capitur:
3233 1290 3335 1344 hoc
3353 1305 3598 1360 nosque—

2013 1391 2121 1444 que
2144 1378 2467 1446 poterimus,
2493 1380 2538 1431 si
2568 1379 2819 1433 velimus.
2850 1379 2961 1432 lloc
2983 1382 3198 1449 quidem
3226 1384 3332 1449 pati
3361 1384 3591 1448 videtur,

2027 1468 2199 1536 ipsum
2245 1478 2422 1524 tamen
2468 1485 2572 1523 non
2601 1471 2804 1540 patitur
2832 1488 2847 1526 :
2871 1487 2973 1526 nec
2998 1486 3096 1526 nos
3130 1488 3260 1543 ergo
3298 1477 3597 1543 patiamur,

2021 1560 2228 1613 etiamsi
2250 1559 2526 1612 videamur
2553 1562 2680 1628 pati.
2710 1561 2840 1614 Nam
2862 1569 2916 1613 ut
2945 1563 2994 1614 in
3015 1561 3189 1615 hieme
3214 1562 3361 1614 multi
3380 1561 3592 1631 quidem

2025 1667 2131 1705 non
2152 1662 2347 1706 norunt
2361 1652 2476 1721 ejus
2497 1652 2962 1722 pulchritudinem,
2981 1653 3073 1706 sed
3093 1653 3395 1706 existimant
3421 1653 3592 1722 ipsum

2022 1742 2249 1805 mutari;
2271 1741 2573 1811 pltilOSOphi
2601 1751 2777 1796 autem
2806 1743 2980 1795 sciunt
3002 1743 3170 1810 ipsum
3195 1741 3458 1796 nihilesse
3476 1757 3597 1812 pas-

2020 1847 2138 1887 sum
2175 1849 2188 1886 :
2213 1832 2282 1885 ita
2306 1833 2464 1886 etiam
2489 1832 2641 1885 nobis
2665 1832 2912 1885 usuvenit
2939 1832 2989 1884 itt
3016 1831 3412 1895 afﬂictionibus,
3443 1832 3592 1884 multi

2021 1921 2236 1992 quidem
2267 1922 2578 1976 existimant
2611 1937 2708 1974 nos
2733 1935 2854 1975 esse
2875 1930 3249 1984 commutatos,
3273 1933 3326 1976 et
3352 1921 3603 1975 afﬂictio—'

2023 2031 2148 2069 nem
2177 2014 2339 2070 corda
2367 2023 2544 2068 nostra
2579 2013 2843 2082 tetigisse;
2874 2013 3016 2083 quod
3045 2024 3222 2068 autem
3252 2029 3346 2066 nos
3373 2029 3476 2068 non
3504 2023 3584 2067 te-

2023 2105 2222 2172 tigerit,
2247 2113 2438 2158 norunt
2462 2105 2782 2174 philosophi.
2802 2104 2908 2158 Nos
2927 2120 3054 2175 ergo
3069 2107 3256 2159 czelum
3275 2105 3592 2169 efﬁciantur,

2022 2193 2376 2251 ascendamus
2406 2194 2456 2247 in
2497 2193 2642 2248 illam
2686 2193 3045 2258 altitudinem,
3077 2202 3130 2247 et
3180 2195 3252 2247 ita
3300 2193 3596 2248 videbimus

2022 2285 2266 2342 homines
2283 2283 2413 2338 nihil
2429 2283 2642 2339 differre
2666 2299 2696 2338 a
2723 2285 2959 2339 formicis
2981 2302 2994 2338 :
3015 2298 3119 2338 non
3142 2286 3330 2349 solum,
3357 2286 3592 2353 inquam,

2021 2388 2282 2444 pauperes
2307 2383 2360 2429 ct
2379 2375 2604 2436 divites;
2633 2375 2725 2429 sed
2747 2375 2957 2429 etiamsi
2981 2376 3048 2430 sit
3074 2376 3374 2444 praefectus,
3402 2376 3446 2428 si
3478 2391 3592 2439 rex,

2021 2480 2122 2520 nec
2143 2482 2345 2536 regem,
2376 2481 2474 2520 nec
2508 2468 2770 2536 privatum
2801 2467 3226 2521 internoscemus
3256 2485 3268 2518 :
3298 2466 3595 2519 nesciamus

2022 2556 2146 2625 quid
2177 2561 2246 2610 sit
2273 2570 2481 2621 aurum,
2511 2557 2637 2625 quid
2664 2565 2964 2626 argentum,
2983 2556 3109 2626 quid
3130 2555 3290 2610 vestis
3315 2555 3482 2608 serica
3505 2562 3598 2607 aut

2024 2661 2284 2716 purpurea
2318 2664 2330 2698 :
2359 2649 2538 2701 omnia
2557 2647 2857 2702 videbimus
2881 2656 3147 2717 tamquam
3176 2661 3407 2711 muscas,
3439 2646 3483 2698 si
3511 2661 3596 2699 se-

2021 2737 2326 2791 derimusin
2349 2737 2438 2791 illa
2469 2738 2749 2793 altitudine
2780 2757 2794 2794 :
2826 2739 3003 2793 nullus
3033 2739 3139 2792 illic
3173 2739 3460 2802 tumultus,
3497 2752 3596 2792 nec

2023 2826 2372 2896 perturbatio,
2392 2843 2568 2896 neque
2597 2829 2819 2882 clamor.
2851 2830 2915 2882 Et
2941 2827 3227 2898 quomodo,
3256 2827 3445 2898 inquit,
3479 2827 3596 2882 fieri

2022 2927 2198 2988 potest
2229 2928 2286 2974 ut
2306 2919 2371 2974 ad
2403 2930 2604 2976 tantam
2635 2922 2924 2975 extollatur
2945 2921 3277 2976 altitudinem
3300 2922 3388 2991 qui
3409 2922 3598 2975 authu-

2022 3009 2099 3064 lat
2125 3011 2176 3063 in
2207 3010 2389 3064 terra?
2410 3011 2599 3065 Verbis
2630 3011 2845 3079 quidem
2874 3025 2976 3065 non
2999 3011 3141 3076 dico,
3164 3011 3257 3066 sed
3279 3012 3438 3065 rebus
3465 3011 3596 3080 ipsis

2021 3099 2246 3153 ostendo
2289 3115 2382 3154 eos
2411 3101 2500 3169 qui
2541 3100 2607 3154 ad
2654 3099 2799 3154 illam
2837 3110 3194 3168 pervenerunt
3237 3101 3593 3157 altitudinem.

2021 3189 2251 3255 Quinam
2278 3190 2315 3244 ii
2359 3190 2518 3244 sunt?
2543 3189 2738 3244 Paulus
2761 3199 2817 3245 et
2843 3191 2958 3259 ejus
2983 3191 3220 3256 asseclaz,
3242 3192 3332 3260 qui
3360 3207 3478 3246 cum
3505 3207 3594 3247 es-

2020 3289 2141 3334 sent
2165 3294 2329 3350 super
2350 3287 2569 3344 terram,
2599 3281 2950 3335 versabantur
2969 3281 3020 3335 in
3051 3281 3202 3334 cmlo.
3235 3282 3300 3335 Et
3324 3281 3448 3350 quid
3475 3281 3596 3335 dico

2022 3373 2073 3427 in
2105 3373 2277 3428 caelo?
2305 3373 2473 3427 Erant
2517 3373 2650 3427 cmlo
2689 3373 2941 3438 altiores,
2979 3383 3033 3427 et
3077 3373 3186 3427 alio
3232 3373 3367 3428 caelo
3392 3413 3408 3438 ,
3455 3382 3508 3427 et
3527 3373 3592 3427 ad

2022 3463 2186 3518 Deum
2215 3463 2387 3533 ipsum
2412 3462 2804 3527 ascenderunt,
2841 3463 2967 3530 Quis
2993 3463 3126 3517 enim
3169 3479 3260 3518 nos
3303 3463 3588 3532 separabit,

2023 3553 2213 3624 inquit,
2243 3571 2274 3606 a
2303 3555 2513 3608 caritate
2542 3552 2730 3608 Christi
2753 3554 2778 3607 ?
2807 3554 3066 3608 tribulatio
3087 3596 3100 3622 ,
3131 3571 3198 3608 an
3219 3555 3500 3625 angustia,
3529 3571 3595 3607 at;

2023 3649 2203 3714 fames,
2230 3661 2295 3697 an
2323 3647 2635 3714 persequutio
2660 3687 2674 3710 ,
2709 3662 2775 3699 an
2805 3646 3027 3711 auditas,
3059 3662 3125 3698 an
3166 3647 3444 3708 periculum
3467 3686 3480 3708 ,
3529 3662 3594 3697 an

2022 3735 2222 3805 gladius
2249 3735 2428 3802 (Rom.
2454 3736 2507 3789 8.
2529 3735 2656 3806 55)?
2681 3745 2736 3790 et
2762 3751 2966 3798 rursus,
2998 3735 3118 3788 Non
3145 3731 3596 3798 contemplantibus

2023 3827 2165 3880 nobis
2190 3842 2303 3896 quae
2330 3828 2590 3892 videntur,
2613 3827 2702 3883 sed
2738 3843 2850 3895 qua:
2876 3844 2976 3881 non
3018 3827 3255 3880 videntur
3285 3826 3360 3896 (2.
3393 3826 3512 3881 Cor.
3539 3827 3597 3882 4.

2026 3916 2134 3985 18).
2159 3915 2318 3969 Vides
2337 3915 2481 3985 quod
2511 3930 2610 3970 nec
2627 3932 2686 3970 ea
2717 3916 2932 3986 quidem
2960 3933 3078 3986 quae
3099 3917 3184 3971 hic
3209 3927 3332 3970 sunt
3354 3916 3596 3971 videbat?

2022 4004 2092 4060 Ut
2119 4012 2292 4059 autem
2345 4003 2433 4058 tibi
2462 4006 2744 4060 ostendam
2774 4006 2915 4075 quod
2943 4007 3086 4060 caelis
3111 4014 3227 4060 erat
3255 4006 3436 4070 altior,
3473 4005 3597 4060 audi

2018 4101 2138 4141 eum
2169 4087 2435 4142 dicentem
2463 4104 2478 4140 :
2509 4087 2687 4142 Certus
2724 4105 2838 4141 sum
2865 4091 2995 4143 enim
3022 4131 3037 4154 ,
3077 4092 3216 4161 quod
3261 4107 3422 4161 neque
3460 4105 3594 4141 mors

2018 4194 2175 4248 neque
2201 4179 2321 4244 vita,
2344 4194 2502 4246 neque
2521 4179 2786 4249 prtesentia
2809 4197 2964 4250 neque
2985 4185 3178 4250 futura,
3202 4197 3361 4250 neque
3380 4179 3595 4233 altitudo

2021 4283 2178 4337 neque
2205 4267 2532 4337 profundum,
2562 4285 2718 4338 neque
2750 4270 2857 4322 ulla
2897 4271 2999 4322 alia
3025 4280 3259 4323 creatura
3297 4271 3478 4339 poterit
3505 4287 3592 4321 nos

2019 4377 2255 4429 separare
2276 4378 2307 4414 a
2330 4361 2538 4415 caritate
2566 4361 2753 4415 Christi
2783 4360 2956 4429 (Rom.
2983 4361 3035 4415 8.
3065 4361 3153 4416 38.
3186 4359 3301 4431 59).

2091 4452 2146 4506 4.
2169 4451 2430 4505 Laudatur
2447 4451 2604 4505 Pauli
2616 4451 2905 4520 magnitudo
2921 4450 3097 4503 animi.
3129 4449 3207 4503 De
3229 4448 3534 4519 funambulis
3551 4456 3596 4500 et

2021 4541 2136 4596 aliis
2155 4541 2620 4595 ludicris.—Vides
2639 4539 2903 4610 quomodo
2931 4539 3065 4594 ratio
3093 4539 3340 4594 omnibus
3371 4547 3597 4606 praeter-

2028 4633 2224 4698 cursis,
2273 4647 2395 4686 eum
2445 4631 2684 4687 aﬂ'ecerit
2730 4630 3082 4701 superiorem,
3116 4644 3222 4684 non
3273 4629 3372 4682 hac
3422 4627 3598 4682 solum

2025 4731 2292 4786 creatura,
2325 4736 2428 4774 non
2457 4721 2540 4775 his
2561 4722 2728 4786 caelis,
2747 4720 2840 4775 sed
2865 4729 2920 4774 et
2940 4721 2984 4774 si
3015 4720 3106 4789 qui
3128 4719 3236 4772 sint
3261 4718 3388 4771 alii?
3413 4716 3598 4770 Vidisti

2029 4813 2224 4868 mentis
2244 4811 2614 4866 altitudinem?
2649 4810 2825 4864 vidisti
2847 4811 3018 4879 qualis
3044 4809 3207 4863 fuerit
3228 4805 3596 4861 tabernaculo-

2028 4919 2144 4958 rum
2167 4911 2446 4958 contextor
2470 4902 2682 4970 quando
2703 4902 2885 4964 voluit,
2915 4903 3004 4970 qui
3037 4909 3198 4953 totam
3228 4899 3388 4952 vitam
3411 4898 3462 4950 in
3487 4895 3603 4949 foro

2031 4991 2392 5062 transegerat?
2416 4989 2630 5043 Nullum
2670 4991 2814 5045 enim
2860 4998 2974 5055 est,
3019 4987 3224 5041 nullum
3265 4995 3349 5042 est
3379 4985 3604 5056 impedi-

2030 5092 2270 5138 mentum
2301 5097 2408 5151 quo
2437 5081 2615 5135 minus
2659 5095 2844 5134 omnes
2883 5093 3233 5148 superemus,
3265 5078 3311 5132 si
3353 5077 3602 5132 velimus.

2031 5175 2162 5231 Nam
2195 5175 2238 5229 si
2265 5183 2410 5229 artes
2429 5189 2547 5242 qua:
2573 5172 2715 5242 vulgi
2742 5179 2950 5240 captum
2974 5181 3258 5240 superant,
3290 5170 3427 5225 adeo
3460 5178 3606 5223 recte

2035 5267 2292 5323 discimus
2306 5274 2361 5321 et
2379 5280 2712 5329 exercemus,
2731 5265 2898 5318 multo
2928 5264 3094 5331 magis
3121 5263 3170 5316 id
3193 5262 3332 5332 quod
3361 5277 3465 5314 non
3488 5268 3606 5328 eget

2036 5367 2185 5413 tanto
2214 5358 2413 5411 labore.
2442 5355 2578 5421 Quid
2605 5354 2767 5418 enim,
2795 5354 2879 5408 dic
2907 5354 3058 5416 mihi,
3079 5361 3160 5407 est
3182 5352 3394 5422 gravius
3420 5360 3474 5404 et
3503 5350 3604 5403 difa

2039 5451 2229 5505 licilius
2257 5463 2414 5518 quam
2442 5461 2536 5516 per
2563 5446 2738 5499 funem
2775 5454 3051 5499 extensum
3084 5443 3310 5512 ingredi,
3342 5452 3606 5510 tamquam

2041 5541 2093 5596 in
2126 5540 2286 5610 plano
2309 5539 2448 5603 solo,
2480 5545 2535 5591 et
2563 5535 2616 5590 in
2642 5535 2750 5590 aito
2775 5535 3137 5590 ambulantem
3170 5547 3227 5587 se
3271 5531 3511 5594 induere,
3558 5539 3613 5583 et

2042 5648 2238 5688 exuere
2268 5641 2534 5698 tamquam
2559 5629 2610 5684 in
2640 5630 2778 5684 lecto
2800 5627 3115 5684 sedentem?
3147 5641 3324 5681 nonne
3351 5639 3438 5680 res
3469 5623 3612 5679 vitlc~
