4088 6204
456 293 544 350 127

361 459 376 474 θ
459 399 543 442 tur
573 389 726 444 nobis
750 404 870 446 esse
895 390 1028 446 adeo
1056 390 1342 458 horrenda,
1378 403 1433 447 ut
1472 411 1538 448 ne
1565 395 1785 450 velimus
1813 397 2027 465 quidem

455 495 717 552 spectare,
738 484 831 538 sed
856 485 1154 548 timeamus,
1178 495 1231 539 et
1254 485 1319 538 ad
1343 487 1511 554 ipsum
1528 498 1798 556 aspectmn
1821 498 2030 544 contre-

457 573 790 628 miscamus?
817 575 954 642 Quid
984 587 1163 629 autem
1187 585 1289 642 est,
1323 578 1407 631 dic
1435 578 1587 644 mihi,
1617 580 1829 648 gravius
1858 589 1910 636 et
1929 581 2027 634 dif-

459 664 648 718 ﬁcilius
679 680 836 731 quam
861 665 911 717 in
944 663 1078 719 facie
1107 676 1322 719 contum
1346 669 1648 737 suscipere;
1679 669 1873 725 deinde
1905 686 2031 739 pue-

458 771 572 808 rum
605 756 652 808 ei
680 755 983 823 impositura
1027 755 1209 810 ludere
1232 757 1657 826 innumerabilia,
1687 772 1739 815 et
1762 763 2029 818 oblectare

457 845 825 914 spectatores?
853 845 978 914 quid
1008 848 1223 916 gravius
1246 858 1300 903 et
1325 850 1593 906 difficilius
1619 870 1776 923 quam
1806 855 1856 909 in
1883 857 2028 910 ensi-

458 935 555 987 bus
583 934 788 1003 sphrera
814 935 1041 990 ludere?
1066 938 1193 1006 quid
1216 948 1318 1005 est,
1347 939 1431 994 die
1454 941 1605 1006 mihi,
1633 944 1848 1012 gravius
1873 960 2028 1013 quam

457 1025 686 1079 scrutari
715 1024 1037 1093 profundum
1070 1029 1271 1082 maris?
1299 1030 1369 1083 Et
1392 1032 1522 1084 alias
1555 1042 1698 1086 artes
1723 1035 2028 1088 innumera-

455 1117 591 1169 biles
614 1117 848 1184 potueris
868 1117 1046 1173 dicere
1076 1135 1090 1170 :
1119 1119 1212 1173 sed
1241 1120 1324 1174 his
1344 1122 1591 1177 omnibus
1608 1131 1692 1178 est
1716 1125 1885 1179 virtus
1907 1123 2033 1178 faci-

457 1208 580 1270 Iior,
601 1205 645 1260 si
667 1206 909 1270 velimus,
932 1215 987 1262 et
1006 1210 1312 1263 aseeusioin
1330 1212 1518 1265 exulum
1545 1230 1559 1265 ε
1590 1213 1673 1266 hic
1697 1215 1838 1268 enim
1859 1215 2029 1268 solum

467 1301 688 1362 oportet
712 1293 851 1348 velle
893 1302 947 1348 et
973 1295 1153 1348 omnia
1195 1306 1507 1364 sequuntur.
1538 1295 1651 1350 Non
1687 1297 1811 1352 licet
1850 1299 2050 1363 dicere,

469 1381 580 1436 Non
617 1396 871 1451 possunt;
917 1383 968 1437 id
1000 1392 1082 1437 est
1121 1398 1375 1439 accusare
1404 1384 1660 1454 Opiﬁcem
1690 1405 1705 1439 :
1737 1403 1854 1439 nam
1884 1387 1926 1442 si
1956 1403 2054 1443 nos

467 1472 589 1525 fecit
620 1472 915 1527 imbecillos
958 1484 1011 1528 et
1039 1474 1239 1542 iubeat,
1273 1474 1440 1542 ipsius
1469 1485 1550 1529 est
1578 1478 1869 1531 accusatio.
1908 1477 2053 1545 Quo-

470 1566 629 1619 modo
674 1582 820 1634 ergo,
853 1566 1044 1635 inquit,
1098 1567 1250 1620 multi
1304 1585 1409 1622 non
1456 1571 1720 1637 possunt?
1769 1571 1902 1635 Quia
1954 1585 2050 1625 no-

469 1657 603 1711 lunt.
634 1657 914 1723 Quomodo
942 1674 1046 1712 non
1073 1658 1298 1712 volunt?
1324 1660 1438 1714 Prae
1467 1660 1670 1715 desidia
1705 1679 1718 1714 :
1749 1677 1868 1714 nam
1896 1662 1938 1716 si
1959 1677 2052 1716 vo-

467 1749 684 1814 luerint,
721 1759 972 1818 poterunt
1023 1751 1261 1803 omnino.
1315 1751 1597 1820 Propterea
1641 1753 1833 1806 Paulus
1877 1753 2047 1806 dicit;

479 1838 604 1892 Volo
632 1857 804 1893 omnes
833 1842 1062 1894 homines
1085 1857 1191 1894 esse
1217 1841 1344 1894 sicut
1366 1843 1610 1912 meipsum
1641 1845 1714 1910 (1.
1741 1842 1860 1897 Cor.
1883 1845 1933 1896 7.
1968 1845 2047 1914 7),

465 1932 719 1999 quoniam
748 1932 954 1986 sciebat
987 1948 1175 1985 omnes
1203 1948 1364 2002 posse
1417 1949 1535 1986 esse
1566 1935 1704 1986 sicut
1746 1947 1861 1986 erat
1892 1935 2002 2001 ipse
2031 1952 2043 1986 :

468 2038 640 2091 neque
666 2024 811 2078 enim
841 2024 942 2076 hoc
971 2024 1212 2086 dixisset,
1273 2025 1316 2078 si
1376 2024 1485 2078 ﬁeri
1541 2041 1645 2078 non
1704 2034 1901 2094 posset.
1960 2027 2050 2080 Vis

467 2116 581 2169 fieri
642 2116 875 2184 probust
912 2118 1086 2170 solum
1117 2118 1458 2186 apprehende
1501 2118 1733 2172 initium.
1781 2118 1914 2173 Nam
1961 2122 2048 2175 dic

466 2207 637 2270 mihi,
690 2206 740 2258 in
769 2207 1019 2260 omnibus
1059 2208 1300 2271 artibus,
1343 2208 1388 2261 si
1439 2208 1666 2262 velimus
1693 2224 1784 2264 eas
1811 2211 2044 2278 assequi,

465 2297 733 2352 sufﬁcitne
777 2299 929 2353 nobis
958 2301 1112 2363 velle,
1155 2315 1221 2353 an
1251 2300 1408 2353 etiam
1440 2315 1527 2354 res
1555 2301 1933 2370 aggredimur?
1983 2303 2050 2368 ω

1153 283 1210 338 S.
1244 277 1518 338 JOANNIS
1553 268 2021 332 ClIlHSOSTOMi
2059 267 2375 323 ARCIIIEP.
2415 266 2938 324 CUNSTANTlNO‘P.

3609 263 3708 320 128

2110 381 2340 449 exempli
2359 394 2516 434 causa
2549 398 2561 434 :
2595 379 2709 433 vult
2729 379 2919 448 aliquis
2939 391 3058 431 esse
3079 374 3406 446 gubernator
3431 390 3444 421 :
3479 387 3583 427 non
3609 370 3688 425 dt-

2110 474 2202 534 eit,
2221 471 2372 534 Volo,
2391 483 2444 526 et
2476 472 2575 525 hoc
2598 473 2648 526 ei
2673 470 2889 534 sufﬁcit,
2917 469 3010 524 sed
3030 469 3189 522 etiam
3219 481 3330 521 rem
3357 463 3682 534 aggreditur.

2113 565 2237 618 Vult
2287 573 2552 618 mercator
2603 578 2722 617 esse
2763 578 2776 615 :
2822 577 2926 616 non
2975 561 3147 616 solum
3193 559 3340 622 dicit,
3387 558 3542 621 Volo,
3593 555 3686 610 sed

2110 637 2223 710 rem
2254 657 2497 725 suscipit.
2531 655 2654 709 Vult
2685 669 2904 724 peregre
2931 653 3195 722 proﬁcisci
3223 668 3236 704 :
3263 665 3367 704 non
3394 649 3544 712 dicit,
3578 647 3686 702 Vo-

2111 745 2182 808 lo,
2215 756 2440 805 tantum,
2472 746 2565 800 sed
2599 746 2756 800 etiam
2787 761 2900 799 rem
2923 744 3251 814 aggreditur.
3282 742 3462 810 Itaque
3486 743 3538 793 in
3567 753 3687 793 om-

2121 833 2275 886 nibus
2298 847 2402 884 nou
2425 831 2620 885 sufﬁcit
2647 831 2818 884 solum
2849 831 3004 895 velle,
3031 829 3124 885 sed
3149 828 3344 883 factum
3371 843 3585 898 quoque
3615 837 3699 884 est

2119 924 2422 979 addendum
2448 939 2462 976 :
2496 924 2684 977 volens
2711 933 2888 976 autem
2933 925 2984 975 in
3013 922 3201 976 etclam
3230 919 3540 984 ascendere,
3566 919 3697 974 dicis

2119 1016 2318 1078 solum,
2361 1015 2533 1069 Volo?
2561 1012 2841 1080 Quomodo
2879 1027 3039 1082 ergo,
3073 1012 3278 1078 inquit,
3313 1009 3528 1064 dicebas
3557 1010 3696 1080 quod

2121 1105 2317 1160 sufﬁcit
2355 1105 2531 1159 velle?
2559 1105 2704 1159 Velle
2730 1119 2850 1157 cum
2883 1103 3053 1166 tactis,
3088 1116 3198 1154 rem
3230 1110 3286 1154 et
3312 1101 3546 1155 laborem
3580 1115 3701 1155 sus-

2120 1199 2320 1267 cipere.
2347 1197 2616 1252 Habemus
2663 1195 2806 1248 enim
2847 1194 3012 1248 Deum
3056 1191 3397 1261 adjuvantem
3440 1200 3494 1246 et
3539 1207 3695 1258 opem

2123 1291 2383 1345 ferentem
2417 1307 2430 1342 :
2465 1289 2638 1342 solum
2686 1288 2967 1356 eligamus,
2999 1285 3172 1338 solum
3195 1283 3259 1338 ad
3291 1299 3402 1338 rem
3434 1291 3699 1350 tamquam
3781 1275 3784 1278 ’

2121 1383 2186 1438 ad
2216 1398 2350 1452 opus
2375 1382 2694 1436 accedamus
2716 1421 2732 1447 ,
2767 1389 2970 1432 tantum
3015 1377 3184 1431 simus
3226 1374 3466 1439 solliciti,
3499 1383 3702 1428 tantum

2125 1485 2357 1530 mentem
2387 1474 2756 1536 adhibeamus,
2783 1480 2838 1526 et
2863 1470 3040 1525 omnia
3067 1478 3380 1538 sequuntur.
3411 1466 3504 1522 Sin
3526 1474 3702 1520 autem

2124 1569 2472 1632 dormiamus,
2487 1575 2542 1621 et
2569 1573 2860 1620 stertentes
2880 1571 3254 1632 exspectemus
3269 1559 3456 1614 caelum
3480 1557 3702 1628 ingredi,

2124 1657 2336 1728 quando
2364 1657 2658 1728 poterimus
2683 1654 3033 1709 hereditatem
3051 1652 3302 1706 caelorum
3334 1647 3702 1719 apprehende-

2127 1752 2226 1805 rc‘t
2266 1749 2506 1805 Velimus
2531 1764 2680 1817 ergo,
2707 1761 2858 1816 rogo,
2887 1746 3130 1800 velimus.
3157 1743 3266 1797 Cur
3291 1741 3356 1796 ad
3383 1741 3518 1794 hanc
3544 1741 3703 1793 vitam

2126 1842 2306 1896 omnia
2337 1853 2642 1895 mercamur
2665 1877 2681 1904 ,
2715 1852 2872 1906 quam
2918 1849 3038 1888 cras
3068 1832 3406 1888 deserimus?
3439 1831 3703 1900 Eligamus

2127 1949 2254 2004 ergo
2278 1933 2551 1997 virtutem,
2579 1946 2696 2000 qua:
2725 1930 2879 1983 nobis
2902 1928 2952 1982 in
2979 1942 3138 1982 omne
3160 1924 3412 1980 saeculum
3443 1923 3668 1976 Sufficiet
3691 1939 3703 1975 :

2128 2025 2179 2078 in
2208 2038 2314 2093 quo
2345 2031 2601 2093 perpetuo
2629 2022 2846 2080 erimus,
2897 2027 2952 2072 et
2997 2017 3152 2071 honis
3203 2015 3419 2070 aeternis
3461 2011 3706 2084 perfrue-

2127 2133 2250 2173 mur
2277 2134 2290 2170 :
2319 2132 2437 2186 qua:
2465 2114 2667 2170 utinam
2699 2127 2886 2166 omnes
2911 2123 3295 2180 assequamur,
3328 2105 3495 2178 gratia
3528 2115 3582 2160 et
3611 2104 3701 2157 he-

2129 2207 2404 2279 nignitate,
2435 2216 2541 2260 etc.

1799 2507 2138 2567 HOMILIA
2187 2510 2388 2568 XVII.

459 2653 587 2709 CAP.
634 2654 685 2708 9.
725 2669 773 2706 v.
805 2653 892 2707 24.
935 2650 1056 2704 Non
1086 2652 1217 2704 enim
1245 2652 1294 2704 in
1327 2652 1617 2720 manufacta
1663 2657 1838 2702 sancta
1881 2647 2040 2702 Jesus

531 2746 744 2809 introiit,
772 2744 1085 2817 exemplaria
1121 2759 1348 2796 verorum
1373 2760 1390 2807 ,°
1421 2743 1508 2794 sed
1534 2743 1585 2794 in
1615 2743 1780 2809 ipsum
1819 2746 1998 2794 actum
2022 2781 2035 2803 ,

531 2845 584 2890 ut
609 2847 853 2906 appareat
881 2852 1015 2888 nunc
1043 2835 1201 2888 vultui
1227 2835 1323 2888 Dei
1352 2851 1447 2901 pro
1474 2836 1616 2888 nobis
1645 2849 1664 2887 :
1683 2835 1771 2888 25.
1803 2850 1958 2903 neque
1987 2840 2041 2886 ut

529 2943 663 2996 swpe
683 2925 862 2993 offerat
891 2928 1139 2996 seipsum,
1172 2929 1592 2996 quemadmodum
1623 2927 1853 2996 pontifex
1881 2925 2035 2978 intrat

531 3021 582 3072 in
612 3031 787 3072 sancta
815 3031 1104 3072 sanctorum
1134 3035 1221 3088 per
1265 3017 1490 3088 singulos
1517 3034 1678 3070 annos
1703 3018 1757 3070 in
1796 3018 2042 3087 sanguine

528 3113 696 3167 alieno
728 3131 746 3168 :
767 3113 856 3168 26.
887 3114 1078 3182 alioqui
1105 3111 1363 3182 Oportebat
1392 3127 1503 3165 eum
1534 3114 1818 3180 frequenter
1847 3111 1952 3177 pati
1979 3109 2041 3162 ab

543 3198 737 3264 origine
758 3195 931 3246 tumuli
964 3209 981 3245 :
1012 3208 1145 3244 nunc
1169 3201 1337 3244 autem
1365 3191 1515 3242 semul
1541 3191 1592 3242 in
1619 3188 2051 3240 consumumtione

543 3286 845 3339 sweulorum
871 3284 938 3336 att
961 3283 1326 3337 destitutionem
1352 3281 1539 3349 peccati
1557 3297 1645 3349 per
1667 3279 1879 3332 hostium
1905 3294 2051 3332 suam

542 3381 803 3448 apparuit.

545 3469 595 3520 1.
621 3466 786 3521 Valde
815 3465 912 3519 sibi
953 3466 1230 3534 placebant
1257 3474 1307 3518 et
1332 3463 1690 3518 efferebantur
1717 3461 1884 3516 Judaei
1925 3477 2048 3529 yro-

472 3571 589 3631 pter
617 3560 870 3628 templum
912 3567 966 3612 et
1012 3556 1407 3612 tabernaculum
1442 3573 1455 3609 :
1499 3565 1551 3609 et
1594 3555 1712 3610 ideo
1760 3554 2048 3619 dicebant,

472 3652 737 3719 Templum
800 3649 1034 3710 Dmnini,
1095 3648 1333 3716 templum
1385 3647 1586 3699 Domini
1638 3645 1788 3717 (Jer.
1854 3645 1906 3698 7.
1957 3645 2049 3713 5).

477 3740 746 3810 Nusquam
782 3740 922 3792 enim
968 3748 1227 3792 terrarum
1257 3744 1627 3810 constructum
1657 3733 1757 3787 fuit
1787 3729 2048 3800 ejusmodi

480 3808 756 3901 templum,
786 3845 883 3884 nec
908 3829 1048 3900 quod
1078 3833 1270 3881 attinet
1309 3828 1376 3879 ad
1412 3808 1680 3894 sumptum
1726 3837 1789 3876 ac
1813 3819 2052 3890 magniﬁ-

476 3923 730 3984 centiam,
765 3935 866 3975 nec
907 3922 1048 3990 quod
1079 3918 1144 3973 ad
1172 3916 1645 3988 pulchritudinem,
1679 3930 1776 3967 nec
1801 3911 1942 3982 quod
1985 3909 2051 3964 ad

477 4010 700 4079 quodvis
741 4011 904 4064 aliud.
959 4013 1097 4065 Deus
1141 4010 1280 4062 enim
1332 4008 1423 4076 qui
1463 4008 1846 4070 constituerat,
1895 4003 2054 4072 jussit

427 4137 438 4150 .
480 4104 650 4168 ipsum
699 4099 810 4152 ﬁeri
837 4114 957 4152 eum
995 4101 1158 4152 multa
1191 4099 1604 4166 magniﬁcentia,
1650 4097 1898 4164 quoniam
1940 4108 2050 4146 ma-

476 4189 557 4255 gis
601 4188 990 4242 inducebantur
1035 4188 1107 4241 illi
1139 4197 1191 4240 et
1220 4188 1623 4239 attrahebantur
1659 4182 2047 4254 corporalibus.

479 4280 698 4333 Lateres
723 4279 865 4333 enim
906 4292 1097 4331 aureos
1147 4276 1452 4330 habebatin
1502 4277 1820 4345 parietibus,
1849 4287 1901 4329 et
1930 4277 2051 4330 licet

478 4369 675 4425 volenti
708 4369 758 4424 id
803 4369 1009 4423 discere
1060 4369 1111 4421 in
1139 4367 1376 4422 secundo
1406 4367 1608 4436 Regum
1660 4378 1714 4420 et
1753 4366 1891 4435 apud
1923 4369 2052 4422 Eze-

476 4463 741 4527 t-hielem,
799 4470 853 4516 et
906 4471 1035 4529 quot
1081 4461 1192 4514 auri
1255 4459 1450 4513 talenta
1505 4469 1629 4511 tunc
1685 4457 1878 4512 fuerint
1924 4472 2052 4512 con-

479 4565 707 4623 sumpta.
753 4552 996 4608 Secunda
1047 4561 1224 4605 autem
1276 4550 1557 4604 aediﬁcatio
1598 4549 1692 4601 fuit
1723 4548 2048 4617 praeclarior,

473 4653 529 4698 et
580 4654 800 4715 propter
857 4641 1306 4712 pulchritudinem
1381 4649 1436 4694 et
1491 4648 1707 4708 propter
1767 4639 1870 4691 alia
1937 4653 2054 4692 om-

475 4735 582 4790 nia.
621 4734 735 4791 Nee
761 4742 1045 4805 propterea
1073 4733 1246 4786 solum
1284 4740 1401 4786 erat
1431 4731 1766 4800 magnificum
1797 4739 1852 4784 et
1891 4745 2054 4785 vene-

474 4826 734 4892 randum,
786 4828 879 4883 sed
917 4828 1079 4880 etiam
1134 4825 1277 4894 quod
1329 4837 1471 4879 esset
1531 4840 1712 4887 unum,
1759 4833 1813 4878 et
1865 4839 2053 4878 omnes

477 4919 876 4986 pulchritudine
911 4917 1203 4971 attralteret
1237 4935 1250 4974 :
1284 4931 1406 4970 nam
1436 4932 1463 4967 a
1491 4916 1680 4968 linibns
1732 4924 1884 4968 terra:
1928 4916 2052 4968 illuc

477 5006 798 5071 veniebant,
832 5010 945 5063 sive
973 5023 1002 5060 a
1037 5007 1327 5078 Babylone,
1377 5006 1489 5059 sive
1541 5006 1607 5058 ab
1648 5003 1940 5074 Aitliiopia.
1985 5005 2054 5058 Et

477 5096 578 5151 hoc
608 5096 916 5162 signiﬁcans
943 5098 1115 5152 Lucas
1144 5097 1353 5152 dicebat
1381 5098 1430 5149 in
1455 5097 1672 5150 Actibus
1706 5113 1718 5148 :
1766 5095 1924 5148 Erunt
1945 5097 2052 5149 illic

477 5188 752 5240 habitantes
789 5185 969 5239 Parthi
998 5198 1041 5240 et
1073 5188 1210 5240 Metti
1256 5198 1301 5240 et
1336 5187 1586 5251 Elamita',
1635 5198 1682 5238 et
1711 5188 1795 5256 qui
1827 5187 2051 5238 habitant

476 5277 920 5346 .IlesOpotamiam,
961 5275 1196 5330 Judwam
1230 5289 1274 5330 et
1303 5277 1675 5347 Cappadociam
1701 5319 1716 5342 ,
1756 5275 1976 5330 Pontum
2003 5287 2050 5330 et

475 5371 666 5435 Asiam,
702 5366 978 5439 Phrygiam
1005 5377 1050 5418 et
1080 5365 1458 5438 Pamphyliam,
1499 5365 1783 5436 {Egyptum
1806 5378 1854 5419 et
1883 5379 2049 5436 partes

476 5460 648 5530 Libya:
672 5475 784 5529 quis
829 5470 900 5512 est
946 5457 1081 5510 circa
1121 5456 1344 5525 Cyrenen
1393 5458 1528 5526 (Act.
1559 5457 1613 5510 2.
1661 5457 1737 5525 5).
1779 5457 1876 5523 Qui
1921 5473 2048 5528 ergo

475 5559 628 5602 erant
657 5550 707 5602 in
742 5559 851 5603 toto
900 5548 1032 5602 orbe
1064 5557 1242 5611 terrm,
1276 5547 1399 5602 illuc
1419 5558 1799 5613 convenerant,
1830 5561 1882 5601 et
1910 5557 2046 5602 tem-

479 5640 546 5708 pli
579 5640 804 5695 multum
829 5651 943 5696 erat
969 5655 1181 5696 nomen.
1207 5637 1341 5706 Quid
1370 5652 1497 5708 ergo
1522 5637 1645 5696 facit
1677 5639 1909 5694 Paulus?
1931 5639 2046 5694 Sic-

2150 2658 2205 2698 ut
2280 2647 2329 2698 in
2383 2643 2679 2708 sacriﬁciis,
2720 2642 2790 2695 ita
2845 2641 2932 2694 hic
2992 2653 3202 2709 quoque
3245 2653 3259 2689 :
3307 2637 3439 2691 sicut
3496 2635 3604 2688 illic
3650 2649 3716 2688 ex

2147 2739 2373 2791 adverso
2441 2732 2825 2789 sacriﬁciorum
2859 2734 3038 2801 posuit
3091 2739 3312 2782 mortem
3365 2727 3598 2790 Christi,
3644 2727 3715 2776 ita

2147 2830 2233 2884 hic
2278 2842 2491 2898 quoque
2545 2834 2713 2878 totum
2763 2824 2951 2877 caelum
3002 2837 3065 2876 ex
3114 2821 3339 2874 adverso
3395 2817 3571 2884 templi
3622 2832 3720 2882 po-
3765 2840 3779 2852 ο

2149 2923 2247 2974 nit.
2305 2917 2414 2972 Nec
2477 2915 2616 2969 hanc
2672 2913 2842 2966 solam
2899 2911 3134 2964 ostendit
3181 2909 3564 2968 differentiam,
3621 2906 3716 2959 sed

2146 3013 2305 3065 etiam
2349 3006 2488 3077 quod
2536 3004 2792 3074 adjecerit
2833 2999 3164 3056 sacerdotem
3209 2998 3400 3052 factum
3451 3012 3570 3050 esse
3613 2997 3720 3049 Deo

2147 3101 2580 3172 propiuquiorem
2637 3113 2650 3148 :
2709 3094 2839 3148 dicit
2905 3092 3080 3156 enim,
3141 3089 3209 3144 Ut
3258 3098 3504 3158 appareat
3561 3086 3718 3139 vultui

2147 3194 2262 3248 Dei.
2291 3191 2434 3245 Fecit
2462 3192 2637 3259 itaque
2666 3202 2779 3242 rem
2810 3186 3138 3254 praeclaram,
3169 3197 3273 3236 non
3304 3183 3472 3234 solum
3502 3192 3721 3250 prepter

2135 3273 2343 3333 caelum,
2365 3269 2457 3324 sed
2480 3271 2638 3323 etiam
2679 3278 2893 3336 propter
2919 3267 3211 3320 introitum.
3245 3265 3357 3318 Non
3382 3267 3550 3318 solum
3577 3267 3715 3317 enim

2139 3362 2226 3416 hic
2279 3376 2370 3429 per
2418 3359 2679 3428 symbola,
2730 3356 2824 3411 sed
2863 3357 3034 3426 ipsum
3091 3356 3254 3410 Dcmn
3288 3355 3397 3410 illic
3434 3355 3595 3409 videt.
3631 3355 3719 3407 Vi-

2138 3451 2234 3504 des
2280 3448 2444 3519 quod,
2487 3457 2544 3500 ut
2589 3461 2646 3500 se
2687 3445 2932 3499 demittat
2979 3456 3034 3497 et
3081 3443 3487 3508 accommodet,
3519 3445 3717 3513 ubique

2140 3539 2360 3595 humilia
2416 3538 2555 3590 dicta
2600 3536 2743 3590 sint?
2786 3534 2925 3601 Quid
2974 3551 3106 3589 vero
3159 3535 3270 3604 jam
3323 3534 3535 3588 miraris
3575 3532 3716 3600 quod

2145 3630 2472 3693 intercedat,
2525 3645 2646 3682 cum
2693 3631 2872 3698 ipsum
2920 3639 3115 3682 statuat
3166 3639 3433 3696 tamquam
3503 3627 3717 3696 pontifi-

2140 3721 2295 3777 cem?
2349 3719 2526 3791 Neque
2565 3731 2618 3772 ut
2657 3735 2789 3788 sape
2822 3717 3000 3784 offerat
3026 3721 3266 3788 seipsum,
3298 3718 3720 3789 quemadmodum

2143 3813 2370 3884 pontifex
2397 3813 2551 3864 intrat
2576 3811 2626 3862 in
2647 3820 2822 3863 sancta
2848 3827 2937 3878 per
2960 3810 3186 3880 singulos
3211 3826 3368 3862 annos
3400 3809 3452 3861 in
3475 3808 3721 3876 sanguine

2141 3904 2326 3957 alieno.
2360 3900 2481 3954 Non
2530 3901 2661 3954 enim
2689 3902 2742 3953 in
2784 3904 3074 3968 manufacta
3099 3911 3274 3953 sancta
3297 3901 3444 3952 Jesus
3493 3899 3719 3963 introiit,
3807 3912 3812 3922 '

2143 3996 2450 4066 exemplaria
2484 4010 2730 4048 verorum.
2767 3993 2857 4046 Illa
2898 4008 3024 4063 ergo
3073 4001 3197 4046 sunt
3233 4008 3377 4056 vera,
3432 3992 3545 4046 ba'c
3595 4007 3722 4046 vero

2149 4089 2255 4158 typi
2293 4105 2306 4138 :
2343 4086 2596 4153 templum
2625 4086 2765 4137 enim
2799 4085 2868 4136 ita
2897 4094 3012 4138 erat
3037 4093 3420 4145 constructum,
3450 4093 3509 4136 ut
3532 4082 3724 4136 etclam

2147 4178 2283 4232 caeli.
2315 4176 2451 4243 Quid
2483 4175 2659 4228 dicis?
2694 4175 2794 4228 nisi
2846 4175 3035 4228 caelum
3085 4175 3244 4228 fuerit
3284 4176 3573 4243 ingressus,
3619 4189 3723 4226 non

2149 4278 2367 4337 apparet
2409 4266 2498 4334 qui
2546 4266 2698 4318 adest
2744 4265 2938 4334 ubique
2964 4275 3020 4319 et
3072 4265 3256 4334 implet
3300 4265 3519 4317 onmia?
3565 4263 3727 4316 Vides

2149 4358 2288 4428 quod
2325 4357 2439 4410 hare
2463 4359 2641 4410 omnia
2692 4356 2800 4410 sint
2843 4357 3064 4410 carnis?
3107 4355 3176 4410 Ut
3221 4367 3482 4425 appareat,
3532 4356 3721 4425 inquit,

2150 4448 2308 4502 vultui
2331 4446 2429 4500 Dei
2465 4465 2556 4516 pro
2599 4446 2758 4500 nobis.
2801 4447 2936 4513 Quid
2974 4457 3075 4510 est,
3107 4446 3214 4500 Pro
3241 4448 3425 4500 nobis?
3451 4447 3725 4507 Ascendit,

2151 4539 2358 4608 inquit,
2389 4553 2507 4592 cum
2558 4537 2823 4591 sacriﬁcio
2849 4539 2991 4607 quod
3021 4547 3198 4606 potest
3239 4539 3448 4608 placare
3492 4538 3725 4591 Patrem.

2150 4629 2259 4683 Cur
2281 4643 2426 4693 vero,
2460 4627 2547 4682 die
2569 4629 2695 4684 mihi
2714 4629 2736 4681 ?
2758 4629 2872 4698 ipse
2900 4638 3016 4684 erat
3042 4629 3290 4684 inimicus
3319 4630 3342 4683 Ἰ
3370 4629 3555 4698 Angcli
3576 4638 3731 4682 erant

2153 4721 2386 4786 inimici,
2444 4723 2558 4791 ipse
2606 4736 2709 4774 non
2761 4729 2876 4775 erat
2922 4721 3169 4775 inimicus
3217 4738 3230 4772 :
3272 4735 3392 4773 nam
3441 4719 3582 4790 quod
3625 4735 3726 4774 an-

2150 4815 2253 4883 geli
2301 4812 2497 4867 fuerint
2547 4812 2769 4880 inimici,
2824 4813 2945 4868 audi
2999 4813 3124 4879 quid
3172 4812 3314 4867 dicat
3366 4830 3379 4866 :
3432 4813 3731 4880 Paciﬁcavit

2151 4921 2263 4974 qua:
2292 4913 2410 4958 sunt
2435 4905 2486 4956 in
2519 4915 2652 4957 terra
2697 4914 2742 4957 et
2776 4919 2889 4971 qua:
2911 4914 3026 4958 sunt
3075 4905 3129 4956 in
3173 4905 3309 4957 cazlis
3357 4904 3492 4976 (Col.
3535 4906 3583 4958 1.
3608 4903 3726 4972 ΞΟ).

2153 4999 2318 5053 Recte
2346 5013 2473 5068 ergo
2501 4998 2646 5059 dicit,
2677 4995 2742 5049 In
2763 4997 2941 5050 caelum
2961 4997 3216 5066 ingressus
3237 5008 3328 5060 est,
3354 5008 3408 5052 ut
3434 4999 3590 5051 vultui
3631 4996 3732 5051 Dei

2153 5105 2285 5142 nunc
2313 5099 2557 5157 appareat
2586 5104 2677 5158 pro
2705 5088 2867 5141 nobis.
2900 5087 3050 5141 Nunc
3081 5098 3324 5156 apparet,
3369 5090 3465 5143 sed
3508 5104 3605 5158 pro
3632 5106 3728 5144 no-

2154 5180 2254 5232 bis.
2293 5177 2467 5247 Neque
2495 5189 2548 5230 ut
2578 5194 2710 5247 stupe
2729 5176 2909 5244 offerat
2933 5179 3277 5248 semetipsum,
3309 5180 3733 5248 quemadmodum

2156 5268 2382 5340 pontifex
2409 5269 2563 5321 intrat
2597 5269 2648 5321 in
2673 5280 2849 5322 sancta
2870 5277 3158 5322 sanctorum
3194 5288 3282 5340 per
3318 5272 3543 5341 singulos
3571 5291 3733 5327 annos

2154 5363 2206 5414 in
2230 5362 2472 5431 sanguine
2499 5362 2684 5415 alieno.
2719 5361 2876 5417 Vides
2905 5377 3063 5433 quam
3096 5364 3274 5417 multa:
3318 5376 3442 5418 sunt
3481 5365 3734 5422 differen-

2156 5455 2264 5509 tite.
2309 5455 2490 5509 Semel
2535 5454 2716 5510 differt
2743 5472 2770 5507 a
2805 5471 2977 5526 saepe;
3007 5457 3148 5527 quod
3194 5457 3247 5512 in
3279 5459 3540 5528 sanguine
3572 5463 3734 5514 intra-

2157 5547 2291 5600 verit
2315 5547 2549 5616 proprio.
2573 5547 2748 5601 differt
2784 5549 2852 5600 ab
2880 5549 3122 5616 ingressu
3152 5549 3202 5602 itt
3235 5550 3428 5604 alieno.
3464 5551 3580 5620 Ipse
3607 5568 3734 5620 ergo

2158 5647 2314 5692 estet
2342 5636 2686 5705 sacriﬁcium,
2720 5644 2775 5692 ct
2799 5639 3075 5704 sacerdos,
3108 5649 3162 5693 et
3183 5640 3379 5696 hostia.
3399 5641 3532 5695 Nam
3567 5645 3609 5697 si
3635 5643 3736 5699 hoc
