4082 6212
391 306 486 369 ίΞῖ

389 424 507 480 οὐδὲ
531 423 739 478 τούτων
766 426 877 480 τῶν
899 425 1165 499 οὐρανῶν,
1194 429 1331 482 ἀλλά
1370 428 1464 482 καὶ
1489 427 1542 481 εῖ
1584 444 1733 491 τινες
1780 428 1962 499 ἕτεροι

389 504 562 579 inv;
599 505 750 570 Εἶδες
775 506 908 579 ὕψος
950 509 1226 577 διανοίας;
1269 506 1404 575 εἶδες
1437 512 1466 563 6
1504 511 1823 582 σκηνοποιδς
1853 505 1964 573 οἷος

392 591 603 661 ἐγένετο
635 592 824 663 ἐπειδὴ
852 592 1140 664 ἠθέλησεν,
1169 594 1199 646 6
1244 594 1330 647 ἐπ’
1382 595 1590 665 ἀγορᾶς
1624 595 1713 647 τὸν
1752 595 1967 647 ἅπαντα

394 675 506 745 βίον
544 674 858 743 διαγαγὼν;
902 676 1069 730 Οὐδὲν
1106 676 1216 748 γάρ
1251 678 1370 729 ἐστι
1403 676 1650 748 κώλυμα,
1678 678 1776 731 οῦκ
1828 675 1963 739 ἔστι,

394 757 598 820 πάντας
642 756 1067 826 ὑπερϐαλέσθαι,
1106 760 1158 813 εῖ
1175 776 1237 828 γε
1272 758 1617 829 βουλοίμεθα.
1643 761 1706 812 Et
1730 758 1838 830 γὰρ
1874 759 1966 812 τέ-

393 857 523 911 χνας
540 837 683 892 οὕτω
703 838 1075 911 κατορθοῦμεν
1100 840 1535 912 ὑπερϐαινούσας
1572 843 1699 903 τοὺς
1718 841 1964 907 πολλοὺς,

394 922 572 992 πολλῷ
608 921 808 992 μᾶλλον
835 921 864 975 6
906 922 983 992 μὴ
1022 922 1279 977 τοσούτου
1312 924 1481 976 δεῖται
1515 924 1699 978 πόνου.
1729 923 1795 976 Τί
1835 924 1965 993 γὰρ,

395 1008 514 1058 εἰπέ
549 1022 660 1075 μοι,
695 1003 1075 1075 χαλεπώτερον
1126 1003 1220 1058 τοῦ
1258 1005 1348 1058 διὰ
1398 1006 1611 1075 σχοίνου
1668 1007 1968 1075 τεταμένης

396 1088 652 1159 βαδίζειν,
692 1088 946 1159 καθάπερ
979 1090 1071 1140 ἐπὶ
1122 1088 1393 1151 ἰσοπέδου,
1425 1090 1521 1141 καὶ
1570 1087 1682 1142 ἄνω
1736 1104 1970 1159 περιπα-

393 1173 588 1227 τοῦντα
607 1168 935 1224 ὑποδύεσθαι
968 1171 1063 1224 καὶ
1090 1168 1422 1223 ἀποδύεσθαι
1457 1169 1710 1240 καθάπερ
1741 1172 1832 1222 ἐπὶ
1854 1170 1971 1222 κλί-

393 1273 491 1327 νης
545 1255 895 1324 καθήμενον;
926 1255 1048 1324 οὐχὶ
1095 1253 1237 1306 οὕτω
1269 1251 1498 1323 φρικτὸν
1543 1253 1673 1323 ἡμῖν
1726 1248 1865 1306 εἶναι
1907 1251 1970 1305 τὸ

394 1339 628 1408 πρᾶγμα
652 1336 817 1401 δοκεῖ,
843 1336 920 1399 ὡς
946 1336 1083 1407 μηδὲ
1103 1336 1279 1389 θέλειν
1305 1334 1624 1399 θεάσασθαι,
1651 1333 1786 1387 ἀλλά
1810 1333 1973 1388 δεδοι-

396 1421 572 1485 κέναι,
607 1420 704 1472 καὶ
727 1418 972 1489 τρέμειν,
992 1420 1086 1472 καὶ
1118 1419 1255 1490 πρὸς
1288 1418 1386 1489 τὴν
1415 1416 1537 1488 ὄψιν
1567 1418 1776 1488 αὐτήν;
1804 1417 1868 1469 Τί
1890 1417 1970 1484 δὲ,

396 1504 518 1557 εἰπέ
535 1520 644 1573 μοι,
659 1503 1034 1574 χαλεπώτερον
1049 1500 1143 1555 τοῦ
1160 1501 1348 1554 κοντδν
1363 1502 1452 1553 ἐπὶ
1467 1498 1561 1552 τοῦ
1581 1499 1871 1570 προσώπου
1883 1497 1974 1550 λα-

397 1584 533 1651 ϐεῖν,
551 1582 671 1639 εἶτα
691 1585 945 1641 ἐπιθέντα
958 1587 1068 1640 ἀνω
1087 1584 1295 1638 παιδίον
1309 1584 1480 1655 μυρία
1497 1586 1692 1645 ποιεῖν,
1710 1580 1862 1654 [165]
1876 1581 1971 1634 καὶ

396 1669 621 1741 τέρπειν
650 1671 773 1733 τοῦς
796 1669 1019 1731 θεατάςς
1044 1666 1097 1721 τί
1124 1668 1180 1721 δὲ
1201 1666 1577 1738 χαλεπώτερον
1618 1665 1713 1718 τοῦ
1754 1665 1972 1736 σφαιρί-

397 1753 512 1818 ζειν
537 1756 595 1807 ὲν
617 1753 827 1822 ξίφεσι;
854 1753 904 1806 τί
939 1752 996 1804 δὲ
1025 1749 1343 1823 βαρύτερον,
1368 1751 1491 1803 είπέ
1519 1768 1630 1820 μοι,
1669 1749 1764 1802 τοῦ
1786 1749 1847 1802 τὸ
1873 1748 1970 1819 βά-

397 1838 492 1902 θος
511 1837 603 1891 τοῦ
635 1837 901 1904 πελάγους
946 1834 1326 1905 διερευνᾶσθαι
1355 1876 1370 1897 ,
1402 1834 1510 1887 Καὶ
1548 1834 1748 1903 μυρίας
1778 1833 1971 1902 ἐτέρας
2000 1867 2005 1870 ρ

398 1921 466 1973 ἄν
502 1937 587 1981 τις
621 1920 734 1991 ἔχοι
769 1920 963 1988 τέχνας
985 1917 1158 1970 εἰπεῖν
1182 1933 1196 1946 ·
1227 1916 1365 1970 ἀλλὰ
1386 1917 1604 1969 πάντων
1636 1914 1840 1968 τούτων
1880 1915 1973 1967 εύ-

401 2003 674 2074 κολωτέρα
702 2004 735 2073 ἡ
790 2001 977 2073 ἀρετὴ,
1011 2000 1105 2051 ἐὰν
1143 1998 1408 2069 θέλωμεν,
1436 1997 1530 2051 καὶ
1558 1997 1718 2060 τὸείς
1757 1997 1847 2049 τὸν
1885 1997 1975 2049 ού-

398 2087 562 2156 ρανδν
589 2086 851 2157 ἀναϐῆναι
884 2102 898 2116 ο
929 2082 1155 2151 θελῆσαι
1180 2082 1289 2151 γὰρ
1316 2081 1397 2133 δεῖ
1417 2081 1576 2151 μόνον
1595 2079 1849 2144 ἐνταῦθα,
1881 2080 1977 2134 καὶ

399 2169 577 2221 πάντα
630 2168 840 2221 ἕπεται.
918 2166 1030 2218 Οὐκ
1068 2163 1182 2217 ἔστι
1230 2162 1341 2234 γὰρ
1373 2164 1567 2228 εἰπεῖν,
1609 2163 1670 2215 ού
1693 2162 1965 2232 δύναμαι·

394 2250 555 2304 τοῦτο
581 2251 689 2320 γάρ
710 2247 1083 2319 κατηγορῆσαί
1114 2249 1227 2300 ἐστι
1248 2244 1344 2300 τοῦ
1370 2245 1713 2316 Δημιουργοῦ
1734 2262 1748 2276 ·
1783 2247 1832 2297 εί
1860 2244 1969 2316 γὰρ

397 2332 687 2394 ἀδυνάτους
711 2334 858 2402 ἡμᾶς
882 2331 1154 2399 ἐποίησεν,
1187 2326 1305 2383 εἶτα
1334 2329 1631 2394 ἐπιτάττει,
1668 2329 1970 2399 κατηγορία

398 2415 568 2468 αὐτοῦ
622 2417 756 2468 ἐστι.
818 2412 943 2475 Πῶς
967 2409 1081 2475 οῦν,
1135 2413 1288 2481 φησὶ,
1340 2411 1524 2465 πολλοὶ⁵
1572 2411 1634 2464 οὗ
1682 2410 1968 2476 δύνανται;

404 2499 532 2550 Ὀτι
574 2497 633 2550 οὗ
671 2497 897 2550 θέλουσι.
960 2495 1131 2548 Πόθεν
1176 2494 1234 2547 δὲ
1268 2495 1329 2547 ού
1387 2493 1667 2559 θέλουσιν;
1713 2493 1848 2546 Ἀπὸ
1873 2494 1973 2563 ρᾳ-

401 2579 609 2648 θυμίας
638 2597 652 2610 ο
678 2577 813 2631 ὥστε
843 2580 890 2630 εί
919 2577 1226 2648 θελήσουσι,
1261 2576 1480 2639 πάντως
1505 2575 1841 2645 δυνήσονται.
1876 2574 1975 2628 Διά

400 2660 564 2714 τοῦτο
590 2662 683 2714 καὶ
705 2660 734 2712 6
753 2660 959 2724 Παῦλός
991 2675 1123 2729 φησι
1146 2673 1162 2689 ⁸
1196 2656 1356 2712 Θέλω
1373 2657 1601 2721 πάντας
1626 2654 1975 2723 ἀνθρώπους

397 2744 550 2797 εἶναι
572 2744 651 2809 ὡς
677 2743 772 2797 καί
793 2742 1076 2813 ἐμαυτὸν,
1119 2739 1309 2811 ἐπειδὴ
1356 2739 1472 2810 ᾔδει
1508 2739 1590 2792 δτι
1624 2739 1820 2801 πάντες
1846 2738 1975 2808 ἡδύ-

1248 307 1314 365 IN
1349 305 1561 366 EPIST.
1597 309 1688 364 AD
1718 307 2061 365 HEBREOS
2094 305 2244 362 CAP.
2284 305 2376 361 IX.
2401 304 2632 362 HOML.
2659 303 2823 362 XVII.

3545 309 3643 365 {28

2063 442 2221 479 ναντο
2252 419 2388 478 εἶναι
2440 423 2517 487 ὡς
2541 426 2633 479 καὶ
2683 424 2845 489 αὑτός
2871 441 2885 455 ”
2916 424 3038 478 οὐδὲ
3065 424 3174 495 γὰρ
3208 424 3296 489 ἂν,
3343 426 3398 479 cl
3418 442 3480 495 γε
3510 427 3640 481 ἀδύ-

2063 522 2218 561 νατον
2244 502 2332 577 ἦν,
2357 505 2515 560 τοῦτο
2540 503 2680 561 εἷπε.
2730 507 2920 571 Θέλεις
2947 508 3200 576 γενέσθαι
3225 508 3511 579 ἐνάρετος
3545 513 3640 581 τῆς

2063 589 2237 659 ἀρχῆς
2262 589 2521 642 ἐπιλαϐοῦ
2552 590 2730 660 μόνον.
2781 590 2914 643 Εἰπὲ
2940 591 3004 662 δή
3040 608 3148 661 μοι,
3182 593 3239 644 ὲν
3279 592 3398 653 ταῖς
3427 584 3642 660 τέχναις

2064 672 2324 735 άπάσαις,
2350 671 2478 726 ὅταν
2517 673 2765 744 θέλωμεν
2803 675 2860 726 ὲν
2891 675 3081 737 αὑταῖς
3120 671 3394 742 γενέσθαι,
3438 671 3640 742 ἀρκού-

2069 755 2207 826 μεθα
2248 755 2327 826 τῷ
2353 756 2547 821 θέλειν,
2579 758 2612 827 ἢ
2642 758 2736 810 καὶ
2783 758 3068 827 ἁπτόμεθα
3104 757 3215 810 τῶν
3262 756 3642 828 πραγμάτων;

2066 831 2191 891 οἷόν
2242 855 2295 891 τι
2319 837 2490 906 λέγω’
2537 838 2797 892 Βούλεταί
2824 856 2907 903 τις
2952 838 3208 907 γενέσθαι
3260 838 3638 909 κυϐερνήτης·

2066 919 2127 972 οὐ
2179 920 2348 989 λέγει,
2386 920 2557 987 Θέλω,
2606 921 2700 975 καὶ
2728 921 2901 992 τούτῳ
2954 922 3228 993 ἀρκεῖται,
3277 921 3525 974 ἀλλὰκαὶ
3547 919 3642 973 τοῦ

2068 1002 2393 1071 πράγματος
2431 1003 2681 1057 ἅπτεται.
2748 1004 2904 1057 Θέλει
2953 1003 3206 1072 γενέσθαι
3264 1003 3536 1073 ἔμπορος·
3579 1000 3642 1053 ού

2066 1082 2234 1152 λέγει,
2252 1085 2421 1149 Θέλω,
2451 1085 2628 1155 μόνον,
2653 1085 2791 1138 ἀλλὰ
2810 1088 2903 1139 καὶ
2925 1084 3018 1139 τοῦ
3041 1085 3365 1157 πράγματος
3390 1085 3640 1138 ἀπτεται.

2081 1166 2453 1239 ’Δποδημῆσαι
2483 1167 2644 1222 πάλιν
2686 1169 2850 1234 θέλει,
2903 1170 2997 1222 καὶ
3025 1169 3085 1221 οῦ
3128 1169 3298 1237 λέγει,
3326 1167 3484 1232 θέλω,
3510 1166 3645 1220 ἀλλά

2069 1250 2163 1303 καὶ
2192 1249 2284 1303 τοῦ
2322 1250 2644 1320 πράγματος
2688 1250 2940 1305 ἅπτεται.
3018 1248 3154 1304 Εἶτα
3202 1255 3261 1303 έν
3316 1250 3482 1303 πᾶσιν
3545 1248 3647 1301 οὐκ

2068 1335 2231 1405 ἀρκεῖ
2279 1334 2340 1386 τὸ
2373 1333 2596 1403 θελῆσαι
2621 1334 2799 1405 μόνον,
2835 1335 2971 1389 ἀλλά
2995 1334 3091 1389 καὶ
3112 1335 3173 1387 τὸ
3202 1335 3359 1404 ἔργον
3390 1332 3646 1404 προσθεῖ·

2069 1433 2157 1469 ναι
2217 1414 2299 1468 δεῖ
2325 1431 2339 1444 ⁸
2390 1417 2470 1478 είς
2516 1415 2573 1468 δὲ
2624 1416 2715 1469 τὸν
2737 1418 2964 1487 οὐρανὸν
3022 1415 3340 1487 βουλόμενος
3378 1414 3644 1476 ἀνελθεῖν,

2070 1498 2268 1566 λέγεις,
2311 1497 2482 1563 Θέλω,
2519 1498 2699 1568 μόνον;
2732 1499 2856 1562 Πῶς
2885 1496 2998 1566 οὖν,
3030 1501 3216 1571 φησὶν,
3241 1500 3444 1565 ἔλεγες,
3474 1500 3556 1552 ὅτι
3584 1497 3647 1552 τὸ

2072 1581 2246 1636 θέλειν
2270 1582 2456 1651 ἀρκεῖ;
2497 1582 2570 1633 Τὸ
2595 1582 2770 1635 θέλειν
2788 1583 2925 1652 μετὰ
2942 1583 3053 1636 τῶν
3077 1582 3271 1654 ἔργων,
3299 1583 3359 1635 τὸ
3384 1580 3645 1648 ἀντιλαμ-

2072 1663 2366 1735 ϐανόμενον
2390 1661 2486 1715 τοῦ
2530 1664 2872 1735 πράγματος,
2923 1665 2982 1719 τὸ
3030 1666 3354 1719 πονέσαντα.
3409 1664 3648 1734 Ἐχομεν

2068 1747 2177 1817 γὰρ
2209 1743 2569 1816 συνεργοῦντα
2591 1748 2685 1800 καὶ
2717 1736 3139 1818 συμπράττοντα
3160 1747 3251 1799 τὸν
3288 1747 3419 1799 Θεόν
3441 1764 3455 1777 ο
3488 1747 3648 1815 μόνον

2070 1829 2341 1900 ἑλώμεθα,
2375 1832 2531 1901 μόνον
2579 1832 2654 1893 ὼς
2679 1830 2825 1901 ἔργῳ
2855 1831 3299 1901 προσενεχθῶμεν
3340 1828 3421 1897 τῷ
3472 1828 3649 1900 πράγ-

2074 1929 2227 1983 ματι,
2275 1912 2432 1981 μόνον
2476 1913 2924 1983 μεριμνήσωμεν,
2986 1914 3168 1983 μόνον,
3210 1914 3289 1973 εἰς
3317 1912 3439 1963 νοῦν
3473 1909 3647 1981 βαλὼ-

2074 1993 2237 2067 μεθα,
2288 1996 2382 2047 καὶ
2430 1996 2605 2047 πάντα
2633 1994 2844 2048 ἕπεται.
2906 1995 3032 2048 Ἐὰν
3069 1994 3124 2047 δὲ
3150 1992 3520 2062 καθεύδωμεν,
3558 1991 3649 2044 καὶ

2074 2077 2358 2148 ρἐχοντες
2418 2076 2807 2146 προσδοκῶμεν
2855 2077 3080 2129 εἰσιέναι
3130 2078 3210 2138 είς
3257 2075 3347 2127 τὸν
3398 2074 3645 2144 οὐρανὸν,

2074 2160 2206 2213 πότε
2265 2160 2603 2229 δυνησόμεθα
2665 2160 2764 2230 τὴν
2815 2158 3179 2230 κληρονομίαν
3248 2158 3357 2211 τῶν
3405 2156 3650 2227 οὐρανῶν

2074 2245 2402 2314 κατασχεῖν;
2473 2240 2834 2313 Βουληθῶμεν
2887 2239 3015 2308 οῦν,
3076 2242 3414 2315 παρακαλῶ,
3465 2239 3652 2311 βουλη·

2075 2326 2277 2396 θῶμεν.
2354 2328 2421 2379 Τί
2468 2327 2646 2380 πάντα
2695 2326 2830 2397 πρὸς
2875 2326 2969 2379 τὸν
3032 2326 3273 2396 παρόντα
3323 2324 3436 2394 βίον
3481 2325 3650 2393 ὲμπο-

2080 2408 2372 2479 ρευόμεθα,
2417 2409 2476 2462 δν
2530 2407 2719 2480 αῦριον
2749 2408 3150 2478 ἀπολείψομενς
3222 2405 3498 2476 Ἑλώμεθα
3540 2404 3653 2458 τοί-

2080 2509 2174 2546 νυν
2200 2492 2298 2561 τὴν
2321 2489 2521 2562 ἀρετὴν
2560 2491 2658 2561 τὴν
2711 2491 2791 2553 είς
2837 2491 2930 2543 τὸν
2986 2490 3161 2544 πάντα
3193 2490 3367 2543 αίῶνα
3404 2490 3535 2559 ἡμῖν
3568 2486 3650 2538 δι-

2078 2574 2416 2644 αρκέσουσαν
2430 2591 2444 2605 ·
2469 2575 2526 2627 ὲν
2546 2566 2591 2640 ᾧ
2617 2573 2854 2644 ἐσόμεθα
2879 2573 3159 2643 διηνεκῶς,
3178 2572 3395 2627 καὶτῶν
3420 2569 3651 2624 αἰωνίων

2078 2655 2300 2723 ἀγαθῶν
2352 2656 2734 2726 ἀπολαύσομεν
2767 2674 2783 2689 ο
2835 2649 2909 2709 ῶν
2981 2656 3193 2722 γένοιτο
3247 2656 3458 2717 πάντας
3504 2652 3650 2725 ἡμᾶς

2080 2740 2374 2809 ἐπιτυχεῖν,
2405 2740 2586 2810 χάριτι
2607 2740 2700 2792 καὶ
2721 2737 3119 2810 φιλανθρωπίᾳ,
3147 2739 3242 2793 καὶ
3271 2740 3340 2791 τὰ
3360 2738 3509 2808 ἑξῆς.

1772 2872 2172 2885 Ψ*

1721 2989 1871 3063 μοι]
1913 2991 2155 3044 OMIAIA
2207 2990 2301 3043 IZ'.

398 3087 489 3139 οὐ
547 3083 656 3154 γὰρ
704 3086 792 3151 εἷς
840 3086 1219 3156 χεφοποίητα
1271 3086 1408 3156 ἅγια
1471 3084 1810 3154 εὶσῆλθενό
1840 3087 1970 3153 Χρι-

471 3157 638 3219 στὸς,
683 3156 982 3209 ἀντίτυπα
1023 3155 1142 3208 τῶν
1188 3156 1509 3223 ἀληθινῶν,
1555 3157 1692 3210 ἀλλ’
1740 3157 1828 3220 είς
1866 3156 1972 3206 αὺ-

466 3225 575 3295 τὸν
597 3224 707 3277 τὸν
730 3224 995 3295 οὐρανὸν
1013 3264 1029 3287 ,
1060 3224 1178 3279 νῦν
1209 3224 1648 3295 ἐμφανισθῆναι
1668 3225 1767 3289 -τῷ
1792 3239 1974 3291 προσ-

470 3294 609 3358 ώπῳ
649 3293 755 3346 τοῦ
812 3294 962 3347 Θεοῦ
986 3295 1136 3361 ὑπὲρ
1156 3293 1327 3363 ἡμῶν
1351 3311 1365 3325 ³
1401 3295 1529 3347 οὐδ’
1553 3295 1651 3347 ἵνα
1675 3295 1973 3357 πολλάκις

468 3364 779 3431 προσφέρῃ
806 3364 1043 3427 ἑαυτὸν,
1078 3363 1280 3433 ὥσπερ
1317 3366 1350 3417 ό
1377 3364 1683 3432 ἀρχιερεὺς
1715 3366 1974 3433 εἰσέρχε-

471 3451 568 3487 ται
595 3435 683 3496 είς
726 3434 798 3503 τὰ
838 3433 1001 3500 Ἅγια
1046 3432 1164 3487 τῶν
1197 3432 1382 3503 ἁγίων
1417 3433 1544 3486 κατ’
1587 3432 1874 3503 ἐνιαυτὸν,
1906 3432 1976 3484 ἐν

466 3504 667 3571 αἵματι
706 3499 1002 3570 ἀλλοτρίῳ
1039 3519 1052 3534 ο
1099 3499 1390 3557 ἐπείὲὃει
1445 3503 1632 3555 αὑτὸν
1678 3499 1975 3571 πολλάκις

468 3569 681 3626 παθεῖν
730 3572 850 3623 ἀπὸ
892 3569 1229 3639 καταϐολῆς
1257 3574 1488 3639 κόσμου
1514 3589 1528 3602 ο
1566 3571 1790 3624 νυνὶδὲ
1815 3569 1975 3633 ἅπαξ

468 3641 569 3693 ἐπὶ
594 3642 911 3707 συντελείᾳ
939 3640 1056 3693 τῶν
1093 3641 1323 3693 αἰώνων
1354 3643 1439 3705 εἰς
1482 3640 1768 3707 ἀθέτησιν
1793 3640 1977 3709 ἀμαρ-

472 3712 606 3774 τίας
632 3710 730 3765 διὰ
766 3709 877 3778 τῆς
900 3711 1119 3776 θυσίας
1138 3709 1326 3766 αὐτοῦ
1361 3711 1788 3778 πεφανέρωται.

471 3836 543 3889 α’.
566 3835 726 3903 Μέγα
752 3834 1012 3905 ἐφρόνουν
1047 3834 1096 3886 οί
1139 3833 1378 3887 Ἰουδαῖοι
1405 3835 1496 3888 ἐπὶ
1523 3833 1602 3905 τῷ
1636 3834 1749 3904 ναῷ
1784 3834 1878 3886 καὶ⁸
1910 3835 1974 3904 τῇ

398 3921 576 3990 σκηνῇ
609 3935 624 3947 ·
680 3917 761 3970 διὸ
812 3917 993 3983 ἔλεγον
1020 3932 1034 3946 ⁸
1092 3916 1253 3982 Ναὸς
1282 3916 1523 3983 Κυρίου,
1552 3917 1696 3981 ναὸς
1732 3915 1972 3981 Κυρίου.

397 4001 538 4055 Οὔτε
569 4001 677 4072 γάρ
706 3999 938 4069 ἀλλαχοῦ
972 3999 1077 4069 γῆς
1116 3999 1533 4069 κατεσκευάσθη
1564 3997 1801 4059 τοιοῦτος
1830 3997 1975 4061 ναὸς,

396 4086 459 4136 οὐ
486 4083 829 4145 πολυτελείας
853 4082 1060 4148 ἕνεκεν,
1086 4082 1147 4133 οὐ
1191 4081 1441 4147 κάλλους,
1476 4082 1575 4150 οὐχ
1598 4078 1792 4149 ’ἑτέρου
1813 4079 1974 4141 τινός.

408 4167 470 4220 '0
530 4165 642 4236 γάρ
688 4165 1080 4233 διαταξάμενος
1124 4163 1255 4225 Θεὸς
1308 4163 1593 4217 ἐκέλευσεν
1633 4163 1794 4214 αὑτὸν
1841 4161 1980 4231 μετά

398 4248 716 4318 φιλοτιμίας
760 4248 1012 4315 γενέσθαι
1059 4245 1282 4314 πολλῆς,
1329 4245 1517 4316 ἐπειδὴ
1570 4246 1812 4298 κάκεῖνοι
1867 4246 1979 4306 τοῖς

400 4333 735 4401 σωματικοῖς
762 4331 962 4400 μᾶλλον
993 4330 1303 4397 ἐφείλκοντο
1331 4331 1426 4383 καὶ
1455 4327 1791 4382 ἐπεσπῶντο.
1820 4326 1982 4379 Πλίν-

399 4417 528 4479 θους
581 4414 690 4483 γὰρ
718 4410 830 4482 εἶχε
879 4415 1085 4483 χρυσᾶς
1123 4415 1183 4467 ἐν
1239 4414 1352 4476 τοῖς
1397 4411 1600 4481 τοίχοις
1633 4427 1646 4440 ·
1678 4410 1775 4464 καὶ¹
1806 4409 1980 4473 ἔξεστι

398 4499 477 4568 τῷ
512 4497 828 4568 βουλομένῳ
859 4498 921 4549 ἐν
970 4499 1036 4567 τῇ
1066 4495 1293 4566 δευτέρᾳ
1318 4494 1429 4547 τῶν
1457 4493 1752 4547 Βασιλειῶν
1804 4493 1897 4546 καὶ
1924 4495 1982 4546 ὲν

398 4582 479 4652 τῷ
523 4579 782 4649 Ίεζεκιὴλ
833 4579 991 4632 τοῦτο
1056 4578 1427 4645 καταμαθεῖν,
1492 4575 1585 4628 καὶ
1635 4576 1737 4629 ὅσα
1777 4574 1979 4644 χρυσοῦ

394 4665 638 4719 τάλαντα
680 4660 928 4732 ἀνηλώθη
974 4662 1116 4715 τότε.
1184 4661 1329 4713 Ἡδὲ
1358 4659 1584 4731 δευτέρα
1623 4657 1982 4728 λαμπροτέρα

394 4750 623 4820 γέγονεν
640 4745 943 4817 οἰκοδομία,
964 4745 1060 4799 καὶ
1086 4744 1316 4807 κάλλους
1336 4744 1523 4796 ἕνεκεν
1560 4743 1654 4796 καὶ
1670 4741 1782 4794 τῶν
1805 4739 1981 4796 ἀλλων

394 4833 676 4886 ἁπάντων.
734 4831 845 4883 Καὶ
868 4831 927 4883 οὐ
954 4829 1135 4898 τούτῳ
1185 4828 1343 4900 μόνον
1371 4826 1567 4899 σεμνὸς
1602 4820 1693 4898 ἦν,
1724 4825 1859 4879 ἁλλά
1885 4825 1980 4878 καὶ

394 4915 474 4985 τῷ
494 4910 635 4967 εἶναι
664 4908 766 4975 εἷς,
813 4913 908 4966 καὶ
936 4911 1014 4983 τῷ
1045 4913 1252 4974 πάντας
1289 4911 1365 4981 τῷ
1397 4910 1585 4964 κάλλει
1622 4908 1944 4977 ἐφέλκεσθαι
1963 4923 1977 4936 ·

395 4997 509 5049 ἀπὸ
533 4995 644 5065 γὰρ
665 4995 774 5047 τῶν
804 4996 1056 5064 περάτων
1089 4995 1186 5064 τῆς
1211 4994 1313 5063 γῆς
1333 4995 1449 5046 ἐκεῖ
1478 4992 1726 5063 ἤρχοντο,
1748 4992 1857 5044 εἴτε
1873 4989 1982 5044 ἀπὸ

395 5078 737 5139 Βαϐυλῶνος,
794 5076 906 5127 εἴτε
943 5076 1053 5129 ἀπὸ
1102 5076 1405 5137 Αἰθιοπίας.
1467 5075 1578 5128 Καὶ
1624 5073 1782 5126 τοῦτο
1805 5072 1980 5142 δηλῶν

391 5165 424 5214 6
450 5162 662 5221 Λουκᾶς
690 5161 747 5211 έν
778 5162 898 5222 ταῖς
943 5159 1209 5229 Πράξεσιν
1249 5159 1434 5224 ἔλεγεν
1454 5173 1468 5187 ο
1519 5152 1714 5212 Ἦσαν
1748 5154 1817 5207 δὲ
1858 5154 1988 5208 ἐκεῖ

395 5242 820 5308 κατοικοῦντες
848 5242 1065 5309 Πάρθοι
1119 5242 1217 5295 καὶ
1269 5239 1464 5308 Μῆδοι
1490 5240 1589 5295 καί
1650 5238 1974 5307 Ἐλαμῖται,

399 5326 493 5380 καὶ
533 5328 586 5379 οἱ
630 5325 1048 5390 κατοικοῦντες
1102 5323 1218 5390 τὴν
1286 5322 1770 5390 Μεσοποταμίαν,
1830 5321 1978 5374 Ἰου-

396 5408 573 5463 δαίαν
621 5425 687 5461 τε
731 5408 829 5462 καὶ
878 5405 1328 5467 Καππαδοκίαν,
1368 5404 1599 5457 Πόντον
1639 5419 1705 5455 τε
1741 5401 1838 5455 καί
1865 5401 1980 5466 τὴν

408 5492 627 5554 Ἀσίαν,
677 5492 942 5561 Φρυγίαν
993 5507 1058 5543 τε
1108 5489 1207 5543 καὶ
1247 5487 1627 5556 Παμφυλίαν,
1672 5486 1977 5555 Αιγυπτον

395 5575 493 5627 καὶ
539 5574 612 5627 τὰ
646 5574 800 5644 μέρη
851 5573 961 5639 τῆς
986 5574 1209 5639 Λιϐύης
1253 5568 1361 5638 τῆς
1388 5569 1538 5623 κατὰ
1581 5569 1877 5636 Κυρήνην.
1908 5565 1972 5620 Οί

394 5655 487 5712 οὖν
517 5655 797 5725 πανταχοῦ
832 5655 930 5725 τῆς
979 5654 1299 5724 οἰκουμένης
1336 5651 1509 5714 ὄντες,
1539 5651 1656 5703 ἐκεῖ
1691 5650 1974 5720 συνῄεσαν,

397 5743 491 5795 καὶ
528 5738 663 5793 πολῦ
728 5739 787 5792 τὸ
826 5739 996 5808 ὄνομα
1034 5736 1128 5791 τοῦ
1168 5735 1295 5791 ναοῦ
1324 5730 1413 5805 ἦν.
1473 5734 1539 5787 Τί
1577 5729 1668 5787 οὖν
1697 5736 1725 5787 6
1768 5732 1975 5795 Παῦλος

2073 3088 2256 3144 ποιεῖς
2322 3085 2533 3148 ’Ὠσπερ
2589 3084 2683 3136 ἐπὶ
2723 3083 2830 3136 τῶν
2861 3083 3082 3146 θυσιῶν,
3128 3085 3270 3138 οὕτω
3297 3088 3389 3140 καὶ
3419 3088 3651 3143 ἐνταῦθα

2073 3168 2249 3219 ποιεῖ’
2268 3169 2341 3229 ῶς
2387 3165 2495 3237 γὰρ
2534 3168 2652 3219 ἐκεῖ
2685 3165 2776 3218 τὸν
2806 3165 3032 3220 θάνατον
3077 3168 3373 3238 ἀντέστησε
3398 3169 3490 3222 τοῦ
3517 3172 3653 3242 Χρι-

2076 3249 2222 3315 στοῦ,
2267 3250 2407 3303 οὕτω
2433 3250 2529 3303 καὶ
2572 3248 2804 3301 ἐνταῦθα
2829 3248 2921 3301 τὸν
2942 3250 3174 3319 οὐρανὸν
3202 3250 3322 3303 ὅλον
3372 3251 3652 3322 ἀνθίστησι

2073 3333 2151 3403 τῷ
2193 3333 2326 3404 ναῷ.
2390 3332 2465 3386 Ού
2507 3331 2679 3402 τούτῳ
2731 3330 2787 3385 δὲ
2840 3331 2998 3400 μόνον
3030 3330 3090 3384 τδ
3130 3331 3383 3402 διάφορον
3430 3333 3650 3398 ἔδειξεν,

2074 3414 2210 3470 ἀλλά
2252 3416 2345 3468 καὶ
2393 3412 2472 3484 τῷ
2522 3412 2837 3485 προσθεῖναι
2865 3414 2954 3465 τὸν
2986 3413 3137 3485 ἱερέα
3172 3414 3467 3486 ἐγγύτερον
3496 3416 3652 3484 γενό-

2078 3515 2237 3569 μενον
2258 3497 2351 3551 τοῦ
2388 3495 2522 3550 Θεοῦ
2545 3514 2559 3527 ·
2579 3493 3041 3565 Ἑμφανισθῆναι
3063 3495 3351 3567 γάρ,φησὶ,
3370 3496 3448 3563 τῷ
3468 3512 3653 3567 προσ-

2074 3582 2213 3645 ώπῳ
2258 3580 2363 3634 τοῦ
2417 3579 2582 3633 Θεοῦ.
2640 3580 2800 3633 ’Ὥστε
2836 3580 2897 3633 οὐ
2931 3580 3008 3651 τῷ
3048 3580 3263 3651 οὐρανῷ
3306 3581 3484 3650 μόνον,
3518 3580 3653 3637 ἀλλά

2076 3665 2169 3716 καὶ
2199 3665 2265 3733 τῇ
2305 3662 2495 3730 είσόδῳ
2548 3660 2695 3733 [165]
2749 3662 2810 3714 τὸ
2856 3663 3087 3733 πρᾶγμα
3128 3663 3323 3733 σεμνὸν
3375 3663 3648 3733 ἐποίησεν.

2077 3747 2153 3797 Οὐ
2175 3744 2284 3815 γὰρ
2310 3744 2516 3806 ἁπλῶς,
2547 3743 2734 3814 ὥσπερ
2762 3743 3018 3806 ἐνταῦθα,
3054 3744 3141 3797 διὰ
3190 3745 3496 3813 συμϐόλων,
3532 3744 3651 3799 ἀλλ’

2077 3826 2239 3879 αὐτὸν
2266 3828 2367 3897 ὁρᾷ
2396 3826 2486 3878 τὸν
2512 3825 2643 3879 Θεὸν
2663 3828 2797 3878 ἐκεῖ.
2870 3826 3030 3896 Ὁρᾷς
3065 3827 3147 3879 ὅτι
3191 3827 3652 3896 συγκαταϐἀσεως

2078 3909 2264 3961 ἕνεκεν
2326 3906 2600 3976 πανταχοῦ
2651 3909 2719 3960 τά
2759 3909 2993 3961 ταπεινά
3023 3909 3270 3978 εῖρηται;
3325 3908 3389 3961 Τί
3436 3909 3500 3980 δὴ
3519 3909 3651 3963 θαυ-

2082 3991 2274 4062 μάζεις
2331 3989 2515 4042 λοιπὸν
2560 3990 2609 4041 εί
2646 3990 2994 4059 ἐντυγχάνει,
3025 3992 3160 4045 ὅπου
3202 4008 3267 4059 γε
3308 3992 3471 4045 αὑτὸν
3498 3992 3652 4061 ἵστη-

2081 4090 2165 4126 σιν
2205 4072 2280 4137 ὼς
2323 4072 2612 4143 ἀρχιερέα;
2666 4071 2803 4125 Οὐδ’
2851 4074 2949 4126 ἵνα
3001 4072 3297 4140 πολλάκις
3342 4074 3652 4143 προσφέρῃ

2080 4156 2317 4220 ἑαυτὸν,
2368 4158 2554 4224 φησιν,
2591 4154 2792 4223 ὥσπερ
2837 4158 2870 4208 ό
2921 4155 3265 4224 ἀρχιερεὺς.
3323 4156 3653 4224 εἰσέρχεται

2080 4243 2168 4306 εις
2204 4239 2278 4293 τὰ
2332 4239 2470 4306 ἅγια
2504 4240 2630 4292 κατ’
2664 4238 2944 4292 ἐνιαυτὸν
2972 4240 3043 4292 ἐν
3083 4240 3283 4307 αἵματι
3331 4239 3647 4307 ἀλλοτρίῳ.

2085 4326 2168 4377 Οὐ
2207 4322 2317 4393 γὰρ
2373 4324 2460 4387 είς
2509 4323 2888 4391 χειροποίητα
2940 4322 3079 4390 ἅγια
3131 4320 3411 4389 είσῆλθε,
3464 4323 3648 4395 φησὶν,

2082 4408 2116 4460 ό
2142 4405 2413 4473 Χριστὸς,
2444 4405 2741 4458 ἀντίτυπα
2771 4402 2889 4455 τῶν
2914 4402 3233 4474 ἀληθινῶν.
3292 4409 3433 4478 ’Δρα
3469 4407 3654 4460 ἐκεῖνά

2081 4491 2228 4543 ἐστιν
2283 4488 2545 4563 ἀληθινὰ,
2605 4486 2776 4543 ταῦτα
2806 4489 2863 4543 δὲ
2918 4489 3080 4543 τύποι
3115 4506 3129 4521 ο
3165 4491 3257 4543 καὶ
3304 4490 3412 4559 γάρ
3445 4489 3475 4541 6
3524 4488 3651 4552 ναὸς

2082 4571 2223 4627 οὕτω
2244 4573 2675 4635 κατεσκεύαστο,
2703 4570 2892 4641 ὥσπερ
2937 4574 2966 4625 6
2990 4573 3218 4643 οὐρανὸς
3261 4571 3354 4624 τοῦ
3391 4569 3649 4640 ούρανοῦ.

2082 4654 2149 4708 Τί
2199 4654 2413 4723 λέγεις;
2465 4654 2558 4706 ἐὰν
2617 4652 2693 4723 μὴ
2744 4653 2960 4724 εἰσέλθῃ
2988 4655 3071 4717 είς
3126 4654 3218 4706 τὸν
3258 4652 3506 4723 οὐρανὸν,
3550 4651 3651 4704 οὐκ

2081 4737 2441 4809 ἐμφανίζεται
2475 4738 2503 4789 6
2538 4735 2813 4805 πανταχοῦ
2845 4734 3056 4806 παρὼν,
3094 4737 3187 4789 καὶ
3214 4735 3283 4787 τὰ
3309 4736 3484 4788 πάντα
3516 4734 3654 4802 πλη-

2084 4822 2236 4893 ρῶν;
2312 4821 2475 4891 Ὀρᾷς
2536 4820 2619 4872 ὅτι
2667 4819 2766 4888 τῆς
2820 4819 3022 4889 σαρκός
3072 4821 3187 4870 ἐστι
3225 4818 3396 4871 ταῦτα
3441 4817 3647 4881 πάντα;

2081 4903 2195 4957 Καὶ
2239 4900 2699 4972 ἐμφανισθῆναι,
2732 4902 2886 4970 φησὶ,
2928 4899 3007 4965 τῷ
3032 4899 3329 4967 προσώπῳ
3359 4898 3466 4952 τοῦ
3501 4900 3650 4954 Θεοῦ

2080 4986 2235 5055 ὑπὲρ
2261 4986 2449 5055 ἡμῶν.
2510 4985 2575 5037 Τί
2624 4985 2793 5048 ἐστιν,
2828 4983 2996 5050 Ὑπὲρ
3024 4980 3228 5050 ήμῶν;
3273 4984 3428 5036 Μετὰ
3459 4983 3648 5046 θυσίας

2081 5068 2304 5138 ἀνῆλθε,
2338 5069 2492 5138 φησὶ,
2517 5066 2821 5136 δυναμένης
2852 5064 3239 5129 ἐξιλεώσασθαι
3282 5065 3373 5119 τὸν
3407 5066 3647 5135 Πατέρα.

2079 5150 2179 5203 Διά
2202 5149 2276 5211 τί,
2307 5149 2427 5201 εἰπέ
2450 5164 2578 5217 μοι;
2612 5146 2686 5218 μὴ
2718 5146 2825 5218 γὰρ
2846 5146 3010 5209 αὐτὸς
3031 5142 3098 5217 ἦν
3119 5149 3147 5200 6
3177 5147 3399 5217 ὲχθρός;
3464 5148 3527 5200 Οί
3557 5144 3650 5212 ἄγ-

2079 5234 2226 5302 γελοι
2250 5232 2435 5303 ἐχθροὶ
2459 5227 2621 5301 ἦσαν,
2667 5231 2828 5293 αὐτὸς
2868 5230 2968 5283 οὐκ
2988 5225 3056 5300 ἦν
3080 5229 3271 5303 ἐχθρός
3295 5246 3308 5259 ’
3355 5230 3436 5283 ὃτι
3466 5228 3573 5297 γὰρ
3597 5230 3648 5281 οί

2078 5300 2307 5384 ἄγγελοι
2318 5300 2411 5384 θ
2421 5300 2503 5385 poi
2514 5311 2671 5385 ἦσαν,
2690 5312 2824 5366 ἀκου
2831 5330 2921 5366 σον
2937 5314 2990 5367 τί
3013 5331 3085 5383 φη
3093 5300 3195 5369 σινξ
3211 5314 3253 5364 Ε
3260 5311 3650 5380 ἱρηνοποίησε

2077 5399 2150 5451 τὰ
2168 5395 2265 5450 ἐπὶ
2295 5396 2404 5464 τῆς
2433 5396 2564 5466 γῆς,
2620 5396 2718 5449 καὶ
2768 5395 2840 5449 τὰ
2870 5396 2939 5449 ἐν
2969 5396 3094 5462 τοῖς
3126 5392 3401 5462 οὐρανοῖς
3447 5409 3460 5422 ·
3507 5392 3647 5446 ὥστε

2079 5479 2257 5543 καλῶς
2324 5475 2512 5540 εἶπεν,
2576 5479 2658 5531 δτι
2712 5480 2807 5531 καὶ
2864 5479 3026 5543 αὐτὸς
3082 5478 3383 5545 Εἰσῆλθεν
3414 5479 3501 5542 είς
3542 5476 3651 5530 τὸν

2077 5563 2338 5632 οὐρανόν
2360 5604 2374 5627 ,
2421 5562 2537 5616 νῦν
2576 5561 3016 5631 ἐμφανισθῆναι
3066 5561 3145 5627 τῷ
3183 5560 3481 5631 προσώπῳ
3542 5559 3649 5613 τοῦ

2079 5646 2228 5701 Θεοῦ
2278 5645 2430 5713 ὑπὲρ
2486 5643 2673 5713 ἡμῶν.
2753 5645 2866 5698 Νῦν
2915 5644 3290 5714 ἐμφανίζεται,
3343 5642 3457 5695 ἀλλ’
3507 5642 3651 5712 ὑπὲρ

2079 5728 2253 5801 ἡμῶν.
2327 5729 2463 5783 Οὐδ’
2509 5730 2609 5782 ἵνα
2667 5728 2963 5795 πολλάκις
3027 5728 3336 5796 προσφέρῃ
3411 5723 3650 5788 ἑαυτὸν,
