4082 6212
406 277 514 336 129

393 392 600 462 ὥσπερ
626 392 661 448 ό
702 391 1016 462 ἀρχιερεὺς
1044 391 1377 461 εισέρχεται
1426 393 1515 455 είς
1546 392 1617 446 τὰ
1649 393 1816 465 Ἅγια
1860 395 1979 451 τῶν

392 475 582 547 ἁγίων
612 474 741 530 κατ’
780 472 1064 530 ἐνιαυτὸν
1097 474 1167 528 ἐν
1193 473 1396 543 αἵματι
1430 475 1747 545 ἀλλοτρίῳ.
1819 478 1984 549 Ὁρᾷς

394 558 563 614 πόσαι
600 558 658 612 αἱ
695 557 950 629 διαφοραί
971 574 985 622 ;
1018 555 1115 609 τοῦ
1152 556 1411 621 πολλάκις
1451 558 1512 610 16
1552 557 1720 624 ἅπαξ,
1771 561 1866 614 τοῦ
1926 564 1984 615 ἐν

395 641 590 713 αἵματι
615 639 884 712 ἀλλοτρίῳ
908 639 969 693 16
997 641 1055 691 ὲν
1086 639 1224 710 ἰδίῳ.
1276 639 1421 693 Πολὺ
1464 639 1526 693 16
1571 642 1759 712 μέσον.
1812 644 1983 709 Αὐτὸς

392 721 487 780 οὖν
543 725 638 779 καὶ
661 725 859 795 ἱερεῖον
899 722 996 775 καὶ
1037 720 1241 793 ἱερεύς.
1282 722 1982 797 Ἐπεὶέδειαὺτὸν,φησι,

393 807 688 872 πολλάκις
747 803 964 859 παθεῖν
1008 804 1128 859 ἀπὸ
1172 804 1513 875 καταϐολῆς
1556 807 1811 877 κόσμου,
1869 809 1986 864 Ἐν-

392 890 571 944 ταῦθά
598 907 651 942 τι
668 888 848 958 δόγμα
890 887 1287 952 ἀνακαλύπτει,
1338 888 1432 941 καί
1479 905 1668 960 φησιν,
1691 890 1773 944 ὅτι
1808 893 1859 945 εί
1893 892 1985 946 θυ-

399 974 519 1036 σίας
548 972 943 1043 προσενεγκεῖν
962 970 1070 1024 ἔδει
1101 970 1388 1036 πολλάκις,
1441 970 1550 1024 ἔδει
1599 972 1863 1038 πολλάκις
1892 976 1986 1028 καλ⁵

395 1053 804 1126 σταυρωθῆναι.
870 1052 1003 1107 Νῦν
1045 1052 1116 1105 δὲ
1152 1052 1316 1118 ἅπαξ
1359 1052 1462 1107 ἐπί
1509 1056 1836 1124 συντελείᾳ
1866 1054 1986 1111 τῶν

391 1137 643 1192 αίώνων.
713 1136 815 1190 Διά
873 1134 948 1200 τί,
1010 1135 1136 1190 Ἐπὶ
1174 1138 1501 1204 συντελείᾳ
1548 1137 1670 1193 τῶν
1717 1138 1986 1203 αὶώνων;

392 1220 548 1276 Μετά
569 1220 637 1275 τά
692 1220 865 1273 πολλὰ
899 1220 1296 1290 ἁμαρτήματα.
1329 1220 1391 1272 Et
1419 1221 1520 1291 μὲν
1549 1219 1642 1276 οὖν
1694 1223 1844 1294 παρά
1886 1224 1986 1295 τὴν

390 1304 571 1375 ἀρχὴν
590 1304 861 1371 ἐγένοντο,
889 1296 1010 1354 εἶτα
1031 1301 1208 1365 οὐδεὶς
1241 1302 1587 1367 ἐπίστευσεν,
1619 1300 1686 1376 ἦν
1701 1306 1768 1360 ἂν
1802 1305 1865 1359 τὸ
1885 1305 1987 1376 τῆς

390 1387 708 1459 οἰκονομίας
737 1387 1000 1457 ἀνόνητον
1033 1400 1047 1414 ·
1084 1385 1185 1438 οὐκ
1228 1384 1338 1439 ἔδει
1386 1386 1498 1459 γὰρ
1551 1387 1808 1457 δεύτερον
1846 1388 1982 1443 ἀπο-

392 1468 575 1524 θανεῖν
606 1469 699 1522 τὸν
728 1469 984 1540 Χριστὸν,
1025 1467 1164 1523 ὥστε
1199 1469 1297 1521 καὶ
1346 1467 1493 1522 οὕτω
1563 1470 1984 1542 κατορθωθῆναι

392 1553 455 1606 τὸ
516 1554 951 1623 σπουδαζόμενον
980 1568 994 1582 ο
1027 1550 1216 1624 ἐπειδὴ
1241 1551 1299 1605 δὲ
1329 1550 1558 1625 ὕστερον
1597 1553 1771 1606 πολλὰ
1806 1549 1875 1625 ἦν
1915 1554 1986 1608 τά

392 1636 796 1708 ἁμαρτήματα,
825 1634 1057 1697 εἰκότως
1089 1633 1215 1686 τότε
1252 1634 1448 1703 ἐφάνη.
1509 1636 1575 1688 Ὀ
1610 1635 1707 1688 καὶ
1747 1636 1984 1707 ἀλλαχοῦ

392 1719 543 1787 λέγει
568 1733 582 1747 ’
610 1718 806 1772 Ὅπου
833 1718 1211 1771 ἐπλεόνασεν
1239 1717 1277 1784 ἠ
1299 1715 1574 1785 ἁμαρτία,
1591 1721 1988 1789 ὑπερεπερίσ-

393 1818 625 1856 σευσεν
646 1800 684 1869 ἡ
713 1800 907 1869 χάρις.
959 1799 1091 1855 Νῦν
1121 1798 1211 1865 δὲ,
1262 1801 1450 1870 φησὶν,
1476 1800 1643 1865 ἅπαξ
1694 1802 1793 1856 ἐπὶ
1832 1819 1985 1857 συν-

394 1887 589 1954 τελείᾳ
638 1886 756 1940 τῶν
801 1886 1031 1963 αἰώνων
1068 1886 1157 1950 εὶς
1180 1883 1472 1953 ἀθέτησιν
1509 1883 1661 1958 [166]
1694 1886 1987 1955 ἁμαρτίας

394 1969 495 2024 διὰ
531 1971 643 2039 τῆς
679 1970 896 2035 θυσίας
942 1967 1131 2024 αὑτοῦ
1187 1970 1621 2037 πεφανέρωται.
1698 1969 1805 2022 Καὶ
1856 1969 1987 2022 καθ’

395 2055 549 2110 ὅσον
575 2056 885 2109 ἀπόκειται
908 2052 1034 2120 τοῖς
1065 2051 1404 2121 ἀνθρώποις
1431 2050 1596 2115 ἅπαξ
1620 2052 1974 2118 ἀποθανεῖν,

391 2140 542 2208 μετὰ
568 2138 637 2191 δὲ
653 2136 832 2191 τοῦτο
862 2135 1085 2205 κρίσις.

469 2326 536 2397 β’.
557 2324 747 2391 Δείξας
775 2325 859 2379 ὅτι
879 2323 979 2377 οὐκ
1001 2322 1108 2377 ἔδει
1128 2321 1385 2386 πολλάκις
1412 2320 1735 2388 ἀποθανεῖν,
1759 2322 1854 2377 νῦν
1880 2322 1992 2376 δεί-

398 2427 557 2466 κνυσι
590 2410 689 2464 καὶ
734 2408 823 2462 διά
851 2407 904 2460 τί
946 2406 1094 2472 arma
1125 2404 1401 2461 ἀπέθανεν
1426 2422 1441 2436 ο
1498 2406 1580 2459 ὅτι
1608 2407 1729 2471 ἑνὸς
1748 2407 1990 2463 ,θανάτου

398 2494 718 2565 ἀντίλυτρον
762 2491 996 2560 ἐγένετο·
1040 2487 1373 2553 Ἀπέκειτο,
1404 2489 1539 2558 φησὶ
1560 2531 1576 2553 ,
1614 2489 1741 2556 τοῖς
1767 2489 1992 2558 ἀνθρώ-

396 2593 537 2643 ποις
557 2574 720 2638 ἅπαξ
739 2570 1091 2628 ἀποθανεῖν.
1119 2569 1293 2623 Τοῦτο
1314 2569 1411 2623 οὖν
1430 2571 1511 2637 16,
1529 2571 1677 2636 ἅπαξ
1698 2571 1990 2636 ἀπέθανεν,

398 2658 541 2730 ὑπὲρ
589 2656 896 2726 ἀνθρώπων
938 2654 1178 2709 πάντων.
1243 2653 1305 2706 Τί
1339 2649 1467 2720 οὗν;
1517 2655 1705 2708 οὐκέτι
1752 2654 1991 2725 ἀποθνή-

302 2776 313 2789 κ
400 2758 606 2813 σκομεν
655 2742 748 2794 16v
799 2740 1029 2793 θάνατον
1076 2738 1323 2802 ἐκεῖνον;
1380 2738 1824 2808 ’Δποθνήσκομεν
1870 2737 1990 2807 μὲν,

399 2825 514 2879 ἀλλ’
542 2824 603 2878 οὐ
639 2825 876 2895 μένομεν
903 2825 960 2876 ὲν
987 2818 1135 2890 αὐτῷ
1155 2836 1169 2851 ·
1219 2819 1358 2891 ὅπερ
1386 2818 1507 2872 οὐδὲ
1535 2819 1827 2874 ἀποθανεῖν
1851 2821 1991 2876 ἐστι.

399 2907 646 2961 Θανάτου
698 2905 808 2975 γάρ
860 2902 1117 2975 τυραννὶς
1169 2901 1260 2955 καὶ¹
1307 2902 1539 2964 θάνατος
1580 2901 1750 2964 δντως
1786 2901 1993 2964 ἐκεῖνός

400 2992 572 3053 ἐστιν,
605 2990 735 3043 ὅταν
769 2987 967 3058 μηκέτι
998 2984 1328 3056 συγχωρηθῇ
1364 2985 1393 3036 6
1421 2982 1706 3038 ἀποθανὼν
1736 2985 1815 3047 εἰς
1846 2982 1994 3054 ζωὴν

399 3073 714 3128 ἐπανελθεῖν
742 3087 756 3101 ⁸
816 3072 944 3124 ὅταν
980 3072 1037 3126 δὲ
1100 3069 1238 3141 μετὰ
1277 3069 1340 3122 16
1382 3067 1674 3123 ἀποθανεῖν
1701 3064 1864 3140 ζήσῃ,
1901 3069 1996 3121 καὶ

401 3156 546 3230 ζωὴν
595 3155 843 3227 βελτίονα
867 3193 883 3217 ,
937 3152 1002 3206 οὐ
1049 3152 1282 3213 θάνατος
1328 3151 1485 3205 τοῦτό
1511 3152 1682 3214 ἐστιν,
1718 3150 1853 3204 ἀλλά
1882 3151 1997 3205 κοί-

405 3257 588 3311 μησις.
625 3239 780 3293 Ἐπεὶ
804 3235 898 3291 οὖν
930 3235 1125 3307 ἔμελλε
1158 3235 1368 3298 πάντας
1394 3233 1648 3303 κατέχειν
1688 3234 1717 3287 6
1744 3232 1994 3301 θάνατος,

399 3322 488 3377 διὰ
512 3321 672 3375 τοῦτο
701 3320 974 3375 ἀπέθανεν
994 3360 1010 3384 ,
1056 3319 1146 3372 ἵνα
1176 3319 1322 3389 ἡμᾶς
1355 3314 1661 3387 ἀπαλλάξῃ.
1699 3316 1865 3370 Οὕτω
1898 3317 1998 3371 καί

401 3409 435 3460 ό
478 3404 734 3473 Χριστὸς
781 3404 947 3467 ἅπαξ
993 3401 1444 3471 προσενεχθείς.
1489 3399 1626 3452 Ὑπὸ
1648 3399 1794 3464 τίνος
1824 3417 1995 3472 προσ-

400 3488 677 3559 ενεχθείς;
710 3486 830 3557 Ὑφ’
855 3485 1046 3540 ἑαυτοῦ
1077 3485 1341 3555 δηλονότι.
1381 3481 1650 3537 Ἐνταῦθα
1692 3482 1814 3536 οὐδὲ
1846 3483 1999 3554 ἱερέα

310 3570 327 3581 '
400 3574 679 3628 δείκνυσιν
712 3572 877 3626 αὐτὸν
911 3571 1096 3642 μόνον,
1153 3568 1293 3623 ἀλλά
1339 3567 1437 3622 καί⁵
1471 3566 1618 3638 θῦμα
1652 3568 1748 3621 καὶ
1778 3569 1994 3638 ἱερεῖον.

406 3652 539 3711 Εἶτα
582 3655 908 3727 προστίθησι
963 3651 1062 3724 τὴν
1116 3651 1298 3706 αἰτίαν
1352 3649 1447 3705 τοῦ
1468 3692 1484 3717 ,
1539 3652 1995 3720 Προσενεχθείς.

405 3741 606 3805 ’Ἃπαξ
627 3780 642 3802 ,
688 3738 861 3812 φησὶ,
915 3736 1345 3807 προσενεχθεὶς
1392 3737 1482 3802 εις
1525 3735 1593 3803 τὸ
1618 3735 1870 3790 πολλῶν
1893 3735 2001 3790 ἀν-

402 3823 673 3895 ενεγκεῖν
719 3822 1030 3891 ἁμαρτίας.
1097 3819 1198 3875 Διά
1243 3819 1297 3875 τί
1350 3819 1410 3873 δὲ
1454 3818 1665 3873 πολλῶν
1714 3813 1858 3885 εἷπε,
1908 3819 2001 3874 καὶ

408 3906 484 3978 μὴ
525 3906 778 3971 πάντων;
821 3904 1041 3977 Ἐπειδὴ
1093 3905 1169 3976 μὴ
1201 3904 1403 3968 πάντες
1443 3902 1793 3957 ἐπίστευσαν.
1831 3902 2002 3975 Ὑπὲρ

406 3991 664 4044 ἁπάντων
719 3988 819 4058 μὲν
857 3988 970 4059 γὰρ
1010 3988 1282 4042 ἀπέθανεν
1304 4028 1319 4054 ,
1372 3988 1453 4049 είς
1482 3985 1544 4039 16
1572 3987 1743 4040 σῶσαι
1770 3986 1999 4052 πάντας,

406 4073 467 4126 16
495 4071 669 4125 αὑτοῦ
704 4070 872 4139 μέρος
897 4087 910 4100 ·
953 4070 1284 4140 ἀντίῤῥοπος
1315 4068 1426 4140 γὰρ
1457 4065 1524 4140 ἦν
1551 4071 1581 4123 6
1606 4071 1837 4132 θάνατος
1860 4072 2004 4122 ἐκεῖ·

406 4170 498 4216 νος
526 4153 626 4222 τῆς
659 4151 880 4204 πάντων
912 4152 1188 4214 ἀπωλείας
1210 4169 1223 4182 ·
1269 4154 1330 4205 οὐ
1361 4152 1579 4206 πάντων
1606 4152 1663 4205 δὲ
1698 4153 1795 4217 τὰς
1821 4153 2005 4222 ἀμαρ-

406 4237 529 4300 τίας
576 4234 871 4306 ἀνήνεγκε,
925 4233 1015 4286 διά
1055 4231 1119 4285 16
1175 4233 1251 4304 μὴ
1295 4233 1522 4302 θελῆσαι
1568 4233 1788 4298 αὐτούς.
1847 4234 1913 4288 Τί
1945 4234 2003 4289 δέ

409 4323 580 4386 ἐστιν,
617 4314 995 4387 Ἀνενειιτιεῒν
1018 4314 1343 4386 ἀμαρτίας;
1370 4316 1581 4387 Ὥσπερ
1606 4318 1698 4371 ἐπὶ
1716 4317 1817 4389 τῆς
1834 4334 2004 4387 προσ..

411 4404 586 4475 φορᾶς
614 4396 683 4474 ἦς
711 4397 1094 4470 ἀναφέρομεν,
1147 4399 1498 4470 προφέρομεν
1533 4399 1624 4453 καὶ
1659 4399 1729 4452 τὰ
1755 4400 2004 4473 ἁμαρτή-

414 4505 563 4560 ματα
586 4487 862 4555 λέγοντες,
885 4484 1011 4537 Εἴτε
1042 4481 1262 4546 ἑκόντες
1282 4483 1391 4536 εἴτε
1410 4481 1635 4546 ἄκοντες
1658 4482 2003 4553 ἡμάρτομεν,

415 4569 772 4642 συγχώρησον
794 4583 810 4599 ⁸
870 4567 1146 4632 τουτέστι,
1186 4564 1523 4637 μεμνήμεθα
1552 4565 1733 4619 αὐτῶν
1764 4566 2002 4635 πρῶτον,

413 4655 508 4709 καὶ
561 4653 684 4707 τότε
734 4650 833 4721 τὴν
885 4647 1236 4720 συγχώρησιν
1285 4646 1580 4718 αἰτοῦμεν·
1633 4648 1775 4701 οὕτω
1807 4648 1870 4718 δὴ
1910 4650 2005 4704 καὶ

413 4736 650 4791 ἐνταῦθα
699 4735 912 4804 γέγονε.
980 4731 1091 4787 Ποῦ
1141 4731 1299 4786 τοῦτο
1341 4731 1641 4802 πεποίηκεν
1674 4733 1703 4785 6
1732 4733 2002 4804 Χριστόςς

419 4821 687 4874 ’Ἄκουσον
715 4816 882 4873 αὑτοῦ
906 4816 1157 4885 λέγοντος
1181 4831 1197 4845 ·
1249 4814 1361 4869 Καὶ
1391 4813 1546 4883 ὑπὲρ
1570 4813 1769 4869 αὐτῶν
1793 4814 2006 4886 ἁγιάζω

416 4903 698 4971 ἐμαυτόν.
732 4902 864 4956 Ἰδοὺ
893 4901 1162 4972 ἀνήνεγκε
1187 4899 1256 4952 τά
1279 4898 1503 4969 ἀμαρτή
1513 4915 1677 4969 ματα·
1704 4897 1840 4971 ἦρεν
1864 4901 2007 4957 αὐτὰ

418 4984 529 5039 ἀπὸ
578 4985 686 5037 τῶν
730 4984 1037 5054 ἀνθρώπων
1062 5025 1078 5049 ,
1127 4983 1225 5036 καὶ
1265 4983 1535 5052 ἀνήνεγκε
1566 4982 1644 5053 τῷ
1670 4984 1872 5056 Πατρὶ,
1906 4987 2005 5059 οὐχ

421 5068 511 5122 ἴνα
556 5084 609 5120 τι
659 5066 819 5137 ὁρίσῃ
853 5070 973 5120 κατ’
997 5066 1176 5121 αὐτῶν
1200 5106 1216 5131 ,
1270 5066 1385 5120 ἀλλ’
1409 5066 1500 5120 ἵνα.
1540 5067 1684 5123 αὑτά
1724 5069 1858 5141 ἀφῇ.
1902 5071 2005 5126 Ἐκ

417 5150 705 5219 δευτέρου
756 5150 936 5218 χωρίς
981 5150 1270 5220 ἁμαρτίας
1310 5149 1661 5219 ὀφθήσεται,
1686 5155 1842 5222 φησὶ,
1879 5153 2005 5221 τοῖς

420 5236 610 5291 αὐτὸν
658 5230 1160 5302 ἀπεκδεχομένοις
1204 5236 1292 5302 είς
1331 5235 1652 5303 σωτηρίαν.
1712 5236 1778 5290 Τί
1832 5237 2003 5305 ἐστιν,

488 5431 515 5460 ι
527 5418 809 5487 stagnantia
821 5420 895 5470 sic
916 5418 1132 5487 citet-unt
1144 5419 1331 5487 Βεοεό.
1399 5459 1452 5472 ...
1473 5422 1743 5487 “616956;,
1754 5423 1833 5471 καὶ
1845 5422 2001 5487 θυσία.

437 5479 572 5546 Ἐπεὶ
588 5479 864 5546 ἔδει-αὺτὸν,
884 5482 1020 5546 φησί,
1040 5482 1121 5529 καὶ
1139 5483 1316 5546 πολλὰς
1337 5485 1433 5532 ἔδει
1461 5479 1634 5541 θυσίας’
1650 5485 2002 5546 προσενεγκεῖν,

426 5543 653 5606 πολλάκις
674 5544 768 5592 ἔδει
791 5542 1136 5606 σταυρωθῆναι.
1172 5542 1303 5606 ⁹ίτίπεὶ
1322 5545 1415 5606 ἔδει
1449 5548 1595 5595 αὐτὸν
1640 5542 1873 5602 πολλάκις
1909 5542 2003 5606 παὲ

427 5604 528 5672 θεῖν
543 5604 639 5672 ἀπῤ
660 5603 928 5672 καταῇολῆς
947 5604 1152 5665 κόσμου.
1190 5603 1418 5672 ξΕνταῦθά
1456 5625 1512 5672 τι
1528 5608 1879 5672 παρεκάλυψεν.
1906 5604 2003 5672 Νῦν

430 5666 483 5711 δὲ
501 5665 642 5717 ἅπαξ.
679 5665 927 5731 Similiter
947 5672 1156 5728 uterque
1192 5666 1455 5729 interpres.
1483 5665 1799 5722 Saviliauam'
1829 5669 2002 5718 lectio-

430 5735 548 5777 nem
572 5726 865 5787 recepimus.
890 5726 1024 5777 Enn.

1102 276 1162 331 S.
1200 272 1490 331 JOANNIS
1529 272 2025 332 CHRYSOSTOMI
2062 273 2384 334 ARCUIEP.
2422 278 2980 338 CONSTANTINOP.

2090 397 2276 464 Χωρὶς
2325 397 2647 466 άμαρτίας;
2703 398 2865 467 ιούχ
2911 387 3184 468 ἁμαρτίας
3214 394 3404 464 αἴρων,
3458 394 3579 448 οὐδὲ
3606 396 3679 449 δι’

2090 479 2367 551 ἁμαρτίας
2417 482 2481 532 ὲκ
2533 479 2788 550 δευτέρου
2834 479 2995 553 ἡξει,
3057 478 3146 531 ἵνα
3196 476 3360 531 πάλιν
3407 475 3677 550 ἀποθάνῃ·

2091 562 2210 614 οὐδὲ
2240 562 2349 633 γὰρ
2379 562 2407 615 ὃ
2434 562 2581 629 ἀπαξ
2626 563 2921 626 ἀπέθανεν,
2973 562 3207 631 ὀφείλων
3251 558 3548 613 ἀποθανεῖν
3575 560 3682 614 ἀπ-

2092 643 2303 698 έθανεν.
2344 644 2470 705 Πῶς
2513 645 2844 715 ὀφθήσεται;
2885 644 3169 708 Κολάζων,
3206 642 3361 711 φησί.
3407 642 3551 695 Ἀλλ’
3581 644 3685 697 οὐκ

2091 722 2213 780 εἷπε
2237 727 2419 794 τοῦτο,
2453 726 2590 780 ἀλλά
2617 728 2678 781 16
2704 728 2949 799 φαιδρὸν,
2978 727 3166 795 Χωρίς
3194 725 3486 794 ἁμαρτίας
3509 725 3687 795 ὀφθή-

2091 828 2261 866 σεται
2314 812 2441 878 τοῖς
2489 811 2677 866 αὐτὸν
2705 811 2854 884 [167]
2886 808 3395 878 ἀπεκδεχομένοις
3440 809 3530 873 είς
3569 824 3685 861 σω·

2091 893 2304 962 τηρίαν
2329 910 2344 924 ·
2408 894 2484 958 ὡς
2514 892 2733 965 ,μηκέτι
2772 894 2961 948 λοιπὸν
2998 891 3259 963 δεηθῆναι
3291 889 3510 954 θυσίας,
3542 889 3685 944 ὥστε

2093 976 2266 1030 σῶσαι
2295 976 2494 1040 αὐτοὺς
2518 1014 2535 1040 ,
2584 974 2702 1028 ἀλλ’
2729 976 2839 1030 ἀπὸ
2870 975 3047 1045 ἔργων
3077 973 3237 1027 τοῦτο
3266 974 3460 1026 ποιεῖν.
3497 974 3687 1026 Σκιὰν

2090 1057 2202 1127 γὰρ
2223 1058 2399 1128 ἔχων,
2432 1059 2618 1129 φησιν,
2644 1060 2677 1112 ό
2699 1059 2884 1127 νόμος
2910 1056 3030 1111 τῶν
3047 1057 3404 1126 μελλόντων
3424 1053 3687 1124 ἀγαθῶν,

2092 1143 2203 1195 οὐκ
2226 1141 2424 1211 αὐτὴν
2451 1142 2567 1209 τὴν
2592 1144 2800 1196 εἰκόνα
2828 1137 2950 1194 τῶν
2973 1138 3355 1208 πραγμάτων·
3382 1138 3684 1202 τουτέστιν,

2091 1223 2193 1278 οὐκ
2241 1224 2413 1294 αὐτὴν
2467 1226 2569 1295 τὴν
2621 1224 2903 1294 ἀλήθειαν.
2960 1224 3106 1287 Ἕως
3170 1220 3272 1291 μὲν
3328 1220 3439 1292 γάρ
3491 1219 3558 1274 ἂν
3610 1220 3688 1284 ὡς

2091 1307 2150 1359 ὲν
2173 1310 2358 1378 γραφῇ
2392 1308 2631 1380 περιάγῃ
2661 1326 2746 1372 τις
2773 1308 2840 1361 τά
2872 1305 3141 1378 χρώματα
3168 1305 3219 1370 ι),
3251 1304 3381 1359 σκιά
3407 1304 3491 1367 τίς
3513 1306 3684 1378 ἐστιν’

2092 1391 2220 1443 ὅταν
2252 1390 2309 1443 δὲ
2341 1392 2401 1443 16
2429 1390 2587 1455 ἀνθος
2618 1383 2886 1464 ὲπαλείψῃ
2910 1408 3015 1455 τις,
3045 1392 3138 1443 καὶ
3164 1389 3424 1461 ὲπιχρίση
3451 1389 3517 1442 τὰ
3541 1388 3684 1460 χρώ-

2097 1491 2262 1545 ματα,
2290 1474 2411 1528 τότε
2438 1473 2603 1528 εἰκὼν
2627 1474 2860 1543 γίνεται.
2890 1472 3145 1527 Τοιοῦτόν
3161 1489 3214 1525 τι
3239 1472 3332 1525 καὶ
3356 1474 3384 1525 6
3408 1472 3570 1542 νόμος
3591 1467 3683 1542 ἦν.

2092 1559 2279 1611 Σκιὰν
2308 1557 2440 1627 γὰρ,
2486 1559 2676 1628 φησὶν,
2721 1558 2882 1626 ἔχων
2913 1560 2946 1611 ό
2973 1557 3159 1626 νόμος
3186 1554 3307 1609 τῶν
3331 1557 3691 1625 μελλόντων

2092 1640 2349 1711 ἀγαθῶν,
2380 1644 2492 1697 οὐκ
2520 1642 2718 1710 αὐτὴν
2748 1642 2865 1709 τὴν
2896 1642 3103 1695 εἰκόνα
3133 1638 3252 1692 τῶν
3280 1640 3684 1708 πραγμάτων
3712 1701 3719 1707 ι

2092 1725 2360 1791 τουτέστι,
2393 1726 2493 1795 τῆς
2515 1725 2726 1791 θυσίας,
2757 1726 2857 1795 τῆς
2882 1724 3152 1793 ἀφέσεως.
3202 1720 3342 1776 Κατ’
3364 1722 3647 1776 ἐνιαυτόν
3667 1740 3682 1753 ο

2092 1807 2226 1873 ταῖς
2249 1806 2459 1872 αὑταῖς
2486 1809 2728 1872 θυσίαις
2751 1806 2825 1873 ἃς
2847 1807 3307 1876 προσφέρουσιν
3327 1807 3414 1871 είς
3436 1805 3502 1858 τὸ
3524 1804 3689 1873 διην-

2096 1889 2267 1956 εκὲς,
2325 1890 2616 1944 οὐδέποτε
2666 1890 2915 1944 δύναται
2968 1889 3110 1955 τοὺς
3156 1887 3689 1958 προσερχομένους

2099 1974 2412 2031 τελειῶσαι
2436 1991 2450 2004 ·
2499 1976 2629 2029 ἐπεὶ
2661 1986 2683 2013 ο
2721 1977 2832 2029 οὐκ
2864 1975 2943 2029 ἂν
2967 1975 3317 2028 ἐπαύσαντο
3350 1976 3687 2044 προσφερό-

2092 2075 2291 2127 μεναι,
2343 2057 2443 2113 διὰ
2481 2059 2548 2112 τὸ
2592 2056 2893 2128 μηδεμίαν
2923 2056 3289 2125 συνείδησιν
3319 2057 3482 2125 ἐχειν
3506 2058 3690 2128 ἀμαρ-

2097 2141 2241 2196 τιῶν
2291 2140 2437 2208 τοὺς
2485 2143 2925 2210 λατρεύοντας,
2975 2139 3139 2204 ἅπαξ
3167 2139 3684 2209 κεκαθαρμένους·

2096 2225 2237 2281 ἀλλ’
2275 2226 2346 2280 ἐν
2399 2225 2610 2291 αὐταῖς
2660 2222 3003 2294 ἀνάμνησις
3057 2221 3358 2292 ἁμαρτιῶν
3412 2224 3541 2276 κατ’
3567 2223 3690 2276 ἐνι-

2096 2313 2303 2365 αυτόν.
2341 2311 2674 2366 Ἀδύνατον
2724 2311 2834 2381 γὰρ
2887 2304 3032 2378 αἷμα
3063 2310 3300 2377 ταύρων
3332 2308 3431 2361 καὶ
3458 2306 3691 2377 τράγων

2097 2396 2373 2465 ἀφαιρεῖν
2411 2395 2718 2464 ἁμαρτίας.
2766 2392 2865 2447 Διὸ
2893 2395 3318 2464 εἰσερχόμενος
3345 2395 3431 2459 είς
3454 2394 3562 2446 τὸν
3585 2392 3687 2445 κό-

2098 2495 2287 2549 σμον,
2343 2479 2507 2548 λέγει
2531 2494 2546 2508 ·
2607 2479 2847 2533 Θυσίαν
2879 2477 2977 2531 καὶ
3005 2476 3360 2546 προσφορὰν
3391 2477 3505 2530 οὐκ
3537 2473 3691 2541 1106—

2098 2568 2299 2631 λησας
2318 2603 2335 2629 ,
2380 2560 2552 2632 σῶμα
2578 2562 2647 2617 δὲ
2678 2562 3019 2631 κατηρτίσω
3043 2578 3145 2631 μοι
3163 2575 3180 2593 ⁸
3230 2559 3689 2629 ὁλοκαυτώματα

2099 2647 2197 2702 καὶ
2240 2647 2373 2716 περὶ
2403 2646 2693 2716 ἁμαρτίας
2738 2647 2851 2700 οὐκ
2878 2644 3242 2713 εὐδόκησας.
3302 2646 3441 2698 Τότε
3481 2640 3685 2698 εἶπον’

2113 2728 2270 2785 Ἰδοὺ
2299 2729 2424 2796 ἥκω
2477 2728 2587 2801 (ἐν
2628 2727 2907 2798 κεφαλίδι
2927 2728 3172 2792 βιϐλίου
3200 2726 3521 2797 γέγραπται
3549 2731 3683 2793 περὶ

2098 2813 2267 2883 ἐμοῦ)
2301 2812 2408 2867 τοῦ
2435 2810 2706 2881 ποιῆσαι,
2744 2815 2776 2866 ό
2805 2810 2977 2878 Θεὸς,
3010 2812 3077 2866 τὸ
3103 2810 3331 2880 θέλημά
3354 2824 3494 2865 σου.
3513 2811 3691 2865 Ἀνω-

2101 2894 2246 2964 τέρω
2273 2893 2488 2964 λέγων,
2523 2893 2613 2948 ὅτι
2631 2894 2878 2957 θυσίαν,
2896 2893 3000 2947 καὶ
3027 2894 3404 2964 προσφορὰν,
3427 2891 3526 2946 καὶ
3550 2894 3690 2946 ὁλο-

2101 2976 2457 3046 καυτώματα
2515 2977 2612 3029 καὶ
2671 2976 2805 3045 περὶ
2857 2977 3152 3046 ἁμαρτίας
3204 2978 3317 3030 οὐκ
3357 2975 3691 3043 ἠθέλησας,

2103 3060 2246 3115 οὐδὲ
2300 3060 2671 3127 εὐδόκησας,
2726 3060 2953 3126 αἵτινες
3002 3061 3156 3115 κατὰ
3198 3063 3388 3129 νόμον
3425 3059 3691 3128 προσερέ-

2096 3159 2324 3212 ρονται·
2350 3144 2484 3197 τότε
2512 3138 2705 3207 εἷπον,
2724 3142 2883 3197 Ἰδοὺ
2903 3143 3026 3210 ῆκω
3048 3142 3154 3196 τοῦ
3175 3141 3446 3210 ποιῆσαι,
3474 3145 3507 3196 ὀ
3525 3142 3690 3206 Θεὸς,

2105 3226 2171 3280 τὸ
2199 3224 2432 3294 θέλημά
2457 3240 2599 3280 σου.
2636 3225 2897 3294 Ἀναιρεῖ
2918 3225 2984 3279 τὸ
3014 3223 3281 3293 πρῶτον,
3330 3224 3430 3277 ἵνα
3463 3222 3529 3277 τὸ
3554 3222 3692 3276 δεύ-

2104 3324 2279 3376 τερον
2310 3307 2537 3375 στήσῃ.
2576 3307 2739 3379 Ὁρᾷς
2780 3308 2943 3362 πάλιν
2996 3308 3095 3379 τὴν
3151 3306 3507 3378 περιουσίαν;
3553 3305 3692 3369 Μία,

2107 3390 2293 3461 φησὶν,
2340 3390 2479 3460 αὓτη
2527 3391 2563 3461 ἡ
2609 3391 2811 3455 θυσία,
2870 3391 3079 3444 ἐκεῖναι
3115 3390 3173 3443 δὲ
3218 3388 3432 3443 πολλαί·
3467 3387 3556 3445 διὰ
3583 3387 3693 3459 γὰρ

2106 3472 2263 3527 τοῦτο
2290 3472 2390 3526 οὐκ
2417 3473 2657 3543 ἰσχυραὶ,
2688 3472 2877 3544 ἐπειδὴ
2909 3472 3120 3527 πολλαί.

2177 3563 2246 3625 γ’.
2261 3556 2326 3609 Τί
2347 3556 2457 3628 γὰρ
2477 3556 2584 3610 ἔδει
2601 3557 2836 3624 πολλῶν,
2854 3558 2977 3611 εἰπέ
2995 3575 3107 3629 μοι,
3127 3557 3227 3627 τῆς
3245 3558 3374 3627 μιᾶς
3385 3554 3693 3628 ἀρκούσης,

2108 3640 2271 3695 ’Ὥστε
2299 3642 2357 3694 αἱ
2388 3640 2581 3695 πολλαὶ
2629 3642 2719 3694 καὶ
2745 3641 2807 3694 τὸ
2835 3642 2923 3695 ἀεὶ
2949 3641 3357 3712 προσφέρεσθαι
3381 3682 3394 3703 ,
3429 3640 3491 3694 16
3521 3639 3689 3710 μηδέ-

2108 3741 2242 3778 ποτε
2287 3724 2484 3788 αὐτοὺς
2534 3723 2892 3795 καθαίρεσθαι
2945 3724 3302 3778 δεικνύουσιν.
3331 3725 3543 3792 ’Ὠσπερ
3579 3721 3691 3792 γὰρ

2109 3808 2399 3879 φάρμακον
2419 3847 2435 3873 ,
2487 3807 2615 3861 ὅταν
2724 3806 2941 3878 ἰσχυρὸν
2964 3844 2982 3870 ,
3034 3806 3133 3860 καὶ
3162 3806 3351 3874 ὑγείας
3384 3805 3694 3874 ποιητικὸν,

2109 3890 2205 3945 καὶ
2239 3889 2463 3945 δυνατὸν
2496 3891 2678 3944 πᾶσαν
2706 3888 3014 3957 ἀπαλλάξαι
3043 3888 3141 3962 τὴν
3167 3890 3319 3944 νόσον
3341 3928 3356 3955 ,
3394 3887 3544 3953 ἀπαξ
3568 3890 3693 3942 ὲπι-

2108 3973 2263 4028 τεθὲν
2296 3974 2357 4026 τὸ
2383 3974 2494 4028 πᾶν
2520 3976 2702 4028 ποιεῖ’
2753 3974 2893 4045 ὅπερ
2923 3972 3020 4027 ὲάν
3048 3972 3198 4038 ἅπαξ
3219 3972 3467 4026 ὲπιτεθὲν
3494 3972 3555 4026 16
3583 3971 3694 4026 πᾶν

2109 4057 2451 4127 ἐργάσηται,
2509 4056 2782 4111 δείκνυσιν
2825 4055 2995 4128 αθτοῦ
3042 4057 3143 4126 τὴν
3186 4054 3342 4125 ἰσχὺν
3385 4053 3463 4124 τῷ
3494 4056 3695 4125 μηκέτι

2109 4137 2447 4192 ἐπιτίθεσθαι
2473 4178 2490 4205 ,
2527 4139 2625 4193 καὶ
2652 4138 2810 4194 τοῦτο
2837 4138 3006 4194 αὐτοῦ
3036 4141 3185 4194 ἐστιν
3212 4139 3374 4211 ἔργον
3402 4138 3462 4191 16
3493 4137 3694 4209 μηκέτι

2109 4221 2449 4277 ἐπιτίθεσθαι
2474 4237 2490 4254 ·
2550 4221 2647 4277 ἐὰν
2688 4222 2745 4276 δὲ
2797 4223 2885 4277 ἀεὶ
2919 4223 3257 4294 ἐπιτιθῆται,
3294 4220 3454 4291 δῆλον
3487 4222 3569 4274 ὄτι
3596 4220 3693 4275 τοῦ

2113 4303 2281 4376 μηδὲν
2315 4303 2594 4374 ίσχυκέναι
2626 4306 2744 4358 ἐστὶ
2772 4308 3026 4376 σημεῖον
3062 4306 3356 4378 φαρμάκου
3381 4305 3490 4376 γὰρ
3520 4304 3693 4377 ἀρετὴ

2109 4388 2171 4442 τὸ
2204 4385 2354 4452 ἀπαξ
2388 4389 2728 4459 ἐπιτεθῆναι,
2764 4389 2858 4444 καὶ
2889 4389 2965 4460 μὴ
2994 4388 3252 4451 πολλάκις
3272 4403 3286 4417 ·
3338 4387 3481 4441 οὕτω
3504 4386 3569 4460 δὴ
3596 4387 3697 4442 καὶ

2110 4470 2374 4525 ἐνταῦθα’
2425 4470 2478 4524 τί
2509 4471 2709 4542 δήποτε
2740 4471 2851 4543 γὰρ
2882 4474 3002 4535 ταῖς
3030 4472 3223 4534 αὐταῖς
3249 4470 3463 4533 θυσίαις
3492 4470 3580 4524 ἀεὶ
3607 4470 3697 4523 θε-

2113 4553 2477 4627 ραπεύονται;
2516 4553 2665 4627 [168]
2703 4556 2764 4608 El
2795 4556 2904 4625 γὰρ
2936 4553 3155 4609 πάντων
3177 4550 3315 4623 ἦσαν
3340 4552 3695 4624 ἀπηλλαγμέ-

2112 4656 2190 4692 νοι
2222 4637 2333 4690 τῶν
2363 4638 2775 4707 ἁμαρτημάτων
2797 4677 2812 4702 ,
2847 4639 2950 4691 οὐκ
2981 4637 3048 4691 ἂν
3078 4635 3201 4690 καθ’
3222 4636 3458 4706 ἑκάστην
3483 4636 3696 4707 ἡμέραν

2112 4721 2515 4793 προσεφέροντο
2555 4722 2613 4774 αί
2645 4720 2829 4773 θυσίαι
2853 4737 2868 4752 ·
2928 4721 3024 4775 καὶ
3054 4721 3162 4792 γὰρ
3193 4715 3335 4792 ἦσαν
3368 4719 3694 4790 ὡρισμέναι,

2112 4804 2253 4860 ὥστε
2296 4804 2385 4857 ἀεὶ
2414 4802 2825 4876 προσφέρεσθαι
2859 4803 2999 4875 ὑπὲρ
3028 4803 3123 4858 τοῦ
3154 4804 3284 4857 λαοῦ
3319 4802 3521 4867 παντὸς
3546 4844 3561 4869 ,
3600 4806 3696 4857 καὶ

2100 4889 2173 4942 ςὲν
2217 4887 2432 4959 ἑσπέρᾳ
2480 4886 2575 4941 καὶ
2617 4889 2677 4941 ὲν
2724 4886 2931 4958 ἡμέρα.
2958 4887 3125 4940 Ὥστε
3165 4886 3473 4958 κατηγορία
3516 4886 3696 4956 ἀμαρ-

2108 4971 2374 5043 τημάτων
2397 5010 2416 5040 ,
2474 4971 2572 5026 καὶ
2623 4970 2683 5024 οὺ
2727 4969 2882 5034 λύσις
2921 4971 3340 5043 ἁμαρτημάτων
3365 4964 3435 5040 ἦν
3464 4970 3525 5023 16
3549 4968 3697 5040 γινό-

2183 5173 2212 5213 b
2238 5170 2398 5238 9016,,
2423 5173 2581 5235 Regg.
2597 5180 2661 5238 ret
2698 5173 2968 5238 ﬂammei"
2991 5173 3226 5238 olov,_oﬁx
3246 5174 3532 5238 ,ἀμάραι-ἄνει.
3568 5174 3698 5238 ρύδὲ

2112 5236 2203 5300 γὰρ
2252 5235 2454 5300 ἀφείίλων
2488 5236 2740 5300 ἀποθανεῖν
2782 5236 3027 5300 ἀπέθανεν,
3058 5235 3186 5300 οὖδὲᾼ
3196 5235 3539 5300 δι’-,ἀμαρτίας·
3574 5236 3698 5284 άλλὰ

2112 5294 2215 5366 πῶς
2267 5294 2826 5366 ὀφθήσεταιςβολάζων,
2871 5298 3030 5361 φησίν.
3055 5322 3117 5334 --
3138 5294 3338 5366 ASavilii'
3375 5294 3697 5366 εέτίριριταιη,
3734 5318 3745 5329 ·

2114 5357 2212 5427 ian}
2260 5356 2368 5408 ante
2415 5371 2502 5428 nqs
2536 5356 2603 5428 Ain
2649 5363 2781 5427 ιετιιι
2812 5356 3070 5428 retegunt,
3094 5364 3146 5409 ut
3183 5370 3295 5422 qua:
3337 5356 3579 5411 ερηιείιιὶαε
3600 5356 3698 5409 loci

2113 5420 2253 5470 unice
2272 5420 2562 5478 conveniret,
2586 5420 2907 5471 servavimus.
2921 5420 3064 5472 'Emr.

2184 5484 2207 5544 εἴ
2232 5480 2390 5540 Colb.,
2411 5483 2475 5544 τά
2507 5482 2807 5544 χαράγματα.

2183 5542 2325 5612 {sic
2348 5541 2481 5593 Editi
2506 5541 2720 5612 igtCOIb:
2746 5558 2759 5593 :
2783 5550 2849 5612 et_
2871 5542 2921 5593 in
2949 5543 3147 5612 Graecis
3180 5544 3513 5612 Epistolan
3556 5543 3697 5593 Pauli

2115 5603 2264 5653 editis
2284 5604 2390 5652 haec
2428 5603 2558 5653 varia
2596 5603 2748 5655 lectio
2778 5607 3001 5658 affertur.
3029 5608 3093 5658 At
3134 5608 3187 5658 in
3223 5603 3371 5656 textu
3408 5605 3697 5654 Grecorum

2115 5664 2475 5740 gxerpplgrium
2615 5667 2775 5728 abest,
2806 5681 2974 5740 Itaque
3000 5666 3050 5719 in
3088 5669 3298 5734 Vulgata
3318 5679 3484 5730 neque
3510 5665 3561 5717 in
3588 5666 3696 5717 Mu-

2116 5733 2237 5778 tiani
2268 5733 2678 5790 interpretatione
2701 5733 3013 5792 exprimitur.
