4088 6204
401 311 498 366 1‘29

403 417 508 453 non
541 409 703 462 esset,
734 409 785 453 et
815 399 979 453 multa
1005 399 1205 455 offerre.
1233 413 1503 472 Oporteret
1529 406 1812 467 sacrificia,
1835 424 1977 476 sa-pe

402 501 677 562 oporteret
702 493 960 562 crueifigi.
993 493 1231 564 Alioquin
1271 491 1534 566 oportebat
1558 513 1672 550 eum
1698 501 1980 570 frequenter

415 586 522 655 pati
547 586 611 640 ab
639 585 833 654 origine
867 585 1062 642 mundi.
1093 585 1191 640 llic
1217 587 1376 641 etiam
1406 587 1655 658 quiddam
1687 585 1988 640 abscondit.

417 675 571 730 Nunc
591 685 756 728 autem
782 676 937 729 semel
979 677 1030 729 in
1057 676 1485 731 consummatione
1511 677 1830 732 saeculorum.
1863 675 1990 740 Cur,

414 769 483 822 In
507 769 936 822 consummatione
969 769 1267 822 saeculorum
1284 769 1310 822 Ρ
1339 769 1460 823 Post
1485 770 1648 824 multa
1674 778 1912 839 peccata.
1935 767 1992 824 Si

414 866 557 918 enim
591 865 723 917 facta
746 863 970 916 fuissent
991 862 1057 916 ab
1078 863 1250 928 initio,
1273 879 1430 918 nemo
1447 875 1622 919 autem
1651 862 1990 926 credidisset,

413 955 594 1008 omnia
623 969 742 1024 quae
767 952 834 1008 ad
863 954 1218 1009 oeconomiam
1264 957 1536 1026 pertinent
1560 957 1787 1012 fuissent
1827 957 1988 1011 inuti.

408 1045 510 1102 lia:
553 1060 657 1098 non
679 1043 960 1112 oportebat
996 1045 1138 1100 enim
1182 1046 1374 1100 iterum
1411 1047 1549 1101 mori
1589 1047 1882 1111 Christum,
1919 1047 1987 1100 ita

409 1149 464 1191 ut
485 1139 563 1192 sic
579 1137 737 1192 etiam
761 1135 1068 1191 efﬁceretur
1083 1137 1224 1206 quod
1244 1139 1612 1208 quaerebatur:
1633 1139 1885 1210 quoniam
1903 1154 1990 1193 au-

407 1238 513 1282 tem
529 1237 709 1296 postea
725 1228 885 1280 multa
901 1227 1114 1281 fuerunt
1127 1238 1361 1296 peccata,
1378 1229 1570 1283 merito
1586 1238 1709 1284 tunc
1721 1230 1986 1299 apparuit.

407 1319 557 1387 Quod
586 1319 798 1387 quidem
829 1319 959 1372 dicit
988 1320 1148 1374 etiam
1172 1319 1298 1374 alibi
1342 1337 1356 1372 :
1394 1319 1491 1374 Ubi
1515 1320 1786 1374 abundavit
1811 1337 1988 1392 pecca-

408 1421 534 1476 tum,
558 1410 982 1480 superabundavit
1007 1419 1052 1461 et
1077 1411 1241 1480 gratia
1270 1411 1445 1480 (Rom.
1476 1413 1528 1466 5.
1557 1411 1670 1481 20).
1715 1411 1872 1466 Nunc
1891 1428 1986 1465 au-

405 1511 534 1564 tem,
581 1500 788 1568 inquit,
835 1498 992 1552 semel
1017 1499 1072 1553 in
1119 1502 1545 1556 consummatione
1579 1504 1876 1558 steculorum
1918 1503 1986 1556 ad

405 1590 773 1644 destitutionem
817 1589 1006 1658 peccati
1050 1603 1138 1658 per
1168 1588 1384 1642 hostiam
1421 1607 1565 1644 suam
1601 1593 1857 1662 apparuit.
1888 1591 1979 1645 27.

405 1681 468 1735 Et
517 1680 939 1744 quemadmodum
961 1689 1206 1737 statutum
1249 1691 1320 1736 est
1336 1681 1618 1736 hominibus
1641 1685 1795 1738 semel
1829 1685 1977 1750 mori,

403 1783 513 1842 post
540 1773 633 1823 hoc
659 1780 824 1825 autem
841 1771 1116 1840 judicium.

468 1863 524 1915 2.
554 1864 687 1916 Cum
717 1861 1036 1916 ostendisset
1065 1860 1212 1915 illum
1239 1875 1345 1916 non
1377 1876 1520 1932 sazpe
1547 1865 1682 1918 mori
1708 1863 1978 1930 debuisse,

401 1957 527 2011 dicit
555 1957 714 2010 etiam
746 1971 840 2010 cur
874 1955 1041 2010 semel
1070 1965 1149 2009 est
1185 1963 1430 2009 mortuus
1457 1972 1472 2010 :
1507 1971 1698 2026 nempe
1731 1958 1978 2028 quoniam

403 2050 556 2102 tutius
593 2048 782 2102 mortis
825 2045 920 2100 fuit
963 2046 1193 2113 pretium
1242 2045 1626 2115 redemptionis
1668 2065 1682 2102 :
1721 2048 1982 2102 Statutum

400 2149 529 2205 erat,
557 2140 746 2208 inquit,
771 2137 998 2190 omnibus
1023 2136 1306 2190 hominibus
1335 2137 1488 2190 semel
1513 2139 1661 2191 mori.
1697 2139 1806 2194 Iloc
1827 2155 1975 2210 ergo,

400 2232 567 2286 semel
613 2241 857 2284 mortuus
893 2237 995 2296 est,
1035 2244 1132 2299 pro
1175 2230 1424 2285 omnibus
1467 2229 1791 2287 hominibus.
1841 2234 1978 2300 Quid

399 2323 567 2378 vero?
609 2336 791 2376 annon
829 2320 1002 2376 adhuc
1046 2328 1219 2376 morte
1258 2321 1348 2375 illa
1391 2322 1686 2377 morimur?
1725 2323 1980 2381 Morimur

399 2416 636 2488 quidem,
660 2415 755 2472 sed
781 2416 833 2469 in
855 2429 916 2469 ea
943 2428 1048 2469 non
1077 2429 1374 2480 manemus,
1398 2415 1538 2484 quod
1569 2431 1634 2470 ne
1655 2425 1737 2470 est
1761 2417 1977 2486 quidem

400 2510 560 2565 mori.
601 2508 780 2562 Mortis
823 2506 962 2561 enim
1007 2505 1246 2576 tyrannis
1285 2515 1338 2561 et
1379 2521 1505 2562 vere
1551 2517 1632 2561 est
1681 2507 1767 2561 illa
1807 2523 1974 2578 mors,

396 2600 614 2674 quando
641 2608 846 2654 mortuo
873 2613 979 2653 non
1006 2606 1087 2652 est
1112 2596 1342 2667 amplius
1369 2613 1682 2653 concessum
1709 2608 1765 2652 ut
1795 2601 1976 2655 redeat

393 2694 462 2747 ad
493 2693 657 2746 vitam
695 2709 708 2745 :
739 2689 952 2760 quando
979 2699 1155 2743 autem
1189 2689 1333 2742 vivet
1374 2698 1496 2758 post
1533 2698 1782 2756 mortem,
1816 2690 1976 2761 idque

393 2784 501 2838 vita
529 2782 778 2848 meliore,
807 2780 912 2836 hoc
937 2795 1045 2835 non
1076 2789 1158 2834 est
1185 2794 1331 2834 mors
1350 2819 1366 2846 ,
1403 2779 1497 2834 sed
1527 2780 1794 2836 dormitio.
1827 2784 1973 2850 Quo-

391 2877 540 2933 niam
581 2890 706 2946 ergo
751 2873 989 2928 futurum
1031 2881 1147 2928 erat
1193 2881 1250 2926 ut
1288 2885 1432 2926 mors
1469 2886 1659 2926 omnes
1687 2874 1970 2940 detineret,

390 2978 679 3041 praptcrea
723 2976 805 3024 est
854 2975 1096 3022 mortuus
1140 2973 1196 3019 ut
1235 2980 1334 3020 nos
1382 2965 1656 3020 liberaret.
1684 2965 1776 3023 28.
1807 2967 1897 3022 Sic
1925 2977 1974 3022 et

389 3061 622 3116 Christus
663 3059 815 3114 semel
855 3058 1052 3112 oblatus
1095 3066 1186 3110 est.
1227 3057 1271 3110 A
1301 3071 1408 3126 quo
1436 3057 1689 3112 oblatus?
1719 3058 1760 3111 A
1793 3059 1973 3126 seipso

387 3151 614 3207 scilicet.
647 3149 742 3204 Hic
773 3165 880 3203 non
909 3147 1080 3202 solum
1106 3162 1226 3201 eum
1257 3145 1385 3201 dicit
1409 3147 1764 3214 sacerdotem,
1794 3149 1888 3205 sed
1919 3160 1974 3206 et

389 3243 617 3298 hostiam
648 3250 702 3297 et
731 3239 1072 3296 sacriﬁcium.
1121 3237 1326 3293 Deinde
1360 3253 1576 3293 causam
1605 3238 1758 3294 affert
1783 3255 1880 3296 cur
1902 3242 1974 3296 sit

388 3334 597 3388 oblatus
623 3350 636 3385 :
662 3330 872 3393 Semel,
905 3326 1095 3398 inquit,
1128 3327 1325 3382 oblatus
1363 3328 1430 3380 ad
1470 3327 1746 3383 multorum
1782 3333 1974 3385 exhau-

389 3413 570 3468 rienda
597 3423 817 3487 peccata.
850 3413 959 3468 Cur
983 3416 1270 3471 multorum
1296 3425 1352 3472 et
1380 3431 1486 3470 non
1515 3415 1786 3470 omnium?
1823 3414 1968 3478 Quo-

385 3503 532 3557 niam
562 3517 670 3557 nou
701 3517 890 3558 omnes
918 3504 1282 3560 crediderunt.
1327 3506 1431 3560 Pro
1465 3504 1714 3558 omnibus
1749 3501 1964 3573 quidem

385 3607 470 3650 est
495 3606 757 3663 mortuus,
789 3606 845 3651 ut
884 3611 1071 3652 omnes
1110 3609 1370 3666 servaret,
1397 3607 1651 3668 quantum
1688 3595 1755 3650 ad
1797 3595 1968 3665 ipsum

388 3689 610 3742 attinet:
630 3703 774 3743 mors
803 3689 945 3742 enim
976 3689 1060 3742 illa
1078 3705 1144 3745 ex
1165 3705 1320 3760 arquo
1350 3689 1706 3757 respondebat
1731 3687 1968 3742 omnium

392 3780 676 3835 interitui:
721 3797 825 3834 non
869 3781 1114 3836 exhausit
1157 3792 1336 3837 autem
1382 3791 1438 3836 et
1475 3781 1686 3836 sustulit
1731 3781 1969 3835 omnium

390 3882 631 3940 peccata,
667 3881 948 3942 propterea
977 3874 1117 3943 quod
1146 3875 1246 3945 ipsi
1273 3875 1560 3929 noluerint.
1586 3873 1723 3942 Quid
1757 3883 1839 3927 est
1864 3887 1960 3926 au-

393 3972 526 4026 tem,
583 3960 778 4016 Tollere
825 3965 1070 4031 peccata?
1098 3964 1249 4020 Sicut
1275 3966 1327 4020 in
1353 3965 1627 4020 oblatione
1654 3963 1972 4034 proferimus

388 4054 551 4106 etiam
575 4063 790 4122 peccata
817 4055 1058 4112 dicentes
1081 4075 1092 4110 :
1116 4058 1242 4113 Sive
1264 4059 1527 4121 volentes.
1549 4059 1663 4112 sive
1679 4056 1826 4111 inviti
1846 4071 1971 4125 pec-

390 4146 653 4212 cavimus,
677 4146 921 4202 condona
949 4165 964 4202 :
989 4149 1092 4204 hoc
1122 4159 1224 4217 est,
1255 4151 1484 4220 primum
1516 4151 1754 4216 ipsorum
1782 4149 1972 4204 memi-

391 4235 592 4300 nimus,
631 4246 686 4292 et
709 4247 835 4292 tunc
863 4239 1093 4308 petimus
1137 4250 1194 4295 ut
1227 4241 1638 4296 condonentur:
1673 4240 1774 4296 hoc
1801 4241 1973 4310 ipsum

394 4324 484 4380 hic
509 4341 724 4398 quoque
753 4327 830 4382 ﬁt.
865 4328 965 4383 Ubi
995 4331 1096 4385 hoc
1133 4329 1260 4386 fecit
1287 4332 1566 4387 Christus?
1610 4333 1747 4387 Audi
1801 4333 1970 4401 ipsmn

397 4415 667 4471 dicentem
694 4434 706 4470 :
734 4416 802 4470 Et
827 4434 916 4486 pro
944 4419 1068 4488 ipsis
1091 4423 1353 4490 sanctiﬁco
1381 4423 1623 4490 meipsum
1651 4423 1668 4490 (
1692 4421 1850 4475 Joan.
1885 4423 1970 4475 17.

396 4505 512 4576 I9).
552 4507 774 4562 Peccata
805 4508 1022 4564 abstulit
1054 4511 1120 4565 ab
1144 4512 1464 4578 hominibus,
1498 4521 1553 4566 et
1584 4512 1726 4566 Patri
1755 4512 1968 4576 obtulit,

395 4613 503 4651 non
535 4606 595 4650 ut
620 4597 825 4668 aliquid
851 4598 1106 4654 adversus
1134 4601 1278 4670 ipsos
1303 4610 1595 4666 statueret,
1639 4601 1730 4656 sed
1773 4611 1829 4655 ut
1863 4603 1976 4671 ipsa

394 4689 717 4744 remitteret.
765 4689 1002 4744 Secundo
1041 4691 1150 4744 sine
1190 4701 1394 4761 peccato
1423 4691 1685 4762 apparebit
1715 4691 1974 4757 omnibus,

396 4780 592 4848 inquit,
613 4779 1020 4848 exspectantibus
1045 4797 1158 4836 eum
1181 4783 1234 4836 in
1255 4783 1487 4838 salutem.
1517 4781 1654 4848 Quid
1675 4792 1758 4838 est
1777 4791 1976 4849 autem,

397 4872 524 4926 Sine
550 4872 800 4942 peccato?
827 4871 942 4926 Non
970 4873 1035 4928 ad
1068 4883 1283 4944 peccata
1314 4874 1621 4940 delendum,
1651 4889 1826 4945 neque
1852 4889 1978 4944 pro-

397 4975 519 5032 pter
542 4963 852 5032 iniquitates
879 4964 1071 5020 iterum
1100 4966 1314 5031 veniet,
1343 4975 1404 5021 ut
1433 4981 1646 5022 rursum
1678 4967 1937 5022 moriatur
1963 4983 1978 5020 :

349 5117 358 5126 _
399 5070 507 5106 non
537 5054 682 5108 enim
713 5053 855 5124 quod
891 5056 1057 5110 semel
1099 5064 1339 5111 mortuus
1373 5060 1474 5122 sit,
1508 5058 1646 5114 mori
1673 5057 1876 5113 debeas
1899 5065 1984 5114 est

401 5155 665 5200 mortuus.
699 5148 983 5214 Quomodo
1006 5149 1324 5217 apparebit?
1355 5150 1609 5220 Punicus,
1649 5152 1842 5223 inquit.
1874 5150 1981 5207 Sed

402 5237 505 5291 hoc
527 5253 632 5293 non
655 5239 808 5304 dixit,
834 5254 1016 5295 verum
1047 5241 1096 5295 id
1122 5242 1263 5310 quod
1289 5254 1370 5299 est
1391 5244 1567 5298 laetum
1588 5255 1641 5300 et
1665 5243 1982 5314 jucundum,

404 5330 531 5384 Sine
558 5340 761 5401 peccato
794 5333 1057 5403 apparebit
1087 5334 1149 5387 iis
1177 5335 1267 5403 qui
1298 5336 1461 5404 ipsum
1489 5345 1778 5404 exspectant
1804 5336 1872 5389 ad
1895 5353 1984 5390 sa-

404 5422 558 5476 lutem
587 5439 607 5476 :
631 5431 689 5477 ut
715 5423 784 5478 de
810 5432 1007 5478 caetero
1034 5439 1140 5479 non
1161 5426 1387 5495 amplius
1407 5440 1540 5494 Opus
1564 5425 1792 5480 habeant
1819 5427 1986 5480 sacri-

409 5515 546 5576 ficio,
572 5521 626 5566 ut
652 5513 786 5568 salvi
817 5514 946 5579 sint,
977 5514 1070 5569 sed
1098 5531 1163 5570 ex
1194 5515 1446 5584 operibus
1469 5515 1569 5570 hoc
1596 5516 1806 5571 faciant.
1837 5515 1982 5589 (Cap.

410 5602 583 5670 10H.
617 5603 862 5658 Umbram
912 5606 1066 5672 enim,
1114 5606 1304 5675 inquit,
1350 5606 1534 5660 habens
1581 5607 1662 5661 lea:
1701 5609 1989 5679 futurorum

408 5695 665 5754 bonorum.
697 5711 799 5749 non
833 5696 1002 5762 ipsam
1041 5696 1309 5764 imaginem
1345 5712 1509 5752 rerum
1545 5697 1690 5754 :hoc
1729 5708 1808 5753 est
1830 5740 1844 5766 ,
1885 5714 1988 5753 non

1207 311 1271 365 IN
1312 309 1524 366 EPIST.
1571 310 1660 364 AD
1701 309 2059 367 IIEBRA‘ZUS.
2101 310 2254 366 CAP.
2298 309 2367 365 Χ.
2413 309 2645 365 HOMIL~
2687 307 2849 364 XVII.

3549 312 3651 371 I50

2075 409 2244 478 ipsam
2285 409 2587 464 veritatem.
2632 410 3090 478 Quemadmodum
3122 413 3263 468 enim
3296 414 3350 469 in
3379 415 3611 488 imagine
3636 461 3652 487 ,

2074 501 2245 555 donec
2276 501 2497 570 picturas
2527 501 2692 556 additi
2723 501 2920 557 fuerint
2945 505 3152 559 colores
3174 546 3188 569 ,
3227 521 3334 560 non
3364 507 3545 564 videre
3574 522 3660 566 est

2075 591 2176 645 nisi
2210 591 2450 645 umbram
2486 601 2724 655 tantum;
2760 593 2847 647 ubi
2879 609 3027 662 vero,
3058 595 3332 652 coloribus
3359 598 3655 670 impositis,

2075 682 2217 736 nitor
2247 682 2574 751 supervenit,
2602 691 2726 737 tunc
2758 682 2814 736 ﬁt
2843 683 3038 755 imago.
3083 686 3213 742 Tale
3255 689 3525 759 quidpiam
3573 692 3654 746 lex

2076 790 2287 845 quoque
2315 783 2450 830 erat.
2484 773 2724 829 Umbram
2751 775 2902 842 enim,
2928 777 3120 848 inquit,
3145 779 3332 834 habens
3353 782 3435 836 lea:
3461 785 3660 854 futuro-

2074 877 2192 914 rum
2223 861 2500 924 bonorum,
2537 878 2640 914 non
2676 864 2846 930 ipsam
2872 865 3152 932 imaginem
3185 880 3390 930 rerum;
3419 865 3524 920 hoc
3549 872 3655 930 est,

2072 951 2350 1015 sacrificii,
2370 951 2731 1006 remissionis.
2751 952 2852 1006 Per
2874 954 3108 1023 singulos
3133 970 3295 1006 annos
3317 954 3656 1024 eisdemipsis

2071 1043 2280 1107 hostiis,
2317 1058 2450 1112 quas
2492 1041 2720 1110 o/ferunt
2755 1043 3132 1108 indesinenter,
3171 1061 3456 1114 numquam
3487 1055 3658 1115 potest

2073 1135 2376 1189 accedentes
2401 1134 2658 1204 perfectos
2685 1136 2858 1205 facere
2878 1153 2895 1190 :
2917 1136 2971 1190 2.
3001 1137 3204 1207 alioqui
3229 1154 3331 1190 non
3359 1147 3656 1192 cessassent

2071 1225 2275 1293 offerri,
2306 1225 2422 1277 ideo
2450 1223 2597 1294 quod
2616 1225 2818 1278 nullam
2847 1225 3094 1280 haberent
3115 1228 3258 1280 ultra
3279 1228 3655 1282 conscientiam

2069 1317 2297 1372 cultores
2327 1319 2484 1370 semel
2516 1317 2758 1371 mundati
2774 1335 2791 1373 :
2809 1319 2862 1374 5.
2886 1323 2975 1373 sed
2997 1321 3050 1373 in
3072 1321 3202 1389 ipsis
3221 1322 3654 1376 commemoratio

2068 1417 2399 1477 peccatorum
2427 1424 2520 1477 per
2547 1409 2786 1480 singulos
2817 1427 2983 1466 annos
3013 1413 3094 1480 ﬁt.
3125 1412 3180 1465 4.
3216 1411 3555 1483 lmpossibile
3571 1424 3653 1468 est

2068 1499 2202 1551 enim
2237 1500 2481 1569 sanguine
2521 1510 2778 1552 taurorum
2813 1508 2860 1552 et
2897 1499 3154 1552 hircorum
3192 1501 3381 1569 auferri
3416 1511 3643 1570 peccata.

2067 1589 2123 1644 5.
2153 1589 2278 1643 Ideo
2299 1591 2582 1661 ingrediens
2608 1590 2872 1654 mundum,
2905 1590 3028 1643 dicit
3058 1606 3076 1642 :
3106 1588 3340 1644 Ilostiam
3367 1601 3414 1644 et
3441 1591 3649 1644 oblatio-

2069 1697 2181 1736 nem
2210 1681 2432 1746 noluisti,
2463 1698 2646 1749 corpus
2670 1691 2837 1734 autem
2867 1681 3054 1750 optasti
3082 1681 3207 1733 mihi
3231 1697 3250 1733 :
3274 1681 3325 1735 6.
3355 1681 3649 1734 holocausta

2067 1781 2114 1824 et
2144 1787 2235 1840 pro
2259 1781 2462 1841 peccato
2488 1787 2585 1824 non
2617 1771 2705 1824 tibi
2729 1772 3044 1840 placuerunt.
3080 1772 3131 1824 7.
3165 1771 3309 1824 Tunc
3336 1773 3442 1825 dixi
3475 1787 3493 1824 :
3520 1770 3650 1827 Ecce

2069 1864 2209 1917 venio
2246 1864 2323 1933 (in
2357 1864 2517 1933 capite
2545 1863 2659 1917 libri
2688 1864 2930 1933 scriptum
2957 1871 3026 1917 est
3056 1862 3119 1915 de
3149 1862 3281 1930 me),
3319 1873 3372 1916 ut
3414 1864 3601 1933 faciam
3627 1903 3644 1929 ,

2067 1956 2207 2011 Deus
2226 1997 2240 2019 ,
2277 1956 2583 2010 voluntatem
2621 1970 2778 2008 tuam.
2813 1954 2866 2008 8.
2900 1953 3148 2021 Superius
3173 1955 3363 2020 dicens,
3393 1955 3530 2024 quod
3555 1955 3648 2008 ho-

2065 2049 2213 2116 stias,
2241 2049 2516 2103 oblationes
2545 2059 2591 2102 et
2622 2048 3029 2101 holocautomata
3054 2063 3148 2116 pro
3175 2056 3374 2114 peccato
3403 2047 3610 2100 noluisti
3628 2090 3643 2115 ,

2067 2156 2157 2193 nec
2203 2140 2393 2209 placita
2432 2149 2546 2192 sunt
2581 2138 2670 2191 tibi
2711 2154 2824 2208 qua:
2851 2137 3126 2192 secundum
3156 2139 3313 2209 legem
3341 2137 3644 2206 oﬂ'eruntur,

2065 2230 2120 2287 9.
2150 2240 2267 2283 tunc
2291 2230 2400 2283 dixi
2420 2245 2438 2282 :
2467 2229 2600 2282 Ecce
2623 2231 2786 2292 uenio,
2817 2240 2872 2282 ut
2902 2230 3090 2298 faciam
3109 2270 3123 2295 ,
3156 2226 3312 2293 Deus,
3342 2230 3647 2282 voluntatem

2069 2330 2227 2374 tuam.
2253 2321 2433 2390 Aufert
2463 2324 2700 2389 primum,
2727 2329 2780 2373 ut
2804 2337 3012 2389 sequens
3038 2329 3245 2374 statuat.
3276 2320 3436 2376 Vides
3463 2336 3648 2375 rursus

2067 2413 2487 2468 abundantiam?
2525 2413 2637 2468 Una
2663 2424 2764 2479 est,
2796 2413 2994 2484 inquit,
3030 2412 3142 2467 haec
3174 2413 3381 2480 hostia;
3413 2413 3516 2468 illa:
3546 2428 3646 2469 au-

2068 2514 2176 2562 tem
2208 2509 2388 2561 multa:
2418 2525 2431 2562 :
2464 2507 2583 2562 ideo
2608 2508 2748 2562 enim
2778 2523 2877 2562 nec
2901 2507 3111 2572 validae,
3145 2507 3267 2576 quia
3293 2517 3416 2562 sunt
3446 2509 3646 2564 multae.

2138 2601 2190 2656 5.
2225 2601 2492 2670 Sacriﬁcia
2511 2599 2812 2656 Iudaeorum
2837 2619 2988 2673 quam
3007 2603 3306 2672 inﬁrma.——
3321 2603 3456 2670 Quid
3479 2604 3645 2674 enim,

2066 2692 2154 2748 dic
2177 2708 2382 2763 quasso,
2414 2709 2547 2763 opus
2577 2703 2686 2749 erat
2718 2694 2920 2758 multis,
2943 2710 3064 2748 cum
3093 2710 3198 2750 una
3225 2695 3491 2751 sufﬁciat?
3516 2696 3650 2751 Pro-

2069 2793 2252 2853 pterea
2292 2785 2495 2847 multm,
2527 2793 2580 2839 et
2608 2784 2750 2855 quod
2781 2800 2996 2854 semper
3017 2784 3329 2852 offerantur,
3361 2785 3651 2840 ostendunt

2066 2889 2162 2930 eos
2192 2891 2480 2947 numquam
2515 2877 2780 2930 mundari.
2827 2875 2975 2930 Sicut
3002 2877 3143 2931 enim
3173 2878 3645 2946 medicamentum,

2066 2983 2188 3023 cum
2225 2968 2388 3023 fuerit
2414 2968 2678 3033 validum,
2710 2977 2764 3022 et
2792 2968 3033 3022 efficiens
3071 2969 3346 3031 sanitatis,
3383 2978 3436 3023 et
3467 2969 3649 3025 valens

2067 3074 2282 3116 omnem
2315 3059 2557 3112 morbum
2589 3058 2920 3127 propulsare,
2953 3059 3122 3113 semel
3153 3060 3456 3129 impositum
3488 3061 3650 3116 efﬁcit

2069 3151 2379 3205 universum
2411 3167 2423 3204 :
2453 3150 2594 3220 quod
2637 3150 2682 3203 si
2721 3151 2888 3204 semel
2927 3151 3230 3220 impositum
3261 3161 3426 3205 totum
3455 3168 3648 3221 opera-

2072 3251 2187 3303 tur,
2217 3239 2452 3294 ostendit
2476 3240 2580 3293 vim
2608 3254 2756 3294 suam
2787 3255 2852 3294 eo
2890 3239 3028 3310 quod
3069 3255 3172 3294 non
3210 3241 3437 3310 amplius
3475 3243 3650 3311 impo-

2071 3338 2249 3395 natur,
2279 3340 2331 3384 et
2358 3329 2456 3383 hoc
2481 3339 2563 3385 est
2587 3331 2752 3400 ipsius
2773 3346 2925 3398 opus,
2951 3329 3088 3398 quod
3117 3347 3221 3383 non
3245 3330 3472 3399 amplius
3495 3348 3652 3387 usur-

2072 3418 2264 3480 petur:
2291 3410 2375 3465 sin
2397 3417 2578 3464 autem
2605 3411 3172 3482 semperimponatur,
3190 3421 3273 3466 est
3297 3413 3645 3482 perspicuum

2071 3501 2215 3572 quod
2237 3503 2438 3556 nullam
2463 3501 2569 3556 vim
2599 3502 2887 3570 habuerit;
2921 3511 3004 3558 est
3025 3502 3169 3557 enim
3199 3502 3375 3558 virtus
3405 3503 3645 3560 medica-

2073 3591 2240 3645 menti
2276 3591 2440 3644 semel
2475 3590 2704 3659 imponi,
2736 3598 2789 3644 et
2817 3606 2926 3644 non
2961 3605 3103 3660 szepe
3132 3611 3142 3642 :
3181 3590 3252 3644 ita
3279 3591 3368 3644 hic
3397 3607 3646 3661 quoque;

2071 3697 2170 3736 cur
2198 3682 2414 3735 tandem
2442 3680 2632 3735 iisdem
2661 3696 2877 3750 semper
2907 3689 3171 3736 curantur
3194 3679 3576 3736 hostiisiNam
3601 3682 3648 3736 si

2079 3780 2262 3828 essent
2288 3772 2498 3826 liberati
2529 3771 2596 3824 ab
2624 3773 2880 3825 omnibus
2904 3771 3164 3841 peccatis,
3190 3785 3298 3824 non
3321 3771 3651 3827 offerrentur

2077 3863 2272 3918 hostiae
2303 3861 2545 3931 quotidie
2577 3879 2590 3915 :
2616 3869 2774 3914 erant
2803 3861 2946 3914 enim
2986 3860 3316 3924 constitutae,
3348 3868 3408 3914 ut
3431 3876 3652 3931 semper

2074 3953 2399 4008 offerrentur
2429 3968 2525 4022 pro
2550 3953 2750 4022 populo
2779 3951 3057 4014 universo,
3083 3958 3136 4004 et
3160 3965 3383 4018 vespere
3404 3959 3456 4004 et
3480 3951 3651 4006 inter-

2071 4035 2180 4089 diu.
2218 4037 2344 4091 Erat
2377 4037 2552 4108 itaque
2583 4038 2634 4092 id
2661 4041 2800 4109 quod
2830 4040 3026 4106 ﬁebat,
3060 4051 3399 4110 peccatorum
3427 4057 3648 4097 accusa-

2072 4128 2166 4194 tio,
2198 4145 2302 4183 non
2333 4130 2560 4195 solutio;
2593 4134 2862 4187 accusatio
2893 4133 3238 4201 inﬁrmitatis,
3269 4151 3372 4190 non
3410 4136 3648 4192 ostensio

2070 4217 2302 4272 virtutis.
2348 4219 2478 4273 Nam
2526 4221 2777 4289 quoniam
2824 4223 2989 4292 prima
3042 4224 3174 4278 nihil
3222 4225 3499 4290 valuerat,
3545 4226 3648 4280 alia

2071 4325 2281 4380 quoque
2306 4311 2660 4378 offerebatur;
2693 4323 2748 4368 et
2775 4316 3027 4384 quoniam
3058 4315 3169 4384 ipsa
3199 4315 3333 4369 nihil
3359 4317 3652 4382 efficiebat,

2070 4415 2256 4456 rursus
2290 4403 2392 4456 alia
2423 4421 2436 4454 :
2467 4411 2521 4456 et
2560 4403 2680 4458 ideo
2723 4405 2810 4457 illa
2841 4415 2958 4459 erat
2990 4413 3324 4473 peccatorum
3364 4409 3647 4462 convictio.

2071 4493 2246 4563 Atque
2271 4494 2411 4564 quod
2442 4494 2698 4550 offeratur
2725 4497 2974 4565 quidem,
3011 4498 3183 4567 arguit
3219 4507 3468 4567 peccata;
3505 4499 3649 4568 quod

2070 4597 2248 4642 autem
2281 4602 2523 4659 semper,
2552 4589 2726 4659 arguit
2753 4589 3192 4644 imbecillitatem.
3223 4589 3279 4643 In
3311 4587 3524 4644 Christo
3551 4605 3648 4644 au-

2073 4692 2179 4737 tem
2207 4692 2390 4737 contra
2423 4701 2436 4737 :
2466 4683 2633 4738 semel
2663 4693 2746 4739 est
2773 4683 3004 4750 oblatus,
3035 4692 3090 4739 et
3121 4683 3173 4737 in
3207 4692 3517 4753 perpetuum
3558 4696 3648 4736 sa-

2073 4776 2140 4830 tis
2168 4775 2285 4830 fuit.
2324 4776 2403 4832 Ac
2441 4786 2584 4832 recte
2613 4776 2748 4831 dixit
2791 4777 2881 4830 illa
2920 4776 3242 4845 exemplaria
3276 4792 3290 4827 :
3320 4787 3449 4843 ergo
3475 4775 3648 4830 solum

2073 4865 2272 4922 habent
2296 4877 2494 4938 typum,
2526 4882 2630 4921 non
2657 4868 2909 4922 virtutem
2942 4883 2954 4921 :
2986 4868 3125 4921 sicut
3152 4868 3203 4920 in
3236 4865 3554 4937 imaginibus
3583 4865 3648 4918 ﬁ-

2073 4976 2258 5030 guram
2298 4960 2529 5014 hominis
2577 4959 2739 5014 habet
2775 4961 2970 5029 imago,
3004 4975 3106 5012 non
3145 4959 3414 5014 virtutem.
3447 4959 3563 5028 Quo
3593 4958 3649 5013 ﬁt

2074 5061 2132 5105 ut
2154 5067 2336 5106 verum
2357 5059 2410 5106 et
2433 5051 2598 5120 ﬁgura
2621 5049 2852 5105 habeant
2877 5051 3014 5105 inter
3035 5063 3092 5104 se
3113 5049 3312 5120 aliquid
3333 5065 3648 5106 commune:

2077 5159 2172 5215 par
2214 5153 2297 5198 est
2334 5143 2475 5198 enim
2523 5144 2718 5212 figura,
2753 5142 2921 5196 virtus
2962 5151 3138 5197 autem
3181 5159 3534 5216 nequaquam.
3575 5144 3650 5198 Ita

2074 5238 2232 5292 etiam
2261 5236 2312 5290 in
2335 5236 2468 5291 caelo
2489 5245 2541 5290 et
2566 5236 2619 5290 in
2648 5235 3023 5301 tabernaculo;
3055 5246 3172 5291 erat
3191 5239 3330 5293 enim
3356 5255 3448 5307 par
3471 5247 3646 5308 typus,

2074 5337 2228 5382 erant
2254 5329 2394 5383 enim
2427 5337 2642 5393 sancta;
2689 5328 2857 5381 virtus
2886 5338 3062 5383 autem
3095 5339 3148 5384 et
3177 5328 3281 5383 alia
3310 5343 3413 5381 non
3440 5329 3649 5384 eadem.

2075 5418 2211 5486 Quid
2253 5428 2354 5484 est,
2401 5419 2482 5472 Ad
2526 5419 2903 5473 destitutionem
2940 5421 3126 5486 peccati
3152 5435 3242 5490 per
3266 5419 3480 5471 hostiam
3508 5436 3656 5474 suam

2075 5511 2364 5582 apparuit?
2413 5511 2539 5581 quid
2583 5520 2667 5567 est
2707 5510 3018 5567 destitutio?
3058 5511 3368 5580 Abrogatio,
3411 5519 3653 5566 contem-

2077 5606 2222 5674 ptio;
2272 5615 2547 5674 peccatum
2603 5621 2707 5660 non
2765 5604 2925 5658 habet
2962 5601 3184 5672 amplius
3223 5601 3468 5659 ﬁduciam
3511 5621 3526 5660 :
3563 5605 3654 5660 dc—

2077 5695 2316 5750 stitutum
2369 5697 2512 5752 enim
2557 5706 2642 5754 est
2691 5702 2990 5768 peccatum.
3045 5693 3365 5763 Quomodo?
3423 5694 3658 5751 Debebat
