4088 6204
436 333 530 391 iiii

427 434 638 489 pmnam
667 416 959 486 suscipere,
990 428 1096 469 non
1124 412 1359 479 suscepit
1387 418 1565 462 autem
1591 423 1603 457 :
1630 405 1731 459 hoc
1759 414 1872 470 cst,
1901 402 2007 457 vim

427 520 511 567 est
554 526 767 582 passum
799 528 811 563 :
840 507 1056 579 quando
1082 504 1427 575 exspectabat
1464 499 1582 555 fore
1625 506 1685 553 ut
1724 511 1916 552 omnes
1942 495 2009 551 de

449 600 627 654 medio
657 594 1073 663 tolleret,ipsum
1101 602 1185 644 est.
1208 592 1273 644 de
1300 589 1473 643 medio
1500 587 1788 641 sublatum.
1807 585 1909 638 Per
1922 584 2018 637 Ite-

448 693 596 746 stiam
621 706 765 744 suam
797 686 1032 757 apparuit
1053 700 1072 748 ;
1110 683 1210 736 hoc
1235 691 1336 744 est,
1367 680 1737 734 manifestatus
1760 687 1843 732 est
1875 678 1983 731 Deo
2003 718 2018 737 ,

450 784 514 837 ad
554 797 673 836 eum
710 777 954 832 accessit.
1001 775 1115 829 Non
1154 774 1310 844 igitur
1347 771 1596 840 quoniam
1639 768 1890 823 sacerdos
1920 767 2022 821 hoc

450 885 593 940 saepe
620 870 744 923 facit
769 867 820 921 in
843 881 1004 928 anno,
1027 873 1182 934 putes
1212 862 1312 915 hoc
1341 873 1625 929 utcumque
1650 869 1705 914 et
1729 872 1834 911 non
1855 857 1923 911 ob
1945 857 2026 910 in-

453 958 756 1013 ﬁrmitatem
786 954 901 1009 ﬁeri
928 972 942 1007 :
970 955 1012 1006 si
1042 968 1145 1005 non
1168 951 1237 1004 ob
1268 950 1661 1009 inﬁrmitatem,
1693 962 1791 1000 cur
1813 945 2023 999 tandem

455 1047 691 1102 ﬁebant?
735 1045 959 1100 sublatis
998 1041 1305 1097 vulneribus
1328 1080 1343 1104 ,
1383 1055 1487 1093 non
1518 1037 1743 1107 amplius
1776 1051 1910 1106 opus
1944 1045 2027 1090 est

451 1137 876 1193 medicamentis.
901 1136 1187 1204 Propterea
1205 1131 1382 1199 jussit.
1403 1131 1585 1197 inquit,
1615 1143 1830 1198 semper
1848 1127 2024 1181 afferri

451 1237 671 1297 propter
699 1226 1058 1282 inﬁrmitatem
1086 1262 1102 1288 ,
1130 1232 1292 1290 utque
1322 1229 1539 1291 peccata
1567 1227 1945 1272 revocarentur
1972 1217 2025 1270 in

452 1318 788 1376 memoriam.
839 1314 977 1382 Quid
1017 1313 1178 1367 vero?
1219 1326 1396 1365 annon
1439 1324 1537 1364 nos
1572 1308 1808 1378 quotidie
1847 1306 2027 1360 oll‘eri-

455 1409 611 1466 mus?
637 1408 920 1463 Oﬁ'erimus
944 1405 1182 1476 quidem,
1202 1402 1295 1457 sed
1320 1402 1435 1470 ejus
1463 1412 1689 1454 mortem
1719 1412 2028 1453 revocamus

456 1505 510 1557 in
537 1501 847 1556 memoriam
874 1519 887 1553 :
911 1507 963 1552 et
986 1498 1095 1566 ipsa
1128 1512 1228 1550 una
1252 1507 1354 1560 est,
1381 1509 1486 1547 non
1520 1493 1720 1546 multm.
1751 1490 2029 1558 Quomodo

458 1608 559 1648 una
583 1601 684 1656 est,
706 1606 810 1644 non
834 1588 1050 1642 multae?
1074 1585 1334 1652 Quoniam
1363 1584 1529 1638 semel
1558 1582 1653 1636 fuit
1679 1582 1874 1645 oblata,
1895 1582 2031 1635 sicut

459 1683 549 1736 illa
576 1680 674 1734 fuit
705 1680 756 1734 in
788 1688 969 1733 sancta
996 1684 1324 1733 sanctorum.
1360 1672 1470 1726 Hoc
1500 1682 1582 1725 est
1610 1673 1773 1738 ﬁgura
1801 1670 1961 1733 illius,
1979 1679 2033 1722 et

459 1774 572 1842 ipsa
614 1771 803 1825 istius:
835 1765 1081 1822 eumdem
1130 1763 1271 1818 enim
1315 1777 1526 1830 semper
1567 1760 1875 1821 oderimus,
1925 1773 2029 1813 non

459 1876 597 1915 nunc
631 1859 810 1918 aliam,
837 1871 955 1910 cras
979 1854 1139 1907 aliam
1163 1866 1317 1906 ovem
1338 1891 1353 1916 ,
1393 1849 1486 1904 sed
1523 1863 1736 1917 semper
1763 1847 2029 1903 eamdem.

457 1950 812 2021 Quamobrem
839 1961 997 2000 unum
1019 1953 1099 1999 est
1121 1942 1435 1997 sacriﬁcium
1463 1949 1681 2011 propter
1708 1941 1842 1994 hanc
1870 1941 2034 1994 ratio-

459 2058 579 2097 nem
612 2058 625 2095 :
655 2038 889 2108 alioquin
928 2036 1028 2090 hac
1070 2033 1273 2089 ratione
1294 2074 1309 2100 ,
1340 2033 1589 2099 quoniam
1618 2032 1799 2085 multis
1816 2031 1874 2103 in
1904 2032 2034 2084 locis

458 2131 698 2194 oliertur,
724 2128 944 2181 multine
970 2133 1093 2178 sunt
1122 2122 1318 2177 Christi
1336 2122 1363 2175 ’ἐ
1388 2121 1753 2190 Nequaquam,
1779 2120 1871 2174 sed
1899 2136 2034 2175 unus

458 2225 653 2293 tibique
682 2220 946 2282 Christus,
966 2217 1054 2287 qui
1079 2229 1133 2270 et
1161 2215 1247 2269 hic
1275 2212 1363 2269 est‘
1381 2213 1589 2284 plenus,
1614 2222 1667 2267 et
1694 2213 1801 2267 illic
1824 2213 2031 2281 plenus,

461 2329 624 2369 unum
653 2325 865 2381 corpus.
909 2309 977 2365 Ut
1020 2323 1146 2377 ergo
1186 2305 1364 2359 multis
1392 2305 1441 2358 in
1469 2304 1601 2358 locis
1630 2303 1840 2357 oblatus
1869 2319 2034 2358 unum

461 2415 543 2461 est
566 2419 780 2474 corpus,
798 2412 852 2457 et
880 2416 982 2455 non
1013 2400 1172 2454 multa
1193 2412 1451 2467 corpora:
1478 2398 1548 2452 ita
1575 2397 1736 2451 etiam
1764 2413 1924 2450 tntum
1955 2406 2037 2450 est

463 2495 799 2550 sacriﬁcium.
841 2489 1083 2546 Pontifex
1118 2497 1301 2544 noster
1344 2488 1430 2540 ille
1469 2496 1551 2540 est
1587 2488 1675 2555 qui
1712 2485 1902 2540 obtulit
1944 2486 2040 2540 ho-

464 2590 650 2649 stiam,
679 2600 797 2655 qua:
825 2598 921 2637 nos
951 2579 1189 2635 mundat.
1233 2578 1378 2632 lllam
1426 2593 1565 2632 nunc
1605 2592 1814 2647 quoque
1852 2576 2037 2631 offeri-

466 2694 605 2743 mus,
627 2693 746 2748 quae
778 2686 901 2730 tunc
929 2674 1024 2727 fuit
1053 2672 1230 2726 oblata
1250 2711 1264 2731 ,
1294 2685 1409 2739 quae
1440 2685 1545 2723 non
1574 2678 1747 2738 potest
1771 2668 2035 2723 consumi.

468 2774 577 2828 lioc
607 2772 663 2825 ﬁt
697 2771 748 2825 in
789 2767 1210 2824 recordationem
1237 2766 1354 2835 ejus
1378 2765 1517 2834 quod
1543 2778 1668 2819 tunc
1691 2762 1886 2819 factum
1911 2772 1992 2817 est
2020 2780 2034 2816 :

472 2865 583 2919 Hoc
622 2863 764 2919 enim
810 2861 960 2930 facite
979 2901 994 2927 ,
1027 2860 1227 2928 inquit,
1255 2860 1306 2911 in
1332 2873 1491 2910 meam
1520 2855 2038 2908 commemorationem

472 2955 618 3028 (Luc.
648 2953 735 3007 9.2.
769 2953 878 3021 l9).
910 2950 1023 3004 Non
1050 2949 1205 3003 aliam
1234 2947 1481 3011 hostiam,
1506 2946 1639 2999 sicut
1664 2943 1920 3013 pontifex,
1944 2942 2039 2999 sed

469 3045 710 3100 eamdem
737 3056 949 3111 semper
974 3040 1214 3106 facimus,
1243 3038 1325 3092 vel
1353 3037 1527 3106 potius
1548 3032 1790 3090 sacriﬁcii
1821 3033 2042 3088 facimus

470 3137 1046 3197 commemorationem.

539 3220 594 3273 4.
627 3217 707 3270 Ad
731 3217 977 3287 mysteria
999 3218 1102 3270 sive
1130 3213 1507 3267 Eucharistiam
1544 3215 1789 3281 quomodo
1814 3221 2043 3280 aput-teat

466 3306 906 3362 accedere.——Sed
936 3306 1186 3373 quoniam
1213 3302 1430 3356 memini
1455 3301 1610 3371 hujus
1632 3301 1900 3365 sacriﬁcii,
1919 3300 2040 3355 Volo

468 3413 634 3467 pauca
677 3395 827 3449 vobis
847 3395 1046 3461 dicere,
1080 3393 1170 3462 qui
1209 3391 1477 3461 mysteriis
1503 3391 1635 3444 estis
1662 3389 1886 3456 initiati,
1921 3406 2040 3459 qua:

466 3501 720 3542 mensura
747 3484 958 3555 quidem
981 3492 1108 3537 sunt
1151 3496 1341 3551 pauca,
1374 3495 1618 3550 magnam
1644 3490 1821 3535 autem
1843 3479 2041 3535 habent

467 3578 573 3631 vim
603 3586 656 3632 et
685 3576 967 3629 utilitatem
996 3590 1011 3627 :
1043 3587 1147 3626 non
1175 3571 1317 3626 enim
1359 3580 1484 3626 sunt
1509 3581 1689 3626 nostra
1708 3613 1723 3638 ,
1754 3571 1847 3626 sed
1876 3571 2040 3625 divini

468 3666 695 3736 Spiritus
723 3680 841 3735 quae
867 3664 1134 3718 dicuntur.
1152 3661 1289 3730 Quid
1314 3672 1393 3717 est
1421 3664 1581 3732 ergo?
1602 3662 1748 3717 Multi
1775 3662 1933 3732 hujus
1956 3677 2040 3716 sa-

467 3756 832 3813 criﬁciisemel
852 3766 961 3810 toto
977 3770 1117 3809 anno
1142 3760 1267 3809 sunt
1293 3754 1602 3824 participes,
1626 3754 1714 3806 alii
1742 3763 1918 3807 autem
1937 3753 2040 3819 his,

468 3846 555 3901 alii
580 3862 707 3902 vero
744 3860 907 3915 smpe.
956 3844 1035 3899 Ad
1076 3858 1263 3898 omnes
1304 3858 1431 3911 ergo
1464 3842 1687 3897 habetur
1713 3843 1907 3911 oratio,
1936 3858 2042 3896 non

469 3937 640 3992 solum
670 3936 736 3990 ad
766 3951 859 3991 eos
883 3936 971 4005 qui
1011 3936 1098 3989 hic
1127 3942 1271 4001 sunt,
1302 3933 1396 3988 sed
1423 3932 1489 3986 ad
1529 3946 1625 3988 eos
1652 3932 1813 3987 etiam
1840 3932 1929 4001 qui
1950 3947 2046 3986 se-

471 4026 599 4080 dent
628 4026 680 4078 in
706 4025 920 4077 deserto
950 4041 963 4075 :
992 4039 1113 4077 nam
1136 4024 1212 4077 illi
1240 4022 1409 4077 semel
1434 4023 1487 4076 in
1517 4035 1659 4075 anno
1680 4031 1803 4075 sunt
1826 4020 2046 4091 partici-

472 4130 588 4185 pes,
616 4129 758 4182 stepe
781 4114 939 4167 etiam
967 4122 1087 4180 post
1107 4114 1243 4167 duos
1265 4127 1454 4167 annos.
1486 4112 1623 4178 Quid
1652 4112 1814 4181 ergo?
1832 4114 2046 4181 quinam

471 4211 625 4258 erunt
658 4200 812 4255 nobis
834 4202 1001 4270 magis
1017 4200 1259 4269 accepti?
1277 4216 1342 4254 an
1362 4201 1453 4270 qui
1478 4202 1669 4267 semel,
1692 4217 1758 4255 an
1776 4200 1863 4271 qui
1881 4215 2044 4269 smpe,

473 4309 541 4347 an
567 4292 657 4364 qui
686 4290 844 4346 raro?
870 4290 979 4345 Nec
1007 4289 1082 4354 hi,
1112 4304 1211 4345 nec
1252 4290 1350 4356 illi,
1374 4290 1470 4345 sed
1516 4291 1552 4345 ii
1582 4292 1671 4360 qui
1700 4306 1820 4345 cum
1854 4290 2048 4345 munda

473 4384 818 4448 conscientia,
842 4382 931 4451 qui
953 4396 1073 4437 cum
1101 4379 1300 4435 mundo
1321 4380 1505 4446 corde,
1531 4380 1621 4451 qui
1649 4394 1771 4434 cum
1797 4378 1903 4434 vita
1931 4395 2050 4451 quae

474 4479 601 4535 nulli
632 4488 713 4533 est
744 4477 919 4532 afﬁnis
945 4476 1370 4547 reprehensioni.
1419 4475 1520 4544 Qui
1549 4483 1675 4530 sunt
1703 4473 2005 4544 hujusmodi
2031 4516 2047 4540 ,

473 4584 689 4641 semper
711 4567 965 4623 accedant
991 4586 1004 4621 :
1036 4568 1124 4637 qui
1154 4582 1258 4621 non
1289 4575 1412 4620 sunt
1440 4565 1763 4636 huiusmodi,
1792 4578 1861 4619 ne
1885 4566 2051 4620 semel

474 4660 710 4732 quidem.
739 4658 960 4724 Quare?
1000 4657 1264 4724 Quoniam
1304 4656 1406 4711 sibi
1451 4665 1670 4711 sumunt
1707 4655 1969 4726 judicium
1998 4665 2054 4710 et

474 4751 972 4815 condemnationem
995 4758 1051 4803 et
1078 4748 1418 4818 supplicium.
1475 4748 1587 4804 Nec
1627 4748 1836 4803 mireris
1868 4764 1882 4800 :
1915 4746 2053 4802 sicut

474 4843 617 4896 enim
641 4842 793 4897 cibus
814 4850 1002 4896 natura
1041 4855 1135 4893 sua
1164 4839 1500 4905 nutritorius,
1537 4841 1581 4894 si
1621 4841 1674 4894 in
1711 4854 1832 4893 eum
1856 4837 2054 4894 incidat

477 4930 566 5000 qui
594 4931 855 4986 stomachi
872 4930 999 4985 vitio
1023 4930 1247 4996 laborat,
1273 4931 1448 4984 omnia
1469 4931 1646 5001 perdit
1664 4939 1717 4985 et
1737 4930 2050 5000 corrumpit,

475 5029 530 5075 et
561 5021 728 5074 morbi
753 5021 809 5075 ﬁt
829 5022 1041 5078 occasio
1065 5040 1079 5076 :
1101 5022 1169 5076 ita
1190 5025 1349 5077 etiam
1380 5021 1496 5077 tunc
1525 5021 1823 5076 veneranda
1851 5030 2053 5093 myste-

476 5111 575 5166 ria.
605 5111 823 5166 Frueris
844 5127 1026 5168 mensa
1046 5113 1329 5184 spirituali,
1357 5128 1538 5169 mensa
1566 5114 1753 5185 regali,
1781 5122 1834 5168 et
1860 5113 2052 5168 iterum

477 5218 539 5260 os
587 5213 733 5258 tuum
782 5203 894 5257 luto
921 5204 1205 5274 inquinas?
1249 5207 1404 5277 ungis
1434 5215 1723 5274 unguento,
1767 5214 1822 5260 et
1869 5219 2056 5260 rursus

478 5296 671 5367 imples
699 5294 928 5353 ftetore?
979 5296 1074 5353 Die
1113 5297 1264 5365 mihi,
1293 5314 1413 5365 cum
1443 5306 1561 5369 post
1581 5313 1777 5352 annum
1804 5313 1862 5352 es
1890 5299 2056 5368 parti-

477 5402 606 5458 ceps
624 5385 1046 5451 communionis,
1078 5387 1421 5444 existimasne
1446 5389 1792 5461 quadraginta
1814 5388 1929 5444 dies
1958 5389 2056 5443 tibi

479 5479 728 5536 sufﬁcere
752 5479 819 5535 ad
840 5478 1269 5536 emundationem
1292 5493 1632 5552 peccatorum
1661 5483 1826 5537 totius
1850 5489 2056 5552 tempo-

482 5569 597 5623 ris?
624 5579 821 5624 etcum
852 5585 1035 5626 rursus
1065 5573 1382 5642 praeterierit
1429 5572 1780 5640 hebdomada,
1824 5581 1874 5626 te
1903 5572 2056 5628 dedis

485 5657 791 5729 prioribus?
826 5661 922 5718 Dic
948 5661 1097 5729 mihi,
1160 5662 1203 5719 si
1257 5678 1377 5719 cum
1419 5664 1768 5734 quadraginta
1811 5663 1998 5721 diebus
2023 5678 2054 5720 a

1172 315 1230 369 S.
1270 306 1545 367 JOANNIS
1579 297 2048 360 CliRYSOSTOMl
2088 273 2403 351 AﬂCllliSP.
2444 292 2978 350 CONSTANTINOP.

3585 290 3689 348 ιω

2129 403 2286 473 longo
2310 405 2498 461 morbo
2526 398 2884 472 convalueris,
2914 417 3098 460 rursus
3125 411 3177 458 te
3216 400 3379 456 dedas
3414 397 3545 455 cibis
3593 400 3696 452 illis

2129 492 2217 560 qui
2258 494 2472 547 morbos
2501 504 2800 562 procreant,
2822 508 2929 548 non
2952 496 3111 549 etiam
3142 495 3366 563 priorem
3402 496 3576 564 perdis
3610 499 3689 551 la-

2129 581 2353 637 borem?
2377 583 2508 638 Nam
2549 585 2593 638 si
2631 594 2899 639 mutantur
2922 601 3039 655 quae
3063 598 3185 640 sunt
3214 588 3493 653 naturalia,
3524 592 3692 645 multo

2131 674 2296 742 magis
2323 689 2442 744 qum
2484 675 2652 728 nostri
2697 685 2820 730 sunt
2866 675 3023 732 liberi
3067 679 3292 731 arbitrii.
3342 678 3414 734 Ut
3461 682 3689 749 exempli

2127 774 2306 826 causa,
2332 772 2520 817 natura
2547 763 2803 829 videmus,
2826 774 2881 819 et
2905 779 3062 819 sanos
3087 766 3340 820 habemus
3359 768 3574 834 oculos;
3597 770 3689 824 sed

2131 863 2273 919 saepe
2292 866 2321 904 a
2352 851 2489 905 mala
2516 851 2825 907 habitudine
2853 853 3063 908 laeditur
3090 864 3270 909 nostra
3297 856 3507 912 videndi
3528 857 3691 914 facul-

2132 948 2232 994 tas.
2256 939 2308 994 Si
2360 955 2490 1011 ergo
2516 950 2786 995 mutantur
2812 943 3070 996 naturalia
3092 984 3107 1008 ,
3135 958 3311 999 annon
3334 946 3500 1001 multo
3526 950 3691 1016 magis

2126 1043 2242 1096 quae
2273 1030 2436 1083 nostri
2463 1038 2586 1083 sunt
2612 1031 2761 1084 liberi
2787 1031 3033 1086 arbitrii?
3058 1033 3414 1102 Quadraginta
3446 1034 3560 1090 dies
3596 1037 3689 1091 tri-

2126 1117 2242 1171 buis
2271 1120 2480 1172 sanitati
2511 1122 2720 1183 animae,
2745 1119 2985 1175 fortassis
3005 1132 3181 1176 autem
3207 1138 3306 1179 nec
3326 1125 3688 1196 quadraginta,

2125 1217 2179 1260 et
2208 1217 2257 1261 te
2278 1208 2440 1262 Deum
2460 1207 2698 1277 placasse
2724 1211 3037 1277 exspectas?
3059 1211 3281 1277 locaris,
3302 1229 3336 1269 o
3358 1215 3537 1270 homo.
3567 1217 3692 1274 [hac

2127 1297 2268 1361 dico,
2309 1313 2414 1351 non
2466 1298 2533 1351 ab
2577 1314 2682 1352 uno
2708 1300 2999 1369 eodemque
3042 1317 3217 1355 annuo
3242 1318 3458 1361 accessu
3482 1322 3577 1361 vos
3599 1323 3689 1361 ar-

2126 1403 2276 1451 cens,
2305 1389 2395 1443 sed
2428 1389 2601 1458 potius
2628 1391 2809 1444 volens
2829 1407 2924 1445 vos
2954 1403 3210 1461 perpetuo
3236 1395 3302 1449 ad
3328 1407 3509 1452 sancta
3533 1414 3690 1456 acce-

2127 1479 2278 1534 dere.
2310 1480 2594 1549 Propterea
2631 1483 2890 1535 acciamat
2937 1483 3097 1537 etiam
3135 1486 3385 1541 sacerdos
3412 1496 3536 1544 tunc
3569 1505 3691 1545 san-

2126 1575 2240 1622 ctos
2275 1583 2488 1630 vocans,
2538 1580 2590 1624 et
2622 1585 2715 1638 per
2751 1570 2884 1625 hanc
2925 1586 3106 1627 vocem
3133 1588 3319 1631 omnes
3339 1590 3599 1645 scrutans,
3632 1592 3693 1636 ut

2127 1672 2285 1712 nemo
2329 1659 2548 1714 accedat
2573 1675 2676 1714 non
2725 1671 3071 1729 prtrparatus.
3113 1664 3259 1720 Sicut
3300 1669 3439 1722 enim
3493 1672 3544 1726 in
3581 1689 3691 1728 uno

2127 1764 2308 1818 grege,
2338 1750 2389 1803 in
2417 1765 2521 1819 quo
2562 1751 2740 1805 multa:
2783 1753 2993 1820 quidem
3023 1769 3150 1809 oves
3187 1766 3311 1810 sunt
3356 1772 3520 1825 same,
3570 1763 3690 1817 alia:

2126 1848 2304 1892 autem
2323 1838 2492 1907 plena:
2522 1848 2646 1893 sunt
2670 1840 2864 1903 scabie,
2895 1856 3113 1897 necesse
3140 1854 3223 1898 est
3246 1861 3373 1902 oves
3404 1863 3494 1902 eas
3518 1853 3688 1906 arceri

2127 1943 2156 1982 a
2186 1930 2330 1983 sanis
2359 1946 2374 1984 :
2408 1930 2475 1983 ita
2505 1931 2663 1985 etiam
2696 1932 2745 1985 in
2771 1930 3042 1999 Ecclesia;
3067 1936 3314 2004 quoniam
3341 1939 3459 1995 alite
3477 1942 3687 2013 quidem

2127 2033 2254 2075 oves
2275 2029 2399 2075 sunt
2425 2036 2585 2084 same,
2617 2022 2736 2077 alia:
2755 2038 2884 2077 vero
2912 2025 3046 2080 male
3070 2026 3294 2094 aﬁ‘ectaz,
3327 2044 3420 2098 per
3443 2030 3579 2088 hanc
3595 2049 3689 2089 vo—

2127 2126 2243 2166 cem
2268 2111 2363 2167 has
2386 2124 2531 2168 arcet
2551 2113 2617 2168 ab
2644 2114 2768 2181 illis,
2795 2114 2847 2169 in
2873 2130 3086 2171 omnem
3125 2127 3329 2187 partem
3359 2121 3567 2189 obiens,
3594 2140 3690 2195 per

2128 2200 2264 2259 hanc
2287 2217 2467 2257 vocem
2495 2202 2648 2257 valde
2674 2203 2961 2260 terribilem
2983 2206 3233 2261 sacerdos
3258 2218 3471 2265 sanctos
3496 2226 3689 2267 vocans

2129 2301 2184 2346 et
2208 2292 2440 2348 trahens.
2474 2294 2603 2348 Nam
2633 2296 2882 2365 quoniam
2925 2297 3042 2353 ﬁeri
3093 2314 3199 2354 non
3228 2310 3402 2370 potest
3449 2312 3505 2357 ut
3530 2304 3690 2361 homo

2128 2382 2269 2436 norit
2295 2398 2412 2452 quae
2438 2393 2559 2438 sunt
2584 2386 2840 2455 proximi;
2867 2385 2990 2450 Quis
3015 2389 3164 2456 enim,
3209 2392 3400 2461 inquit,
3441 2408 3503 2447 ea:
3529 2394 3690 2449 Itami-

2132 2473 2277 2526 nibus
2298 2476 2429 2527 novit
2453 2490 2566 2544 qua:
2589 2486 2705 2529 sunt
2728 2477 2964 2538 hominis.
2993 2479 3093 2532 nisi
3118 2480 3328 2547 spiritus
3353 2483 3585 2550 hominis,
3605 2487 3692 2555 qui

2127 2573 2199 2617 est
2231 2564 2285 2616 in
2323 2563 2519 2617 homine
2545 2566 2564 2634 (
2591 2566 2642 2621 1.
2672 2565 2793 2623 Cor.
2822 2565 2878 2623 2.
2913 2568 2973 2622 Η
2997 2568 3054 2638 )?
3093 2570 3286 2624 emittit
3332 2570 3469 2627 hanc
3504 2589 3689 2631 vocem

2129 2666 2402 2725 postquam
2427 2667 2695 2726 peractum
2721 2658 2823 2713 fuit
2848 2659 3186 2729 sacriﬁcium,
3218 2671 3276 2718 ut
3314 2678 3475 2720 nemo
3504 2665 3691 2721 incon-

2129 2745 2357 2799 siderate
2380 2761 2477 2800 nec
2502 2754 2702 2802 temere
2725 2748 2791 2804 ad
2823 2749 2960 2807 hunc
2982 2751 3178 2808 fontem
3199 2754 3412 2810 accedat
3438 2756 3690 2825 spiritua-

2129 2836 2252 2890 lcm.
2305 2836 2433 2890 Nam
2477 2837 2530 2893 in
2564 2854 2721 2910 grege
2748 2842 2918 2911 (nihil
2947 2844 3088 2897 enim
3116 2852 3257 2898 vetat
3281 2846 3561 2915 quominus
3590 2862 3688 2902 co-

2129 2925 2246 2978 dem
2279 2941 2461 2982 rursus
2484 2936 2692 2983 utamur
2715 2932 2997 3001 exemplo)
3021 2933 3288 2988 morbidas
3312 2935 3522 3004 quidem
3548 2935 3688 2989 intus

2132 3013 2489 3079 includimus,
2543 3024 2597 3069 et
2644 3014 3017 3071 detinemusin
3066 3017 3333 3081 tenebris,
3370 3028 3423 3073 et
3449 3017 3528 3073 eis
3554 3018 3693 3073 aliud

2133 3103 2320 3157 damus
2356 3103 2770 3168 nutrimentum,
2824 3120 2928 3160 non
2969 3107 3337 3177 permittentes
3392 3118 3449 3163 ut
3501 3125 3689 3178 purum

2133 3193 2381 3249 hauriant
2405 3209 2606 3264 aerem,
2649 3211 2817 3265 neque
2851 3207 2908 3250 ut
2934 3184 3094 3251 herba
3140 3207 3429 3253 vescantur
3452 3200 3696 3267 sincera,

2136 3298 2311 3353 neque
2338 3294 2394 3338 ut
2422 3300 2450 3338 a
2480 3283 2624 3339 fonte
2649 3287 2736 3354 qui
2768 3295 2849 3340 est
2876 3285 3003 3341 foris
3045 3287 3247 3343 bibant.
3280 3287 3421 3359 Ergo
3447 3288 3535 3344 hic
3563 3304 3695 3358 quo-

2133 3389 2238 3443 que
2264 3373 2377 3429 haec
2406 3389 2503 3427 vox
2536 3382 2617 3430 est
2646 3376 2812 3429 instar
2847 3374 3121 3443 cujusdam
3153 3377 3369 3432 vinculi.
3390 3376 3506 3431 Non
3547 3387 3697 3448 potes

2135 3460 2315 3516 dicere
2339 3481 2353 3518 :
2381 3462 2711 3527 Nesciebam,
2737 3463 3041 3533 ignorabam
3080 3464 3218 3521 hanc
3257 3481 3368 3519 rem
3408 3467 3559 3536 sequi
3602 3482 3696 3536 pe-

2135 3551 2362 3606 riculum
2388 3570 2401 3606 :
2422 3552 2649 3607 maxime
2666 3552 2765 3607 hoc
2780 3563 3104 3622 protestatus
3117 3566 3195 3610 est
3211 3556 3425 3610 Paulus.
3444 3556 3694 3614 Atdiees:

2138 3641 2251 3695 Non
2281 3642 2424 3710 legi?
2465 3642 2577 3697 Hoc
2622 3658 2726 3697 non
2761 3654 2844 3699 cst
2890 3646 3198 3711 excusatio,
3246 3647 3339 3701 sed
3382 3649 3694 3703 accusatio:

2137 3731 2372 3801 quotidie
2394 3731 2687 3802 ingrederis
2712 3733 2993 3788 ecclesiam
3014 3775 3028 3797 ,
3061 3746 3113 3789 et
3135 3737 3237 3791 hoc
3257 3736 3429 3793 adhuc
3454 3738 3699 3807 ignoras?

2207 3822 2263 3877 5.
2294 3821 2585 3877 Sacerdotis
2614 3824 2682 3876 ad
2722 3825 2957 3893 mysteria
2996 3827 3218 3881 uocantis
3256 3828 3465 3882 clamor.
3491 3829 3700 3884 —C:e-

2140 3920 2310 3966 terum
2340 3921 2398 3965 ut
2439 3926 2507 3966 ne
2542 3911 2645 3965 hoc
2672 3912 2886 3980 quidem
2913 3914 3089 3982 possis
3131 3914 3207 3969 uti
3232 3927 3512 3985 praetextu,
3543 3933 3605 3974 ea
3635 3918 3703 3975 de

2138 4015 2295 4054 causa
2319 4016 2504 4070 magna
2527 4016 2676 4067 voce,
2698 4002 2920 4057 terribili
2941 4003 3193 4071 clamore,
3215 4017 3481 4077 tamquam
3505 4024 3700 4078 prmco,

2141 4103 2356 4143 manum
2386 4091 2575 4144 tollens
2605 4092 2654 4144 iu
2686 4092 2871 4156 altum,
2902 4102 3048 4146 stans
3074 4095 3318 4149 excelsus
3361 4108 3416 4151 et
3455 4098 3704 4153 omnibus

2141 4177 2469 4244 manifestus,
2521 4188 2575 4234 et
2618 4180 2669 4233 in
2692 4181 2968 4235 tremendo
3009 4182 3100 4237 illo
3127 4184 3337 4240 silentio
3360 4186 3705 4243 vehementer

2140 4267 2458 4335 vociferans,
2509 4268 2639 4322 alios
2668 4269 2879 4339 quidem
2907 4282 3096 4340 vocat,
3137 4274 3271 4330 alios
3300 4292 3426 4330 vero
3449 4286 3594 4332 arcet
3620 4292 3704 4331 sa-

2141 4358 2333 4413 cerdos
2362 4375 2375 4410 :
2406 4375 2511 4414 non
2542 4358 2643 4414 hoc
2668 4374 2824 4415 manu
2852 4361 3069 4429 faciens,
3098 4365 3193 4419 sed
3236 4365 3410 4437 lingua
3437 4368 3632 4422 clarius
3652 4379 3707 4422 et

2141 4449 2376 4518 apertius
2404 4464 2559 4519 quam
2596 4465 2774 4504 manu.
2801 4450 2934 4506 Nam
2958 4469 3055 4507 vox
3081 4453 3166 4507 illa
3197 4454 3250 4508 in
3297 4465 3503 4511 nostras
3545 4471 3704 4512 aures

2142 4537 2402 4603 incidens,
2451 4548 2715 4610 tamquam
2748 4557 2936 4598 manus
2985 4544 3121 4597 alios
3159 4545 3372 4615 quidem
3410 4546 3627 4617 expellit
3650 4556 3707 4600 ct

2141 4629 2307 4699 ejicit,
2335 4629 2470 4684 alios
2494 4642 2669 4686 autem
2690 4633 2976 4689 introducit
2997 4644 3052 4690 et
3066 4635 3226 4689 sistit.
3261 4636 3351 4691 Dic
3378 4637 3526 4702 mihi,
3551 4653 3702 4709 rogo,

2143 4722 2196 4774 in
2224 4721 2514 4792 Olympicis
2553 4724 2932 4781 certaminibus
2962 4740 3136 4781 uonue
3171 4735 3274 4782 stat
3312 4743 3487 4798 prteco
3515 4744 3703 4799 magna

2143 4821 2198 4867 et
2243 4814 2347 4866 alta
2383 4809 2517 4869 voce
2563 4816 2818 4881 clamans,
2859 4827 2912 4873 et
2965 4817 3190 4872 dicens:
3222 4818 3486 4889 Numquid
3515 4821 3705 4890 aliquis

2144 4903 2287 4958 hunc
2313 4912 2547 4972 accusat,
2578 4905 2718 4959 sitne
2746 4920 2954 4972 servus,
2982 4915 3074 4960 aut
3112 4907 3216 4973 fur,
3246 4917 3339 4962 aut
3366 4909 3520 4963 malis
3543 4911 3695 4964 mori-

2142 4993 2279 5049 bus?
2304 5009 2618 5063 quamquam
2641 4994 2729 5049 illa
2760 4995 3046 5050 certamina
3094 5011 3199 5051 non
3225 5005 3350 5052 sunt
3392 4998 3576 5061 animi,
3607 5014 3704 5055 uec

2145 5100 2369 5149 morum,
2394 5098 2493 5139 nec
2520 5085 2734 5151 mentis,
2764 5084 2859 5140 sed
2878 5085 3080 5139 roboris
3100 5094 3154 5139 et
3181 5089 3441 5156 corporis.
3470 5087 3526 5144 Si
3553 5104 3703 5159 ergo,

2146 5177 2233 5232 ubi
2258 5187 2341 5232 est
2366 5175 2676 5231 exercitatio
2719 5189 3037 5246 corporum,
3069 5177 3292 5231 instituti
3323 5186 3378 5231 et
3419 5178 3706 5232 voluntatis

2145 5280 2336 5336 magna
2364 5267 2436 5322 sit
2474 5265 2761 5333 inquisitio,
2793 5273 2989 5335 quanto
3027 5265 3193 5336 magis
3222 5264 3328 5329 hic,
3358 5265 3443 5319 ubi
3476 5274 3583 5320 tota
3622 5278 3708 5320 est

2146 5358 2308 5412 animi
2336 5357 2646 5412 decertatio.
2664 5356 2781 5410 Stat
2800 5370 2926 5426 ergo
2953 5371 3093 5412 nunc
3117 5370 3329 5426 quoque
3343 5358 3432 5424 qui
3462 5362 3546 5409 est
3564 5355 3703 5423 apud

2146 5463 2242 5502 nos
2270 5462 2466 5517 praeco,
2496 5462 2602 5502 non
2639 5460 3064 5516 unumquemque
3102 5447 3277 5517 capite
3320 5454 3504 5501 tenens
3528 5454 3582 5502 et
3605 5444 3703 5500 ad-

2136 5558 2372 5619 ducens,
2405 5552 2500 5609 sed
2527 5565 2716 5608 omnes
2764 5548 2922 5604 simul
2966 5547 3177 5602 interno
3222 5545 3396 5615 capite
3420 5542 3715 5600 detinens:

2138 5663 2243 5705 non
2265 5647 2399 5701 alios
2427 5646 2557 5714 ipsis
2581 5641 2721 5699 sistit
2747 5647 3107 5704 accusatores,
3141 5636 3233 5693 sed
3262 5636 3409 5706 ipsos
3429 5633 3667 5705 sibiipsis
3696 5652 3711 5687 ε
