4082 6212
342 310 434 366 {3!

341 444 499 498 μενον
523 441 538 456 °
595 424 904 496 κατηγορία
945 425 1248 491 ἀσθενείας,
1280 428 1380 481 οὑκ
1413 426 1595 494 ἰσχύος
1626 425 1904 490 ἐπίδειξις.

352 509 568 578 Ἐπειδὴ
597 511 708 578 γὰρ
740 510 774 577 ἡ
803 507 993 578 πρώτη
1023 509 1175 563 οὑδέν
1206 511 1410 579 ῖσχυεν,
1443 511 1476 577 ἡ
1502 508 1728 577 δευτέρα
1755 524 1915 576 προσ-

341 593 595 664 εφέρετο·
633 593 728 644 καὶ
760 590 945 661 ἐπειδὴ
977 593 1126 644 οὑδὲν
1158 592 1295 663 αῦτη
1326 593 1505 660 ἡνυεν,
1542 592 1702 662 ἑτέρα
1728 591 1910 644 πάλιν·

337 676 478 728 ὥστε
504 676 725 742 ἐλεγχος
757 673 1170 743 ἁμαρτημάτων
1195 672 1282 745 ἦν.
1317 675 1391 726 Τὸ
1423 675 1521 744 μὲν
1550 671 1643 727 οὖν
1670 673 1913 741 προσφέ-

343 757 529 828 ρεσθαι
566 757 788 824 ἐλεγχος
828 757 1274 826 ἁμαρτημάτωνο
1330 756 1391 808 τὸ
1424 756 1480 808 δὲ
1531 756 1648 818 ἀεὶ,
1696 756 1915 824 ἐλεγχος

338 841 646 903 ἀσθενείας.
707 840 832 892 Ἐπὶ
871 839 928 891 δέ
975 839 1069 891 τοῦ
1102 839 1342 910 Χριστοῦ
1368 839 1680 892 τοὺναντίον
1703 857 1715 868 ·
1771 839 1914 903 ama

339 923 710 993 προσηνέχθη,
748 923 842 974 καὶ
867 923 947 985 είς
970 923 1031 974 τὸ
1059 924 1146 974 ἀεὶ
1171 924 1398 993 ἤρκεσε.
1437 924 1543 976 Καί
1565 921 1742 985 καλῶς
1763 917 1914 973 εἶπεν

340 1010 524 1058 ἐκεῖνα
551 1007 824 1058 ἀντίτυπα
849 1021 863 1034 °
901 1007 1009 1074 ἄρα
1037 1006 1205 1058 τύπον
1235 1006 1346 1075 ἔχει
1376 1008 1553 1076 μόνον,
1584 1007 1704 1075 οὑχ¹ι
1731 1005 1787 1057 δέ
1820 1005 1915 1056 καὶ

337 1092 437 1158 τὴν
483 1089 635 1157 ἰσχύν
666 1105 682 1119 ·
734 1089 926 1159 ὥσπερ
973 1089 1063 1140 ἐπὶ
1105 1089 1211 1142 τῶν
1238 1090 1462 1142 εἰκόνιον
1485 1090 1652 1143 τύπον
1677 1088 1788 1157 ἔχει
1821 1087 1911 1139 τοῦ

340 1171 627 1241 ἀνθρώπου
659 1174 690 1236 ἠ
723 1169 918 1235 εἰκὼν,
955 1172 1073 1240 ούχὶ
1105 1172 1203 1239 τὴν
1238 1172 1409 1241 ίσχύν.
1439 1172 1600 1224 Ὥστε
1633 1171 1694 1223 τὸ
1720 1169 1914 1238 άληθές

343 1256 435 1306 καὶ
463 1257 491 1307 ό
514 1255 682 1317 τύπος
717 1253 1064 1306 κοινωνοῦσιν
1094 1255 1371 1321 ἀλλήλοις
1403 1257 1430 1306 ό
1455 1256 1561 1324 γάρ
1586 1253 1752 1314 τύπος
1779 1253 1913 1315 ἴσος,

345 1339 377 1404 ἡ
423 1337 482 1387 δὲ
535 1337 687 1406 ἰσχὺς
739 1337 947 1389 οὐκέτι.
1003 1335 1160 1388 Οὕτω
1185 1335 1248 1406 δὴ
1295 1336 1388 1389 καὶ
1421 1338 1510 1387 ἐπὶ
1539 1335 1631 1387 τοῦ
1662 1332 1910 1405 ούρανοῦ,

343 1421 436 1471 καὶ
492 1421 584 1470 ἐπὶ
631 1422 729 1490 τῆς
773 1421 1018 1489 σκηνῆς·
1081 1422 1110 1472 ὁ
1159 1419 1256 1488 μέν
1305 1418 1413 1486 γὰρ
1465 1419 1635 1480 τύπος
1675 1417 1786 1479 ἴσος
1825 1413 1911 1486 ἧν,

343 1503 477 1569 ἅγια
507 1503 615 1572 γὰρ
639 1499 728 1572 ἦν·
765 1505 798 1571 ἠ
828 1503 882 1554 δὲ
917 1502 1143 1570 δύναμις
1175 1503 1268 1553 καὶ
1294 1503 1361 1553 τὰ
1390 1501 1544 1564 ἄλλα,
1574 1501 1634 1552 οὑ
1661 1501 1730 1551 τά
1753 1500 1910 1553 αὑτά.

342 1587 407 1636 Τί
443 1588 590 1637 ἐστιν
609 1625 623 1647 ,
667 1587 768 1648 Εἰς
796 1583 1086 1650 ἀθέτησιν
1111 1583 1396 1651 ἁμαρτίας
1443 1583 1537 1636 διὰ
1566 1581 1672 1649 τῆς
1698 1583 1914 1646 θυσίας

341 1668 531 1722 αὐτοῦ
587 1669 995 1735 πεφανέρωται
1022 1682 1040 1727 ;
1073 1666 1126 1717 τί
1179 1668 1327 1718 ἐστιν
1376 1665 1680 1735 άθέτησις;
1741 1666 1911 1718 Τουτο

344 1755 489 1814 ἐστι,
540 1751 944 1820 καταφρόνησις
981 1764 997 1780 ο
1046 1748 1228 1801 οὐκέτι
1283 1749 1390 1818 γὰρ
1440 1750 1750 1819 παρρησίαν
1801 1748 1911 1818 ἔχει

342 1837 375 1902 ή
433 1835 711 1903 ἁμαρτίαο
765 1831 1027 1901 ἡθέτηται
1077 1831 1206 1900 γάρ.
1262 1832 1419 1895 Πῶς;
1465 1832 1776 1897 Ὀφείλουσα
1817 1833 1913 1897 μὲν

343 1917 638 1968 ἀπολαϐεῖν
691 1914 933 1976 κόλασιν,
964 1913 1063 1965 οὑκ
1104 1911 1452 1965 ἀπολαϐοῦσα
1503 1913 1595 1964 δέ’
1644 1912 1912 1976 τουτέστι,

342 1998 468 2068 βίαν
500 1998 698 2050 ἔπαθεν
724 2014 736 2026 ο
769 1997 858 2047 ὅτε
899 1995 1265 2064 προσεδόκησε
1306 1996 1511 2058 πάντας
1538 1995 1764 2057 ἀνελεῖν,
1794 1995 1913 2046 τότε

234 2112 238 2114 -
342 2079 606 2150 ἀνῃρέθη.
627 2080 728 2131 Διὰ
744 2077 852 2146 τῆς
868 2077 1083 2142 θυσίας
1097 2077 1304 2140 αὐτοῦ,
1318 2077 1472 2146 φησὶ,
1487 2076 1909 2144 πεφανέρωται·

343 2164 641 2225 τουτέστιν,
685 2159 1005 2229 ἐφανερώθη
1056 2159 1133 2229 τῷ
1171 2157 1290 2229 Θεῷ
1339 2160 1436 2212 καὶ
1483 2159 1776 2228 προσῆλθε.
1821 2158 1912 2228 Μὴ

339 2241 456 2308 οὖν,
472 2244 655 2313 ἐπειδὴ
676 2245 704 2295 ό
727 2244 905 2311 ἱερεὺς
931 2241 1188 2304 πολλάκις
1212 2241 1371 2294 τοῦτο
1393 2241 1565 2292 ἐποίει
1583 2253 1608 2280 ι
1625 2239 1714 2292 τοῦ
1733 2244 1913 2291 ἐνιαυ-

340 2326 459 2390 τοῦ,
483 2331 708 2396 νομίσῃς
729 2327 812 2378 ὅτι
837 2324 1040 2388 ἁπλῶς,
1069 2323 1162 2375 καὶ
1185 2324 1306 2393 οὑχὶ
1334 2324 1401 2376 δι’
1425 2322 1728 2386 ἀσθένειαν,
1753 2321 1914 2374 τοῦτο

340 2414 556 2480 ἐγίνετο
583 2428 596 2441 ⁸
622 2415 669 2464 εἰ
689 2411 795 2481 γάρ
824 2414 898 2479 μὴ
928 2411 993 2462 δι’
1023 2409 1328 2472 ἀσθένειαν,
1363 2409 1415 2462 τί
1448 2410 1540 2462 καὶ
1562 2409 1805 2475 ἐγίνετος
1839 2407 1912 2477 μὴ

340 2495 518 2548 ὄντων
545 2493 652 2562 γάρ
691 2493 1038 2562 τραυμάτων,
1086 2492 1209 2544 οὑδὲ
1248 2490 1557 2562 φαρμάκων
1601 2491 1784 2543 λοιπὸν
1834 2490 1915 2542 δεῖ

340 2577 428 2647 τῷ
456 2576 880 2645 ἐπιμελουμένῳ.
911 2574 1012 2628 Διά
1036 2576 1194 2627 τοῦτο
1233 2574 1557 2646 προσέταξε,
1595 2573 1780 2642 φησὶν,
1824 2574 1913 2626 ἀεὶ

346 2659 751 2730 προσφέρεσθαι
781 2659 868 2711 δια
902 2658 962 2710 τὸ
993 2658 1238 2721 ἀσθενὲς,
1288 2660 1382 2711 καὶ
1423 2658 1559 2709 ὥστε
1608 2659 1912 2727 ἀνάμνησιν

341 2745 631 2815 ἁμαρτιῶν
660 2742 927 2812 γίνεσθαι.
951 2743 1014 2794 Τί
1034 2739 1158 2806 οῦν;
1191 2744 1350 2810 ἡμεῖς
1374 2742 1494 2793 καθ’
1518 2741 1755 2809 ἑκάστην
1777 2739 1912 2808 ἠμέ-

342 2845 449 2897 ραν
497 2827 558 2879 οὑ
606 2826 1030 2897 προσφέρομεν;
1064 2824 1450 2894 Προσφέρομεν
1492 2823 1613 2893 μὲν,
1644 2824 1758 2875 ἁλλ’
1782 2824 1913 2877 ἀνά-

346 2927 550 2980 μνησιν
579 2911 886 2980 ποιούμενοι
917 2908 1008 2961 τοῦ
1039 2907 1267 2960 θανάτου
1292 2906 1457 2958 αὑτοῦ
1481 2925 1492 2936 ·
1525 2907 1618 2958 καὶ
1645 2906 1741 2975 μία
1765 2907 1911 2957 ἐστὶν

341 2994 509 3061 αῦτη,
533 2994 624 3045 καὶ
651 2993 708 3044 οὑ
744 2991 956 3048 πολλαί.
987 2991 1106 3052 Πῶς
1138 2990 1254 3060 μία,
1282 2991 1373 3043 καὶ
1393 2991 1451 3041 οὑ
1485 2989 1704 3053 πολλαῖς
1736 2989 1912 3040 Ἐπει-

342 3077 410 3144 δὴ
441 3077 586 3140 ἅπαξ
619 3075 981 3147 προσηνέχθη,
1029 3074 1215 3142 ὥσπερ
1261 3073 1444 3139 ἐκείνη
1479 3074 1509 3141 ἡ
1540 3074 1618 3134 είς
1652 3077 1716 3124 τά
1747 3073 1911 3139 ’Ἅγια

340 3157 453 3208 τῶν
467 3158 657 3223 άγίων.
670 3157 842 3207 Τοῦτο
857 3156 1063 3221 ἐκείνης
1080 3153 1248 3214 τύπος
1265 3152 1400 3215 ἐστὶ,
1415 3153 1506 3203 καὶ
1520 3151 1654 3220 αὕτη
1674 3151 1906 3219 ἐκείνης’

340 3236 434 3286 τὸν
476 3239 584 3304 γάρ
628 3233 791 3286 αὑτὸν
820 3234 908 3284 ἀεὶ
943 3231 1346 3302 προσφέρομεν,
1377 3229 1438 3280 οὑ
1470 3226 1562 3280 νῦν
1593 3228 1691 3294 μὲν
1725 3228 1910 3296 ἕτερον

343 3311 636 3384 πρόϐατον,
667 3309 854 3381 αἴθριον
889 3311 945 3362 δὲ
987 3310 1192 3380 ἕτερον,
1229 3307 1344 3360 ἀλλ’
1372 3309 1457 3359 ἀεὶ
1485 3308 1545 3358 τὸ
1567 3306 1697 3358 αὑτό
1725 3323 1740 3336 ·
1771 3304 1909 3357 ὥστε

344 3395 447 3464 μία
492 3394 642 3446 ἐστὶν
691 3396 725 3462 ἡ
761 3393 944 3445 θυσία.
1000 3391 1153 3444 Ἐπεὶ
1187 3388 1267 3460 τῷ
1320 3387 1462 3458 λόγῳ
1493 3386 1685 3457 τούτῳ,
1722 3386 1910 3457 ἐπειδὴ

343 3480 615 3550 πολλαχοῦ
635 3479 1020 3550 προσφέρεται,
1054 3477 1148 3530 καὶ
1178 3475 1364 3528 πολλοὶ
1396 3475 1621 3545 Χριστοί
1641 3492 1654 3539 ;
1677 3473 1791 3526 ἀλλ’
1823 3474 1912 3525 οὑ-

342 3563 553 3632 δαμῶς,
587 3561 736 3633 1169]
764 3561 880 3614 ἀλλ’
911 3559 990 3622 εἷς
1029 3558 1302 3629 πανταχοῦ
1338 3561 1366 3610 ό
1401 3557 1653 3628 Χριστὸς,
1687 3559 1780 3609 καὶ
1823 3560 1910 3608 ὲν-

344 3646 521 3698 ταῦθα
548 3646 758 3715 πλήρης
786 3642 882 3706 ὢν,
910 3643 1001 3695 καὶ
1023 3643 1138 3695 ἐκεῖ
1160 3643 1393 3711 πλήρης,
1415 3641 1471 3692 ἓν
1501 3640 1679 3710 σῶμα.
1702 3640 1909 3709 Ὥσπερ

342 3724 441 3778 οὖν
469 3728 738 3795 πολλαχοῦ
768 3724 1207 3796 προσφερόμενος
1236 3722 1292 3776 ἓν
1337 3723 1496 3792 σῶμά
1531 3723 1672 3785 ἐστι,
1720 3723 1812 3774 καὶ
1849 3723 1908 3774 οὑ

343 3809 519 3862 πολλὰ
559 3813 810 3877 σώματα,
842 3806 982 3858 οὕτω
1025 3807 1118 3858 καὶ⁵
1158 3805 1256 3875 μία
1304 3804 1483 3858 θυσία.
1535 3805 1591 3857 '0
1625 3805 1912 3874 ἀρχιερεὺς

343 3893 504 3963 ἡμῶν
556 3892 760 3953 ἐκεῖνός
804 3894 951 3943 ἐστιν
981 3889 1011 3940 6
1046 3887 1142 3959 τὴν
1173 3887 1362 3941 θυσίαν
1405 3889 1506 3958 τὴν
1545 3888 1910 3956 καθαίρουσαν

341 3977 494 4045 ημᾶς
521 3971 921 4045 προσενεγκὼν.
970 3971 1212 4041 Ἐκείνην
1250 3971 1633 4040 προσφέρομεν
1667 3970 1761 4021 καὶ
1793 3969 1906 4030 νῦν,

339 4064 444 4128 τὴν
484 4060 604 4111 τότε
658 4056 1127 4126 προσενεχθεῖσαν,
1159 4055 1255 4124 τὴν
1299 4055 1590 4107 ἀνάλωτον.
1630 4053 1799 4105 Τοῦτο
1831 4056 1910 4115 εἰς

340 4147 649 4212 ἀνάμνησιν
679 4143 889 4209 γίνεται
924 4137 1017 4190 τοῦ
1066 4139 1186 4190 τότε
1214 4137 1506 4206 γενομένου
1535 4151 1547 4165 ·
1586 4134 1768 4188 Τοῦτο
1801 4137 1910 4206 γάρ

342 4226 586 4291 ποιεῖτε,
624 4225 807 4294 φησὶν,
844 4225 930 4288 είς
958 4221 1072 4289 τὴν
1107 4221 1261 4290 ἐμὴν
1288 4219 1645 4288 ἀνάμνησιν.
1679 4219 1790 4272 Οὐκ
1814 4219 1910 4272 άλ-

343 4310 443 4378 λην
488 4308 701 4370 θυσίαν,
744 4303 992 4375 καθάπερ
1034 4307 1062 4356 6
1107 4304 1393 4374 ἀρχιερεὺς
1433 4303 1576 4365 τότε,
1624 4301 1760 4353 ἀλλὰ
1813 4301 1910 4371 τὴν

344 4391 516 4458 αὑτὴν
543 4391 629 4442 ἀεὶ
653 4391 916 4458 ποιοῦμεν
947 4405 960 4417 ·
1001 4388 1201 4460 μᾶλλον
1239 4385 1296 4438 δέ
1340 4385 1644 4454 ἀνάμνησιν
1683 4383 1910 4454 ἐργαζόο

343 4472 487 4542 μεθα
524 4472 728 4534 θυσίας.

413 4558 478 4611 δ’.
505 4555 642 4608 Ἀλλ’
660 4554 848 4625 ἐπειδὴ
863 4553 959 4623 τῆς
974 4552 1163 4616 θυσίας
1180 4551 1382 4622 ταύτης
1411 4549 1706 4620 ἐμνήσθην,
1727 4549 1910 4620 βούλο-

342 4659 445 4712 μαι
465 4637 638 4710 μικρὰ
653 4637 788 4707 πρὸς
808 4639 947 4706 ὑμᾶς
969 4637 1140 4688 εἰπεῖν
1161 4636 1284 4695 τοὺς
1309 4633 1712 4704 μεμυημένους,
1738 4634 1910 4705 μικρὰ

344 4727 444 4796 μὲν
476 4723 556 4793 τῷ
588 4723 789 4792 μέτρῳ,
826 4721 1064 4790 μεγάλην
1119 4717 1174 4770 δὲ
1226 4717 1417 4786 ἔχοντα
1467 4717 1566 4786 τὴν
1621 4719 1771 4785 ίσχὺν
1818 4719 1912 4772 καὶ

340 4809 444 4883 τὴν
496 4807 762 4876 ὠφέλειαν
794 4821 807 4834 ’
861 4806 922 4856 ού
971 4804 1078 4873 γὰρ
1126 4801 1376 4883 ἡμέτερά
1423 4801 1592 4883 ἐστιν,
1639 4799 1772 4851 ἀλλὰ
1815 4801 1909 4854 τοῦ

343 4877 492 4948 θείου
531 4889 846 4960 Πνεύματος
897 4887 963 4940 τά
989 4885 1276 4954 λεγόμενα.
1315 4882 1378 4934 Τί
1412 4877 1505 4934 οὖν
1539 4884 1652 4934 ἐστι
1679 4901 1693 4949 ;
1722 4883 1911 4937 Πολλοὶ

342 4977 441 5048 τῆς
467 4974 656 5036 θυσίας
678 4971 878 5040 ταύτης
908 4969 1052 5033 ἅπαξ
1086 4965 1556 5038 μεταλαμϐάνουσι
1589 4965 1682 5018 τοῦ
1712 4968 1910 5031 παντὸς

344 5058 618 5122 ἐνιαυτοῦ,
653 5055 802 5109 ἄλλοι
847 5056 900 5107 δὲ
938 5053 1038 5116 δὶς,
1070 5052 1217 5107 ἄλλοι
1247 5051 1305 5104 δέ
1339 5049 1618 5112 πολλάκις.
1651 5050 1792 5119 Πρὸς
1820 5048 1911 5104 οὖν

344 5149 590 5206 ἅπαντας
617 5144 750 5212 ἡμῖν
779 5144 808 5197 6
836 5141 994 5206 λόγος
1023 5139 1191 5200 ἐστὶν,
1231 5136 1291 5188 ού
1333 5135 1467 5205 πρὸς
1504 5136 1628 5197 τοὺς
1675 5135 1910 5190 ἐνταῦθα

343 5231 399 5282 δὲ
433 5229 613 5298 μόνον,
654 5225 786 5278 ἀλλὰ
815 5225 909 5276 καὶ
947 5223 1081 5292 πρὸς
1117 5222 1242 5281 τοὺς
1271 5220 1328 5270 ἐν
1364 5221 1430 5288 τῇ
1465 5219 1655 5288 ἐρήμῳ
1687 5217 1910 5282 καθεζο-

347 5312 542 5382 μένους
574 5325 587 5338 ο
622 5311 816 5362 ἐκεῖνοι
851 5307 959 5375 γάρ
989 5303 1134 5369 ἅπαξ
1176 5300 1268 5354 τοῦ
1322 5299 1568 5353 ἐνιαυτοῦ
1603 5301 1908 5370 μετέχουσι,

347 5381 608 5458 πολλάκις
645 5394 702 5446 δὲ
732 5394 824 5444 καὶ
853 5391 939 5442 διὰ
967 5389 1058 5442 δύο
1091 5387 1246 5441 ἐτῶν,
1277 5385 1342 5437 τι
1370 5381 1506 5449 οῦν;
1545 5386 1692 5447 τίνας
1716 5388 1910 5440 ἀποδε-

405 5525 424 5548 ³
448 5526 500 5573 lu
519 5523 676 5593 9019:,
695 5521 931 5593 Corpmg].
957 5525 1018 5593 et.
1041 5519 1195 5593 Ἆρες.
1222 5515 1566 5593 εειιυριιιὶενεξο
1585 5514 1797 5593 ίιαίξεηῐε
1823 5517 1909 5593 τοῖς

345 5585 578 5635 ἐνιαυτοῦ.
601 5577 754 5634 Ὥστε
775 5583 872 5631 ἐκεῖ
892 5582 1053 5630 λοιπὸν
1083 5577 1258 5639 γίνεται
1277 5577 1437 5639 τοῦτο,
1460 5577 1498 5622 εἰ
1521 5580 1601 5624 καί
1627 5578 1819 5639 γίνεται.
1851 5579 1910 5626 Τί

344 5652 435 5710 γάρ
461 5648 550 5695 ἔδει
573 5646 851 5711 φαρμάκων,
880 5644 968 5692 οὑκ
979 5636 1126 5688 όντων
1144 5638 1452 5702 τραυμάτων;
1477 5639 1564 5684 Διὰ
1587 5636 1728 5685 τοῦτο
1752 5655 1910 5702 προσ-

1161 311 1226 369 ΙΝ
1268 311 1480 368 εριετ.
1520 310 1607 364 AD
1648 305 1991 364 HEBBEOS
2053 309 2199 366 CAP.
2245 314 2311 368 Χ.
2356 303 2585 369 ιιῡδιιι..
2622 312 2783 370 XVII.

3475 316 3576 370 {32

2017 425 2249 494 εόμεθα;
2285 429 2408 492 τοὺς
2435 429 2616 496 άπαξ;
2646 433 2770 494 τοὺς
2801 431 2921 484 πολ)
2936 431 3090 495 άκιςς
3127 429 3248 493 τοὺς
3295 429 3576 498 όλιγάκις;

2014 507 2149 561 Οῦτε
2179 511 2304 573 τοὺς
2343 511 2508 576 ἅπαξ,
2537 512 2659 566 οῦτε
2684 516 2806 578 τοὺς
2856 515 3133 577 πολλάκις,
3162 512 3284 565 οῦτε
3311 514 3436 574 τοὺς
3474 513 3574 566 6).;-

2013 590 2195 659 γὰκις,
2233 593 2368 646 ἀλλὰ
2420 595 2546 658 τοὺς
2592 597 2729 665 μετά
2788 597 3030 667 καθαροῦ
3085 595 3404 658 συνειδότος,
3453 595 3581 658 τοὺς

2018 675 2156 744 μετὰ
2186 676 2431 746 καθαρᾶς
2465 680 2716 748 καρδίας,
2745 681 2866 742 τοὺς
2897 680 3033 750 μετὰ
3059 679 3173 750 βίου
3207 679 3469 748 ἀλήπτου.
3515 678 3579 729 Οἱ

2014 757 2242 810 τοιοῦτοι
2293 761 2378 812 ἀεὶ
2430 763 2773 831 προσίτωσαν
2799 778 2811 792 ο
2854 765 2900 814 οί
2937 763 2993 814 δέ
3048 763 3120 832 μὴ
3161 761 3412 823 τοιοῦτοι,
3443 759 3579 829 μηδὲ

2016 839 2180 906 ἅπαξ.
2217 842 2281 893 Τί
2309 841 2550 912 δὴποτε;
2591 844 2714 895 Ὅτι
2749 847 2921 914 κρῖμα
2965 845 3178 906 ἑαυτοῖς
3219 843 3574 914 λαμϐάνουσι,

2014 926 2108 973 καὶ
2143 925 2459 994 κατάκριμα
2494 925 2588 978 καὶ
2619 925 2836 978 κόλασιν
2881 927 2975 978 καὶ
3019 927 3308 996 τιμωρίαν.
3352 927 3462 980 Καὶ
3503 926 3578 997 μὴ

2016 1005 2301 1077 Θαυμάσῃς
2321 1025 2332 1036 ·
2357 1009 2547 1078 ὥσπερ
2569 1009 2674 1078 γὰρ
2695 1011 2727 1074 ἡ
2753 1011 2926 1078 τροφὴ
2949 1009 3106 1076 φύσει
3135 1007 3268 1063 οὖσα
3289 1010 3576 1080 θρεπτικὴ,

2016 1088 2111 1140 ἐὰν
2140 1091 2219 1152 είς
2258 1091 2546 1142 κακόσιτον
2574 1091 2810 1160 ἐμπέσῃ,
2838 1092 3016 1144 πάντα
3051 1091 3312 1144 ἀπόλλυσι
3343 1094 3436 1144 καὶ
3457 1094 3577 1144 δια-

2017 1169 2246 1242 φθείρει,
2267 1173 2582 1240 καὶγίνεται
2599 1173 2752 1224 νόσου
2775 1176 2995 1244 ἀφορμή
3016 1190 3027 1201 °
3048 1173 3189 1226 οὑτω
3211 1173 3274 1242 δὴ
3303 1173 3580 1226 καὶταῦτα

2014 1251 2084 1305 τὰ
2120 1253 2226 1307 τῶν
2275 1256 2518 1323 φρικτῶν
2564 1256 2895 1324 μυστηρίων.
2956 1254 3246 1324 Τραπέζης
3289 1255 3582 1317 ἀπολαύεις

2015 1337 2414 1405 πνευματικῆς,
2443 1335 2716 1406 τραπέζης
2753 1336 3063 1405 βασιλικῆς,
3086 1339 3180 1388 καὶ
3208 1337 3368 1389 πάλιν
3391 1337 3581 1405 φύρεις

2016 1417 2259 1488 βορϐόρῳ
2281 1419 2342 1471 τὸ
2373 1421 2578 1486 στόμα;
2608 1420 2763 1490 μύρῳ
2792 1419 2984 1486 χρίεις,
3015 1421 3108 1471 καὶ
3139 1420 3297 1472 πάλιν
3319 1420 3580 1484 δυσωδίας

2014 1501 2268 1570 πληροίςς
2323 1503 2459 1554 Εἰπέ
2496 1519 2605 1570 μοι,
2665 1502 2984 1570 παρακαλῶ,
3030 1501 3143 1570 μετ’
3187 1493 3434 1554 ἐνιαυτδν
3481 1503 3580 1572 τῆς

2017 1583 2369 1652 μεταλήψεως
2439 1585 2702 1653 μετέχων,
2764 1583 2860 1645 τὰς
2910 1585 3318 1653 τεσσαράκοντα
3365 1585 3580 1655 ἡμέρας

2013 1665 2114 1718 οἴει
2143 1667 2332 1735 ἀρκεῖν
2370 1683 2451 1717 σοι
2499 1667 2636 1736 πρὸς
2687 1667 2965 1735 καθαρμὸν
3019 1668 3127 1718 τῶν
3173 1669 3580 1739 ἁμαρτημάτων

2015 1749 2212 1811 παντὸς
2253 1748 2348 1800 τοῦ
2401 1749 2626 1818 χρόνους
2676 1751 2769 1801 καὶ
2813 1751 2993 1808 πάλιν,
3030 1750 3324 1818 ἑϐδομάδος
3377 1750 3579 1821 παρελ-

2015 1831 2232 1899 θούσης,
2281 1831 2502 1893 ἐκδίδως
2566 1834 2759 1884 σαυτδν
2804 1837 2916 1894 τοῖς
2968 1834 3283 1901 προτέροιςς
3326 1834 3460 1886 Είπέ
3511 1834 3576 1904 δή

2017 1929 2126 1982 μοι,
2168 1912 2260 1964 ἐὰν
2295 1912 2525 1978 ὑγιάνας
2566 1915 2974 1984 τεσσαράκοντα
3025 1915 3234 1984 ἡμέρας
3281 1915 3389 1966 άπδ
3424 1915 3579 1968 νόσου

2016 1996 2252 2064 μακρᾶς,
2289 1995 2450 2047 πάλιν
2508 1996 2702 2047 σαυτὸν
2755 1999 2864 2058 τοῖς
2919 1997 3107 2056 σιτίοις
3155 1995 3322 2064 ὲκδῷς
3355 1997 3580 2058 ἐκείνοις

2010 2079 2123 2139 τοῖς
2154 2080 2468 2139 νοσοποιοίς,
2506 2077 2626 2145 οὑχὶ
2673 2078 2768 2130 καὶ
2828 2077 2918 2128 τὸν
2959 2079 3221 2146 πρότερον
3275 2079 3439 2129 κόπον
3472 2079 3578 2130 άπ-

2012 2159 2256 2224 ὡλεσαςς
2291 2159 2525 2230 Εὑδηλον
2549 2161 2648 2215 ὅτι.
2679 2162 2742 2212 Et
2762 2160 2868 2232 γὰρ
2892 2161 3198 2228 τάυφυσικά
3234 2160 3578 2229 μεθίσταται,

2014 2242 2161 2314 [I70]
2184 2242 2358 2311 πολλῷ
2378 2242 2575 2312 μᾶλλον
2599 2242 2776 2311 τὰτῆς
2803 2242 3194 2312 προαιρέσεως.
3210 2237 3333 2294 Οἷόν
3351 2260 3399 2295 τι
3415 2244 3578 2312 λέγωο

2013 2327 2178 2380 Φύσει
2216 2327 2506 2396 βλέπομεν,
2542 2326 2636 2378 καὶ
2667 2327 2839 2393 ὑγιεῖς
2868 2324 3072 2394 ἔχομεν.
3099 2325 3411 2395 ὀφθαλμούς
3440 2328 3579 2381 κατὰ

2012 2409 2174 2478 φύσιν
2201 2426 2215 2440 ο
2251 2408 2385 2460 ἀλλὰ
2407 2408 2665 2469 πολλάκις
2693 2407 2800 2459 ἀπὸ
2827 2405 3083 2475 καχεξίας
3109 2407 3398 2475 βλάπτεται
3424 2409 3578 2478 ἡμῶν

2011 2491 2072 2544 τὸ
2094 2491 2335 2544 όπτικόν.
2361 2492 2424 2542 El
2455 2490 2635 2542 τοίνυν
2664 2489 2728 2541 τὰ
2755 2491 2818 2541 ἐκ
2847 2490 3062 2557 φύσεως
3096 2488 3432 2557 μεθίσταται,
3460 2492 3579 2561 οὑχὶ

2016 2573 2250 2642 μάλιστα
2279 2573 2344 2624 τά
2380 2575 2444 2624 ἐκ
2475 2571 2881 2641 προαιρέσεως;
2918 2571 3336 2639 Τεσσαρὲκοντα
3368 2574 3579 2642 ἡμέρας

2011 2654 2302 2722 ἀπονέμεις
2334 2657 2401 2724 τῇ
2442 2654 2600 2723 ὑγεία
2632 2656 2726 2722 τῆς
2758 2653 2957 2722 ψυχῆς,
2991 2652 3131 2722 τάχα
3159 2652 3211 2704 δέ
3239 2655 3356 2706 ούδέ
3385 2671 3579 2708 τεσσα-

2013 2737 2269 2806 ρὰκοντα,
2323 2737 2417 2790 καὶ
2465 2736 2769 2806 προσδοκᾷς
2816 2734 3205 2797 ἐξιλεώσασθαι
3254 2737 3345 2790 τὸν
3408 2736 3576 2801 Θεόνς

2011 2819 2253 2882 Παίζεις,
2303 2819 2574 2888 ἄνθρωπε.
2612 2817 2798 2870 Ταῦτα
2841 2816 3004 2883 λέγω,
3043 2819 3164 2887 οὑχὶ
3195 2823 3294 2888 τῆς
3327 2822 3452 2888 μιᾶς
3487 2823 3580 2874 καὶ

2010 2901 2340 2955 ἐνιαυσιαίου
2372 2902 2628 2971 προσόδου
2654 2899 2876 2953 κωλύων
2903 2901 3066 2967 ὑμᾶς,
3090 2901 3226 2952 ἀλλὰ
3257 2903 3578 2972 βουλόμενος

2013 2985 2210 3054 μᾶλλον
2253 2985 2543 3046 διαπαντὸς
2591 2984 2735 3052 ὑμᾶς
2783 2983 3063 3052 προσιέναι
3097 2986 3207 3043 τοῖς
3241 2984 3437 3051 ἁγίοις.
3478 2984 3578 3037 Διὰ

2009 3067 2168 3120 τοῦτο
2187 3069 2280 3120 καὶ
2295 3070 2321 3120 6
2340 3069 2514 3138 ἱερεὺς
2541 3068 2567 3106 b
2593 3069 2856 3132 ἐπιφωνεῖ
2878 3065 3000 3117 τότε
3021 3067 3145 3128 τοὺς
3164 3068 3346 3134 ἁγίους
3375 3068 3575 3132 καλῶν,

2011 3152 2103 3204 καὶ
2147 3151 2234 3204 διὰ
2282 3151 2380 3220 τῆς
2420 3151 2599 3218 φωνῆς
2629 3148 2833 3219 ταύτης
2885 3149 3266 3217 μωμοσκοπῶν
3306 3150 3574 3217 ἅπαντας,

2009 3233 2149 3286 ὥστε
2179 3234 2253 3303 μὴ
2282 3232 2593 3306 προσελθεῖν
2616 3249 2735 3285 τινα
2754 3232 3159 3301 ἀπαράσκευον.
3183 3233 3448 3301 Καθάπερ
3466 3234 3576 3304 γάρ

2009 3319 2100 3370 ἐπὶ
2157 3318 2409 3386 ποίμνης,
2478 3315 2609 3368 ἔνθα
2668 3313 2838 3366 πολλὰ
2883 3315 2981 3383 μὲν
3025 3315 3254 3381 ὑγιαίνει
3307 3317 3575 3386 πρόϐατα,

2011 3400 2180 3453 πολλὰ
2207 3400 2262 3452 δὲ
2298 3398 2486 3470 ψώρας
2518 3398 2950 3467 ἀναπέπλησται,
2987 3398 3200 3467 ἀνάγκη
3222 3399 3392 3451 ταῦτα
3412 3401 3578 3472 διείρ-

2008 3485 2199 3552 γεσθαι
2218 3485 2325 3537 άπὸ
2345 3485 2450 3536 τῶν
2475 3483 2821 3551 ὑγιαινόντων
2838 3498 2851 3512 ο
2878 3481 3020 3534 οὑτω
3046 3482 3139 3534 καὶ
3165 3484 3222 3534 ἐν
3250 3486 3314 3552 τῇ
3347 3483 3574 3553 Ἐκκλη-

2010 3566 2120 3637 σία,
2174 3566 2359 3636 ἐπειδὴ
2413 3565 2483 3617 τά
2541 3566 2637 3634 μέν
2695 3567 2841 3616 ἐστιν
2874 3564 3086 3631 ὑγιεινὰ
3125 3566 3391 3635 πρόϐατα,
3423 3567 3492 3618 τά
3519 3568 3574 3619 δὲ

2009 3648 2393 3718 κεκακωμένα,
2431 3647 2518 3700 διά
2554 3648 2652 3717 τῆς
2681 3647 2862 3715 φωνῆς
2904 3647 3108 3715 ταύτης
3144 3647 3370 3717 διείργει
3401 3647 3574 3701 ταῦτα

1996 3731 2230 3790 ,ἐκείνων
2257 3729 2480 3797 περιιὼν
2511 3729 2784 3797 πανταχοῦ
2829 3727 2916 3781 διά
2958 3730 3059 3798 τῆς
3093 3731 3340 3798 κραυγῆς
3366 3729 3572 3800 ταύτης

2007 3815 2105 3884 τῆς
2136 3813 2572 3884 φρικωδεστάτης
2597 3822 2617 3850 ε
2642 3814 2670 3864 6
2697 3811 2895 3879 ἱερεὺς,
2925 3811 3015 3861 καὶ
3036 3810 3160 3871 τοὺς
3187 3811 3375 3878 ἁγίους
3395 3813 3574 3864 καλῶν

2008 3899 2103 3951 καὶ
2124 3897 2315 3949 ἕλκων.
2357 3894 2574 3964 Ἐπειδὴ
2601 3895 2708 3963 γάρ
2735 3893 2833 3946 οὑκ
2860 3892 2936 3943 ἔνι
2966 3891 3250 3958 ἄνθρωπον
3281 3893 3408 3944 δντα
3431 3893 3571 3946 είδέ-

2008 3997 2096 4034 ναι
2119 3977 2293 4033 τὰτοῦ
2323 3976 2576 4044 πλησίονο
2605 3976 2698 4039 Τίς
2724 3974 2832 4040 γὰρ
2855 3969 3018 4024 οἶδεν
3043 3973 3385 4038 ἀνθρώπων,
3416 3978 3570 4044 φησί,

2008 4063 2078 4116 τὰ
2105 4061 2210 4115 τοῦ
2239 4059 2571 4126 ἀνθρώπου,
2602 4059 2652 4110 εί
2674 4056 2760 4124 μὴ
2786 4055 2850 4107 τὸ
2878 4054 3111 4123 πνεῦμα
3139 4055 3240 4108 τοῦ
3260 4056 3572 4124 ἀνθρώπου

2008 4147 2074 4202 τὸ
2100 4147 2167 4199 ἐν
2188 4143 2347 4209 αὐτῷ
2371 4159 2388 4205 ,'
2421 4143 2622 4211 ταύτην
2648 4139 2841 4208 ἀφίησι
2869 4137 2964 4208 τὴν
2995 4137 3176 4208 φωνὴν
3217 4140 3352 4208 μετὰ
3384 4139 3444 4192 τό
3472 4143 3572 4210 τὴν

2010 4230 2198 4284 θυσίαν
2228 4223 2625 4296 ἀπαρτισθῆναι
2658 4219 3014 4284 πᾶσαν,ὦστε
3044 4220 3248 4290 μηδένα
3269 4222 3456 4284 ἁπλῶς
3478 4224 3572 4276 καὶ

2008 4313 2083 4375 ὡς
2115 4311 2325 4379 ἔτυχεν,
2350 4308 2442 4360 ἐπί
2471 4305 2569 4376 τὴν
2603 4305 2784 4374 πηγὴν
2808 4303 2980 4354 ἐλθεῖν
3027 4303 3122 4372 τὴν
3169 4307 3568 4374 πνευματικήν.

2009 4398 2119 4452 Καὶ
2139 4399 2247 4466 γὰρ
2277 4395 2368 4447 ἐπὶ
2395 4394 2492 4460 τῆς
2522 4392 2754 4460 ποίμνης
2782 4389 2953 4456 (οὐδὲν
2975 4389 3080 4456 γὰρ
3103 4388 3299 4440 κωλύει
3327 4389 3404 4458 τῷ
3426 4392 3573 4461 αὑτῷ

2011 4479 2369 4548 ὑποδείγματι
2409 4476 2568 4528 πάλιν
2597 4471 2922 4542 χρήσασθαι)
2956 4470 3023 4522 τὰ
3067 4471 3165 4539 μὲν
3203 4471 3398 4539 νοσερὰ
3429 4471 3574 4525 ἔνδον

2009 4561 2392 4629 ἁποκλείομεν,
2425 4557 2520 4609 καὶ
2573 4556 2630 4608 ἐν
2677 4553 2853 4622 σκότῳ
2895 4552 3218 4621 κατέχομεν,
3251 4553 3343 4604 καὶ
3379 4553 3572 4626 ἐτέρας

2014 4643 2364 4716 μεταδίδομεν
2384 4638 2604 4708 τροφῆς,
2633 4635 2755 4690 οὔτε
2785 4637 2943 4706 ἀέρος
2985 4635 3247 4704 καθαροῦ,
3283 4633 3406 4687 οὗτε
3437 4637 3574 4699 πόας

2009 4723 2351 4798 εἰλικρινοῦς,
2385 4721 2508 4774 οὔτε
2543 4720 2725 4790 πηγῆς
2767 4719 2865 4788 τῆς
2894 4719 2997 4782 ἔξω
3028 4718 3436 4787 συγχωροῦντες
3473 4736 3572 4788 με-

2009 4808 2284 4864 ταλαϐεῖν.
2316 4807 2426 4858 Καὶ
2455 4802 2689 4856 ἐνταῦθα
2717 4801 2894 4854 τοίνυν
2916 4801 3054 4873 αῦτη
3087 4802 3120 4870 ἡ
3145 4799 3295 4869 φωνὴ
3325 4803 3446 4854 ἀντὶ
3487 4802 3571 4854 δε-

2012 4891 2148 4962 σμοῦ
2199 4888 2343 4950 τινός
2398 4888 2564 4939 ἐστιν.
2627 4885 2739 4937 Οὑκ
2799 4884 2942 4954 ἔχεις
2994 4885 3186 4942 είπεῖν.
3227 4885 3342 4936 Οὑκ
3400 4884 3569 4955 ᾔδειν,

2009 4976 2235 5045 ἠγνόουν
2263 4973 2342 5024 ὃτι
2373 4969 2612 5031 κίνδυνος
2640 4968 2828 5020 ’έπεται
2866 4965 2942 5036 τῷ
2984 4966 3262 5035 πράγματι
3293 4982 3306 4995 °
3339 4969 3571 5036 μάλιστα

2015 5058 2114 5126 μὲν
2151 5052 2242 5108 οὖν
2273 5054 2366 5106 καὶ
2412 5053 2440 5103 6
2478 5050 2689 5112 Παῦλος
2736 5049 2890 5102 τοῦτο
2939 5049 3360 5121 διεμαρτύρατο.
3432 5053 3572 5106 Ἀλλ’

2011 5142 2156 5210 ἐρεῖς
2191 5139 2294 5201 ὅτι,
2326 5137 2437 5188 Οὐκ
2468 5136 2736 5200 ἁνέγνων;
2757 5133 2881 5184 Οὑκ
2909 5131 3022 5184 ἔστι
3073 5131 3232 5184 τοῦτο
3283 5133 3568 5202 ἀπολογία,

2011 5221 2146 5275 ἀλλὰ
2167 5219 2262 5274 καὶ
2285 5218 2450 5288 ἐγκλη
2461 5235 2534 5287 μα
2556 5234 2569 5247 ο
2605 5216 2723 5270 καθ’
2749 5215 2982 5285 ἑκάστην
3010 5215 3220 5285 ἡμέραν
3241 5218 3352 5269 είσέ
3363 5233 3466 5288 ρχῃ
3491 5219 3571 5280 είς

2009 5306 2108 5376 τὴν
2139 5303 2452 5374 ἐκκλησίαν,
2485 5303 2580 5354 καὶ
2609 5302 2688 5353 ἔτι
2716 5300 2875 5353 τοῦτο
2903 5302 3144 5367 άγνοεῖςς

2081 5393 2143 5440 ε’.
2170 5387 2313 5457 Πλὴν
2346 5386 2458 5438 ἀλλ’
2493 5385 2578 5436 ἵνα
2603 5385 2736 5455 μηδέ
2769 5385 2924 5437 τοῦτο
2960 5385 3088 5456 ἔχῃς
3119 5379 3570 5454 προφασίζεσθαι,

2074 5509 2102 5548 b
2130 5510 2188 5580 ‘_0
2214 5509 2427 5580 διάκονος
2451 5508 2608 5580 _Colb.,
2629 5521 2782 5580 τηρεε.
2802 5510 2980 5580 Savile
3009 5513 3165 5580 Rpgg.
3197 5515 3250 5558 el
3269 5509 3472 5566 Comm.,
3497 5515 3572 5558 ιιι-

2013 5588 2110 5636 que
2131 5577 2208 5636 ita
2231 5574 2372 5636 _legjl_
2396 5573 2661 5630 interpres,
2688 5573 2910 5636 itemque
2940 5573 3202 5636 Muliatyug.

2077 5642 2099 5670 ε
2130 5631 2389 5682 νει-δεδιὰ
2413 5636 2496 5700 τῆς
2513 5637 2717 5700 κραυγῆς
2734 5631 2905 5690 ταύτης
2928 5651 2972 5683 τ.
2996 5648 3071 5695 φρ.
3103 5631 3376 5682 inducenda
3398 5633 3574 5682 viden.

2018 5705 2097 5747 tur
2121 5700 2320 5758 propter
2345 5696 2679 5752 lauloiOgiam.
