4082 6212
464 289 566 343 155

454 402 646 456 τούτου
681 399 840 473 χάριν
881 398 1091 472 μεγάλῃ
1125 402 1191 470 τῇ
1225 403 1401 472 φωνῇ,
1436 404 1644 472 φρικτῇ
1676 403 1742 473 τῇ
1779 401 1898 473 βοῇ,
1941 419 2042 454 κα-

457 484 637 557 θάπερ
663 502 748 548 τις
769 485 945 556 κήρυξ
975 482 1074 554 τὴν
1095 485 1252 554 χεῖρα
1277 482 1452 553 αἴρων
1475 487 1554 546 εἰς
1575 485 1637 538 τὸ
1663 483 1820 554 ῦψος.
1844 485 2046 554 ὑψηλὸς

457 564 652 631 ἐστὼς,
681 569 816 620 πᾶσι
851 565 1153 636 κατάδηλος
1181 565 1446 634 γεγονὼς,
1470 568 1566 620 καὶ
1589 569 1736 637 μέγα
1758 568 1845 620 ἐπ’
1863 566 2046 638 ἐκείνῃ

461 650 613 724 [171]
636 654 701 724 τῇ
725 653 930 722 φρικτῇ
953 650 1158 721 ἠσυχίᾳ
1185 651 1646 721 ἀνακραυγάςων,
1671 653 1799 716 τοὺς
1825 651 1924 722 μὲν
1948 668 2049 704 κα-

457 735 560 799 λεῖ,
573 737 701 798 τοὺς
717 735 774 787 δὲ
792 733 1045 804 ἀπείργει
1065 735 1094 786 6
1117 733 1321 802 ἱερεὺς,
1339 735 1401 786 οὐ
1425 738 1492 806 τῇ
1516 737 1661 808 χειρὶ
1676 736 1836 788 τοῦτο
1853 735 2046 800 ποιῶν,

458 817 595 873 ἀλλὰ
620 819 684 886 τῇ
712 814 930 887 γλώττῃ
949 816 1048 886 τῆς
1073 815 1258 885 χειρὸς
1283 816 1629 887 τρανότερον.
1665 818 1734 871 Ἡ
1759 818 1869 888 γὰρ
1893 819 2046 890 φωνὴ

461 899 645 969 ἐκείνη
683 900 764 962 είς
795 898 896 968 τὴν
925 898 1097 969 ἀκοὴν
1118 899 1470 969 ἐμπίπτουσα
1495 902 1595 971 τὴν
1625 901 1927 974 ἡμετέραν,
1952 921 2049 957 κα-

462 983 639 1052 θάπερ
679 983 800 1054 χεὶρ
844 982 972 1046 τοὺς
1026 981 1126 1051 μὲν
1173 981 1307 1035 ὠθεῖ
1358 985 1450 1036 καὶ
1490 985 1760 1050 ἐκϐάλλει,
1813 985 1941 1049 τοὺς
1991 985 2049 1040 δὲ

462 1065 673 1132 εἰσάγει
703 1065 798 1119 καὶ
831 1064 1190 1135 παρίστησιν.
1236 1064 1373 1119 Εἰπὲ
1394 1065 1461 1138 δή
1498 1085 1612 1136 μοι,
1635 1069 1966 1138 παρακαλῶ,
1990 1069 2050 1122 ἐν

462 1151 574 1211 τοῖς
609 1147 995 1218 Ὀλυμπιακοῖς
1029 1147 1237 1215 ἀγῶσιν
1259 1149 1382 1219 οὐχλ¹
1406 1148 1638 1219 ἐστηκεν
1659 1153 1687 1203 6
1706 1149 1882 1223 κήρυξ
1912 1151 2050 1221 βοῶν

467 1232 610 1302 μέγα
639 1234 732 1285 καὶ
759 1231 984 1301 ὑψηλὸν,
1014 1231 1082 1283 Εἴ
1101 1247 1187 1295 τις
1218 1244 1241 1272 ο
1268 1233 1460 1286 τούτου
1497 1239 1816 1307 κατηγορεῖ,
1851 1235 2048 1307 λέγων,

471 1317 545 1388 μὴ
587 1316 773 1379 δοῦλός
821 1317 958 1380 ἐστι,
992 1314 1066 1385 μὴ
1097 1315 1359 1386 κλέπτης,
1388 1318 1462 1387 μὴ
1491 1318 1708 1390 τρόπων
1749 1321 2005 1392 πονηρῶν
2031 1340 2047 1388 ;

468 1399 646 1453 καίτοι
675 1398 744 1452 τὰ
760 1397 1123 1468 ἀγωνίσματα
1149 1399 1332 1452 ἐκεῖνα
1362 1398 1486 1452 οὔτε
1519 1400 1698 1472 ψυχῆς
1726 1403 1896 1467 ἐστιν,
1927 1402 2050 1456 οὐτε

467 1483 670 1551 τρόπου
703 1480 932 1548 ἀγαθοῦ,
961 1481 1097 1535 ἀλλά
1124 1479 1318 1552 ῥώμης
1344 1483 1440 1536 καὶ
1472 1482 1744 1554 σώματος.
1777 1485 1840 1538 El
1873 1485 2050 1540 τοίνυν

467 1564 596 1618 ἔνθα
640 1564 910 1634 σωμάτων
951 1564 1099 1617 ἐστὶν
1160 1564 1415 1634 ἄσκησις,
1460 1565 1630 1636 πολλὴ
1678 1569 2053 1639 προαιρέσεως

467 1648 717 1714 ἐξέτασις
747 1647 986 1715 γίνεται,
1025 1647 1179 1718 πόσῳ
1206 1647 1408 1719 μᾶλλον
1429 1648 1686 1715 ἐνταῦθα,
1711 1651 1838 1704 ἔνθα
1858 1650 1920 1703 τὸ
1941 1652 2050 1705 πᾶν

466 1730 612 1801 ψυχὴ
646 1731 840 1796 ἀθλεῖ;
875 1731 1114 1801 Ἔστηκε
1159 1731 1338 1785 τοίνυν
1383 1733 1478 1788 καὶ
1520 1733 1614 1786 νῦν
1660 1735 1688 1787 6
1739 1736 1869 1805 παρ’
1917 1737 2052 1806 ἡμῖν

469 1813 668 1884 κῆρυξ,
707 1813 768 1865 οὐ
800 1814 901 1883 τῆς
931 1812 1172 1882 κεφαλῆς
1192 1813 1424 1868 ἕκαστον
1463 1819 1711 1886 κατέχων
1741 1819 1836 1871 καὶ
1870 1818 2052 1888 παρά-

468 1912 603 1963 γων,
638 1896 774 1950 ἀλλά
808 1896 1015 1958 πάντας
1043 1895 1179 1966 ὁμοῦ
1219 1895 1320 1966 τῆς
1355 1897 1598 1966 κεφαλῆς
1625 1901 1724 1970 τῆς
1749 1900 1895 1955 ἐνδον
1923 1918 2054 1954 κατ-

469 1978 608 2048 έχων
624 1995 637 2009 ·
673 1979 775 2031 οὐκ
797 1977 1082 2048 ἐφίστησιν
1109 1977 1304 2042 ἄλλους
1326 1980 1514 2044 αὐτοῖς
1538 1983 1901 2053 κατηγόρους,
1937 1983 2053 2037 ἀλλ’

469 2062 665 2126 αὐτοὺς
694 2062 908 2125 ἑαυτοῖς
933 2077 946 2090 ·
975 2062 1034 2113 οὐ
1067 2061 1177 2131 γὰρ
1217 2060 1388 2130 λέγει,
1425 2065 1516 2136 Μή
1567 2082 1652 2127 τις
1692 2065 1884 2118 τούτου
1923 2084 2054 2120 κατ-

468 2148 664 2216 ηγορεῖ
686 2161 700 2210 ;
725 2145 864 2199 ἀλλά
882 2144 933 2198 τί
952 2162 966 2210 ;
1001 2145 1070 2198 Εῐ
1092 2163 1176 2208 τις
1203 2146 1396 2200 ἐαυτοῦ
1417 2152 1733 2218 κατηγορεῖ.
1754 2151 1922 2203 Ὅταν
1947 2151 2054 2222 γάρ

471 2230 624 2301 εἴπῃ,
663 2229 745 2280 Τὰ
777 2228 912 2296 ἀγια
940 2229 1055 2291 τοῖς
1085 2228 1286 2296 ἁγίοις,
1326 2229 1487 2283 τοῦτο
1528 2231 1706 2300 λέγει’
1751 2233 1818 2284 Εἴ
1839 2249 1924 2296 τις
1955 2233 2055 2286 οὐκ

473 2311 621 2366 ἐστιν
645 2309 821 2380 ἅγιος,
859 2309 936 2380 μὴ
967 2311 1230 2380 προσίτω.
1268 2312 1381 2382 Οὐχ
1405 2312 1593 2376 ἁπλῶς
1625 2331 1812 2383 φησιν,
1845 2314 2055 2386 Ἀμαρ-

471 2397 734 2467 τημάτων
767 2393 1026 2466 καθαρὸς,
1055 2393 1192 2459 ἀλλ’,
1213 2395 1402 2462 ’Ἄγιος
1425 2411 1438 2424 ⁸
1469 2396 1562 2450 τὸν
1608 2398 1720 2466 γὰρ
1760 2397 1914 2465 ἅγιον
1958 2399 2056 2469 οὐχ

473 2479 507 2547 ἡ
552 2475 660 2530 τῶν
705 2474 1121 2545 ἁμαρτημάτων
1172 2475 1463 2546 ἀπαλλαγὴ
1516 2481 1662 2530 ποιεῖ
1696 2477 1876 2548 μόνον,
1911 2479 2056 2533 ιάλλά

475 2559 570 2613 καὶ
601 2560 634 2630 η
667 2559 762 2611 τοῦ
796 2557 1112 2628 Πνεύματος
1140 2559 1430 2630 παρουσία,
1468 2560 1567 2614 καὶ
1617 2562 1645 2614 6
1677 2561 1788 2614 τῶν
1833 2561 2056 2629 ἀγαθῶν

476 2649 655 2719 ἔργων
702 2644 953 2708 πλοῦτος.
993 2646 1067 2700 Οὐ
1097 2645 1357 2717 βούλομαι
1388 2648 1571 2717 μόνον,
1609 2649 1763 2720 φησὶ,
1793 2648 2055 2720 βορϐόρου

475 2731 814 2802 ἀπηλλάχθαι
867 2730 1034 2802 ὑμᾶς,
1095 2730 1233 2786 ἀλλά
1311 2733 1406 2786 καὶ
1465 2731 1693 2797 λευκοὺς
1754 2729 1893 2786 εἶναι
1964 2733 2057 2788 καὶ

475 2815 734 2885 ὡραίους.
764 2814 828 2866 Εἰ
857 2813 965 2884 γὰρ
999 2815 1027 2866 6
1079 2811 1421 2877 Βαϐυλώνιος
1457 2813 1713 2884 βασιλεὺς
1737 2855 1751 2879 ,
1805 2815 1915 2869 ἀπὸ
1958 2817 2058 2887 τῆς

478 2898 856 2968 αἰχμαλωσίας
887 2896 1249 2968 ἐκλεγόμενος
1288 2899 1417 2961 τοὺς
1468 2898 1808 2962 νεανίσκους,
1856 2899 2058 2962 καλοὺς

477 2981 556 3052 τῷ
587 2980 718 3034 εἴδει
749 2980 842 3032 καὶ
867 2977 1106 3050 ὡραίους
1141 2982 1208 3051 τῇ
1233 2979 1354 3049 ὄψει
1376 2979 1658 3046 ἐξελέξατο
1677 3000 1690 3013 ·
1723 2981 1904 3052 πολλῷ
1929 2981 2059 3052 μᾶλ-

477 3065 569 3118 λον
598 3065 745 3136 ἡμᾶς
804 3062 1251 3134 παρισταμένους
1283 3066 1349 3134 τῇ
1387 3065 1639 3138 τραπέζῃ
1680 3068 1744 3136 τῇ
1778 3064 2054 3135 βασιλικῇ,

479 3147 680 3211 καλοὺς
709 3147 788 3218 τῷ
813 3147 943 3201 εῖδει
972 3143 1113 3200 εἶναι
1146 3146 1228 3200 δεῖ
1254 3147 1332 3218 τῷ
1375 3148 1476 3218 τῆς
1500 3148 1699 3218 ψυχῆς,
1735 3149 1826 3201 τὸν
1851 3149 2055 3218 κόσμον

480 3233 702 3302 ἔχοντας
755 3229 1010 3302 χρυσοῦν,
1053 3229 1152 3301 τὴν
1175 3229 1368 3301 στολὴν
1413 3231 1685 3300 καθαράν,
1739 3231 1807 3284 τὰ
1856 3231 2057 3303 ὑποδή-

483 3333 628 3386 ματα
660 3314 935 3385 βασιλικὰ,
967 3313 1027 3367 τὸ
1061 3312 1354 3383 πρόσωπον
1393 3314 1496 3383 τῆς
1533 3314 1716 3385 ψυχῆς
1749 3313 2050 3386 εὐμορφον,

478 3399 570 3452 τὸν
595 3399 800 3468 κόσμον
827 3398 964 3467 αὐτῇ
995 3395 1342 3466 περικεῖσθαι
1360 3395 1451 3448 τόν
1467 3398 1725 3466 χρυσοῦν,
1750 3397 1848 3469 τὴν
1877 3397 2054 3468 ζώνην

479 3483 579 3552 τῆς
616 3481 896 3550 ἀληθείας.
942 3479 999 3531 Ὀ
1035 3477 1278 3541 τοιοῦτος
1337 3479 1595 3548 προσίτω,
1643 3480 1737 3532 καὶ
1781 3480 2056 3548 ποτηρίων

481 3562 737 3616 ἁπτέσθω
771 3560 1090 3631 βασιλικῶν.
1141 3558 1202 3612 ΕΞ
1243 3560 1302 3614 δέ
1349 3577 1433 3623 τις
1466 3561 1632 3634 ῥάκια
1657 3563 2054 3632 ἠμφιεσμένος,

482 3647 690 3718 ῥυπῶν,
736 3643 966 3715 αὐχμῶν
1019 3643 1321 3697 ἐπεισιέναι
1369 3647 1434 3714 τῇ
1497 3643 1750 3718 βασιλικῇ
1816 3645 2058 3716 βούλοιτο

478 3729 749 3800 τραπέζῃ,
778 3730 881 3798 ὅρα
910 3728 1010 3780 ὅσα
1040 3727 1310 3792 πείσεται,
1361 3728 1462 3781 οὐκ
1493 3729 1782 3799 άρκουσῶν
1807 3729 1915 3796 τῶν
1937 3747 2061 3784 τεσ-

483 3813 793 3883 σαράκοντα
820 3811 1042 3881 ἡμερῶν
1081 3811 1149 3864 τὰ
1172 3814 1230 3865 ἐν
1256 3813 1420 3865 παντὶ
1467 3813 1547 3882 τῷ
1591 3813 1767 3884 χρόνῳ
1801 3815 2060 3886 πεπλημς

483 3896 764 3967 μελημένα
802 3895 1224 3950 ἀπολούσασθαι.
1255 3897 1318 3950 Εἰ
1343 3898 1451 3968 γὰρ
1478 3898 1720 3969 ἡγέεννα
1752 3899 1852 3953 οὐκ
1874 3901 2056 3971 ἀρκεῖ,

543 4059 560 4082 ⁸
583 4059 721 4110 Colb.
750 4061 813 4121 μή
833 4077 920 4116 τις.
947 4061 1049 4110 Nec
1081 4063 1228 4111 aliter
1247 4064 1426 4125 Begg.,
1448 4063 1633 4116 Comm.
1649 4071 1702 4114 et
1725 4078 1878 4128 marg.
1903 4064 2055 4116 Savil.

1145 283 1203 339 S.
1244 281 1538 340 JOANNIS
1570 274 2061 340 CHRYSOSTOMI
2103 278 2417 336 ARCIHEP.
2459 276 3014 336 CONSTANTINOP.

3621 283 3722 342 ιδι

2148 399 2328 452 καίτοι
2360 414 2424 466 γε
2451 397 2672 460 αἰώνιος
2706 392 2840 450 οῦσα
2893 394 3008 466 (διὰ
3043 393 3204 447 τοῦτο
3232 394 3342 464 γάρ
3370 394 3466 449 καὶ
3508 397 3727 464 αἰώνιός

2147 483 2314 551 ἐστι),
2350 481 2534 551 πολλῷ
2568 479 2770 551 μᾶλλον
2789 482 2817 534 6
2847 479 3054 552 βραχὺς
3093 473 3247 541 οὗτος
3276 479 3488 548 χρόνος.
3514 481 3591 536 Οὐ
3619 484 3730 554 γὰρ

2151 566 2438 635 μετάνοιαν
2468 563 2698 634 ἰσχυρὰν
2725 562 3146 634 ἐπεδειξάμεθα,
3174 563 3290 615 ἀλλ’
3334 562 3558 635 ἀσθενῆ.
3590 567 3730 631 Τούς

2147 647 2440 718 εὐνούχους
2467 647 2704 718 μάλιστα
2749 647 2832 700 δεῖ
2863 645 3202 715 παρεστάναι
3233 645 3312 716 τῷ
3359 647 3610 718 βασιλεῖ’
3641 651 3732 705 εὐ-

2149 729 2375 801 νούχους
2415 729 2582 797 λέγω,
2632 729 2759 793 τοὺς
2813 729 2915 801 τὴν
2945 729 3184 784 διάνοιαν
3233 729 3485 796 λευκοὺς,
3520 732 3730 803 μηδένα

2149 812 2374 884 ἔχοντας
2408 813 2581 884 ῥύπον
2615 813 2755 886 μηδέ
2790 813 3000 878 σπῖλον,
3040 815 3282 884 ὑψηλοὺς
3316 817 3380 885 τῇ
3411 814 3641 885 διανοίᾳ,
3672 815 3734 869 τὸ

2149 895 2299 968 [172]
2331 896 2485 968 ὄμμα
2499 897 2710 969 ἥμερον
2728 899 2827 968 τῆς
2856 896 3035 967 ψυχῆς
3065 897 3288 966 ἔχοντας
3311 896 3406 950 καὶ
3421 893 3731 969 ὀξυδερκὲς,

2149 981 2586 1052 εὐπερίστροφον
2622 981 2718 1034 καὶ
2756 979 2980 1050 γοργὸν,
3009 979 3146 1034 ἀλλά
3202 981 3278 1050 μὴ
3308 980 3546 1050 ὐπνηλὸν
3595 981 3735 1050 μηδὲ

2152 1063 2364 1130 ὕπτιον,
2393 1063 2707 1135 ἐλευθερίας
2727 1063 2900 1133 γέμον
2930 1061 3161 1132 πολλῆς,
3196 1063 3390 1134 πόρρω
3441 1064 3737 1134 ἀναισχυν-

2149 1145 2272 1210 τίας
2298 1163 2362 1215 γε
2383 1146 2490 1218 μὴν
2520 1148 2612 1200 καὶ⁵
2645 1145 2988 1216 ἰταμότητος,
3032 1145 3358 1215 ἐγρηγορὸς,
3386 1144 3562 1213 ὐγιές,
3595 1148 3735 1216 μήτε

2153 1229 2382 1298 στυγνὸν
2416 1229 2623 1299 σφόδρα
2661 1227 3033 1298 κα“ικατηφές,
3066 1229 3205 1298 μήτε
3230 1227 3624 1298 διακεχυμένον
3641 1231 3737 1282 καὶ

2153 1313 2339 1385 ὐγρόν.
2372 1313 2573 1367 Τοῦτον
2609 1314 2770 1384 ἡμεῖς
2791 1310 2970 1382 κύριοι
2989 1311 3392 1381 δημιουργῆσαι
3420 1311 3513 1364 τὸν
3533 1310 3738 1379 ὀφθαλς

2155 1398 2275 1468 μὸν,
2302 1397 2394 1451 καὶ
2423 1396 2684 1468 ὁξυδερκῆ
2711 1394 3052 1466 ποιῆσαικαὶ
3081 1394 3269 1449 καλόν.
3301 1395 3472 1448 Ὅταν
3500 1394 3610 1466 γάρ
3643 1396 3736 1450 αὐ-

2150 1481 2241 1536 τὸν
2268 1480 2342 1552 μὴ
2361 1480 2496 1552 πρὸς
2521 1481 2613 1534 τὸν
2640 1480 2846 1532 καπνὸν
2871 1480 3117 1549 ἄγωμεν,
3142 1479 3277 1549 μηδὲ
3300 1480 3436 1550 πρὸς
3455 1480 3555 1551 τὴν
3574 1483 3725 1535 κόνιν

2155 1563 2404 1636 (τοιαῦτα
2437 1565 2548 1634 γὰρ
2570 1563 2751 1617 πάντα
2774 1564 2841 1615 τά
2875 1561 3194 1633 ἀνθρώπινα
3220 1561 3568 1634 πράγματα),
3600 1564 3736 1618 ἀλλὰ

2154 1647 2289 1719 πρὸς
2321 1647 2421 1717 τὴν
2439 1645 2616 1718 αὔραν
2645 1645 2744 1716 τὴν
2765 1645 2991 1714 λεπτὴν,
3032 1646 3170 1715 πρὸς
3201 1645 3293 1699 τὸν
3330 1647 3532 1714 κοῦφον
3568 1647 3733 1717 ἀέρα,

2152 1730 2289 1801 πρὸς
2316 1730 2385 1783 τά
2418 1729 2688 1800 μετέωρα,
2727 1727 2822 1780 καὶ
2857 1726 3059 1797 ὐψηλά,
3089 1728 3186 1780 καὶ
3221 1729 3455 1800 ἡσυχίας
3484 1729 3727 1799 γέμοντα

2153 1813 2357 1882 πολλῆς
2386 1815 2480 1866 καὶ
2516 1811 2886 1883 καθαρότητος
2942 1813 3036 1864 καὶ
3084 1812 3288 1883 πολλῆς
3333 1813 3433 1882 τῆς
3461 1813 3726 1883 τέρψεως,

2155 1895 2577 1968 ἀνακτησόμεθα
2623 1894 2834 1965 ταχέως
2889 1893 3074 1959 αὐτὸν,
3106 1895 3203 1950 καὶ
3250 1898 3498 1969 ρώσομεν
3547 1898 3738 1970 ἐντρυ-

2155 1981 2342 2049 φῶντα
2372 1981 2437 2050 τῇ
2470 1976 2693 2048 τοιαύτῃ
2729 1976 2848 2048 θέᾳ.
2882 1975 3038 2041 Εἶδες
3079 1979 3418 2046 πλεονεξίαν,
3450 1981 3543 2036 καὶ
3573 1981 3738 2036 πλοῦ-

2153 2081 2249 2117 τον
2272 2062 2440 2117 πολὺν
2479 2060 2672 2132 έχοντά
2687 2077 2810 2116 τινα
2830 2079 2844 2126 ;
2868 2060 2944 2131 μὴ
2975 2063 3262 2134 ἐπαγάγῃς
3287 2065 3404 2116 ἐκεῖ
3425 2065 3518 2118 τὸν
3535 2063 3740 2134 ὀφθαλο

2159 2147 2258 2218 μόν
2298 2163 2393 2199 σου
2429 2159 2446 2174 ’
2478 2143 2740 2214 βόρϐορός
2768 2144 2886 2197 ἐστι
2916 2143 2979 2197 τὸ
3008 2147 3269 2216 πρᾶγμα,
3312 2147 3521 2210 καπνός
3567 2149 3737 2214 ἐστιν,

2119 2303 2122 2306 γ
2155 2228 2326 2299 ἀτμὸς
2361 2227 2620 2298 πονηρὸς,
2669 2227 2857 2290 σκότος
2887 2228 2981 2282 καὶ
3030 2229 3366 2300 στενοχωρία
3418 2229 3609 2302 πολλὴ,
3644 2231 3740 2287 καὶ

2157 2313 2458 2384 φροντίδων
2483 2312 2741 2382 πνιγμός.
2765 2306 2920 2374 Εἶδες
2951 2311 3302 2382 δικαιοσύνην
3338 2313 3610 2366 ἀσκοῦντα
3642 2313 3738 2366 ἆνε-

2158 2396 2395 2467 θρωπον,
2427 2392 2768 2467 ἀρκούμενον
2807 2397 2920 2457 τοῖς
2957 2393 3147 2461 αὐτοῦ,
3182 2396 3279 2448 καὶ
3308 2395 3512 2467 πολλὴν
3547 2395 3740 2468 ἔχοντα

2155 2481 2256 2550 τὴν
2304 2478 2651 2549 εὐρυχωρίαν
2702 2479 2802 2549 τῆς
2854 2478 3114 2544 ἀνέσεως,
3161 2480 3315 2534 οὐδὲν
3364 2482 3734 2554 μεριμνῶντα,

2156 2563 2310 2616 οὐδὲν
2327 2561 2683 2632 φροντίζοντα
2729 2561 2839 2615 τῶν
2865 2561 3143 2627 ἐνταῦθας
3177 2563 3372 2633 στῆσον
3403 2564 3567 2617 αὐτὸν
3593 2565 3732 2628 ἐκεῖ,

2158 2646 2255 2699 καὶ
2289 2643 2618 2716 μετεώρισον
2639 2661 2653 2675 ’
2687 2645 2784 2698 καὶ
2812 2643 2996 2715 πολλῷ
3025 2645 3278 2701 καλλίονα
3309 2646 3474 2699 αὐτὸν
3515 2646 3732 2720 ἐργάσῃ

2159 2729 2254 2784 καὶ
2278 2728 2683 2799 λαμπρότερον,
2729 2728 2788 2780 οὐ
2824 2731 2940 2790 τοῖς
2969 2728 3068 2799 τῆς
3097 2727 3202 2796 γῆς
3231 2726 3446 2782 ἄνθεσιν
3490 2729 3739 2799 εὐωχῶν,

2159 2812 2296 2867 ἀλλά
2324 2815 2439 2876 τοῖς
2471 2814 2570 2883 τῆς
2620 2814 2841 2885 ἀρετῆς,
2885 2814 3232 2886 σωφροσύνῃ,
3291 2813 3602 2884 ἐπιεικείᾳ,
3643 2815 3743 2873 καὶ

2158 2900 2268 2961 τοῖς
2302 2897 2482 2960 ἄλλοις
2512 2895 2736 2951 ἅπασιν.
2760 2896 2927 2950 Οὐδὲν
2939 2899 3049 2968 γάρ
3078 2896 3222 2951 οῦτω
3247 2897 3508 2968 ταράττει
3537 2897 3743 2968 ὁφθάλ.

2161 2982 2282 3051 μὸν,
2313 2980 2388 3042 ὡς
2414 2979 2653 3043 συνειδὸς
2691 2980 2928 3050 πονηρόν
2953 2996 2967 3011 ⁶
3005 2980 3363 3048 Ἐταρὰχθη,
3396 2981 3585 3048 φησὶν,
3615 2980 3735 3034 ἀπὸ

2159 3062 2350 3133 θυμοῦ
2387 3066 2418 3117 ό
2457 3063 2765 3131 ὀφθαλμός
2800 3079 2920 3132 μου
2941 3078 2956 3095 ο
2987 3063 3142 3117 οὐδὲν
3185 3062 3328 3117 οῦτω
3356 3065 3558 3117 σκοτοί.
3593 3063 3738 3118 Ταύ-

2157 3165 2254 3217 της
2277 3147 2438 3200 αύτὸν
2473 3145 2783 3212 ἀπάλλαξον
2814 3147 2915 3217 τῆς
2941 3146 3227 3218 ἐπηρείας,
3254 3147 3349 3202 καὶ
3395 3147 3620 3218 φαιδρὸν
3645 3149 3740 3220 ἐρ.

2157 3231 2302 3302 γάσῃ
2336 3229 2432 3283 καὶ
2459 3229 2699 3301 ἰσχυρὸν,
2735 3229 2821 3282 ἀεὶ
2852 3229 3186 3300 τρεφόμενον
3235 3230 3449 3285 ἐλπίσιν
3488 3230 3739 3298 ἀγαθαῖς.

2159 3314 2373 3366 Γένοιτο
2397 3312 2454 3365 δὲ
2481 3313 2688 3376 πάντας
2710 3315 2882 3383 ἡμᾶς,
2917 3314 3009 3365 καὶ
3027 3313 3321 3367 τοῦτονκαὶ
3347 3314 3445 3377 τάς
3463 3314 3630 3377 ἄλλας
3641 3315 3744 3387 τῆς

2157 3395 2336 3469 ψυχῆς
2369 3396 2649 3466 ἐνεργείας
2681 3397 3092 3451 κατασκευάσαι
3119 3397 3396 3461 τοιαύτας,
3420 3397 3537 3460 οἵας
3561 3400 3589 3450 6
3608 3399 3745 3469 Χρι..

2161 3482 2287 3542 στὸς
2323 3478 2605 3548 βούλεται·
2631 3479 2717 3531 ἵνα
2760 3479 2860 3547 τῆς
2903 3479 3265 3550 ἐπικειμένης
3317 3481 3450 3551 ἡμῖν
3498 3481 3744 3551 κεφαλῆς

2160 3563 2301 3628 ἄξιοι
2353 3561 2658 3632 γενόμενοι,
2694 3561 3024 3633 ἀπέλθωμεν
3062 3561 3191 3614 ἔνθα
3244 3562 3408 3617 θέλει.
3443 3562 3581 3632 Φησὶ
3607 3563 3739 3630 γάρ’

2164 3645 2328 3698 Θέλω
2354 3643 2454 3708 ἵν’,
2489 3645 2645 3698 ὅπου
2675 3643 2789 3712 ἐγώ
2819 3647 2959 3712 ειμι,
2989 3644 3256 3698 κάκεῖνοι
3280 3640 3390 3702 ὦσι
3415 3645 3543 3713 μετ’
3566 3645 3740 3714 ἐμοῦ,

2161 3727 2262 3779 ἵνα
2283 3725 2398 3798 τὴν
2429 3726 2618 3791 δόξαν
2647 3727 2762 3794 τὴν
2783 3727 2938 3795 ἐμὴν
2967 3725 3221 3794 δρῶσιν
3252 3722 3321 3797 ἦς
3373 3728 3582 3794 γένοιτο
3605 3728 3743 3782 ἀπο-

2161 3799 2364 3864 λαῦσαί
2407 3811 2616 3873 πάντας
2654 3811 2822 3879 ἡμᾶς,
2860 3813 2920 3863 ἐν
2963 3808 3188 3880 Χριστῷ
3234 3808 3412 3877 Ἰησοῦ
3441 3808 3520 3880 τῷ
3548 3811 3742 3882 Κυρίῳ

2163 3894 2341 3965 ἡμῶν,
2380 3892 2498 3964 μεθ’
2526 3888 2584 3948 οὐ
2611 3893 2688 3962 τῷ
2707 3893 2881 3963 Πατρὶ
2912 3891 3100 3964 καὶτῷ
3127 3891 3267 3962 ἀγίῳ
3291 3891 3570 3961 Πνεύματι
3592 3893 3740 3958 δόξα,

2162 3976 2386 4047 κράτος,
2413 3975 2567 4045 τιμὴ,
2600 3976 2696 4028 νῦν
2719 3976 2810 4028 καὶ
2840 3976 2947 4040 ἀεὶ,
2989 3977 3082 4030 καὶ
3113 3976 3193 4037 είς
3238 3976 3368 4038 τούς
3397 3974 3601 4036 αἰῶνας
3631 3977 3743 4031 τῶν

2163 4059 2392 4116 αἰώνων.
2426 4058 2622 4128 Ἀμήν.

1832 4305 1981 4378 [175]
2039 4308 2281 4363 OMIAIA
2320 4304 2424 4363 lE'.

493 4395 806 4464 Ἃνώτερον
852 4396 1072 4465 λέγων,
1131 4394 1220 4449 ὅτι
1268 4396 1490 4451 θυσίαν
1542 4395 1642 4448 καὶ
1707 4398 2060 4466 προσφορὰν

549 4468 648 4522 καὶ
723 4466 1186 4533 ὁλοκαυτώματα
1236 4467 1334 4520 καὶ
1397 4465 1530 4535 περὶ
1594 4465 1880 4535 ἁμαρτίας
1947 4470 2060 4522 οὐκ

549 4538 879 4608 ἠθέλησας,
899 4535 1040 4589 οὐδὲ
1058 4536 1415 4608 εὐδόκησας,
1447 4538 1669 4608 αἵτινες
1696 4539 1853 4608 κατὰ,
1874 4539 2062 4608 νόμον

546 4606 1162 4676 ,προσφέρονταιῇτότε
1177 4606 1432 4676 εἴρηκεν·
1453 4606 1600 4661 Ἰδοὺ
1626 4607 1752 4674 ἥκω
1765 4607 1870 4660 τοῦ
1889 4607 2062 4674 ποι-ῆ-

549 4674 675 4742 dat,
705 4674 736 4730 ὀ
763 4677 926 4740 Θεὸς,
963 4675 1030 4728 τὸ
1074 4674 1304 4744 θέλημά
1338 4693 1476 4730 σου.
1520 4677 1773 4745 Ἀναιρεῖ
1801 4677 1867 4729 τὸ
1907 4677 2063 4745 πρῶ-

551 4765 676 4809 τον,
702 4749 802 4800 ἵνα
832 4749 898 4798 τὸ
949 4743 1235 4816 δεύτερον⁸
1269 4746 1496 4815 στήσῃ.
1539 4748 1642 4799 Ἐν
1775 4743 2063 4816 θελήματι

552 4816 904 4886 ἡγιασμένοι
942 4815 1130 4884 ἐσμὲν
1154 4813 1251 4867 διὰ
1277 4815 1387 4884 τῆς
1421 4813 1780 4885 προσφορᾶς
1814 4813 2063 4886 τοῦσώ-

547 4885 733 4953 ματος
772 4886 968 4952 Ἰησοῦ
1016 4886 1283 4956 Χριστοῦ,
1320 4886 1581 4954 ἐφάπαξ.
1636 4888 1747 4941 Καὶ
1798 4885 1918 4952 πᾶς
1946 4887 2064 4956 μὲν

552 4956 744 5022 ἱερεὺς
769 4956 985 5023 ἕστηκε
1025 4955 1154 5009 καθ’
1173 4955 1404 5024 ἡμέραν
1419 4956 1808 5026 λειτουργῶν,
1845 4955 2066 5024 καὶτὰς

550 5027 736 5096 αὐτὰς
764 5026 1059 5096 πολλάκις
1075 5026 1434 5096 προσφέρων
1448 5029 1687 5094 θυσίας,
1713 5028 1940 5096 αἵτινες
1960 5030 2063 5082 οὐ-

550 5093 762 5146 δέποτε
795 5094 1083 5166 δύνανται
1103 5093 1405 5166 περιελεῖν
1428 5093 1716 5166 ἁμαρτίας
1744 5115 1756 5126 ·
1787 5093 1968 5164 οὗτος
1996 5098 2064 5150 δὲ

543 5166 694 5235 μίαν
713 5162 860 5235 ὑπὲρ
872 5164 1169 5235 ἁμαρτιῶν
1183 5162 1598 5235 προσενέγκας
1627 5162 1873 5232 θυσίαν,
1893 5162 1980 5233 εἰς
1996 5169 2063 5221 τὸ

550 5233 819 5302 διηνεκὲς
839 5233 1123 5286 ἐκάθισεν
1145 5236 1215 5288 ἐν
1228 5233 1399 5303 δεξιᾷ
1428 5233 1533 5290 τοῦ
1557 5239 1730 5301 Θεοῦ,
1751 5240 1814 5290 τὸ
1843 5238 2065 5291 λοιπὸν

548 5303 959 5380 ἐκδεχόμενος,
987 5303 1099 5380 ἕως
1121 5305 1371 5380 τεθῶσιν
1398 5310 1450 5360 οἱ
1479 5307 1681 5376 ἐχθροὶ
1703 5306 1891 5361 αὐτοῦ
1911 5309 2062 5360 ’ὐπο-

549 5371 767 5429 mmor
791 5371 910 5428 τῶν
941 5371 1144 5426 ποδῶν
1169 5377 1382 5430 αὐτοῦ.

555 5552 624 5598 α’.
661 5546 748 5598 Ἐν
785 5545 883 5614 μὲν
911 5549 1026 5609 τοῖς
1057 5545 1368 5618 ἔμπροσθεν
1386 5547 1586 5613 ἔδειξεν
1628 5547 1925 5618 ἀνωφελεῖς
1967 5549 2064 5614 τάς

489 5629 675 5690 θυσίας
691 5627 855 5690 οὐσας
873 5629 1005 5698 πρὸς
1026 5633 1123 5699 τὴν
1149 5631 1364 5683 τελείαν
1391 5631 1765 5702 καθαρότητα,
1781 5633 1873 5684 καὶ
1891 5631 2062 5685 τύπον

483 5709 667 5774 οὐσας,
700 5711 794 5764 καὶ
828 5712 960 5764 πολὺ
1003 5713 1356 5782 λειπομένας.
1393 5714 1548 5768 Ἐπεὶ
1583 5712 1676 5769 οῦν
1728 5717 2057 5770 ἁντέπιπτεν

2167 4399 2316 4469 αὐτῷ
2341 4398 2526 4463 τοῦτο,
2562 4399 2609 4451 εἰ
2641 4397 2801 4452 τύποι
2833 4397 2963 4463 εἰσὶ,
2989 4398 3107 4461 πῶς
3131 4399 3226 4467 τῆς
3249 4397 3511 4469 ἀληθείας
3558 4399 3747 4455 ἐλθού-

2165 4498 2285 4552 σης,
2321 4481 2423 4535 οὐκ
2475 4479 2785 4535 ἐπαύσαντο
2814 4481 2934 4534 οὐδέ
2963 4480 3350 4552 ὑπεχώρησαν,
3407 4482 3526 4535 ἀλλ’
3560 4484 3744 4536 ἐπιτε-

2163 4564 2418 4630 λοῦνται;
2450 4563 2590 4616 Αὐτὸ
2621 4562 2677 4616 δέ
2718 4563 2876 4617 τοῦτο
2917 4564 3153 4618 ἐνταῦθα
3182 4564 3498 4634 ἐργάζεται,
3527 4565 3746 4629 δεικνὺς

2163 4649 2244 4700 ὅτι
2276 4647 2459 4700 οὐκέτι
2487 4646 2794 4700 τελοῦνται·
2830 4648 2951 4701 οὐδὲ
2997 4647 3072 4711 ὡς
3120 4646 3310 4710 τύπος,
3338 4647 3399 4706 οὐ
3427 4648 3536 4719 γάρ
3573 4649 3746 4716 αὐτάς

2164 4733 2450 4803 προσίεται
2479 4733 2506 4784 6
2537 4732 2688 4796 Θεός.
2725 4733 2838 4786 Καὶ
2893 4733 3052 4787 τοῦτο
3091 4734 3190 4786 οὐκ
3219 4733 3332 4790 ἀπὸ
3372 4735 3473 4802 τῆς
3529 4734 3739 4804 Καινῆς

2167 4817 2348 4880 πάλιν,
2379 4815 2496 4868 ἀλλ’
2545 4817 2653 4870 ἀπὸ
2702 4816 2812 4870 τῶν
2862 4817 3160 4891 προφητῶν
3206 4816 3497 4879 δείκνυσιν,
3536 4805 3747 4875 ἄνωθεν

2165 4901 2264 4972 τὴν
2290 4900 2651 4973 ἰσχυροτάτην
2679 4902 2946 4972 παράγων
2979 4902 3308 4974 μαρτυρίαν,
3344 4902 3427 4955 ὅτι
3466 4901 3626 4971 λήγει
3656 4905 3752 4957 καὶ

2166 4984 2424 5051 παύεται,
2465 4984 2557 5037 καλ
2586 4983 2708 5052 είκῆ
2742 4984 2922 5038 πάντα
2961 4985 3316 5055 πράττουσιν,
3347 4985 3438 5038 ἀεὶ
3463 4985 3543 5056 τῷ
3576 4985 3753 5043 Πνεύ-

2169 5069 2399 5142 ματιτῷ
2430 5069 2570 5140 ἁγίῳ
2610 5067 3048 5133 ἀντιπίπτοντες.
3093 5070 3202 5122 Καὶ
3253 5069 3527 5123 δείκνυσιν
3551 5068 3617 5121 ἐκ
3651 5085 3753 5121 πε-

2169 5155 2412 5226 ριουσίας
2437 5154 2496 5205 οὐ
2551 5153 2645 5206 νῦν
2687 5152 2858 5215 αὐτὰς
2892 5153 3269 5223 πεπαυμένας,
3317 5151 3454 5206 ἀλλὰ
3493 5152 3587 5205 καὶ
3619 5152 3750 5224 παρ’

2165 5238 2336 5308 αὐτὴν
2368 5236 2460 5289 τοῦ
2492 5237 2731 5305 Χριστοῦ
2786 5235 2886 5307 τὴν
2933 5236 3263 5308 παρουσίαν,
3298 5236 3498 5306 μᾶλλον
3534 5235 3611 5300 δὲ,
3657 5237 3753 5290 καὶ

2166 5320 2274 5390 πρὸ
2302 5320 2401 5391 τῆς
2425 5319 2592 5374 αὐτοῦ
2645 5319 2974 5389 παρουσίας,
3004 5329 3022 5351 ⁸
3057 5320 3153 5374 καὶ
3189 5319 3308 5384 πῶς
3333 5321 3394 5372 οὐ
3436 5320 3751 5374 τελευταῖον

2166 5403 2356 5456 ἔλυσεν
2398 5401 2570 5465 αὐτὰς
2597 5403 2626 5456 6
2676 5400 2933 5470 Χριστὸς,
2983 5403 3117 5457 ἀλλὰ
3151 5404 3418 5474 πρότερον
3448 5403 3748 5473 ἐλύθησαν,

2165 5486 2260 5538 καὶ
2288 5486 2412 5538 τότε
2436 5480 2568 5556 ἦλθε
2593 5501 2606 5514 ο
2640 5487 2908 5558 πρότερον
2934 5487 3282 5558 ἐπαύθησαν,
3313 5489 3408 5542 καὶ
3433 5488 3556 5542 τότε
3585 5488 3750 5550 αὐτὸς

2168 5568 2530 5638 παρεγένετο.
2574 5571 2694 5622 Ἵνα
2720 5569 2828 5642 γὰρ
2867 5569 2943 5642 μὴ
2976 5570 3197 5640 λέγωσι,
3229 5572 3325 5625 καὶ
3349 5574 3521 5646 χωρὶς
3543 5570 3752 5640 ταύτης

2228 5663 2245 5735 ξ
2278 5664 2331 5735 lg
2363 5663 2499 5735 (ἴση),
2523 5663 2724 5735 μοωίίὶει
2749 5663 3336 5735 decignapctayajpcipit
3355 5668 3415 5719 ab
3441 5666 3520 5718 his
3564 5663 3750 5727 verbis,

2166 5726 2245 5772 καὶ
2264 5727 2366 5782 πῶς
2385 5725 2441 5773 ού
2471 5726 2756 5787 τελευταῖον,
2785 5725 2981 5777 omissis
3011 5725 3276 5790 prioribus:
