4088 6204
345 283 446 340 155

337 413 441 449 non
464 393 611 449 enim
635 391 766 448 dicit
798 391 971 447 :Num
1001 391 1119 462 quis
1159 406 1280 447 cum
1320 391 1578 447 accusat?
1631 389 1726 446 sed
1763 390 1928 461 quid?

340 488 468 542 Num
492 488 615 556 quis
640 486 875 555 seipsum
902 485 1158 540 accusat?
1178 484 1308 538 Nam
1325 484 1539 554 quando
1560 483 1710 550 dicit,
1731 483 1924 539 Sancta

341 578 556 641 sanctis,
586 576 690 632 hoc
713 575 846 631 dicit
877 595 890 630 :
931 575 989 630 Si
1019 576 1136 646 quis
1165 590 1270 630 non
1300 585 1383 630 est
1407 583 1646 642 sanctus,
1679 590 1786 630 non
1830 590 1924 631 ac-

342 668 508 723 sedat.
535 667 651 722 Non
682 666 856 721 solum
885 666 1081 736 inquit,
1101 666 1142 720 A
1163 666 1395 737 peccatis
1412 681 1598 736 purus,
1619 665 1714 721 sed
1735 666 1920 734 etiam,

337 761 566 814 Sanctus
590 776 604 812 :
631 767 874 812 sanctum
925 757 1068 812 enim
1109 771 1214 811 non
1264 755 1394 811 facit
1417 755 1590 810 solum
1620 755 1866 811 liberatio
1891 771 1922 812 a

336 850 595 921 peccatis,
625 849 720 902 sed
749 848 910 902 etiam
945 849 1228 918 praesentia
1259 847 1491 917 Spiritus
1511 888 1524 911 ,
1557 856 1610 902 et
1657 847 1922 902 bonorum

333 956 556 1012 operum
602 940 792 1010 copiae.
823 937 940 992 Non
971 938 1166 1004 solum,
1199 938 1390 1008 inquit,
1432 937 1558 992 volo
1584 951 1679 992 vos
1707 953 1737 992 a
1765 952 1922 994 emno

331 1048 453 1088 esse
477 1032 750 1096 liberatos,
777 1030 872 1085 sed
909 1030 1060 1084 albos
1086 1043 1207 1084 esse
1246 1038 1301 1085 et
1351 1029 1644 1098 Speciosos.
1685 1027 1819 1082 Nam
1871 1027 1921 1084 si

331 1141 428 1179 rex
461 1121 781 1193 Babylonius
804 1120 1031 1191 juvenes
1059 1120 1266 1191 eligens
1289 1135 1355 1175 ex
1393 1120 1701 1189 captivitate
1719 1159 1736 1186 ,
1759 1118 1920 1189 elegit

330 1213 587 1285 pulchros
611 1212 792 1282 specie
817 1221 871 1266 et
891 1210 1038 1265 vultu
1063 1209 1290 1266 decoros
1316 1210 1335 1280 (
1360 1209 1498 1265 Dan.
1522 1211 1574 1265 1.
1602 1210 1676 1280 4)
1705 1227 1720 1262 :
1752 1209 1919 1265 multo

330 1308 500 1378 magis
534 1321 632 1361 nos
670 1305 763 1375 qui
807 1305 1024 1359 adstant
1054 1318 1256 1358 mensa:
1301 1303 1464 1373 regia:
1511 1301 1763 1372 pulchros
1793 1317 1917 1358 esse

327 1407 543 1471 Oportet
583 1398 762 1468 specie
803 1398 1029 1462 animm,
1058 1395 1317 1451 mundum
1365 1394 1624 1451 habentes
1651 1410 1874 1450 aureum
1895 1437 1912 1463 ,

327 1491 588 1546 mundum
627 1489 1031 1553 vestimentum,
1087 1487 1297 1558 regales
1339 1487 1572 1551 calceos,
1619 1486 1914 1542 formosum

322 1585 519 1638 anima:
557 1581 788 1646 vultum,
821 1588 1069 1636 ornatum
1101 1593 1322 1634 aureum
1345 1620 1361 1645 ,
1406 1577 1679 1648 cingulum
1717 1577 1914 1634 verita-

324 1675 413 1728 tis.
443 1672 544 1740 Qui
578 1670 698 1726 talis
738 1677 844 1736 est,
876 1669 1115 1735 accedat,
1143 1677 1199 1725 et
1229 1667 1419 1738 pocula
1449 1675 1632 1739 tangat
1654 1668 1822 1739 regia.
1853 1666 1910 1723 Si

323 1765 444 1835 quis
467 1761 870 1832 autem'pannis
894 1761 1120 1826 obsitus,
1158 1759 1408 1815 sordidus
1453 1767 1508 1814 et
1546 1757 1821 1829 squalidus
1844 1758 1912 1815 ad

323 1872 564 1913 mensam
595 1855 794 1926 regiam
815 1854 945 1910 velit
986 1852 1212 1924 ingredi,
1265 1852 1386 1908 vide
1424 1861 1624 1924 quanta
1656 1852 1908 1922 patietur,

321 1963 444 2002 cum
463 1963 570 2001 nun
591 1945 863 2000 sufﬁciant
882 1943 1228 2014 quadraginta
1258 1942 1374 1998 dies
1399 1941 1466 1997 ad
1493 1941 1761 1997 abluenda
1788 1957 1911 2013 qua:

322 2041 466 2093 omni
497 2047 735 2107 tempore
759 2045 886 2091 sunt
918 2036 1148 2091 admissa
1183 2035 1400 2092 delicta.
1426 2035 1560 2091 Nam
1588 2035 1633 2090 si
1663 2049 1767 2090 non
1794 2034 1910 2092 suf-

324 2130 434 2185 ﬁcit
483 2133 770 2200 gehenna,
827 2128 950 2183 licet
987 2128 1058 2183 sit
1106 2137 1348 2195 aeterna,
1390 2127 1592 2184 idcirco
1640 2127 1786 2184 enim
1826 2136 1910 2184 est

321 2231 518 2274 πίει-ηπ
552 2238 566 2275 :
602 2220 771 2274 multo
812 2219 992 2274 minus
1021 2217 1123 2272 hoc
1168 2218 1329 2273 breve
1361 2227 1591 2288 tempus.
1624 2217 1742 2274 Non
1767 2219 1910 2274 enim

321 2312 573 2376 validam,
618 2311 713 2367 sed
765 2310 1086 2366 imbecillam
1129 2310 1470 2366 exhibuimus
1515 2311 1905 2381 paenitentiam.

320 2405 612 2459 Eunuchos
652 2403 885 2458 maxime
935 2410 1144 2473 oportet
1185 2403 1297 2474 regi
1347 2402 1559 2458 adstare
1590 2421 1603 2456 :
1634 2403 1910 2461 eunuchos

318 2494 460 2558 dico,
495 2495 586 2564 qui
609 2503 784 2548 mente
800 2502 926 2548 sunt
949 2491 1194 2558 candida,
1220 2493 1308 2563 qui
1341 2493 1542 2548 nullam
1569 2494 1768 2551 habent
1793 2509 1911 2550 sor-

317 2585 448 2639 dem
495 2600 595 2638 nec
627 2584 908 2650 maculam,
950 2588 1041 2654 qui
1088 2594 1268 2638 mente
1296 2593 1422 2639 sunt
1451 2586 1694 2652 excelsa,
1741 2587 1908 2643 animi

317 2676 481 2729 ocqu
514 2675 719 2744 placido
745 2685 798 2730 et
845 2684 1144 2739 mansueto,
1187 2675 1297 2729 acri
1342 2677 1596 2748 agilique,
1630 2692 1822 2735 severo
1847 2695 1910 2736 ac

319 2767 565 2830 volubili,
592 2781 698 2820 non
729 2776 904 2821 autem
933 2766 1272 2822 somnolento
1299 2775 1354 2821 et
1393 2768 1615 2839 supino,
1642 2768 1808 2824 multa
1841 2770 1908 2825 li-

317 2865 528 2919 bertate
559 2863 732 2932 pleno,
766 2870 976 2916 remoto
1000 2867 1180 2916 autem
1209 2859 1279 2915 ab
1308 2861 1454 2916 omni
1478 2861 1807 2932 impudentia
1849 2869 1910 2920 et

315 2953 668 3016 conﬁdentia,
696 2952 952 3022 vigilanti,
989 2966 1142 3019 sano,
1172 2965 1273 3006 nec
1299 2951 1588 3007 admodum
1621 2964 1816 3010 maesto
1842 2969 1906 3011 ac

317 3046 484 3112 tristi,
516 3061 614 3099 nec
643 3045 810 3098 minus
837 3043 1030 3098 diﬁ‘nso
1059 3052 1112 3099 et
1149 3042 1327 3098 hilari.
1358 3043 1511 3100 Hunc
1537 3045 1747 3100 oculum
1775 3062 1902 3118 pos-

315 3152 506 3193 sumus
552 3137 707 3190 nobis
735 3135 1073 3190 architectari
1094 3175 1110 3201 ,
1155 3134 1380 3204 visuque
1404 3148 1582 3191 acrem
1609 3135 1824 3192 efﬁcere
1852 3147 1908 3194 et

1141 300 1206 356 IN
1245 298 1458 358 EPIST.
1505 295 1594 352 AD
1634 289 1995 349 IIEBRIEOS.
2037 288 2191 346 CAP.
2234 290 2304 345 Χ.
2346 291 2577 350 Ηοδιη..
2623 291 2814 350 Χνιιι.

3497 279 3597 336 liii

2021 383 2323 454 pulchrum.
2362 382 2586 449 Quando
2629 383 2771 436 enim
2806 395 2911 436 non
2953 382 3016 437 ad
3047 381 3271 450 fumum,
3324 399 3497 458 neque
3536 390 3602 442 ad

2019 476 2254 533 cinerem
2281 471 2598 529 deduximus
2621 476 2638 542 (
2659 473 2792 529 tales
2817 474 3014 543 quippe
3042 484 3165 528 sunt
3185 489 3372 532 omnes
3393 493 3478 533 res
3501 479 3602 532 hu-

2019 582 2191 622 manm
2213 567 2254 637 ),
2280 565 2375 620 sed
2404 564 2470 619 ad
2495 580 2678 618 auram
2712 565 2962 620 subtilem
2994 575 3046 620 et
3067 581 3247 622 aerem
3273 576 3508 634 tenuem,
3537 572 3604 626 ad

2019 675 2079 718 ea
2118 673 2238 730 quae
2289 664 2417 716 sunt
2452 657 2662 712 excelsa
2709 665 2762 712 et
2803 657 3050 712 sublimia
3077 699 3093 726 ,
3147 668 3201 712 et
3229 660 3396 714 multa
3426 663 3607 730 quiete

2019 753 2174 825 plena
2201 759 2256 807 et
2275 753 2504 822 puritate
2527 758 2580 805 et
2599 749 2972 814 delectatione,
2998 751 3169 820 ipsum
3193 755 3372 807 statim
3395 769 3607 808 recrea-

2018 846 2196 900 bimus
2216 853 2268 900 et
2283 843 2718 898 coulirmabimus
2742 845 2870 896 tanti
2889 843 3175 914 spectaculi
3195 845 3462 915 voluptate
3480 862 3602 916 per-

1959 915 2216 990 .fusum.
2273 934 2456 990 \‘idisti
2496 933 2633 988 male
2685 941 2867 1004 partas
2915 943 2972 989 ct
3026 937 3221 990 multas
3262 937 3508 994 divitias?
3537 956 3606 996 ne

2017 1037 2166 1083 tuum
2194 1027 2407 1082 oculum
2433 1041 2500 1082 eo
2533 1027 2784 1082 sustollas
2808 1043 2822 1080 :
2851 1041 2911 1081 ea
2961 1042 3048 1083 res
3068 1038 3150 1082 est
3175 1044 3390 1086 caenum
3438 1042 3491 1086 et
3521 1035 3604 1088 l'u-

2015 1136 2136 1176 mus
2165 1129 2219 1176 et
2249 1119 2421 1175 malus
2449 1134 2634 1189 vapor,
2667 1119 2922 1183 tenebrte,
2961 1128 3016 1174 et
3062 1121 3225 1175 multa
3258 1125 3523 1192 angustia,
3547 1135 3604 1180 et

2014 1227 2265 1270 curarum
2305 1211 2606 1268 suﬁ‘ocatio.
2639 1211 2829 1266 Vidisti
2860 1212 3128 1266 hominem
3155 1218 3603 1286 exercentemju-

2015 1305 2239 1370 stitiam,
2294 1303 2407 1358 suis
2435 1311 2768 1368 contentum,
2796 1311 2851 1356 et
2903 1303 2987 1356 cui
3028 1311 3111 1357 est
3161 1320 3348 1373 magna
3381 1307 3604 1363 latitudo

2016 1394 2370 1461 remissionis,
2399 1395 2490 1464 qui
2520 1393 2586 1448 de
2610 1394 2673 1447 iis
2700 1409 2819 1464 qua:
2850 1392 2937 1449 hic
2968 1404 3092 1450 sunt
3117 1395 3314 1450 nullam
3342 1399 3480 1468 gerit
3507 1415 3605 1454 cu-

2016 1502 2129 1541 ram
2176 1500 2276 1542 nec
2324 1494 2406 1541 est
2451 1484 2754 1540 sollicitus?
2783 1485 2892 1540 illic
2919 1501 3040 1540 eum
3074 1486 3175 1557 ﬁge
3201 1497 3256 1542 et
3281 1489 3501 1558 extolle,
3549 1500 3608 1547 et

2014 1577 2218 1633 efﬁcies
2243 1591 2365 1632 eum
2390 1575 2557 1632 multo
2579 1576 2937 1648 pulchriorem
2961 1587 3015 1633 et
3034 1579 3474 1649 splendidiorem,
3499 1599 3605 1640 non

2016 1677 2172 1723 terrae
2203 1667 2423 1724 ﬁoribus
2451 1683 2572 1724 eum
2601 1683 2848 1738 pascens,
2869 1669 2962 1726 sed
2985 1670 3202 1738 virtute,
3228 1677 3601 1744 temperantia,

2015 1758 2385 1815 moderatione
2417 1767 2473 1815 et
2499 1759 2773 1829 :equitate,
2815 1768 2869 1815 et
2913 1762 3122 1817 caeteris
3164 1764 3432 1820 omnibus.
3462 1765 3606 1823 Nihil

2015 1851 2159 1904 enim
2199 1863 2355 1920 aeque
2401 1848 2578 1904 turbat
2606 1849 2846 1917 oculum,
2876 1858 3034 1920 atque
3062 1852 3200 1907 mala
3221 1855 3545 1912 conscientia
3578 1875 3594 1912 :

2014 1938 2270 1994 Turbatus
2295 1948 2388 2008 est,
2413 1939 2604 2010 inquit,
2627 1941 2691 1994 ab
2715 1941 2793 1994 ira
2819 1942 2998 1996 oculus
3028 1959 3167 1999 meus
3196 1944 3381 2016 (Psal.
3409 1948 3461 2002 6.
3493 1949 3561 2019 8)
3587 1966 3600 2001 :

2015 2029 2148 2085 nihil
2188 2045 2340 2102 teque
2376 2028 2605 2086 offundit
2657 2030 2928 2087 tenebras.
2980 2031 3115 2088 Eum
3175 2036 3340 2091 libera
3384 2039 3454 2094 ab
3505 2040 3608 2097 hac

2016 2123 2333 2191 offensione,
2367 2131 2422 2178 et
2460 2121 2657 2179 reddes
2687 2123 2889 2192 lzetum,
2922 2125 3155 2181 alacrem
3184 2136 3239 2183 et
3285 2128 3501 2198 fortem,
3554 2145 3607 2189 rt

2016 2217 2106 2284 qui
2154 2214 2292 2270 bona
2341 2229 2438 2284 spe
2487 2230 2704 2286 semper
2730 2216 3011 2272 nutrietur.
3045 2217 3210 2273 Detur
3247 2230 3422 2277 autem
3456 2224 3608 2280 nobis

2017 2307 2285 2374 omnibus,
2314 2316 2373 2361 ut
2396 2315 2450 2363 et
2474 2322 2618 2374 eum,
2643 2317 2697 2363 et
2739 2308 2871 2364 alias
2900 2310 3163 2379 ejusmodi
3198 2314 3390 2370 animae
3414 2330 3606 2386 opera-

2020 2401 2194 2454 tiones
2219 2413 2616 2468 comparemus,
2646 2399 2943 2468 cuiusmodi
2968 2401 3079 2455 vult
3107 2402 3375 2472 Christus,
3405 2417 3461 2462 ut
3507 2423 3607 2463 no-

2017 2490 2102 2545 bis
2130 2489 2381 2560 imposito
2401 2490 2576 2560 capite
2600 2489 2744 2561 digni
2764 2490 2960 2560 eﬂ'ecti,
2982 2507 3048 2548 eo
3067 2508 3180 2563 quo
3195 2496 3306 2550 vult
3325 2499 3606 2556 abeamus.

2020 2582 2157 2638 Dicit
2179 2583 2345 2650 enim,
2383 2581 2511 2637 Volo
2545 2592 2620 2650 ut,
2650 2583 2736 2638 ubi
2764 2600 2862 2654 ego
2889 2601 3021 2653 sum,
3048 2587 3128 2641 illi
3152 2604 3347 2657 quoque
3369 2592 3467 2645 sint
3502 2608 3611 2647 mea

2009 2696 2145 2750 eum,
2174 2689 2227 2735 ut
2251 2697 2413 2736 meam
2439 2680 2657 2752 gloriam
2693 2680 2896 2735 uideant
2937 2679 3117 2751 (Joan
3153 2681 3240 2735 I7.
3267 2679 3371 2747 24)
3403 2699 3418 2735 :
3446 2697 3605 2753 quam

2009 2772 2168 2828 detur
2195 2773 2350 2829 nobis
2373 2774 2623 2829 omnibus
2641 2773 2897 2844 consequi
2919 2773 2971 2828 in
2995 2773 3211 2829 Christo
3227 2773 3353 2829 .Iesu
3379 2776 3606 2830 Domino

2013 2875 2216 2931 nostro,
2245 2879 2495 2934 cumquo
2525 2874 2609 2921 est
2637 2864 2780 2919 Patri
2821 2873 2874 2918 et
2910 2863 3130 2934 Spiritui
3172 2875 3358 2919 sancto
3397 2865 3599 2936 gloria,

2020 2972 2301 3042 imperium
2321 3010 2335 3034 ,
2375 2969 2577 3033 honor,
2611 2979 2753 3020 nunc
2774 2972 2827 3019 et
2852 2975 3085 3032 semper,
3116 2969 3170 3017 et
3196 2962 3248 3014 in
3280 2967 3474 3016 secuta
3502 2975 3604 3015 sae-

2017 3065 2278 3122 culorum.
2309 3062 2501 3116 Amen.
2729 3054 2733 3060 ’

1714 3298 2060 3362 HOMILIA
2100 3296 2330 3360 XVIII.

320 3433 455 3492 Cn.
484 3434 574 3491 ιο.
604 3450 661 3487 v.
692 3434 747 3489 8.
780 3431 1034 3504 Superius
1067 3431 1240 3486 dicens
1267 3445 1288 3484 :
1317 3427 1530 3485 Hostias
1559 3435 1605 3482 et
1635 3425 1919 3482 oblationes

397 3538 448 3582 et
493 3528 796 3582 holocausta
826 3541 924 3592 pro
963 3531 1169 3595 peccato
1198 3522 1428 3588 noluisti,
1469 3536 1560 3575 nec
1585 3520 1773 3590 placita
1796 3525 1914 3571 sunt

392 3619 486 3672 tibi
512 3633 630 3688 qua:
664 3614 947 3671 secundum
977 3616 1136 3687 legem
1165 3612 1452 3680 oﬂ'eruntur
1477 3627 1498 3666 :
1524 3611 1578 3667 9.
1610 3619 1729 3664 tunc
1758 3609 1866 3662 dixi
1894 3624 1912 3662 :

393 3707 533 3762 Ecce
559 3707 700 3762 senio
722 3716 776 3761 ut
803 3707 1015 3778 faciam,
1038 3704 1198 3771 Deus,
1220 3703 1529 3759 voluntatem
1553 3709 1710 3755 tuam.
1738 3701 1914 3771 Aufert

395 3801 641 3869 primum,
684 3806 738 3852 ut
780 3812 994 3870 sequens
1034 3803 1246 3850 statuat.
1291 3793 1381 3850 ιο.
1424 3791 1492 3847 1η
1529 3808 1632 3859 qua
1659 3791 1918 3846 voluntate

393 3891 705 3960 sanctiﬁcati
771 3906 946 3946 sumus
1013 3905 1104 3961 per
1161 3888 1464 3944 oblationem
1509 3885 1737 3957 corporis
1787 3882 1822 3937 J
1828 3899 1916 3938 esu

391 3985 587 4040 Christi
615 3983 786 4039 semel.
824 3983 917 4038 ﬂ.
946 3981 1016 4037 Et
1045 3982 1208 4036 omnis
1234 3980 1436 4052 quidem
1461 3978 1699 4036 sacerdos
1726 3985 1913 4049 praesto

387 4086 468 4133 est
510 4075 733 4147 quotidie
757 4075 1073 4139 ministrans,
1102 4083 1149 4128 et
1176 4072 1373 4128 easdem
1401 4087 1538 4141 saepe
1575 4068 1792 4137 o/I'erens
1821 4069 1915 4122 Ito-

387 4169 538 4232 stias,
562 4183 676 4237 qua
698 4183 798 4220 non
819 4175 1032 4236 possunt
1052 4164 1256 4234 auferre
1281 4173 1515 4234 peccata:
1533 4162 1617 4217 12.
1643 4161 1724 4216 hic
1743 4169 1913 4215 autem

385 4277 549 4314 unum
578 4277 670 4328 pro
696 4261 912 4330 peccatis
941 4257 1162 4325 oﬂerens
1186 4258 1438 4324 hostiam,
1466 4257 1520 4310 in
1551 4256 1911 4327 sempiternum

385 4353 531 4405 sedet
585 4352 636 4404 in
687 4352 894 4404 dextera
943 4349 1077 4413 Dei,
1129 4349 1218 4405 15.
1249 4348 1314 4402 de
1351 4357 1531 4402 caetero
1580 4357 1908 4417 exspectans,

385 4442 551 4496 donec
581 4451 842 4513 ponantur
866 4440 1063 4494 inimici
1101 4441 1214 4509 ejus
1240 4438 1519 4494 seabellum
1556 4439 1741 4510 pedum
1770 4441 1906 4509 ejus.

383 4536 442 4590 1.
486 4533 544 4589 In
572 4533 783 4605 iisquae
811 4531 1126 4602 praecedunt
1159 4531 1397 4588 ostendit
1431 4530 1636 4586 inutilia
1671 4545 1792 4587 esse
1818 4544 1910 4587 sa.

309 4625 514 4683 criﬁeia
540 4624 609 4680 ad
638 4625 929 4695 perfectam
956 4624 1268 4694 puritatem,
1292 4630 1347 4678 et
1374 4636 1496 4678 esse
1521 4630 1675 4693 typos
1695 4636 1758 4677 ac
1778 4621 1911 4693 ﬁgu-

311 4733 422 4780 ras,
453 4725 509 4772 et
539 4716 766 4771 multum
795 4713 1048 4770 deﬁcere.
1077 4713 1340 4782 Quoniam
1368 4729 1498 4784 ergo
1523 4712 1626 4768 hoc
1650 4713 1700 4768 ei
1722 4727 1912 4769 occur-

310 4809 466 4863 rebat
492 4825 505 4860 :
529 4805 588 4862 Si
612 4815 736 4860 sunt
761 4803 872 4877 typi
901 4818 964 4859 ac
991 4805 1192 4874 ﬁgurae,
1216 4803 1485 4874 quomodo
1503 4818 1609 4859 non
1630 4812 1916 4859 cessarunt

313 4913 436 4952 cum
470 4896 759 4952 advenerit
798 4896 1021 4961 veritas,
1055 4909 1157 4950 nec
1185 4902 1484 4962 cesserunt,
1515 4893 1612 4950 sed
1644 4909 1908 4965 peragun-

312 4991 437 5046 tur?
497 4991 549 5045 in
605 4989 712 5044 hoc
757 5003 889 5058 ergo
943 5002 1087 5043 nunc
1140 4986 1228 5042 hic
1261 4986 1372 5058 agit
1417 4985 1714 5043 ostendens
1766 4987 1907 5058 quod

311 5100 422 5139 non
454 5083 686 5152 amplius
713 5091 1066 5153 peraguntur,
1109 5095 1213 5136 nec
1255 5089 1316 5135 ut
1353 5080 1516 5151 ﬁgura
1547 5080 1764 5151 quidem
1797 5098 1812 5134 :
1843 5096 1904 5136 ea

308 5179 452 5231 enim
491 5175 636 5229 Deus
677 5188 783 5227 non
824 5171 1078 5227 admittit.
1115 5171 1279 5241 quue
1306 5185 1496 5226 rursus
1525 5187 1632 5226 non
1663 5187 1726 5227 ex
1756 5171 1907 5228 Novo

310 5264 543 5321 ostendit
571 5263 669 5318 sed
701 5280 767 5317 ex
800 5263 1099 5332 prepbetis,
1131 5262 1498 5317 ﬁrmissimum
1530 5262 1597 5318 ab
1625 5262 1733 5319 alto
1764 5263 1906 5334 peti-

309 5367 416 5410 tum
463 5355 746 5408 adducens
789 5353 1191 5420 testimonium,
1230 5353 1375 5424 quod
1418 5364 1634 5410 cessent
1669 5364 1724 5410 et
1758 5355 1904 5410 desi-

315 5463 458 5514 nant,
491 5459 547 5504 et
575 5461 782 5503 temere
811 5451 989 5502 omnia
1018 5458 1202 5519 agant,
1230 5465 1446 5518 semper
1473 5460 1660 5506 sancto
1687 5451 1905 5521 Spiritui

315 5542 656 5597 resistentes.
689 5537 1040 5608 Ostenditque
1076 5555 1140 5594 ex
1180 5539 1471 5594 abundanti
1509 5555 1570 5595 ea
1609 5555 1714 5596 non
1763 5558 1907 5598 nunc

313 5648 576 5698 cessasse,
602 5630 698 5685 sed
725 5631 903 5684 statim
933 5630 984 5683 in
1013 5629 1132 5699 ipso
1151 5631 1350 5686 Christi
1373 5631 1626 5696 adventu,
1652 5633 1758 5688 imo
1777 5645 1905 5691 ante

317 5727 430 5795 ejus
475 5723 802 5785 adventum;
893 5731 947 5776 et
984 5721 1127 5790 quod
1166 5736 1228 5775 ea
1277 5738 1382 5776 non
1429 5722 1646 5780 solverit
1688 5724 1902 5783 demum

627 5830 904 5889 I‘s'rt.Ct..
955 5833 1073 5891 Gn.
1125 5833 1345 5892 LXIII.

2032 3417 2301 3489 Christus,
2333 3428 2428 3482 sed
2461 3428 2608 3496 prius
2639 3427 2836 3485 fuerint
2861 3431 3056 3502 soluta,
3084 3443 3140 3492 et
3169 3444 3294 3494 tunc
3325 3439 3439 3510 ipse
3457 3441 3626 3500 adre-

2030 3514 2192 3570 nerit.
2232 3515 2365 3571 Nam
2405 3532 2474 3574 ne
2506 3517 2710 3588 dicant,
2754 3521 2929 3579 Etiam
2970 3525 3173 3598 absque
3213 3527 3316 3586 hoc
3353 3534 3618 3590 sacriﬁcio

2028 3607 2302 3676 potuimus
2330 3607 2544 3679 placere
2567 3611 2698 3681 Deo,
2728 3619 3060 3686 exspectavit
3091 3630 3148 3675 ut
3175 3621 3337 3678 etiam
3370 3641 3465 3696 per
3493 3627 3612 3682 illos

2028 3696 2145 3790 ipsa
2187 3700 2665 3774 redarguerentur,
2695 3716 2750 3762 et
2785 3717 2912 3765 tunc
2951 3711 3065 3781 ipse
3106 3714 3324 3771 advenit
3353 3734 3366 3770 :
3397 3719 3599 3790 Sacriﬁ-

2023 3789 2157 3844 cium
2201 3792 2367 3859 enim,
2423 3795 2631 3866 inquit,
2687 3808 2738 3852 et
2780 3799 3087 3856 oblationem
3140 3807 3369 3863 noluisti.
3419 3789 3608 3868 Omnis

2020 3891 2121 3948 per
2162 3879 2278 3937 haec
2324 3885 2538 3940 sustulit
2569 3905 2583 3940 :
2613 3896 2670 3941 ut
2709 3889 2800 3958 qui
2843 3889 2896 3944 in
2941 3907 3140 3962 genere
3186 3896 3386 3954 dixerit
3440 3913 3496 3957 et
3548 3905 3606 3961 itt

2019 3971 2200 4061 specie
2232 3990 2245 4026 τ
2280 3973 2595 4032 Holocausta
2629 3996 2722 4048 pro
2748 3993 2954 4051 peccato
2999 4003 3100 4041 non
3147 3989 3236 4043 tibi
3285 3993 3605 4061 placuerunt.

2018 4059 2226 4120 Oblatio
2253 4075 2430 4121 autem
2475 4079 2591 4124 erat
2619 4072 2872 4144 quidquid
2917 4086 3066 4133 extra
3109 4059 3437 4141 sacriﬁcium
3467 4089 3603 4145 oll'c-

2016 4153 2255 4210 rebatur.
2290 4155 2430 4211 Tunc
2459 4160 2610 4226 dixit,
2645 4161 2776 4218 Ecce
2800 4167 2962 4221 venio.
2997 4168 3074 4225 De
3100 4187 3332 4242 quonam
3382 4175 3486 4233 hoc
3526 4179 3607 4234 di—

2015 4251 2160 4301 ctum
2182 4249 2303 4303 est?
2335 4249 2410 4306 De
2439 4252 2709 4310 nulloalio
2739 4273 2895 4326 quam
2925 4260 2990 4316 de
3015 4262 3250 4322 Christo.
3278 4267 3376 4322 llic
3403 4272 3599 4326 nullam

2015 4336 2228 4396 confert
2269 4341 2481 4412 culpam
2523 4345 2577 4399 in
2620 4361 2716 4402 eos
2751 4350 2840 4420 qui
2869 4351 3189 4424 oﬁ‘erebant,
3223 4359 3517 4417 ostendens
3544 4379 3605 4419 se

2012 4444 2118 4521 non
2143 4441 2362 4503 propter
2385 4451 2574 4492 eorum
2596 4440 2722 4495 vitia
2745 4457 2852 4498 non
2879 4443 3076 4502 habere
3100 4463 3160 4503 ea
3188 4461 3432 4521 accepta,
3462 4454 3602 4510 sicut

2011 4520 2143 4615 dicit
2161 4525 2310 4593 alibi,
2340 4527 2433 4583 sed
2453 4530 2592 4600 quod
2613 4531 2680 4586 de
2700 4543 2897 4591 caetero
2919 4538 2988 4591 sit
3009 4540 3310 4609 probatum,
3327 4520 3394 4598 ct
3409 4544 3600 4615 depre-

2010 4612 2235 4670 hensum
2258 4632 2375 4672 eam
2404 4635 2515 4676 rem
2544 4622 2673 4678 nihil
2701 4623 2902 4682 habere
2929 4629 3119 4685 virium
3145 4673 3159 4696 ,
3189 4649 3362 4704 neque
3384 4612 3598 4706 tempus

2006 4708 2355 4798 conveniens.
2391 4711 2527 4781 Quid
2576 4715 2679 4773 hoc
2715 4727 2894 4774 autem
2943 4722 3008 4778 ad
3048 4723 3210 4790 illud,
3253 4726 3394 4798 quod
3446 4731 3630 4798 sa'pe'

2006 4797 2330 4892 oﬁerrentur
2374 4807 2671 4864 sacriﬁcia?
2718 4811 2832 4867 Non
2877 4830 2940 4869 ex
2976 4831 3041 4870 eo
3077 4819 3248 4873 solum
3276 4797 3416 4889 quod
3449 4797 3594 4892 same

2003 4890 2325 4950 oll'crrentur
2345 4937 2360 4962 ,
2391 4896 2524 4954 dicit
2559 4916 2679 4958 csse
2711 4907 3050 4975 perspicuum
3102 4911 3244 4978 quod
3276 4925 3456 4970 essent
3487 4890 3590 4970 im-

2011 4989 2200 5047 becilla
2230 5003 2287 5049 et
2316 4993 2446 5052 nihil
2481 4998 2821 5067 prodessent,
2859 5003 2953 5058 sed
2989 5004 3149 5060 etiam
3180 5007 3321 5078 quod
3356 5009 3498 5066 Deus
3525 5025 3587 5063 ea

2014 5095 2120 5136 non
2167 5081 2497 5153 admitteret,
2547 5098 2816 5160 tamquam
2871 5094 3074 5150 inutilia
3129 5105 3184 5151 et
3231 5097 3582 5155 infructuosa.

2013 5171 2244 5242 Itlipsum
2291 5176 2420 5233 dicit
2454 5181 2616 5236 etiam
2659 5182 2785 5236 alibi
2818 5201 2830 5237 :
2861 5184 2923 5238 Si
2958 5186 3196 5242 voluisses
3239 5192 3544 5259 sacrificium
3568 5233 3583 5254 ,

2011 5265 2254 5320 dedissem
2286 5267 2455 5338 (Psal.
2481 5273 2566 5326 ἐι).
2601 5273 2712 5345 I8).
2737 5274 2838 5329 Per
2865 5275 2967 5331 hoc
2993 5292 3119 5348 ergo
3139 5280 3297 5335 etiam
3328 5281 3589 5351 signiﬁCut

2011 5370 2067 5410 se
2110 5356 2272 5411 nolle.
2317 5357 2432 5413 Non
2477 5373 2603 5416 sunt
2655 5377 2784 5433 ergo
2840 5367 3100 5424 sacriﬁcia
3159 5371 3407 5426 voluntas
3462 5371 3588 5434 Dei,

2012 5446 2103 5500 sed
2137 5448 2532 5523 sacriﬁciorum
2578 5453 2796 5510 abolitio
2837 5473 2852 5512 :
2895 5459 3053 5530 igitur
3100 5471 3294 5532 praiter
3345 5463 3589 5518 volunta-

2014 5548 2116 5590 tem
2171 5540 2492 5596 sacriﬁcant.
2562 5543 2701 5613 Quid
2750 5557 2870 5617 est,
2930 5549 2999 5606 Ut
3044 5552 3231 5621 faciam
3283 5554 3590 5609 voluntatem

2012 5631 2188 5684 tuam?
2229 5631 2299 5687 Ut
2333 5635 2618 5706 meipsum,
2676 5639 2882 5712 inquit,
2931 5644 3133 5698 tradam
3162 5663 3173 5697 :
3200 5645 3315 5702 haec
3367 5656 3450 5702 est
3496 5650 3590 5703 Dei

2013 5719 2273 5778 voluntas.
2307 5724 2366 5780 In
2393 5745 2494 5799 qua
2524 5731 2780 5789 uoluntate
2808 5736 3112 5805 sancti/ica“
3136 5754 3330 5792 smnus.
3366 5740 3464 5794 Per
3491 5741 3590 5796 hoc

3230 5845 3267 5904 9
