4088 6204
448 316 550 371 15?;

433 425 644 482 quoque
684 411 788 468 alio
826 414 987 467 modo
1018 411 1304 483 signilicat,
1335 428 1440 469 non
1470 413 1756 483 sacriﬁcia,
1783 413 1877 469 sed
1919 414 2010 469 Dei

433 505 758 559 vuhmtatem
783 504 1028 560 homines
1043 519 1290 576 purgare.
1311 506 1455 577 Ergo
1477 507 1737 562 sacriﬁcia
1756 524 2013 580 peragere

434 612 538 652 non
568 611 630 651 ex
663 598 754 652 Dei
784 598 1060 654 voluntate
1085 608 1186 654 est.
1225 600 1291 654 Et
1325 601 1453 671 quid
1480 602 1714 668 miraris,
1742 603 1786 655 si
1813 617 1919 656 non
1946 603 2016 656 sit

434 703 575 742 nunc
627 689 718 742 Dei
760 689 1042 757 voluntas,
1078 707 1198 746 cum
1233 707 1332 747 nec
1361 693 1476 762 ejus
1504 702 1648 748 esset
1677 693 1921 751 voluntas
1947 695 2016 750 ab

434 780 620 834 initio?
651 781 775 848 Quis
807 783 937 836 enim
978 784 1085 837 ha'c
1106 825 1120 848 ,
1155 783 1354 854 inquit,
1383 785 1637 853 requisivit
1677 801 1740 838 ea;
1783 786 2016 840 manibus

435 871 610 925 uestris
637 871 791 943 (Isai.
811 873 865 928 1.
897 873 1028 944 l2)?
1057 873 1336 940 Quomodo
1354 890 1481 945 ergo
1493 875 1822 946 jussitipse?
1852 876 1922 931 Se
1951 875 2017 930 ad

435 978 622 1017 eorum
651 973 863 1034 captum
895 964 1183 1020 demittens
1217 982 1230 1019 :
1260 967 1399 1020 sicut
1447 966 1578 1020 dicit
1601 967 1806 1021 Paulus
1836 989 1852 1022 ι
1890 965 2018 1020 Volo

436 1071 608 1110 omnes
639 1054 883 1111 homines
929 1057 1057 1110 sicut
1083 1057 1330 1128 meipsum
1368 1073 1475 1112 esse
1503 1056 1578 1130 (1.
1611 1058 1730 1112 Cor.
1765 1058 1818 1112 7.
1855 1057 1912 1128 7)
1966 1058 2019 1111 in

439 1147 800 1213 continentia;
831 1157 885 1203 et
934 1164 1121 1204 rursus
1164 1149 1290 1204 alibi
1339 1149 1584 1215 hortans,
1625 1147 1775 1216 Volo,
1809 1150 2019 1219 inquit,

441 1242 665 1306 iuniores
691 1241 893 1305 nubere,
922 1241 1057 1306 filios
1089 1257 1357 1310 procreare
1384 1243 1458 1311 (-1.
1487 1241 1619 1295 Tim.
1653 1243 1704 1297 5.
1737 1242 1850 1312 M).
1882 1241 2022 1296 Duas

441 1333 591 1403 ponit
620 1333 962 1398 voluntates,
994 1331 1088 1387 sed
1128 1348 1233 1387 non
1270 1334 1442 1387 ambae
1472 1342 1597 1388 sunt
1632 1333 1768 1403 ejus,
1811 1333 2022 1388 etiamsi

439 1423 660 1493 jubeat;
688 1422 782 1477 sed
812 1422 926 1477 hzec
955 1423 1280 1494 quidemest
1321 1423 1506 1493 ipsius,
1535 1433 1589 1478 et
1618 1423 1738 1479 ideo
1770 1438 1892 1479 eam
1922 1438 2023 1493 po-

442 1514 522 1569 nit
570 1530 675 1569 non
721 1515 878 1568 allata
928 1528 1125 1579 causa;
1188 1514 1275 1569 illa
1320 1524 1498 1569 autem
1545 1529 1650 1569 non
1701 1524 1786 1571 est
1815 1514 2022 1586 .ipsius,

443 1605 654 1660 etiamsi
698 1606 843 1672 velit,
885 1616 940 1662 et
978 1606 1109 1661 ideo
1156 1606 1360 1676 adjecta
1406 1616 1488 1662 est
1512 1620 1633 1660 eum
1673 1621 1851 1662 causa.
1890 1605 2024 1662 Nam

446 1711 566 1750 cum
596 1697 741 1766 prius
770 1711 862 1752 eas
892 1706 1217 1763 accusasset,
1251 1695 1393 1766 quod
1424 1705 1611 1751 contra
1640 1696 1911 1751 Christum
1943 1712 2029 1753 es-

446 1797 567 1842 sent
589 1788 887 1856 luxuriatm,
915 1799 1038 1844 tunc
1059 1788 1192 1844 dixit
1219 1805 1230 1841 :
1264 1787 1390 1842 Volo
1408 1789 1640 1860 juniores
1665 1789 1869 1855 nubere,
1894 1789 2030 1858 ﬁlios

447 1896 736 1948 procreare.
770 1881 844 1934 lta
869 1880 956 1934 hic
976 1894 1188 1951 quoque
1213 1893 1331 1934 sese
1355 1878 1770 1934 accommodans
1795 1894 1909 1934 rem
1931 1879 2034 1934 dis-

453 1981 682 2040 pensat:
710 1987 816 2026 non
865 1981 987 2026 erat
1031 1972 1150 2042 ejus
1181 1972 1432 2040 princeps
1478 1971 1728 2028 voluntas
1757 1979 1816 2026 ut
1843 1971 2037 2027 ﬁerent

452 2061 735 2117 sacriﬁcia.
781 2062 859 2117 Ita
908 2063 1070 2117 etiam
1119 2078 1242 2117 cum
1286 2061 1492 2119 diceret
1532 2078 1592 2118 se
1633 2064 1777 2119 nolle
1807 2074 2036 2119 mortem

458 2155 779 2225 peccatoris,
809 2155 902 2210 sed
946 2164 1004 2210 ut
1049 2157 1162 2226 ipse
1188 2165 1532 2210 convertatur
1569 2165 1623 2211 et
1648 2156 1792 2210 vivat
1819 2155 2032 2227 (Ezech.

455 2248 543 2304 18.
575 2246 711 2318 25):
750 2247 879 2303 dicit
925 2255 1100 2302 autem
1128 2247 1251 2302 alibi
1289 2263 1394 2302 non
1436 2246 1606 2302 solum
1644 2248 1898 2318 voluisse,
1942 2250 2037 2306 sed

456 2341 614 2393 etiam
669 2339 1005 2395 desiderasse
1038 2358 1051 2395 :
1082 2339 1184 2395 etsi
1240 2339 1356 2394 haec
1409 2347 1533 2394 sunt
1587 2341 1889 2407 contraria;
1943 2340 2040 2397 de-

457 2430 710 2485 siderium
744 2431 887 2485 enim
927 2439 1012 2484 est
1050 2431 1253 2484 intensa
1293 2429 1560 2484 voluntas.
1591 2430 1869 2495 Quomodo
1907 2447 2037 2504 ergo

459 2535 563 2575 non
596 2521 800 2586 volens,
833 2520 956 2575 alibi
985 2520 1278 2585 desideras,
1313 2521 1453 2592 quod
1481 2522 1698 2592 quidem
1722 2523 1931 2594 signum
1954 2536 2040 2582 est

458 2611 598 2681 quod
650 2610 804 2665 valde
858 2610 1033 2666 velis?
1086 2611 1158 2665 ita
1191 2611 1276 2666 hic
1318 2627 1549 2684 quoque.
1593 2613 1659 2669 In
1711 2631 1813 2686 qua
1853 2615 2036 2670 uolun-

459 2718 558 2762 tate
611 2709 913 2777 sanctiﬁcati
961 2723 1176 2775 sumus,
1228 2706 1418 2777 inquit.
1472 2709 1754 2778 Quomodo
1797 2708 2036 2764 sanctiﬁ-

455 2801 578 2865 cati,
612 2800 724 2871 ipse
766 2800 993 2868 explicat
1037 2799 1363 2869 subjungens
1392 2816 1404 2853 :
1440 2800 1542 2855 Per
1583 2800 1883 2855 oblationem
1914 2798 2038 2852 Cor-

455 2892 593 2962 poris
635 2889 761 2944 Jesu
795 2889 989 2945 Christi
1014 2888 1188 2945 semel.
1246 2890 1314 2944 Et
1353 2892 1516 2945 omnis
1559 2891 1759 2957 quidem
1804 2891 2040 2946 sacerdos

461 2992 645 3052 prtesto
667 2991 737 3038 est
763 2983 988 3054 quotidie
1009 2983 1301 3036 ministrans
1318 3024 1336 3050 ,
1366 2994 1412 3038 et
1440 2984 1639 3038 easdem
1667 3000 1800 3054 stupe
1825 2981 2038 3052 offerens

460 3075 671 3129 hostias.
714 3072 868 3129 Stare
908 3089 1037 3144 ergo
1078 3074 1288 3145 signum
1319 3085 1401 3130 est
1443 3074 1812 3140 ministrandi;
1853 3073 2042 3129 sedere

461 3181 591 3222 vero
622 3167 832 3236 signum
861 3176 943 3221 est
979 3166 1124 3237 quod
1171 3167 1522 3222 ministretur.
1569 3165 1669 3219 llic
1695 3175 1860 3220 autem
1891 3181 2044 3219 unam

465 3275 559 3328 pro
601 3261 817 3331 peccatis
863 3258 1079 3327 offerens
1119 3260 1357 3326 hostiam,
1405 3259 1458 3312 in
1500 3259 1863 3328 sempiternum
1909 3258 2047 3313 sedet

463 3353 516 3405 in
567 3353 772 3407 dextera
805 3351 920 3416 Dei,
959 3352 1022 3405 de
1072 3361 1252 3406 caetero
1287 3359 1584 3419 exspectans
1626 3352 1786 3405 donec
1847 3367 2048 3420 ponan-

463 3454 549 3498 tur
582 3444 775 3498 inimici
810 3445 920 3510 eius
943 3444 1218 3498 scabellum
1249 3443 1433 3514 pedum
1463 3443 1591 3514 ejus.
1626 3445 1714 3499 14.
1763 3441 1878 3497 Una
1917 3443 2050 3496 enim

467 3537 721 3590 oblatione
759 3537 1122 3590 consummauit
1169 3537 1220 3589 in
1261 3546 1506 3590 wternum
1551 3534 1911 3603 sancti/iratos.
1961 3534 2047 3590 15.

469 3628 796 3683 Coutestatur
835 3639 1002 3680 autem
1047 3644 1138 3680 uos
1163 3637 1214 3680 et
1244 3626 1468 3695 Spiritus
1497 3634 1721 3679 sanctus.
1768 3624 1909 3679 Dixit
1936 3623 2052 3677 illas

472 3735 581 3774 non
627 3718 830 3782 oﬁerri,
862 3729 915 3772 et
951 3718 1170 3787 collegit
1200 3731 1263 3772 ex
1309 3717 1524 3788 scriptis
1555 3727 1608 3772 et
1655 3732 1760 3772 non
1791 3715 2004 3786 scriptis
2035 3731 2052 3768 :

473 3823 732 3883 prreterea
784 3821 964 3867 autem
1010 3812 1213 3866 dictum
1261 3825 1474 3882 quoque
1518 3808 1743 3865 adduxit
1779 3807 2056 3880 prOpheti-

472 3922 595 3960 cum
622 3906 808 3961 dicens
840 3924 853 3960 :
883 3905 1206 3974 Sacriﬁcium
1234 3913 1278 3959 et
1299 3904 1606 3959 oblationem
1636 3903 1863 3958 noluisti.
1895 3900 2057 3968 Dixit,

475 3998 617 4067 quod
660 4008 873 4067 peccata
905 3998 1192 4053 remiserit.
1241 3997 1446 4054 Rursus
1477 3997 1578 4052 hoc
1626 4011 1839 4067 quoque
1868 3995 2063 4065 probat

477 4105 545 4143 ex
585 4089 788 4156 scripto
835 4089 1140 4143 testimonio
1169 4107 1182 4142 :
1211 4088 1536 4143 Contestatur
1578 4097 1749 4142 autem
1795 4103 1923 4152 nos,
1976 4086 2062 4140 in-

479 4181 631 4250 quit,
663 4190 709 4232 et
740 4181 966 4250 Spiritus
994 4191 1215 4233 sanctus.
1261 4181 1549 4250 Postquam
1599 4179 1740 4234 enim
1769 4179 1900 4235 dixit
1928 4198 1940 4233 :
1973 4177 2061 4232 16.

407 4318 409 4320 .
485 4269 600 4324 Hoc
643 4280 812 4323 autem
857 4278 1207 4322 testamentum
1256 4270 1392 4338 quod
1432 4269 1650 4323 testabor
1678 4269 1746 4321 ad
1792 4269 1908 4323 illos
1955 4275 2067 4339 post

484 4365 593 4418 dies
620 4363 759 4430 illos,
800 4363 922 4417 dicit
962 4361 1218 4417 Dominus
1239 4403 1252 4426 ,
1285 4361 1454 4414 dando
1483 4361 1620 4432 leges
1646 4378 1782 4415 meas
1811 4362 1862 4416 in
1901 4361 2069 4416 cordi-

485 4460 580 4512 bus
605 4474 802 4524 eorunt,
827 4467 873 4512 et
896 4458 948 4511 in
975 4456 1224 4510 mentibus
1249 4470 1424 4508 eorum
1451 4455 1818 4525 superscribam
1845 4470 1947 4518 eas,
1979 4455 2065 4508 17.

485 4561 536 4603 et
565 4560 887 4617 peccatorum
921 4559 966 4601 et
995 4548 1321 4618 iniquitatum
1361 4562 1534 4600 eorum
1552 4546 1667 4616 jam
1695 4561 1794 4598 non
1835 4545 2080 4598 recorda-v

489 4645 581 4696 bor
605 4641 849 4711 amplius.
895 4641 982 4694 18.
1021 4639 1118 4693 Ubi
1145 4647 1315 4692 autem
1343 4638 1523 4691 horum
1553 4637 1800 4703 remissio,
1831 4637 1943 4708 jam
1972 4652 2074 4691 non

493 4741 564 4786 est
590 4731 778 4785 oblatio
805 4746 898 4800 pro
926 4736 1153 4798 peccato.
1185 4726 1410 4782 Remisit.
1441 4741 1568 4796 ergo
1596 4736 1832 4795 peccata,
1861 4727 2075 4796 quando

493 4821 642 4876 dedit
669 4829 1047 4876 testamentum
1072 4836 1085 4873 :
1115 4825 1490 4873 testamentum
1509 4826 1686 4872 autem
1704 4816 1850 4871 dedit
1870 4831 1964 4887 per
1989 4832 2078 4874 sa-

496 4913 780 4968 criﬁcium.
811 4913 868 4969 Si
897 4927 1024 4983 ergo
1051 4910 1257 4967 remisit
1285 4918 1502 4980 peccata
1550 4923 1646 4977 per
1677 4924 1839 4964 unum
1870 4910 2077 4965 sacriﬁ-

497 5004 660 5064 cium,
686 5018 789 5058 non
814 5014 898 5059 est
922 5004 1152 5074 amplius
1172 5015 1307 5073 opus
1337 5000 1592 5056 secundo.
1618 5000 1765 5057 Sedit
1795 5001 1847 5054 in
1874 5001 2080 5055 dextera

502 5092 620 5158 Dei,
640 5092 702 5145 de
721 5103 901 5146 caetero
918 5103 1233 5163 exspectans.
1250 5090 1489 5159 Quanam
1507 5091 1574 5146 de
1591 5106 1749 5146 causa
1768 5102 1850 5146 est
1870 5091 2082 5146 dilatio?

505 5184 578 5242 Ut
598 5194 864 5257 ponantur
891 5185 1092 5241 inimici
1119 5186 1234 5256 ejus
1259 5186 1358 5239 sub
1385 5184 1610 5254 pedibus
1634 5183 1772 5254 ejus.
1809 5183 1926 5238 Una
1951 5185 2084 5237 enim

502 5277 776 5340 oblatione,
813 5274 1006 5343 inquit,
1036 5277 1401 5330 consummavit
1428 5277 1482 5329 in
1505 5277 1866 5345 sempiternum
1892 5276 2083 5329 sancti-

507 5371 703 5440 βίαιοι.
736 5365 842 5422 Sed
873 5365 1069 5420 dixerit
1097 5365 1326 5422 fortasse
1354 5367 1620 5438 quispiam
1649 5382 1662 5419 :
1693 5363 1802 5420 Cur
1831 5380 1936 5421 non
1972 5377 2084 5421 Sta-

510 5463 602 5514 tim
629 5460 843 5530 posuit?
874 5458 1102 5528 Propter
1130 5458 1316 5514 ﬁdeles
1338 5459 1428 5529 qui
1457 5468 1612 5514 erant
1641 5459 1892 5514 nascituri
1918 5467 1971 5514 et
1993 5474 2078 5529 ge-

510 5553 751 5608 nerandi.
798 5551 1073 5608 Undenam
1109 5559 1288 5605 autem
1327 5550 1592 5605 constabit
1620 5549 1761 5621 quod
1791 5551 2088 5618 ponentur?

513 5646 612 5699 Per
641 5647 740 5699 hoc
766 5644 908 5715 quod
937 5644 1070 5699 dixit
1099 5659 1220 5699 eum
1248 5643 1473 5699 sedisse.
1508 5642 1714 5699 Rursus
1742 5645 2011 5699 revocavit
2037 5645 2088 5698 in

516 5739 825 5792 memoriam
857 5737 1217 5792 testimonium
1247 5735 1373 5791 illttd
1409 5733 1548 5806 quod
1589 5734 1717 5792 dicit
1746 5752 1758 5788 :
1797 5733 1963 5791 Donec
2002 5751 2092 5806 po-

1146 311 1200 364 S.
1240 307 1516 366 JOANNIS
1551 302 2021 364 Clll‘tYSOSTOMl
2061 301 2374 360 ARClllEP.
2415 301 2948 360 CONSTANTINOP.

3584 263 3685 322 156

2128 417 2214 463 nat
2245 404 2475 460 inimicos
2499 401 2591 457 sub
2614 399 2823 471 pedibus
2849 401 2978 471 ejus.
3009 395 3211 452 Inimici
3237 402 3414 450 autem
3442 394 3557 465 ejus
3580 402 3707 449 sunt

2129 497 2319 557 Judaei.
2365 495 2569 552 Deinde
2598 492 2853 564 quoniam
2895 489 3044 554 dicit,
3085 488 3258 543 Donec
3304 494 3561 557 ponantur
3601 485 3707 538 ini.

2133 588 2249 644 mici
2275 587 2364 642 sub
2391 585 2599 658 pedibus
2637 584 2770 654 ejus,
2800 580 2956 636 valde
2997 588 3176 634 autem
3215 576 3475 646 urgebant
3507 592 3520 628 :
3553 588 3613 628 ea
3641 573 3711 628 de

2130 695 2290 736 causa
2318 682 2470 748 ponit
2498 676 2676 731 omnia
2706 690 2826 744 qua:
2855 680 3169 744 sequuntur,
3203 672 3555 740 qurecuntque
3584 666 3712 722 dicit

2134 771 2202 827 de
2239 769 2363 826 ﬁde.
2394 769 2624 836 Quinam
2673 775 2850 821 autem
2893 772 3018 818 sunt
3059 761 3277 826 inimici,
3323 759 3425 814 nisi
3467 757 3710 812 inﬁdeles

2133 876 2342 925 omnes,
2367 861 2661 923 daemones,
2691 871 2792 912 nec
2830 855 3000 911 solum
3028 852 3236 908 induti?
3265 851 3506 920 Magnam
3534 858 3712 903 autem

2133 951 2526 1022 subjectionem
2555 949 2713 1003 tacite
2741 945 3068 1016 signiﬁcans,
3099 958 3202 998 non
3227 943 3385 1008 dixit,
3411 940 3714 1010 Subjician—

2136 1058 2240 1112 tur,
2273 1044 2388 1110 sed,
2425 1043 2693 1097 Ponentur
2735 1039 2828 1094 sub
2856 1037 3066 1110 pedibus
3091 1037 3221 1107 ejus.
3263 1034 3342 1090 Ne
3385 1035 3550 1089 simus
3587 1046 3715 1101 ergo

2133 1157 2200 1194 ex
2233 1137 2459 1193 inimicis
2490 1151 2504 1190 :
2536 1149 2644 1189 non
2689 1132 2860 1189 solum
2892 1131 3036 1186 enim
3076 1127 3277 1183 inimici
3309 1134 3434 1181 sunt
3472 1126 3548 1179 illi
3592 1125 3715 1178 inﬁ-

2136 1229 2285 1284 deles
2330 1235 2384 1281 et
2424 1224 2616 1290 induti,
2668 1223 2761 1278 sed
2808 1221 2971 1277 etiam
3011 1219 3100 1290 qui
3131 1217 3404 1272 immunda
3442 1216 3546 1270 vita
3587 1213 3718 1270 sunt

2139 1319 2281 1392 pleni
2307 1337 2319 1373 :
2342 1316 2628 1372 Prudentia
2648 1316 2779 1369 enim
2805 1313 2970 1368 carnis
2997 1310 3200 1368 esteDeo
3219 1309 3425 1363 inimica
3453 1323 3472 1362 .°
3502 1309 3597 1377 legi
3623 1306 3718 1362 Dei

2139 1429 2242 1467 non
2268 1421 2341 1467 est
2361 1411 2800 1480 subjectac,~neque
2820 1414 2979 1478 potest
3007 1404 3182 1476 (Rom.
3213 1403 3267 1458 8.
3299 1400 3374 1474 7).
3407 1401 3543 1469 Quid
3565 1415 3715 1470 ergo,

2141 1505 2348 1576 inquit?
2376 1519 2480 1558 non
2506 1512 2590 1558 est
2634 1501 2738 1556 hoc
2775 1499 3011 1555 crimen?
3035 1499 3105 1553 Et
3149 1497 3379 1552 maxime
3402 1497 3614 1567 quidem
3637 1503 3720 1549 est

2141 1600 2345 1652 crimen
2380 1617 2392 1651 :
2425 1593 2598 1649 malus
2622 1591 2764 1648 enim
2791 1590 3043 1661 quamdiu
3071 1598 3157 1645 est
3185 1589 3377 1652 malus,
3397 1603 3518 1642 «non
3546 1595 3721 1657 potest

2141 1687 2365 1756 subjici;
2396 1683 2594 1739 mutari
2623 1692 2801 1738 autem
2829 1689 3006 1753 potest
3033 1689 3088 1736 et
3115 1679 3286 1735 bonus
3314 1677 3453 1734 ﬁeri.

2213 1776 2270 1832 2.
2314 1776 2599 1845 Paupertas
2633 1771 2904 1838 laudatur;
2937 1772 3312 1843 redarguuntur
3336 1769 3541 1823 divitiae.
3562 1768 3721 1822 ‘Pau-

2147 1869 2354 1939 perlatis
2394 1869 2524 1921 bona
2548 1907 2563 1934 ,
2605 1853 2891 1919 divitiarum
2935 1863 3090 1917 mala.
3130 1891 3200 1902 -—
3235 1861 3525 1932 Ejiciamus
3570 1861 3724 1928 igitur

2146 1959 2492 2029 cogitationes
2517 1965 2570 2012 et
2595 1969 2782 2011 sensus
2807 1953 3071 2010 carnales.
3101 1951 3230 2020 Qua:
3255 1961 3379 2006 sunt
3405 1959 3580 2007 autem
3607 1965 3723 2005 car-

2149 2050 2328 2107 nalia?
2371 2061 2717 2119 quascumque
2745 2044 2944 2100 faciunt
2985 2053 3042 2097 ut
3071 2057 3265 2111 corpus
3294 2043 3482 2096 ﬂoreat
3509 2050 3563 2096 et
3590 2041 3726 2095 bene

2148 2146 2214 2196 sit
2241 2140 2510 2206 aﬂ’ectum,
2538 2137 2768 2192 animam
2794 2146 2972 2190 autem
3000 2134 3138 2188 male
3165 2133 3401 2188 afﬁciunt
3427 2152 3439 2187 :
3467 2140 3523 2187 ut
3547 2146 3726 2187 exem-

2152 2233 2222 2303 pli
2253 2246 2410 2287 causa
2435 2271 2450 2298 ,
2481 2229 2677 2284 divitiae
2701 2270 2716 2296 ,
2745 2227 2949 2282 delicia:
2973 2267 2988 2294 ,
3017 2226 3183 2296 gloria
3219 2244 3232 2280 :
3259 2226 3373 2279 haec
3401 2224 3575 2279 omnia
3607 2233 3727 2278 sunt

2148 2325 2328 2380 carnis
2351 2341 2363 2376 :
2387 2323 2544 2377 amor
2557 2334 2862 2391 corporum.
2888 2317 2964 2373 Ne
2985 2333 3113 2387 ergo
3133 2331 3374 2371 amemus
3395 2316 3589 2370 habere
3611 2315 3726 2384 plus

2151 2433 2308 2488 quam
2346 2415 2475 2480 alii,
2515 2415 2611 2470 sed
2651 2418 3014 2482 paupertatem
3053 2424 3266 2478 semper
3304 2422 3724 2479 prosequamur:

2152 2510 2265 2580 ipsa
2295 2506 2437 2562 enim
2467 2513 2550 2560 est
2577 2519 2824 2574 magnum
2856 2503 3074 2558 bonum.
3109 2503 3177 2554 At
3206 2499 3460 2554 humilem
3480 2539 3494 2563 ,
3525 2497 3726 2566 inquit,

2154 2600 2416 2668 vilemque
2442 2596 2565 2651 facit
2586 2605 2640 2650 et
2665 2595 2954 2664 abjectum.
2975 2593 3094 2647 Hoc
3119 2591 3260 2647 enim
3287 2590 3439 2645 nobis
3461 2597 3542 2644 est
3563 2603 3731 2658 opus;

2145 2691 2308 2745 nobis
2336 2687 2478 2744 enim
2505 2687 2729 2741 multum
2753 2683 2981 2740 confert.
3015 2682 3316 2753 Paupertas,
3346 2681 3546 2750 inquit,
3571 2680 3732 2732 homi-

2151 2797 2268 2836 nem
2290 2779 2453 2835 reddit
2482 2777 2720 2831 humilem
2745 2775 2926 2847 (Prov.
2955 2773 3041 2829 10.
3066 2775 3117 2829 4.
3142 2775 3192 2827 in
3220 2770 3440 2843 Gnaeo);
3470 2780 3523 2826 et
3549 2785 3735 2824 rursus

2152 2872 2421 2936 Christus,
2445 2869 2588 2924 Beati
2605 2883 2849 2940 pauperes
2876 2868 3062 2937 spiritu
3084 2865 3294 2938 (Matth.
3314 2865 3366 2918 5.
3390 2862 3467 2932 3).
3485 2863 3738 2932 Propter—

2155 2978 2222 3020 ea
2243 2978 2369 3033 ergo
2391 2961 2539 3016 doles
2559 2959 2702 3030 quod
2723 2960 2862 3014 viam
2884 2958 3049 3016 habes
3069 2973 3186 3028 quae
3205 2957 3350 3012 ducit
3369 2955 3433 3010 ad
3454 2955 3738 3009 virtutem?

2163 3056 2336 3110 nescis
2362 3054 2502 3125 quod
2525 3067 2589 3108 ea
2614 3051 2766 3106 nobis
2791 3051 3012 3105 multam
3032 3049 3123 3104 dat
3151 3048 3430 3104 ﬁduciam?
3455 3048 3516 3100 At
3539 3047 3739 3117 sapien-

2159 3148 2260 3212 tia,
2293 3147 2494 3218 inquit,
2522 3145 2758 3218 pauperis
2783 3143 2913 3198 nihil
2937 3143 3175 3214 penditur
3202 3142 3420 3211 (Eccles.
3449 3142 3502 3198 9.
3534 3140 3621 3211 16)
3644 3158 3657 3205 ;
3686 3151 3740 3194 ct

2163 3254 2350 3295 rursus
2378 3240 2514 3294 alius
2543 3238 2710 3303 dicit,
2742 3235 3102 3306 Paupertatem
3141 3245 3186 3290 et
3215 3237 3415 3290 divitias
3453 3252 3514 3290 ne
3542 3235 3740 3289 dederis

2170 3330 2292 3383 mihi
2318 3327 2607 3401 (Prov.50.
2626 3328 2706 3397 8);
2723 3334 2798 3393 et,
2824 3327 3098 3397 Avfornace
3127 3329 3435 3397 paupertatis
3465 3325 3618 3380 libera
3640 3341 3735 3378 nte.

2165 3420 2447 3488 Quomodo
2472 3429 2647 3472 autem
2677 3433 2864 3473 rursus
2883 3459 2898 3484 ,
2926 3419 2971 3473 si
2997 3417 3196 3473 divitia:
3225 3427 3282 3473 et
3309 3427 3592 3487 paupertas
3620 3426 3741 3470 sunt

2167 3527 2201 3566 a
2230 3511 2471 3578 Domino,
2496 3511 2692 3566 malum
2718 3516 2801 3566 est
2822 3519 3106 3580 paupertas
3128 3517 3221 3564 aut
3242 3508 3478 3564 divitiae?
3504 3507 3740 3576 Quanam

2172 3615 2299 3672 ergo
2336 3601 2405 3656 de
2444 3615 2604 3657 causa
2648 3600 2766 3656 haec
2805 3599 2946 3656 dicta
2983 3597 3142 3656 sunt?
3180 3598 3306 3656 Haec
3342 3598 3653 3654 dicebautur
3691 3600 3745 3650 in

2173 3691 2392 3760 Veteri,
2423 3691 2515 3775 ubi
2556 3691 2857 3746 divitiarum
2899 3705 3090 3762 magna
3132 3690 3425 3746 habebatur
3451 3689 3585 3744 ratio
3607 3728 3623 3756 ,
3655 3687 3743 3740 ubi

2161 3786 2502 3857 paupertatis
2524 3801 2713 3857 magna
2737 3793 2852 3841 erat
2875 3783 3241 3854 despicientia,
3273 3782 3362 3838 ubi
3392 3781 3507 3838 haec
3531 3780 3744 3855 quidem

2175 3884 2290 3932 erat
2326 3876 2623 3932 exsecratio
2655 3889 2720 3931 ac
2753 3873 3057 3931 maledictio
3083 3915 3098 3940 ,
3128 3873 3235 3929 illae
3268 3888 3396 3928 vero
3421 3871 3744 3927 benedictio.

2176 3967 2284 4024 Sed
2320 3969 2471 4024 visne
2507 3969 2694 4024 audire
2730 3966 2914 4022 laudes
2953 3965 3319 4036 paupertatis?
3361 3979 3478 4019 eam
3518 3961 3750 4032 suscepit

2173 4060 2449 4128 Christus,
2477 4070 2532 4116 et
2553 4061 2680 4116 dicit
2709 4079 2724 4116 :
2747 4059 2915 4115 Filius
2938 4070 3106 4114 autem
3133 4059 3348 4114 hominis
3372 4075 3472 4112 non
3497 4058 3641 4111 habet
3665 4057 3750 4113 ubi

2163 4162 2327 4222 caput
2366 4152 2592 4206 reclinet.
2639 4152 2705 4206 Et
2740 4166 2930 4207 rursus
2969 4150 3181 4206 dicebat
3225 4149 3501 4220 discipulis
3533 4166 3547 4202 :
3581 4145 3752 4201 Nolite

2171 4245 2433 4316 possidere
2458 4262 2668 4308 aurum,
2701 4262 2859 4316 neque
2884 4257 3146 4316 argentum
3169 4287 3182 4313 ,
3210 4261 3376 4316 neque
3401 4245 3529 4297 duas
3556 4241 3752 4295 tunicas

2179 4337 2197 4409 (
2224 4337 2408 4392 Matth.
2435 4338 2488 4394 8.
2514 4336 2606 4393 20.
2634 4347 2679 4393 et
2708 4338 2796 4393 10.
2816 4337 2902 4407 9).
2926 4338 2993 4394 Et
3022 4339 3214 4394 Paulus
3241 4338 3478 4393 scribens
3503 4335 3748 4402 dicebat,

2178 4429 2458 4498 Tamquam
2482 4430 2612 4484 nihil
2633 4430 2890 4496 habentes,
2916 4438 2966 4484 et
2995 4431 3163 4484 omnia
3191 4429 3502 4500 possidentes
3525 4425 3601 4498 (2.
3631 4425 3751 4482 Cor.

2179 4518 2233 4574 6.
2263 4519 2378 4588 10).
2410 4520 2478 4575 Ει
2513 4520 2702 4575 Petrus
2729 4519 2938 4576 dicebat
2963 4520 3015 4576 ei
3043 4521 3133 4590 qui
3167 4529 3283 4576 erat
3309 4518 3529 4575 claudus
3556 4525 3752 4573 natus:

2180 4609 2457 4678 Argentum
2483 4620 2530 4664 et
2559 4627 2742 4665 aurum
2767 4627 2870 4665 non
2897 4622 2971 4667 est
2999 4611 3126 4666 mihi
3155 4613 3172 4682 (
3198 4612 3311 4665 Act.
3344 4613 3397 4667 ὅ.
3428 4610 3521 4680 6).
3551 4608 3614 4664 in
3641 4610 3759 4680 ipso

2173 4715 2392 4772 quoque
2409 4701 2608 4768 Veteri,
2634 4703 2720 4758 ubi
2742 4702 2795 4758 in
2817 4702 3168 4758 admiratione
3189 4702 3520 4758 habebantur
3537 4700 3756 4765 divitize,

2181 4794 2397 4865 quinam
2415 4835 2431 4862 ,
2458 4809 2666 4864 quzeso,
2692 4804 2846 4850 erant
2869 4795 3244 4850 admirabiles?
3267 4810 3444 4850 annon
3471 4794 3645 4860 Elius,
3667 4791 3760 4863 qui

2183 4885 2314 4940 nihil
2342 4885 2570 4942 habebat
2595 4896 2790 4956 praeter
2814 4886 3009 4957 pellem
3031 4885 3280 4941 ovillam?
3305 4900 3482 4940 annon
3512 4885 3760 4949 Elisatus,

2185 4992 2362 5034 annon
2401 4978 2670 5035 Joannes?
2707 4979 2876 5035 Nemo
2911 4994 3040 5050 ergo
3075 4981 3145 5036 sit
3184 4979 3400 5035 humilis
3437 4987 3488 5033 et
3524 4977 3765 5047 abjectus

2185 5082 2405 5141 propter
2451 5080 2813 5142 paupertatem
2846 5091 2860 5128 :
2893 5088 2998 5127 non
3041 5081 3123 5128 est
3161 5080 3446 5142 paupertas
3481 5086 3601 5141 quae
3641 5069 3766 5124 facit

2187 5164 2438 5220 humilem
2462 5204 2479 5231 ,
2517 5163 2612 5219 sed
2645 5163 2842 5219 divitite
2873 5179 2992 5234 quae
3026 5173 3226 5234 cogunt
3261 5178 3419 5234 egere
3457 5161 3670 5227 multis,
3710 5169 3764 5215 et

2187 5255 2520 5324 compellunt
2558 5261 2617 5308 ut
2660 5254 2841 5308 mttltis
2888 5254 3184 5310 habeantur
3223 5255 3427 5325 gratim.
3472 5252 3609 5320 Quid
3653 5259 3771 5307 erat

2187 5345 2388 5400 Iacobo
2415 5345 2728 5415 pauperius,
2762 5345 2847 5400 dic
2871 5345 3023 5411 mihi,
3047 5347 3133 5415 qui
3161 5343 3401 5412 dicebat,
3433 5345 3493 5400 Si
3523 5343 3769 5398 Dominus

2191 5437 2313 5490 mihi
2342 5437 2538 5491 dederit
2573 5452 2754 5505 panem
2788 5436 2856 5488 ad
2883 5436 3276 5503 comedendum,
3309 5447 3354 5490 et
3384 5444 3562 5490 vestem
3589 5434 3656 5487 ad
3682 5434 3770 5487 in~

2191 5528 2442 5582 (luendum
2460 5527 2611 5601 (Gen.
2639 5527 2728 5583 28.
2755 5526 2874 5598 εοῃ
2896 5526 3030 5582 Num
3059 5543 3184 5599 ergo
3212 5527 3416 5583 ﬁducia:
3441 5536 3497 5583 et
3521 5525 3776 5597 loquendi

2194 5619 2449 5674 libertatis
2477 5628 2723 5689 expertes
2752 5628 2903 5674 erant
2930 5620 3075 5675 Elias
3101 5629 3154 5676 et
3178 5619 3448 5674 Joannes?
3475 5633 3652 5672 annon
3679 5616 3778 5672 ille

2195 5709 2406 5778 quidem
2429 5711 2598 5780 arguit
2624 5709 2821 5778 Achab,
2847 5709 2932 5766 hic
2954 5726 3081 5768 vero
3105 5710 3403 5767 Herodem?
3424 5709 3519 5768 llic
3540 5707 3772 5775 dicebat,
