4088 6204
406 339 501 395 157

386 459 506 513 Non
534 461 648 513 licet
676 460 767 513 tibi
790 460 972 515 habere
998 478 1205 518 uxorem
1228 465 1462 539 Philippi
1486 471 1659 540 fratris
1683 474 1751 525 tui
1774 472 1963 544 (.ilarc.

387 556 439 607 6.
475 553 556 621 l8)
590 571 603 604 :
636 553 780 607 tilias
806 562 979 607 autem
1015 553 1181 611 libere
1208 564 1261 611 ct
1286 560 1614 616 conﬁdenter
1637 561 1770 616 dixit
1794 565 1969 621 Acha-

387 646 454 698 bu
475 684 491 710 ,
520 645 637 699 Non
667 664 757 718 ego
784 658 1007 717 μεῖνα-ιο
1037 648 1223 716 Israel,
1246 652 1334 704 sed
1358 665 1411 706 tu
1440 663 1486 707 et
1513 654 1690 710 domus
1716 659 1875 728 patris
1896 658 1971 713 tui

387 739 465 808 ('5.
494 736 617 808 Reg.
648 738 734 792 18.
766 739 875 810 18).
903 739 1062 795 Vides
1082 742 1223 813 quod
1248 742 1349 798 hoc
1371 746 1538 815 magis
1562 746 1724 802 efﬁcit
1751 750 1962 818 loquen-

386 829 441 885 di
482 830 779 885 libertatem
804 873 829 897 ,.
851 847 1043 902 nempe
1070 835 1393 904 paupertas?
1426 836 1556 890 Nam
1582 836 1728 893 dives
1755 839 1969 908 quidem

387 932 475 978 est
507 938 693 977 servus
716 964 746 990 γ
767 932 826 977 ut
865 925 953 995 qui
991 925 1185 980 damno
1226 928 1293 982 sit
1331 929 1600 984 obnoxius
1624 969 1640 996 ,
1672 939 1726 985 et
1754 931 1972 987 cuilibet

389 1016 590 1071 Valenti
631 1016 865 1085 przcbeat
894 1027 952 1071 ut
990 1017 1089 1087 ipsi
1120 1020 1258 1074 male
1287 1020 1442 1076 faciat
1471 1040 1485 1076 :
1511 1024 1601 1092 qui
1629 1033 1805 1083 autem
1840 1024 1972 1081 nihil

389 1109 589 1173 habet,
639 1125 744 1163 non
795 1111 946 1165 timet
990 1111 1252 1167 bonorum
1297 1113 1749 1183 publicationem,
1798 1133 1972 1188 neque

388 1201 909 1257 condemnationem.
941 1202 997 1259 Si
1028 1204 1204 1275 itaque
1228 1216 1507 1277 paupertas
1537 1209 1771 1266 efﬁceret
1800 1210 1975 1265 homi-

386 1308 486 1349 nes
512 1304 571 1349 ut
595 1305 844 1351 carerent
868 1297 1118 1368 loquendi
1145 1302 1410 1369 libertate,
1440 1319 1544 1357 non
1570 1305 1802 1360 misisset
1823 1304 1982 1362 (31]τί-

385 1392 499 1438 stus
520 1385 812 1456 discipulos
831 1402 954 1442 eum
981 1400 1289 1462 paupertate
1312 1393 1378 1447 ad
1404 1408 1518 1449 rem
1538 1411 1656 1464 qua:
1674 1396 1835 1451 multa
1856 1411 1982 1467 cge-

386 1482 471 1529 ret
494 1474 744 1531 libertate
769 1477 1016 1547 loquendi
1040 1490 1093 1534 et
1112 1481 1323 1537 ﬁducia.
1340 1482 1548 1553 Pauper
1564 1486 1705 1539 enim
1728 1496 1809 1540 est
1825 1487 1978 1543 valde

385 1562 560 1626 fortis,
585 1575 637 1621 et
668 1581 777 1621 non
822 1568 983 1623 habet
1011 1570 1151 1627 unde
1190 1571 1449 1630 afﬁciatur
1480 1575 1697 1644 injuria,
1722 1585 1814 1631 aut
1851 1578 1977 1633 mali

382 1653 583 1723 aliquid
616 1656 864 1724 patiatur.
895 1658 1054 1714 Dives
1080 1670 1253 1716 autem
1278 1671 1361 1717 est
1382 1664 1527 1718 omni
1551 1680 1614 1719 ex
1642 1674 1793 1735 parte
1818 1675 1975 1737 captu

381 1745 555 1800 facilis
581 1762 596 1811 ;
628 1761 682 1802 et
713 1748 939 1818 perinde
967 1760 1068 1817 est,
1100 1761 1159 1807 ut
1185 1754 1228 1808 si
1259 1754 1375 1823 quis
1401 1770 1547 1820 eum,
1578 1757 1666 1826 qui
1698 1758 1895 1813 multos
1922 1767 1977 1813 et

382 1834 574 1906 longos
597 1838 762 1891 trahit
780 1838 951 1905 funes,
972 1839 1126 1897 facile
1153 1844 1591 1913 ceperit,nudum
1620 1857 1794 1903 autem
1820 1848 1977 1905 facile

384 1942 492 1981 non
512 1930 685 1998 possit
708 1929 1112 1999 apprehendere
1139 1948 1201 1988 ac
1223 1934 1483 1990 detinere.
1507 1936 1580 1990 ita
1612 1939 1770 1992 etiam
1800 1940 1977 1994 evenit

382 2015 440 2071 in
466 2017 631 2074 divite
657 2038 672 2073 :
698 2020 982 2090 mancipia,
1003 2037 1214 2091 aurum,
1234 2024 1451 2093 prmdia,
1484 2028 1691 2097 negotia
1725 2028 1973 2085 innume-

382 2110 599 2175 rabilla,
634 2111 1051 2168 innumerabiles
1079 2114 1487 2183 sollicitudines,
1516 2133 1790 2186 aerumnas,
1818 2135 1976 2180 casus

382 2208 438 2255 et
488 2202 881 2269 necessitates,
932 2203 1172 2260 efficiunt
1220 2215 1277 2261 ut
1325 2206 1479 2264 facile
1526 2211 1643 2281 capi
1694 2213 1862 2282 possit
1906 2214 1976 2270 ab

382 2294 659 2351 omnibus.

361 2380 373 2451 ᾗ
452 2389 509 2450 3,
549 2388 717 2446 Nemo
740 2406 868 2463 ergo
890 2391 1293 2462 jamaexiStimet
1317 2407 1684 2468 paupertatem
1707 2416 1825 2459 esse
1849 2417 1975 2459 cau-

382 2492 499 2533 sam
528 2480 758 2536 infamia:
778 2491 833 2538 et
852 2482 1151 2542 dedecoris.
1174 2485 1304 2541 Nam
1333 2488 1377 2542 si
1406 2489 1546 2545 adsit
1568 2493 1759 2562 virtus,
1787 2511 1974 2553 onmes

379 2571 536 2627 orbis
563 2582 818 2629 terrarum
846 2575 1044 2633 divitiae
1065 2593 1133 2633 ne
1154 2587 1279 2633 sunt
1306 2581 1519 2651 quidem
1550 2583 1737 2655 lutum,
1771 2603 1869 2644 nec
1894 2588 1973 2647 fe-

380 2670 557 2727 stuca,
578 2663 622 2715 si
645 2678 762 2718 cum
788 2681 849 2720 ea
878 2666 1238 2724 conferantur.
1262 2670 1392 2725 Eam
1423 2673 1581 2743 igitur
1610 2687 1896 2748 sectemur,
1924 2683 1971 2738 si

382 2752 613 2808 velimus
640 2755 842 2826 ingredi
864 2775 1088 2830 regnum
1115 2762 1389 2820 ezelorum.
1412 2763 1579 2821 Vende
1601 2769 1761 2836 enim,
1780 2772 1968 2843 inquit,

381 2844 556 2897 omnia
572 2863 683 2914 qua:
707 2848 879 2915 habes,
898 2860 946 2905 et
967 2852 1033 2904 da
1053 2855 1379 2924 pauperibus,
1399 2867 1445 2911 et
1462 2858 1663 2915 habebis
1682 2863 1972 2920 thesaurum

379 2931 439 2985 in
464 2936 590 2988 caelo
605 2953 623 3001 ;
639 2947 692 2991 ct
717 2954 931 2994 rursus:
948 2941 1165 3012 Diﬁicile
1185 2954 1257 2999 est
1275 2946 1477 3001 divitem
1494 2950 1681 3005 intrare
1696 2954 1746 3007 in
1763 2972 1972 3026 regnum

381 3025 627 3080 (telorum
650 3029 858 3097 (Matth.
890 3031 975 3088 19.
1005 3035 1092 3088 21.
1121 3033 1234 3106 9.5).
1267 3037 1427 3093 Vides
1454 3042 1596 3109 quod
1623 3025 1831 3100 etiamsi
1864 3064 1969 3104 non

379 3113 563 3183 adsit,
604 3134 717 3174 eam
765 3131 979 3193 oportet
1022 3125 1329 3183 attrahere?
1372 3129 1600 3186 Tantum
1644 3133 1842 3191 bonum
1889 3148 1973 3194 est

376 3223 665 3312 paupertas
704 3228 829 3312 :_est
865 3222 1006 3275 enim
1037 3227 1277 3293 quaedam
1308 3230 1556 3287 deductio
1583 3235 1650 3289 ad
1678 3237 1816 3293 viam
1845 3255 1965 3312 qua:

372 3301 522 3396 ducit
551 3304 618 3359 ad
650 3307 837 3363 ctelum
859 3352 873 3377 ,
902 3314 1083 3367 unctio
1111 3316 1358 3375 athletica
1380 3362 1395 3387 ,
1422 3338 1613 3394 magna
1642 3301 1883 3396 quaedam
1913 3338 1967 3385 et

372 3391 706 3451 admirabilis
736 3402 1069 3471 exercitatio,
1100 3418 1285 3476 portus
1317 3391 1670 3483 tranquillus.-
1684 3415 1789 3472 Sed
1822 3418 1963 3473 ntul-

373 3484 466 3579 tis,
507 3484 697 3579 inquit,
740 3505 874 3559 opus
918 3493 1111 3564 habeo,
1144 3514 1244 3554 nec
1283 3503 1406 3557 volo
1436 3503 1635 3560 donum
1673 3510 1962 3579 gratuitum

369 3574 445 3625 ab
483 3575 663 3645 aliquo
684 3581 957 3669 accipere.
987 3584 1091 3641 Sed
1135 3588 1186 3642 in
1224 3589 1327 3646 hoc
1355 3608 1567 3665 quoque
1606 3574 1761 3669 longe
1787 3600 1964 3658 minus

372 3680 535 3757 quam
582 3676 638 3721 tu
681 3668 841 3726 habet
880 3673 1049 3739 dives,
1082 3676 1212 3733 Nam
1258 3690 1313 3736 tu
1358 3686 1573 3754 quidem
1614 3668 1875 3757 fortasse,
1905 3703 1964 3750 ut

370 3755 534 3809 alaris
556 3798 586 3851 ,Δ
602 3758 697 3813 tibi
723 3761 920 3832 aliquid
953 3765 1137 3823 donari
1166 3771 1300 3839 petis
1326 3792 1338 3826 :
1369 3774 1457 3831 ille
1482 3787 1658 3833 autem
1688 3755 1963 3851 impuden-

484 3848 738 3943 pctitpro
768 3854 928 3909 rebus
958 3856 1463 3933 innumerabilibus,
1493 3876 1547 3922 et
1574 3878 1631 3923 ut
1656 3848 1777 3940 plus
1800 3889 1959 3943 quam

367 3937 468 4036 alii.
491 3941 778 4036 possideat.
813 3945 1167 4014 Quamobrem
1196 3952 1385 4011 divites
1407 3973 1549 4028 saepe
1571 3937 1750 4016 multis
1780 3937 1960 4036 egent.

365 4028 505 4093 Quid
535 4029 657 4124 dico
683 4034 899 4090 multis?
925 4051 1068 4109 ssepe
1094 4040 1157 4095 iis
1179 4057 1296 4112 qua:
1322 4045 1451 4115 ipsis
1477 4060 1598 4104 sunt
1625 4028 1840 4124 indigna
1865 4074 1877 4111 :
1904 4068 1962 4113 ut

366 4120 603 4213 exempli
644 4137 802 4179 causa
827 4168 842 4192 ,
874 4141 1017 4199 saepe
1053 4130 1291 4203 indigent
1330 4136 1585 4196 militibus
1620 4145 1710 4213 qui
1739 4120 1871 4201 sunt
1906 4147 1960 4203 in

366 4209 615 4267 ordinem
664 4216 815 4271 relati
841 4259 857 4283 ,
886 4228 942 4275 et
976 4221 1069 4292 qui
1105 4232 1230 4277 sunt
1262 4228 1424 4282 servi.
1455 4209 1661 4301 Pauper
1686 4244 1863 4293 autem
1892 4253 1960 4294 ne

368 4302 486 4370 ipso
510 4304 724 4372 quidem
749 4317 868 4378 eget
889 4325 1042 4381 rege;
1085 4322 1139 4367 et
1162 4314 1208 4369 si
1233 4327 1416 4385 egeat‘,
1443 4320 1771 4387 admirabilis
1797 4325 1961 4383 habe-

370 4401 458 4444 tur
484 4394 627 4461 quod
650 4409 709 4449 se
734 4411 800 4451 eo
825 4399 1116 4472 redegerit,
1141 4419 1261 4459 cum
1288 4408 1336 4461 ei
1364 4409 1521 4465 liccat
1545 4413 1825 4473 ditescere.
1854 4416 1950 4475 Ne-

367 4499 460 4535 mo
486 4499 619 4555 ergo
644 4499 858 4543 accuset
886 4504 1249 4563 paupertatem
1278 4507 1337 4553 ut
1361 4515 1479 4570 quae
1502 4518 1660 4560 causa
1689 4507 1761 4560 sit
1788 4509 1956 4565 malo-

363 4590 491 4629 rum
515 4578 1020 4673 innumerabilium,
1049 4602 1224 4659 neque
1250 4594 1578 4651 contradicat
1604 4598 1840 4669 Christo,
1868 4604 1957 4673 qui

362 4679 486 4718 eam
528 4666 661 4722 dicit
696 4670 906 4726 virtutis
944 4689 1063 4730 esse
1107 4678 1523 4753 perfectionem,
1550 4687 1769 4746 dicens:
1802 4666 1864 4747 Si
1884 4666 1957 4748 eis

362 4759 618 4825 perfectus
661 4775 789 4813 esse.
843 4761 955 4818 lloc
997 4767 1137 4821 enim
1181 4779 1235 4823 et
1272 4774 1465 4829 verbis.
1488 4776 1657 4847 dixit,
1706 4792 1759 4837 et
1804 4782 1956 4842 factis

361 4849 638 4915 ostendit,
670 4860 725 4908 et
752 4853 936 4910 docuit
963 4873 1057 4949 per
1083 4860 1395 4933 discipulos.
1426 4868 1799 4940 Paupertatem
1826 4892 1955 4949 ergo

360 4948 744 4998 consectemur
768 4962 781 4999 :
811 4960 871 5001 ea
900 4948 1042 5003 enim
1071 4960 1152 5006 est
1182 4969 1429 5025 magnum
1460 4960 1654 5017 bonum
1682 4966 1874 5023 sobriis
1897 4948 1954 5025 et

362 5032 429 5086 iis
467 5034 557 5102 qui
602 5036 838 5106 sapiunt.
883 5039 1133 5100 Fortasse
1176 5046 1336 5119 aliqui
1368 5065 1436 5105 ex
1472 5052 1538 5108 iis
1572 5056 1662 5126 qui
1690 5058 1948 5133 audiunt,

364 5140 697 5197 ominantur.
758 5143 936 5200 Facile
984 5148 1186 5205 credo:
1217 5167 1441 5221 magnus
1480 5167 1563 5210 est
1610 5158 1698 5215 hic
1744 5163 1960 5221 morbus

364 5230 504 5297 apud
545 5232 815 5305 plurimos
845 5236 1088 5297 homines
1108 5282 1123 5307 ,
1151 5252 1205 5300 et
1244 5254 1386 5301 tanta
1416 5256 1497 5303 est
1527 5251 1765 5320 tyrannis
1793 5269 1956 5323 pecu-

1177 355 1243 414 ῐΝ
1285 359 1493 418 EPIS'I‘.
1538 363 1628 417 AD
1669 362 2026 420 HEBIUEOS.

2070 363 2222 421 CAP.
2264 363 2330 420 Χ.
2377 365 2606 422 1101111..
2653 367 2836 429 XVIII.
3565 360 3661 415 tas

2085 463 2187 519 nim
2210 506 2224 531 ,
2258 475 2315 519 ut
2354 480 2451 520 nec
2489 464 2662 520 verbis
2703 473 2854 519 tenus
2880 465 2998 532 ejus
3030 465 3202 517 terant
3239 468 3627 519 recusationem
3654 509 3669 531 ,

2083 555 2184 609 sed
2206 556 2344 609 hanc
2365 555 2525 609 etiam
2555 554 2828 608 horreant.
2857 552 3047 607 Procul
3071 552 3183 607 hmc
3203 553 3307 607 sint
3328 569 3356 606 a
3380 553 3477 607 Chi
3493 554 3669 608 istiutti

2081 646 2304 701 anima:
2332 645 2464 701 nihil
2496 646 2639 701 enim
2666 655 2749 701 est
2778 644 2940 700 ditius
2970 659 3035 699 eo
3061 645 3149 715 qui
3185 656 3546 714 paupertatem
3574 660 3670 701 sua

2080 746 2270 808 sponte
2286 738 2433 809 eligit
2449 746 2502 793 et
2518 753 2638 793 cum
2662 752 2850 808 magna
2871 736 3035 791 animi
3057 736 3347 791 alacritate.
3369 736 3665 804 Quomodo,

2081 829 2253 885 dicam
2281 847 2296 883 :
2328 840 2383 885 ct
2406 872 2422 897 ,
2448 830 2495 885 si
2520 830 2676 886 vultis
2696 871 2711 897 ,
2740 844 2863 883 eum
2894 829 2983 900 qui
3025 844 3120 884 sua
3158 838 3347 899 sponte
3384 841 3669 900 pauperta-

2080 932 2186 979 tem
2213 923 2396 994 eligit,
2425 924 2542 994 ipso
2568 938 2695 995 rege
2721 922 2969 978 ditiorem
2997 936 3118 978 esse
3143 922 3390 979 ostendo.
3419 922 3550 977 Nam
3582 923 3670 978 ille

2079 1015 2296 1086 quidem
2326 1024 2447 1087 eget
2482 1015 2663 1071 multis
2684 1057 2699 1081 ,
2732 1025 2787 1072 et
2811 1024 2893 1071 est
2929 1015 3191 1071 sollicitus
3216 1055 3230 1079 ,
3258 1029 3321 1070 ac
3350 1016 3500 1071 timet
3528 1032 3594 1070 ne
3620 1017 3670 1071 ei

2077 1107 2292 1163 deﬁciat
2316 1109 2565 1165 militaris
2590 1118 2921 1165 commeatus
2945 1124 2959 1162 :
2984 1107 3074 1164 hic
3095 1116 3274 1163 autem
3302 1110 3481 1164 omnia
3510 1110 3670 1165 habet

2078 1201 2299 1267 all‘atim,
2324 1202 2473 1259 etde
2500 1203 2646 1258 nullo
2674 1203 2845 1271 timet,
2866 1201 3061 1258 nedum
3083 1201 3151 1258 de
3179 1212 3285 1257 tam
3313 1203 3667 1271 multis..Quis

2078 1309 2228 1363 ergo,
2255 1294 2571 1365 dic,qumso,
2600 1302 2683 1350 est
2708 1294 2857 1350 dives
2877 1334 2891 1360 ,
2919 1294 3032 1350 isne
3061 1294 3152 1365 qui
3181 1293 3416 1365 quotidie
3441 1304 3525 1348 est
3553 1296 3665 1350 sol-

2078 1385 2278 1453 licitus,
2312 1394 2367 1441 et
2390 1388 2589 1457 cogitat
2616 1395 2671 1443 et
2703 1387 2934 1443 studium
2966 1387 3116 1457 ponit
3142 1397 3199 1441 ut
3226 1386 3393 1441 multa
3420 1386 3664 1456 colligat,

2077 1493 2140 1533 ac
2182 1479 2331 1534 timet
2359 1494 2424 1534 ne
2451 1479 2740 1549 aliquando
2764 1478 3015 1535 deﬁciant
3044 1497 3058 1535 :
3088 1494 3156 1534 an
3185 1479 3232 1535 is
3260 1480 3347 1550 qui
3384 1478 3517 1534 nihil
3552 1480 3665 1535 col—

2076 1566 2208 1638 ligit,
2234 1577 2287 1623 ct
2309 1569 2395 1623 cui
2416 1569 2627 1625 abunde
2647 1570 2825 1624 omnia
2847 1578 3158 1639 suppetunt,
3183 1578 3236 1624 ct
3260 1570 3407 1624 nullo
3428 1569 3665 1639 indiget?

2076 1661 2243 1715 virtus
2267 1662 2407 1716 enim
2436 1671 2488 1717 et
2516 1662 2612 1717 Dei
2640 1672 2813 1718 metus
2838 1664 2929 1716 dat
2956 1661 3225 1730 ﬁduciam,
3250 1677 3355 1716 non
3382 1661 3620 1731 pedunia:
3646 1680 3659 1717 :

2075 1752 2178 1807 illa:
2203 1752 2345 1807 enim
2375 1754 2533 1808 etiam
2562 1754 2614 1808 in
2644 1756 2953 1810 servitutem
2982 1755 3250 1826 redigunt.
3281 1753 3452 1810 Xenia
3481 1755 3622 1809 enim
3645 1797 3660 1818 ,

2074 1844 2285 1914 inquit,
2329 1854 2376 1900 et
2417 1846 2550 1899 dona
2589 1848 3057 1901 exca'cantoculos
3095 1848 3415 1916 sapientum,
3449 1855 3495 1900 et
3521 1848 3664 1914 quasi

2072 1934 2271 2001 [renum
2309 1934 2360 1987 in
2388 1951 2473 1989 ore
2496 1975 2511 2001 ,
2542 1945 2769 1989 avertunt
2797 1936 3137 2005 correptiones
3167 1936 3187 2005 (
3213 1935 3372 1990 Ereti.
3403 1936 3492 1991 ‘20.
3525 1936 3588 1990 5|
3619 1938 3660 2006 ).

2071 2023 2361 2079 Considera
2386 2025 2653 2095 quomodo
2676 2041 2881 2097 pauper
2901 2026 2990 2081 ille
3011 2026 3200 2081 Petrus
3222 2026 3485 2081 Ananiam
3513 2025 3661 2080 illum

2070 2114 2287 2171 divitem
2316 2116 2486 2186 puniit
2505 2133 2519 2169 :
2539 2131 2723 2171 annon.
2744 2115 2832 2171 hic
2857 2115 3072 2187 quidem
3098 2125 3213 2171 erat
3233 2116 3401 2183 dives,
3427 2115 3515 2171 ille
3535 2131 3662 2171 vero

2069 2206 2305 2275 pauper?
2331 2205 2425 2261 sed
2447 2205 2566 2261 vide
2592 2206 2741 2261 illum
2762 2204 2979 2277 quidem
3002 2207 3305 2277 loquentem
3328 2221 3451 2261 cum
3474 2215 3661 2261 aucto-

2068 2297 2246 2363 ritate,
2274 2308 2329 2354 et
2352 2298 2619 2355 dicentem
2648 2298 2766 2353 :An
2793 2315 2977 2370 agrum
3006 2298 3134 2352 tanti
3160 2297 3490 2353 vendidistis?
3519 2296 3661 2352 hunc

2067 2403 2195 2443 vero
2211 2388 2476 2445 dicentem
2498 2404 2619 2445 cum
2639 2389 3015 2456 snbmissione,
3036 2388 3179 2444 Certe
3197 2389 3322 2442 tanti
3343 2387 3479 2457 (Act.
3502 2388 3555 2443 5.
3575 2387 3657 2457 8).

2067 2480 2132 2535 Et
2156 2481 2293 2551 quis,
2321 2481 2523 2552 inquit,
2551 2480 2679 2536 mihi
2705 2480 2854 2536 dabit
2880 2490 2937 2536 ut
2966 2480 3067 2535 sint
3094 2481 3232 2535 sicut
3256 2479 3483 2534 Petrus?
3511 2478 3662 2534 Licet

2067 2574 2161 2629 tibi
2199 2587 2318 2629 esse
2356 2573 2495 2629 sicut
2533 2573 2721 2629 Petrus
2744 2615 2759 2640 ,
2789 2574 2833 2627 si
2862 2573 2994 2628 velis
3023 2588 3142 2644 qua:
3184 2571 3350 2627 habes
3376 2571 3610 2640 abjicere
3640 2587 3654 2623 :

2065 2667 2307 2737 disperge
2330 2708 2344 2732 ,
2374 2666 2440 2721 da
2470 2666 2794 2738 pauperibus
2818 2708 2833 2733 ,
2867 2664 3135 2722 Christum
3169 2678 3399 2735 sequere
3418 2705 3434 2731 ,
3466 2671 3521 2717 et
3549 2661 3658 2729 eris

2066 2761 2206 2814 talis.
2235 2759 2551 2828 Quomodo?
2580 2759 2669 2815 ille
2688 2799 2701 2823 ,
2732 2758 2938 2829 inquit,
2966 2756 3092 2813 fecit
3118 2757 3288 2828 signa.
3320 2756 3504 2811 llocnc
3531 2760 3615 2807 est
3639 2794 3653 2815 ,

2073 2857 2161 2914 dic
2187 2870 2390 2929 quaeso,
2413 2856 2558 2928 quod
2581 2856 2798 2912 Petrum
2822 2854 2950 2911 fecit
2968 2854 3357 2919 admirabilem,
3380 2868 3446 2908 an
3471 2851 3659 2908 ﬁducia

2074 2963 2234 3018 quam
2258 2956 2341 3003 est
2363 2956 2725 3018 consequutus
2746 2962 2813 3002 ex
2832 2946 2955 3001 vita:
2980 2944 3350 3000 institutione?
3378 2959 3483 2998 non
3509 2942 3661 2998 audis

2072 3036 2343 3095 Christum
2365 3038 2661 3095 dicentem:
2681 3038 2854 3093 Nolite
2870 3035 3090 3108 gaudere
3104 3035 3238 3107 quod
3258 3035 3508 3089 dwmonia
3527 3035 3663 3089 vobis

2074 3131 2349 3185 obediant?
2379 3131 2442 3186 Si
2480 3132 2553 3186 vis
2593 3147 2699 3186 esse
2733 3131 3014 3201 perfectus,
3055 3128 3210 3183 vende
3242 3144 3354 3198 qua:
3393 3130 3576 3195 habes,
3616 3139 3665 3182 ct

2074 3223 2141 3276 da
2168 3223 2475 3294 pauperibus
2498 3264 2513 3289 ,
2544 3231 2591 3276 et
2633 3222 2835 3276 habebis
2867 3221 3158 3275 thesaurum
3193 3220 3247 3273 in
3281 3220 3417 3274 caelis
3445 3220 3659 3289 (Matth.

2076 3315 2164 3372 19.
2192 3314 2256 3369 21
2355 3314 2491 3370 Audi
2516 3313 2642 3385 quid
2668 3313 2810 3371 dicat
2839 3314 3029 3368 Petrus
3059 3330 3072 3366 :
3104 3313 3294 3366 Aurum
3324 3322 3369 3366 et
3397 3323 3663 3382 argentum

2073 3422 2176 3460 non
2199 3414 2272 3460 est
2298 3405 2422 3459 mihi
2446 3420 2464 3459 :
2484 3405 2618 3476 quod
2640 3415 2805 3457 autem
2832 3405 3008 3470 habeo,
3033 3404 3127 3457 hoc
3148 3403 3234 3455 tibi
3256 3404 3319 3456 do
3338 3402 3473 3473 (Act.
3501 3405 3552 3459 5.
3579 3406 3658 3471 ti).

2073 3497 2128 3554 Si
2152 3498 2270 3569 quis
2297 3497 2455 3554 habet
2474 3513 2660 3552 aurum
2683 3506 2734 3551 et
2756 3504 3053 3566 argentum,
3081 3494 3167 3549 illa
3191 3510 3296 3549 non
3319 3493 3499 3549 habet.
3524 3496 3661 3561 Quid

2073 3604 2204 3645 vero
2229 3631 2244 3658 ,
2274 3590 2481 3661 inquit,
2521 3588 2662 3660 quod
2703 3588 2855 3642 multi
2894 3602 2995 3642 nec
3028 3587 3117 3643 illa
3159 3586 3359 3643 habent
3387 3602 3488 3642 nec
3516 3586 3664 3643 ista?

2072 3680 2206 3750 Quia
2253 3697 2361 3737 non
2403 3689 2595 3751 sponte
2633 3688 2760 3735 sunt
2801 3694 3062 3749 pauperes
3102 3698 3117 3733 :
3154 3678 3473 3749 quicumque
3518 3679 3660 3733 enim

2072 3782 2265 3844 sponte
2293 3782 2417 3827 sunt
2444 3785 2706 3843 pauperes
2727 3812 2747 3837 ,
2776 3770 2975 3826 habent
3000 3771 3178 3825 omnia
3210 3771 3367 3825 bona.
3394 3769 3532 3824 Nam
3562 3770 3661 3825 etsi

2073 3880 2174 3921 nec
2211 3873 2450 3919 mortuos
2486 3878 2587 3919 nec
2622 3862 2837 3918 claudos
2877 3862 3114 3917 excitant
3135 3901 3154 3928 ,
3185 3862 3278 3917 sed
3310 3871 3485 3917 tamen
3517 3862 3660 3934 quod

2071 3964 2156 4011 est
2184 3954 2354 4023 majus
2381 3954 2464 4009 his
2492 3953 2763 4021 omnibus,
2792 3952 2991 4009 habent
3014 3952 3151 4022 apud
3181 3952 3350 4007 Deum
3374 3953 3621 4010 ﬁduciam
3645 3973 3656 4008 :

2073 4047 2289 4103 audient
2313 4047 2404 4103 illo
2428 4046 2515 4102 die
2543 4046 2753 4102 beatam
2780 4046 2925 4100 illam
2951 4059 3162 4113 vocem,
3194 4044 3386 4110 Venite,
3412 4046 3657 4101 benedicti

2078 4140 2262 4195 Patris.
2284 4141 2400 4193 mei.
2432 4138 2569 4207 Quid
2608 4147 2691 4193 est
2728 4138 2831 4193 isto
2870 4136 3104 4193 melius?
3136 4136 3400 4192 Possidete
3427 4148 3661 4209 paratum

2068 4232 2207 4286 vobis
2247 4247 2458 4301 regnum
2492 4246 2525 4284 a
2558 4229 2914 4285 constitutione
2949 4228 3382 4284 mundisEsurivi
3412 4230 3584 4296 enim,
3616 4242 3663 4284 et

2070 4321 2281 4378 dedistis
2317 4322 2441 4376 mihi
2478 4322 2614 4393 quod
2641 4321 2952 4377 comederem
2975 4335 2995 4374 :
3019 4320 3152 4374 silici
3170 4360 3186 4386 ,
3226 4330 3273 4373 et
3303 4319 3509 4375 dedistis
3538 4321 3662 4374 mihi

2068 4414 2203 4485 quod
2240 4413 2456 4470 biberem
2481 4430 2500 4467 .°
2531 4414 2712 4484 hospes
2737 4430 2878 4467 eram
2899 4444 2917 4477 ,
2950 4422 2998 4466 et
3039 4428 3116 4465 me
3154 4412 3427 4481 collegistis
3453 4426 3472 4464 :
3498 4412 3662 4465 nudus

2070 4524 2208 4563 eram
2227 4547 2244 4572 ,
2272 4517 2319 4562 et
2348 4523 2426 4561 me
2449 4505 2727 4560 induistis:
2747 4505 2980 4574 inﬁrmus
3010 4518 3148 4556 eram
3175 4510 3228 4555 et
3250 4502 3303 4554 in
3339 4517 3539 4556 carcere
3563 4544 3579 4569 ,
3615 4514 3663 4556 et

2070 4615 2161 4653 me.
2181 4598 2436 4653 visitastis.
2468 4594 2743 4651 Possidete
2758 4603 2995 4665 paratum
3020 4592 3156 4647 vobis
3182 4608 3396 4662 regnum
3420 4607 3451 4645 a
3476 4595 3662 4646 consti-

2071 4690 2273 4745 tutione.
2304 4688 2482 4743 mundi
2520 4686 2757 4759 (Matth.
2797 4685 2888 4741 25.
2921 4683 3155 4755 54-36).
3205 4683 3489 4753 Fugiamus
3534 4699 3661 4753 ergo

2069 4782 2345 4837 avaritiam
2374 4789 2430 4837 et
2466 4779 2617 4851 plura
2648 4778 2877 4835 habendi
2906 4777 3250 4848 cupiditatem
3274 4817 3288 4842 ,
3321 4784 3380 4829 ut
3407 4790 3659 4846 assequa-

2070 4892 2192 4932 mur
2218 4891 2438 4946 regnum
2465 4874 2719 4931 cazlorum
2745 4890 2759 4926 :
2783 4873 3080 4928 nutriamus
3105 4884 3398 4940 pauperes,
3428 4880 3483 4924 ut
3508 4869 3660 4925 Chri-

2070 4979 2211 5026 stum
2240 4970 2556 5033 nutriamus,
2586 4977 2646 5023 ut
2670 4966 2788 5037 ejus
2812 4966 2979 5021 simus
3004 4963 3301 5020 coheredes
3320 5006 3334 5027 ,
3366 4963 3417 5017 in
3445 4962 3661 5019 Christo

2068 5062 2197 5121 .lesu
2232 5063 2454 5118 Domino
2481 5069 2668 5117 nostro
2689 5101 2705 5125 ,
2733 5074 2854 5115 cum
2882 5072 2988 5128 quo
3009 5056 3153 5113 Patri
3181 5056 3448 5127 simulque
3474 5066 3659 5111 sancto

2072 5154 2292 5226 Spiritui
2321 5155 2519 5225 gloria,
2551 5160 2809 5223 potestas,
2839 5150 3010 5208 honor
3032 5192 3048 5221 ,
3081 5163 3222 5207 nunc
3248 5155 3303 5206 et
3330 5162 3575 5219 semper,
3608 5157 3661 5201 ct

2069 5250 2122 5303 in
2154 5248 2354 5304 saecula
2376 5246 2713 5304 smculorum.
2747 5244 2938 5300 Amen.
