4088 6204
452 308 552 367 159

1181 319 1238 375 S.
1279 321 1557 383 JOANNIS
1591 325 2065 384 CHRYSOSTOMI
2100 326 2418 386 ARCIIIEP.
2457 330 2986 392 CONSTANTINOP.

3583 353 3682 412 110

479 449 3672 591 ww

453 658 583 715 Car.
613 659 703 718 10.
729 674 785 714 v.
820 656 906 715 l9.
940 654 1199 711 Habentes
1237 656 1427 726 itaque,
1461 656 1666 725 fratres,
1697 657 1943 727 fiduciam
1979 660 2036 714 in

524 752 733 806 introitu
753 757 1043 806 sanctorum
1066 748 1122 802 in
1142 748 1390 818 sanguine
1413 746 1448 801 Ι
1452 763 1559 816 esu,
1579 747 1671 805 20.
1693 766 1847 822 quam
1872 751 2041 808 initia-

524 846 595 898 vit
640 843 782 897 nobis
823 842 958 896 viam
999 856 1180 897 novant
1210 851 1256 895 et
1298 842 1538 895 viventem
1568 858 1659 911 per
1682 842 1910 898 velamen
1935 886 1951 912 ,
1980 845 2038 899 id

530 944 624 1003 est,
651 950 851 989 carnem
878 949 1044 999 suam,
1074 932 1164 987 21.
1198 942 1244 988 et
1270 932 1580 987 sacerdotem
1610 949 1851 1004 magnum
1884 951 2039 1006 super

525 1026 735 1080 domum
772 1023 874 1080 Dei
898 1043 917 1079 :
942 1024 1032 1080 22.
1062 1023 1362 1078 accedamus
1390 1040 1504 1078 cum
1526 1039 1643 1080 vero
1668 1025 1820 1080 corde
1842 1026 1897 1080 in
1922 1026 2036 1096 ple-

524 1118 806 1172 nitudinem
849 1117 970 1186 fidei
993 1158 1008 1183 ,
1055 1117 1250 1187 aspersi
1277 1117 1434 1171 corda
1459 1132 1491 1170 a
1519 1117 1823 1172 conscientia
1853 1118 1989 1172 mala
2013 1136 2034 1185 ,-

414 1270 421 1287 ι
524 1219 571 1263 et
586 1207 747 1262 abluti
762 1222 948 1279 corpus
967 1222 1098 1276 aqua
1118 1207 1327 1271 munda,
1346 1205 1437 1263 25.
1457 1215 1713 1262 teneamus
1726 1208 1834 1280 spei
1853 1216 2039 1264 nostra

414 1290 419 1316 ³
521 1302 888 1374 confessionem
918 1299 1348 1355 indeclinabilem.

522 1396 548 1449 1
564 1436 578 1450 .
610 1392 687 1466 (a)
714 1391 848 1447 Cum
867 1390 1192 1448 ostendisset
1216 1400 1473 1461 quamam
1502 1391 1714 1448 intersit
1734 1392 1876 1449 inter
1901 1406 2036 1464 pon-

453 1486 673 1551 tiﬁcem,
706 1494 760 1541 et
785 1484 1072 1552 sacriﬁcia,
1106 1492 1163 1540 et
1193 1482 1621 1552 tabernaculum,
1662 1493 1718 1540 et
1747 1494 2036 1542 testamen-

451 1590 588 1649 tum,
605 1590 659 1635 et
675 1577 1113 1649 promissionem,
1135 1587 1190 1632 et
1205 1578 1430 1632 multum
1451 1579 1713 1635 interesse
1733 1597 1745 1633 :
1770 1580 2035 1651 siquidem

449 1674 540 1729 illa
570 1668 789 1745 quidem
817 1680 946 1728 sunt
968 1671 1286 1743 temporalia
1306 1713 1323 1737 ,
1364 1672 1481 1728 haec
1507 1687 1639 1729 vero
1675 1682 1910 1741 aeterna;
1945 1674 2035 1731 illa

448 1765 664 1837 quidem
705 1780 874 1836 prope
919 1764 1193 1819 interitum
1215 1804 1231 1829 ,
1273 1762 1391 1819 lucc
1426 1778 1554 1819 vero
1585 1767 1854 1820 manentia
1885 1783 1900 1833 ;
1946 1764 2034 1822 illa

449 1856 720 1913 imbecilla
741 1898 757 1924 ,
801 1856 916 1910 haec
944 1853 1218 1926 perlecta;
1263 1854 1353 1908 illa
1393 1861 1549 1926 typus
1587 1869 1650 1911 ac
1681 1855 1845 1927 ﬁgura
1869 1899 1885 1924 ,
1918 1855 2036 1913 hmc

446 1952 645 2007 veritas
678 1967 694 2009 :
730 1949 851 2005 Non
883 1950 1024 2006 enim
1047 1948 1323 2004 secundum
1348 1950 1508 2021 legem
1528 1951 1791 2019 mandati,
1826 1952 2032 2023 inquit,

444 2045 688 2113 carnalis,
733 2045 824 2099 sed
865 2042 1140 2098 secundum
1186 2043 1419 2097 virtutem
1459 2044 1577 2098 vitm
1612 2044 1945 2110 insolubilis;
1981 2054 2037 2102 et

443 2152 632 2192 rursus
655 2178 671 2204 ,
711 2132 794 2189 Tu
828 2152 881 2190 es
908 2134 1148 2189 sacerdos
1182 2135 1236 2189 in
1269 2143 1511 2189 internum
1550 2133 1755 2207 (Hebr.
1785 2137 1838 2190 7.
1870 2137 1956 2192 16.
1989 2146 2036 2192 et

442 2229 497 2286 Β.
527 2228 599 2299 6)
633 2228 800 2298 (ecce
829 2226 1128 2282 sacerdotis
1157 2226 1600 2297 perpetuitatem)
1627 2246 1641 2282 :
1669 2237 1724 2282 et
1752 2226 1820 2283 de
1849 2226 2036 2284 Testa-

439 2329 649 2388 mento,
675 2319 831 2386 illud,
855 2318 1045 2389 inquit,
1069 2326 1153 2374 est
1171 2326 1365 2373 vetus:
1398 2317 1548 2383 Quod
1574 2318 1715 2373 enim
1743 2320 2036 2390 antiquatur

441 2422 491 2467 et
508 2412 738 2478 senescit,
765 2427 925 2482 prope
949 2410 1206 2464 interitum
1234 2418 1307 2464 est
1346 2409 1608 2481 (Hebr.8.
1639 2411 1729 2481 15)
1760 2428 1772 2463 :
1798 2411 1900 2466 hoc
1931 2426 2033 2466 au-

440 2516 552 2563 tem
579 2520 776 2579 novum
798 2514 852 2561 et
878 2503 1083 2559 habens
1100 2502 1468 2559 remissionem
1494 2512 1835 2573 peccatorum
1862 2524 1876 2570 ;
1900 2505 2030 2561 illud

440 2614 572 2657 vero
602 2599 736 2655 nihil
768 2599 872 2653 tale
901 2614 916 2653 :
948 2595 1100 2651 Niltil
1142 2597 1274 2650 enim
1314 2596 1397 2649 lea:
1423 2596 1636 2650 adduxit
1661 2598 1730 2649 ad
1755 2599 2031 2667 perfectum

442 2693 628 2765 (Hebr.
656 2694 710 2747 7.
745 2692 858 2762 19),
887 2689 1061 2761 inquit
1088 2707 1103 2757 ;
1135 2698 1189 2744 et
1213 2702 1422 2755 rursus,
1452 2687 1778 2756 Sacriﬁcium
1808 2699 1854 2742 et
1884 2688 2029 2742 obla-

451 2786 635 2840 tionem
665 2784 913 2839 noluisti:
935 2782 1063 2839 illud
1089 2781 1303 2854 quidem
1325 2778 1708 2847 manulactum,
1729 2778 1831 2834 hoc
1855 2786 2033 2834 autem

449 2894 559 2934 non
589 2876 989 2946 manuiactum;
1016 2875 1147 2932 illud
1168 2875 1372 2932 habens
1396 2874 1710 2946 sanguinem
1732 2870 2030 2937 hircorum,

442 2966 548 3021 hoc
571 2982 701 3022 vero
731 2966 970 3031 Domini;
999 2966 1129 3019 illud
1159 2970 1396 3019 stantem
1420 2959 1783 3024 sacerdotem,
1815 2959 1919 3014 hoc
1944 2972 2034 3015 se-

446 3060 682 3114 dentem.
701 3056 969 3123 Quoniam
991 3069 1123 3125 ergo
1145 3054 1329 3109 omnia
1346 3052 1438 3108 illa
1460 3050 1697 3111 minora,
1722 3050 1836 3106 haec
1855 3060 2034 3107 autem

446 3151 975 3223 majora,pr0pterea
993 3148 1147 3212 dicit,
1169 3145 1435 3201 Habentes
1453 3145 1648 3215 itaque,
1664 3143 1877 3213 fratres,
1896 3147 2034 3214 ﬁdu-

447 3242 607 3296 ciam.
640 3238 920 3295 Fiduciam
947 3237 1221 3292 undenam
1238 3236 1265 3290 ἲ
1290 3235 1335 3289 Α
1359 3236 1701 3292 remissione.
1733 3232 1886 3290 Sicut
1904 3250 2039 3306 pec-

446 3342 591 3400 cata,
606 3334 802 3404 inquit,
818 3331 1057 3388 efﬁciunt
1075 3339 1128 3387 et
1144 3329 1379 3385 aﬁ'erunt
1392 3331 1674 3401 pudorem,
1693 3327 1765 3382 ita
1786 3327 2037 3383 ﬁduciam

449 3428 678 3486 auertet
694 3427 1018 3497 eﬁicitquod
1039 3425 1222 3480 omnia
1251 3425 1362 3480 sint
1390 3425 1549 3479 nobis
1577 3422 1809 3478 remissa
1830 3440 1842 3476 :
1863 3435 2042 3492 neque

448 3523 555 3578 hoc
572 3527 807 3587 tantum,
821 3519 914 3575 sed
930 3516 1073 3588 quod
1086 3515 1214 3572 facti
1229 3517 1405 3571 simus
1422 3514 1814 3580 cohatredes,et
1828 3520 2040 3567 tantam

455 3613 632 3668 simus
648 3611 885 3667 assecuti
905 3603 1318 3665 charitatem.ln
1334 3605 1556 3660 introitu
1568 3599 2041 3667 sanctorum.Quid

462 3698 552 3753 hic
575 3697 707 3752 dicit
730 3693 1050 3751 introitum?
1076 3692 1279 3749 Ctelum
1306 3700 1362 3749 et
1389 3690 1755 3746 accessionem
1785 3686 1852 3743 ad
1882 3685 2045 3757 spiri-

462 3790 647 3846 tualia.
680 3789 850 3858 Quam
868 3789 1104 3844 initiavit.
1137 3786 1250 3843 Hoc
1275 3794 1378 3850 est,
1403 3799 1562 3856 quam
1589 3781 1909 3846 construxit,
1938 3786 1992 3835 et
2017 3793 2048 3833 a

462 3898 571 3955 qua
617 3883 821 3955 incepit
864 3901 878 3938 :
925 3882 1154 3938 initiatio
1192 3881 1335 3936 enim
1374 3888 1458 3934 est
1502 3877 1613 3947 jam
1660 3874 1869 3930 initium
1897 3886 2046 3927 usus.

464 3979 635 4047 Quam
663 3974 985 4039 construxit,
1009 3973 1202 4043 inquit,
1219 3979 1275 4027 et
1298 3986 1394 4041 per
1412 3983 1571 4040 quam
1594 3968 1709 4038 ipse
1737 3975 1821 4021 est
1848 3966 2053 4035 ingres-

466 4083 581 4124 sus.
625 4067 772 4121 Viam
808 4083 990 4120 novam
1019 4075 1068 4119 et
1095 4066 1358 4119 viventem.
1389 4062 1488 4117 Hic
1515 4060 1753 4116 ostendit
1791 4057 1907 4128 spei
1936 4057 2046 4127 ple~

466 4157 789 4213 nitndinem.
823 4154 1047 4217 Novam,
1080 4152 1275 4222 inquit.
1305 4151 1599 4206 Contendit
1626 4148 1911 4205 ostendere
1953 4159 2053 4201 nos

469 4246 651 4306 omnia
689 4244 941 4299 habuisse
973 4242 1174 4311 majora
1198 4283 1214 4308 ,
1245 4240 1508 4309 siquidem
1540 4255 1682 4295 nunc
1710 4247 1907 4309 apertae
1931 4244 2056 4291 sunt

469 4348 638 4413 portae
653 4337 934 4401 caelorum,
960 4333 1101 4405 quod
1125 4346 1223 4388 nec
1250 4330 1540 4386 Abrahami
1564 4329 1781 4401 quidem
1813 4336 2054 4399 tempore

470 4431 713 4503 contigit.
741 4428 807 4483 Et
828 4438 972 4483 recte
998 4426 1147 4492 dicit,
1184 4423 1328 4479 Viam
1348 4437 1529 4477 novam
1549 4432 1596 4477 et
1619 4423 1861 4477 viventem
1887 4437 1906 4475 :
1932 4436 2054 4476 nam

471 4527 645 4598 prima
672 4524 757 4578 via
778 4530 896 4578 erat
924 4520 1137 4583 mortis,
1154 4517 1359 4573 ducens
1383 4515 1452 4571 ad
1483 4514 1706 4580 inferos,
1738 4514 1852 4569 haec
1876 4520 2055 4568 autem

471 4622 617 4676 vitae.
657 4618 727 4673 Et
755 4628 862 4669 non
894 4611 1026 4667 dixit
1052 4651 1067 4677 ,
1090 4610 1228 4665 Vitas
1246 4650 1263 4678 ,
1287 4609 1385 4664 sed
1413 4622 1531 4662 eam
1558 4604 1844 4678 appellavit
1871 4605 2056 4660 viven-

472 4722 582 4769 tem
610 4753 626 4779 ,
659 4711 764 4765 hoc
790 4715 873 4762 est
902 4710 1232 4758 manentem.
1280 4699 1386 4755 Per
1422 4700 1683 4767 velamen,
1725 4698 1927 4767 inquit,
1968 4712 2058 4766 per

475 4818 678 4858 carnem
702 4815 868 4856 suam.
902 4795 1022 4867 ipsa
1054 4792 1196 4849 enim
1224 4805 1353 4847 caro
1378 4791 1427 4848 ei
1450 4789 1787 4862 primailiam
1809 4789 1946 4844 viam
1975 4801 2058 4848 se-

478 4896 608 4959 cuit,
636 4906 795 4961 quam
831 4889 992 4945 etiam
1023 4885 1262 4942 initiasse
1286 4883 1452 4949 dicit,
1480 4881 1626 4954 quod
1647 4893 1700 4938 et
1731 4882 1844 4952 ipse
1866 4881 2056 4952 digna-

478 4993 629 5039 retur
661 4996 755 5051 per
781 4982 928 5036 illam
957 4976 1182 5051 ingredi.
1225 4976 1481 5033 Velamen
1512 4983 1688 5031 autem
1720 4973 1912 5031 merito
1933 4987 2056 5028 car-

491 5086 596 5130 iem
634 5075 848 5130 vocavit
879 5092 894 5130 :
930 5074 1146 5147 quando
1186 5074 1331 5131 enim
1372 5073 1616 5129 sublatus
1645 5071 1743 5126 fuit
1768 5071 1820 5126 in
1851 5070 2015 5125 altum
2037 5109 2052 5137 ,

496 5178 603 5220 unc
626 5175 993 5236 apparuerunt
1027 5182 1092 5223 ea
1118 5180 1238 5239 quas
1273 5174 1398 5221 sunt
1427 5165 1479 5219 in
1507 5163 1674 5220 curiis.
1723 5164 2054 5228 .iccedamus,

475 5260 669 5331 'nquit,
698 5273 815 5312 cum
841 5274 959 5313 vero
985 5258 1156 5314 corde.
1185 5258 1412 5326 Quinam
1443 5256 1762 5312 accedamus
1793 5256 1818 5309 ?
1856 5254 1911 5311 Si
1937 5254 2059 5324 quis

495 5360 692 5409 auctus
715 5349 823 5408 ﬁde
846 5360 902 5408 et
929 5351 1191 5423 spirituali
1221 5351 1554 5407 adcretione.
1588 5348 1717 5405 Cum
1740 5365 1854 5403 vero
1883 5349 2054 5415 corde,

499 5461 534 5499 n
558 5444 876 5514 plenitudine
904 5440 1069 5514 ﬁdei;
1097 5441 1149 5497 id
1176 5451 1277 5509 est,
1311 5441 1565 5514 quoniam
1593 5440 1727 5496 nihil
1752 5447 1836 5495 est
1865 5438 2060 5509 adspe-

512 5535 673 5593 tabile
693 5574 710 5604 ,
741 5549 914 5608 neque
955 5533 1209 5592 sacerdos
1231 5573 1249 5603 ,
1287 5548 1463 5605 neque
1499 5530 1854 5599 sacriﬁcium,
1885 5544 2059 5601 neque

541 5689 617 5752 (a)
640 5687 816 5738 Totum
840 5685 1030 5752 initium
1052 5698 1376 5752 magnamque
1400 5691 1588 5750 partem
1618 5684 1828 5739 homilia:
1848 5685 2058 5739 decima

474 5766 477 5769 ·
520 5747 614 5801 suae
638 5749 961 5813 prtetemtittit
983 5747 1120 5801 Colb.

2136 672 2327 732 altare.
2357 675 2689 748 Quamquam
2716 693 2818 735 nec
2845 677 2934 735 ille
2959 678 3175 749 quidem
3202 679 3455 734 sacerdos
3475 688 3591 734 erat
3617 683 3715 735 ad-

2134 768 2474 838 spectabilis,
2512 768 2608 825 sed
2646 768 2762 841 ipse
2790 769 2969 825 stabat
3012 770 3191 835 intus,
3234 768 3310 824 illi
3357 778 3538 824 autem
3565 780 3714 825 extra

2133 872 2355 927 omnes,
2390 874 2582 931 nempe
2613 870 2755 916 totus
2784 860 3028 931 populus.
3062 859 3159 916 Hic
3195 868 3375 915 autem
3404 875 3511 916 non
3538 861 3711 917 solum

2135 951 2239 1009 hoc
2262 952 2518 1019 ostendit,
2544 954 2687 1024 quod
2712 954 2965 1010 sacerdos
2987 954 3267 1009 intraverit
3288 955 3340 1009 in
3363 963 3545 1009 sancta
3572 972 3587 1021 ;
3613 953 3716 1011 hoc

2135 1041 2281 1098 enim
2320 1042 2558 1100 declarat
2595 1044 2814 1111 dicens,
2858 1041 2929 1098 Et
2964 1045 3272 1099 sacerdotem
3299 1060 3537 1115 magnum
3564 1062 3717 1115 super

2134 1133 2341 1192 domum
2365 1136 2459 1192 Dei
2479 1152 2501 1203 ,'
2533 1135 2628 1193 scd
2651 1137 2899 1208 quoniam
2924 1151 3022 1191 nos
3044 1118 3257 1208 quoque
3284 1137 3565 1192 intramus.
3587 1136 3719 1193 Pro-

2134 1236 2342 1299 pterea,
2374 1229 2565 1301 inquit,
2595 1228 2661 1284 In
2684 1229 2999 1299 plenitudine
3019 1229 3158 1298 fidei.
3184 1228 3327 1285 Fieri
3363 1230 3504 1285 enim
3543 1240 3717 1300 potest

2131 1328 2197 1378 ut
2231 1323 2392 1378 etiam
2435 1321 2620 1378 credat
2648 1321 2840 1392 aliquis
2877 1319 3129 1375 dubitans
3158 1336 3173 1374 :
3212 1328 3268 1375 ut
3297 1320 3447 1376 multi
3479 1331 3601 1375 sunt
3626 1323 3716 1393 qui

2133 1415 2293 1471 etiam
2313 1430 2454 1470 nunc
2469 1413 2672 1478 dicunt,
2694 1413 3075 1469 nonnullorum
3100 1427 3221 1468 esse
3242 1414 3714 1482 resurrectionem,

2133 1507 2509 1563 nonnullorum
2539 1516 2718 1562 autem
2748 1521 2853 1562 non
2885 1520 3024 1561 esse.
3056 1505 3165 1560 Hoc
3192 1520 3297 1560 non
3324 1515 3406 1562 est
3438 1506 3557 1563 ﬁdei
3600 1510 3714 1580 ple-

2133 1597 2318 1654 nitudo
2342 1615 2354 1652 :
2379 1598 2449 1654 ita
2474 1598 2618 1653 enim
2640 1607 2851 1670 oportet
2871 1598 3117 1663 credere,
3147 1606 3204 1653 ut
3227 1597 3295 1654 de
3320 1598 3641 1669 visibilibus,
3661 1611 3717 1657 et

2135 1690 2305 1746 multo
2339 1690 2590 1759 amplius.
2617 1688 2752 1744 Nam
2788 1689 2875 1744 hic
2903 1686 3122 1760 quidem
3163 1688 3331 1743 errari
3364 1698 3541 1759 potest
3566 1692 3618 1746 in
3650 1693 3716 1748 iis

2131 1799 2252 1855 quae
2295 1782 2564 1850 videntur,
2608 1782 2720 1838 illic
2757 1792 2934 1838 autem
2975 1796 3311 1850 nequaquam
3342 1800 3355 1837 :
3387 1782 3472 1838 hic
3499 1783 3714 1855 quidem

2131 1876 2316 1932 sensui
2345 1875 2732 1946 permittimus,
2764 1874 2874 1928 illic
2903 1888 3033 1928 vero
3059 1873 3294 1943 spiritui.
3325 1876 3531 1943 Aspersi
3558 1877 3716 1932 corda

2130 1983 2163 2022 α
2198 1966 2503 2022 conscientia
2542 1965 2699 2021 mala.
2727 1960 2974 2022 Ostendit
3003 1962 3111 2030 hic,
3144 1963 3291 2035 quod
3313 1980 3418 2020 non
3451 1966 3622 2021 solum
3652 1968 3714 2022 ti-

2131 2056 2246 2124 des,
2282 2058 2379 2114 sed
2424 2058 2530 2114 vita
2566 2072 2780 2129 quoque
2807 2071 2929 2112 cum
2972 2056 3171 2112 virtute
3212 2058 3488 2127 quaeritur,
3529 2068 3585 2114 et
3611 2060 3713 2116 sibi

2132 2151 2333 2207 nullius
2374 2150 2454 2207 rei
2500 2150 2656 2206 malm
2688 2163 2811 2206 esse
2851 2149 3147 2204 conscium.
3192 2147 3311 2205 Non
3349 2149 3492 2205 enim
3531 2161 3714 2208 sancta

2129 2243 2426 2314 suscipiunt
2460 2257 2554 2299 eos
2582 2240 2674 2313 qni
2708 2255 2818 2311 non
2848 2248 2973 2295 sunt
3009 2238 3088 2296 sic
3113 2238 3287 2296 aﬁ'ecti
3317 2255 3439 2296 cum
3477 2241 3713 2313 plenitu-

2129 2334 2297 2392 dine:
2339 2343 2463 2390 sunt
2496 2334 2642 2391 enim
2689 2341 2875 2388 sancta
2916 2339 2971 2387 et
3014 2339 3199 2387 sancta
3242 2339 3572 2395 sanctorum.
3614 2334 3714 2392 Hic

2133 2441 2262 2499 ergo
2307 2424 2468 2482 homo
2512 2424 2691 2480 nullus
2737 2422 2902 2478 intrat
2942 2421 3218 2493 profanus.
3264 2421 3346 2476 illi
3387 2423 3439 2477 in
3489 2438 3714 2497 corpore

2129 2518 2573 2590 aspergebantur,
2603 2530 2704 2571 nos
2729 2516 2784 2571 in
2811 2514 2926 2586 ipsa
2951 2514 3282 2570 conscientia
3317 2531 3330 2568 :
3363 2515 3712 2586 quamobrem

2131 2623 2275 2666 nunc
2321 2622 2536 2680 quoque
2583 2606 2709 2662 licet
2759 2605 2874 2677 ipsa
2930 2605 3144 2676 aspergi
3200 2606 3417 2661 virtute.
3450 2606 3518 2661 Et
3553 2606 3714 2662 abluti

2129 2718 2314 2772 corpus
2339 2716 2472 2773 aqua
2492 2699 2699 2754 munda.
2722 2696 3017 2753 Lavacrum
3040 2697 3169 2753 dicit
3189 2712 3292 2753 non
3323 2697 3462 2769 quod
3492 2697 3715 2755 mundat

2131 2807 2379 2864 corpora,
2414 2790 2508 2846 sed
2552 2789 2806 2844 animam.
2835 2785 3032 2842 Fidelis
3069 2787 3201 2842 enim
3232 2797 3304 2842 est
3337 2788 3424 2858 qui
3459 2789 3712 2859 promisit.

2133 2885 2396 2955 Quidnam
2448 2897 2578 2938 vero
2630 2878 2955 2953 promittens
3002 2887 3086 2934 est
3130 2878 3355 2935 ﬁdelis?
3402 2877 3556 2948 Quod
3601 2878 3717 2934 illic

2128 2988 2342 3050 Oportet
2359 2977 2641 3045 decedere,
2659 2985 2716 3034 et
2729 2992 2952 3050 regnum
2968 2976 3187 3031 intrare.
3205 2974 3348 3031 Nihil
3368 2988 3495 3045 ergo
3508 2973 3721 3029 curiose

2135 3082 2398 3137 scrutare,
2418 3085 2593 3141 neque
2612 3069 2848 3127 rationes
2869 3068 3021 3139 exige
3044 3084 3059 3123 :
3089 3083 3175 3123 res
3201 3074 3399 3121 nostra:
3419 3076 3576 3134 egent
3594 3063 3717 3119 lide.

2135 3163 2225 3219 24.
2257 3163 2321 3217 Et
2346 3163 2738 3229 consideremus,
2770 3160 2961 3232 inquit,
2993 3159 3205 3213 invicem
3233 3158 3287 3212 in
3313 3156 3722 3228 provocationem

2138 3254 2366 3309 caritatis
2393 3264 2442 3309 et
2469 3252 2712 3307 bonorum
2739 3266 2982 3322 operum,
3008 3248 3101 3305 25.
3134 3265 3234 3303 non
3262 3248 3543 3303 deserentes
3568 3245 3721 3311 colle-

2138 3346 2351 3400 ctionem
2390 3352 2649 3407 nostram,
2691 3342 2820 3397 sicut
2860 3339 3239 3395 consuetudinis
3284 3346 3356 3393 est
3396 3336 3719 3409 quibusdam,

2140 3437 2228 3493 sed
2256 3437 2592 3503 consolantes,
2624 3444 2671 3489 et
2695 3443 2835 3488 tanta
2867 3433 3048 3504 magis,
3075 3441 3262 3502 quanto
3284 3428 3507 3484 videritis
3534 3444 3723 3499 oppro-

2142 3528 2469 3598 pinquantem
2510 3525 2663 3578 diem.
2714 3523 2784 3577 Et
2829 3535 3017 3578 rursus
3061 3520 3188 3575 alibi
3238 3519 3368 3575 dicit
3411 3536 3427 3573 :
3472 3517 3725 3573 Dominus

2144 3634 2301 3689 prope
2319 3626 2428 3672 est:
2451 3616 2581 3670 nihil
2607 3613 2812 3670 solliciti
2839 3612 2951 3667 sitis
2981 3609 3249 3685 (Philipp.
3283 3611 3337 3665 4.
3370 3610 3425 3666 5.
3452 3609 3538 3681 ϐ).
3571 3605 3725 3662 Nunc

2143 3708 2275 3763 enim
2313 3706 2644 3778 propinquior
2676 3713 2752 3760 est
2790 3711 2963 3758 nostra
2986 3703 3125 3758 salus
3143 3719 3164 3768 ;
3191 3710 3245 3757 et
3267 3715 3475 3768 rursus,
3504 3697 3726 3771 Tempus

2144 3798 2287 3854 breve
2314 3809 2386 3853 est
2410 3797 2486 3871 (1.
2509 3797 2632 3852 Cor.
2655 3796 2709 3851 7.
2732 3794 2848 3866 29).
2880 3791 3018 3861 Quid
3039 3803 3145 3858 est,
3169 3791 3290 3847 Non
3310 3792 3587 3847 deserentes
3608 3806 3727 3844 con-

2144 3891 2486 3962 gregationem
2522 3886 2795 3943 nostram?
2831 3885 2989 3941 Novit
3014 3899 3078 3939 ex
3111 3894 3385 3940 conventu
3414 3892 3467 3939 et
3497 3898 3563 3938 ex
3594 3897 3728 3937 con-

2146 3980 2459 4054 gregatione
2486 3978 2709 4034 multam
2738 3989 2858 4032 esse
2884 3975 3014 4029 vim.
3050 3972 3147 4028 Ubi
3177 3973 3312 4028 enim
3334 3983 3486 4040 sunt,
3516 3972 3727 4043 inquit,

2147 4073 2248 4129 duo
2279 4082 2368 4127 aut
2418 4080 2518 4126 tres
2555 4067 2843 4139 congregati
2886 4066 2940 4120 in
2970 4065 3174 4119 nomine
3212 4080 3358 4129 meo,
3397 4065 3502 4119 illic
3538 4080 3651 4118 sum
3678 4062 3733 4116 in

2148 4165 2314 4221 medio
2339 4178 2510 4218 eorum
2537 4159 2749 4235 (Matth.
2770 4158 2860 4214 18.
2881 4155 2974 4229 20)
2998 4171 3014 4223 ;
3037 4165 3092 4211 et
3121 4170 3325 4223 rursus,
3347 4153 3413 4210 Ut
3432 4157 3533 4209 sint
3553 4170 3730 4218 unum,

2149 4269 2205 4316 ut
2233 4266 2279 4312 et
2305 4272 2396 4310 nos
2419 4270 2575 4309 unum
2604 4268 2780 4323 sumus
2804 4249 2983 4323 (Joan.
3009 4249 3098 4305 17.
3132 4249 3219 4320 11)
3245 4265 3259 4313 ;
3287 4256 3341 4303 et
3371 4249 3583 4313 iterum,
3609 4244 3734 4302 0m-

2150 4351 2289 4405 nium
2329 4355 2438 4401 erat
2471 4344 2643 4399 anima
2674 4358 2777 4397 una
2802 4385 2816 4409 ,
2849 4350 2895 4397 et
2921 4356 3009 4395 cor
3034 4356 3194 4394 unum
3223 4339 3359 4411 (Act.
3392 4339 3448 4394 4.
3477 4338 3593 4410 52).
3616 4336 3734 4393 Non

2151 4445 2252 4499 hoc
2279 4449 2455 4497 autem
2484 4439 2696 4503 solum,
2732 4433 2828 4491 sed
2867 4433 3028 4490 etiam
3068 4430 3209 4503 quod
3251 4440 3506 4504 augeatur
3540 4430 3737 4486 caritas

2148 4550 2247 4606 per
2274 4529 2748 4604 congregationem
2781 4544 2796 4581 :
2826 4524 2872 4581 si
2903 4535 3163 4595 augeatur
3186 4532 3365 4578 autem
3394 4523 3615 4588 caritas,
3640 4537 3738 4577 ne-

2150 4643 2302 4685 cesse
2328 4634 2411 4683 est
2451 4633 2508 4679 ut
2547 4622 2709 4679 etiam
2745 4626 3041 4690 augeantur
3068 4631 3188 4687 quae
3212 4625 3338 4671 sunt
3379 4614 3498 4670 Dei.
3533 4613 3734 4681 Oratio,

2152 4718 2340 4790 inquit,
2371 4715 2522 4787 ﬁebat
2549 4713 2658 4769 sine
2684 4706 3052 4765 intermissione
3078 4721 3110 4759 a
3135 4703 3326 4776 papula
3353 4703 3493 4775 (Act.
3534 4702 3622 4758 12.
3654 4701 3736 4774 5).

2159 4812 2307 4869 Sicut
2344 4804 2721 4864 consuetudinis
2749 4810 2821 4857 est
2844 4798 3168 4873 quibusdam.
3196 4797 3295 4852 llic
3321 4812 3426 4851 non
3456 4795 3630 4851 solum
3656 4805 3742 4851 est

2153 4905 2433 4969 hortatus,
2483 4897 2579 4956 sed
2621 4897 2783 4954 ctiam
2835 4889 3203 4965 reprehendit.
3254 4889 3321 4946 Et
3362 4890 3738 4947 consideremus

2153 5000 2364 5055 invicem
2390 4997 2445 5050 in
2478 4990 2885 5067 provocationem
2909 4984 3138 5040 caritatis
3162 4992 3210 5037 et
3236 4982 3483 5038 bonorum
3509 4997 3742 5053 operum.

2155 5090 2311 5146 Novit
2330 5087 2431 5142 hoc
2452 5096 2665 5156 quoque
2689 5078 2802 5134 ﬁeri
2832 5077 2901 5135 ab
2925 5090 3111 5132 eorum
3136 5073 3568 5145 congregatione.
3593 5072 3748 5129 Sicut

2155 5182 2298 5238 enim
2329 5179 2528 5234 ferrum
2561 5173 2760 5228 ferrum
2784 5170 2951 5235 acuit,
2976 5167 3049 5222 ita
3079 5166 3240 5223 etiam
3269 5173 3562 5221 conventus
3587 5177 3750 5236 auget

2156 5276 2462 5332 caritatem.
2494 5268 2627 5324 Nam
2659 5266 2705 5322 si
2731 5264 2869 5336 lapis
2892 5263 3056 5335 lapidi
3085 5260 3302 5316 attritus
3332 5260 3506 5329 ignem
3527 5258 3747 5324 emittit,

2164 5373 2365 5437 quanto
2394 5360 2564 5432 magis
2584 5358 2760 5413 anima
2782 5355 2976 5410 animae
2996 5352 3266 5408 admixta?
3285 5350 3436 5417 Vide,
3460 5364 3567 5405 non
3594 5348 3749 5415 dicit,

2159 5460 2240 5516 Ad
2255 5456 2679 5520 cernulationem,
2693 5449 2809 5517 sed,
2825 5448 2906 5502 Ad
2922 5445 3324 5517 provocationem
3340 5442 3588 5497 caritatis.
3607 5441 3750 5509 Quid

2160 5559 2262 5617 est,
2295 5548 2376 5604 Ad
2404 5544 2809 5619 provocationem
2833 5537 3116 5594 caritatis?
3145 5536 3216 5593 Ut
3245 5534 3415 5607 magis
3451 5534 3675 5605 diligant
3693 5542 3755 5590 et

2162 5642 2471 5712 diligantur.
2519 5636 2709 5703 Addit,
2746 5633 2815 5688 Et
2858 5632 3107 5688 bonorum
3154 5645 3397 5702 operum,
3439 5639 3497 5685 ut
3536 5628 3754 5699 capiant

2164 5732 2561 5794 aemulationem
2588 5744 2603 5797 ;
2646 5725 2860 5784 merito.
2891 5724 2947 5783 Si
2974 5724 3116 5780 enim
3149 5723 3326 5780 lacere
3354 5721 3614 5793 majorem
3642 5719 3751 5776 vim
