4082 6212
439 353 541 410 ιιι

433 486 492 522 τε
529 465 690 536 ζῆλον
748 463 968 520 λαϐεῖν’
1019 463 1267 526 εἰκότως.
1299 461 1364 514 Εἰ
1390 459 1497 531 709
1524 458 1587 512 τὸ
1613 459 1813 522 ποιεῖν,
1862 456 2021 528 φησὶ,

430 549 527 606 τοῦ
561 548 741 618 λέγειν
775 547 996 620 μείζονα
1019 546 1119 618 τὴν
1147 545 1299 614 ἰσχὺν
1329 542 1443 614 έχει
1470 541 1606 614 πρὸς
1628 539 1986 595 διδασκαλίαν
2006 551 2022 568 ·

432 635 664 698 πολλοὺς
697 633 850 704 ἔχετε
887 633 982 686 καὶ
1030 631 1191 699 ὑμεῖς
1241 625 1599 690 διδασκάλους
1630 627 1690 678 ἐν
1721 623 1800 694 τῷ
1829 622 2026 695 πλήθει

432 719 520 774 διὰ
545 718 656 773 τῶν
686 716 867 788 ἔργων
901 713 1060 768 τοῦτο
1084 712 1399 781 ποιοῦντας.
1420 710 1485 762 Τί
1514 705 2024 778 ἐστι,11ροσερχώ-

431 808 584 876 μεθα
623 800 777 870 μετὰ
824 793 1120 866 ἀληθινῆς
1158 794 1410 862 καρδίας
1432 809 1467 876 ;γ
1506 793 1790 876 Τουτέστι,
1852 789 2025 876 χωρὶς

433 873 780 956 ύποκρίσεως
805 899 821 914 ·
849 879 994 935 Οὐαὶ
1033 880 1144 950 709
1201 876 1422 946 καρδίᾳ
1446 875 1641 946 δειλῇ,
1698 874 1797 930 καὶ
1851 873 2026 943 χερσὶ

431 955 838 1036 παρειμέναις.
867 963 1075 1033 Μηδεὶς
1097 963 1260 1026 έστω,
1285 962 1444 1031 φησὶ,
1466 959 1668 1030 ψεῦδος
1697 960 1754 1012 ἐν
1779 958 1930 1029 ύμῖν⁶
1950 955 2026 1028 μὴ

432 1050 595 1120 ἕτερα
627 1049 726 1119 μὲν
757 1047 1030 1118 λέγωμεν,
1067 1045 1232 1116 ἕτερα
1259 1043 1316 1096 δὲ
1340 1043 1631 1114 φρονῶμεν
1657 1057 1672 1072 ⁸
1702 1039 1863 1095 τοῦτο
1918 1040 2026 1112 709

431 1134 627 1206 ψεῦδος
649 1148 662 1162 ·
695 1131 832 1202 μηδέ
864 1129 1282 1200 ὀλιγοψυχῶμεν
1308 1144 1322 1158 ⁸
1346 1127 1508 1182 τοῦτο
1537 1127 1646 1198 γὰρ
1673 1127 1776 1180 οὐκ
1827 1124 2025 1196 ἀληθιο

433 1219 531 1289 νῆς
563 1215 823 1285 καρδίαςο
881 1213 994 1267 ἀπὸ
1040 1213 1152 1284 γὰρ
1208 1210 1304 1265 τοῦ
1338 1210 1415 1283 μὴ
1450 1211 1728 1265 πιστεύειν
1750 1209 1812 1264 10
1839 1209 2018 1278 ὀλιγο-

431 1303 628 1374 ψυχεῖν
659 1303 892 1369 γίνεται.
925 1295 1052 1360 Πῶς
1079 1295 1306 1350 δὲέσται
1331 1296 1489 1350 τοῦτο
1518 1312 1534 1362 ;
1565 1292 1696 1348 Ἐὰν
1742 1292 2026 1364 πληροφο-

437 1388 696 1459 ρὴσωμεν
757 1383 988 1445 ἑαυτοὺς
1013 1379 1102 1434 διὰ
1129 1382 1230 1452 τῆς
1265 1375 2027 1447 πίστεως.Ἑῤῥαντισμένοι

433 1469 542 1534 τὰς
569 1465 843 1536 καρδίας.
881 1465 980 1518 Διά
1008 1463 1062 1517 τί
1097 1463 1173 1536 μὴ
1201 1462 1346 1529 εἶπε,
1372 1461 1793 1534 Κεκαθαρμένοι
1814 1503 1830 1528 ,
1862 1459 2023 1528 ἀλλὰ,

446 1548 936 1621 Ἐρῤαντισμένοι
970 1563 990 1610 ;
1023 1545 1135 1618 Τὴν
1165 1547 1433 1618 διαφοράν
1486 1547 1594 1600 τῶν
1652 1547 2029 1618 περιρραντη-

437 1652 571 1708 ριων
603 1633 779 1700 δεῖξαι
809 1630 1153 1702 βουλόμενος,
1180 1633 1274 1684 καὶ
1305 1633 1388 1685 ὃτι
1417 1631 1479 1684 10
1509 1631 1611 1702 μὲν
1639 1629 1734 1684 τοῦ
1781 1628 1941 1696 Θεοῦ,
1965 1629 2028 1681 τὸ

435 1719 494 1772 δέ
515 1716 806 1788 ἡμέτερον.
839 1715 913 1768 T0
947 1713 1048 1784 μὲν
1077 1715 1187 1785 γὰρ
1223 1711 1373 1786 [I85]
1406 1713 1598 1768 λοῦσαι
1629 1713 1726 1768 καὶ
1756 1711 2028 1784 περιρρά-

437 1820 526 1856 ναι
556 1800 656 1872 τὴν
689 1798 1014 1870 συνείδησιν,
1047 1797 1142 1850 τοῦ
1182 1798 1318 1852 Θεοῦ
1353 1815 1366 1828 ·
1403 1799 1542 1852 τὸδὲ
1577 1799 1720 1870 μετά
1755 1797 2024 1870 ἀληθείας

437 1884 760 1959 προσελθεῖν
789 1883 884 1937 καὶ
919 1884 978 1935 ἐν
1002 1881 1354 1954 πληροφορίᾳ
1412 1881 1673 1948 πίστεως,
1727 1881 2026 1954 ἡμέτερον.

440 1967 576 2024 Εἶτα
599 1969 695 2022 καὶ
721 1969 785 2038 τῇ
822 1965 1007 2019 πίστει
1035 1965 1256 2022 δίδωσιν
1286 1967 1440 2037 ίσχὺν
1474 1966 1586 2021 ἀπὸ
1635 1965 1737 2037 τῆς
1768 1964 2030 2037 ἀληθείας

437 2055 533 2110 τοῦ
583 2050 1084 2120 ἐπαγγειλαμένου.
1120 2051 1188 2104 Τί
1215 2052 1353 2118 ἐστι,
1410 2051 1520 2108 Καὶ
1569 2051 1932 2121 λελουμένοι
1959 2050 2028 2106 τὸ

437 2137 612 2209 σῶμα
643 2137 816 2190 ὕδατι
848 2133 1129 2199 καθαρῶς
1170 2135 1328 2188 Ἤτοι
1358 2135 1437 2206 τῷ
1463 2135 1742 2208 καθαροὺς
1785 2133 2030 2189 ποιοῦντι

437 2223 628 2292 λέγει,
664 2220 700 2291 ἦ
729 2218 809 2290 τῷ
859 2218 936 2290 μὴ
973 2219 1150 2287 ἔχοντι
1192 2212 1357 2287 αἷμα.
1411 2216 1544 2272 Εἶτα
1609 2217 1934 2290 προστίθησι
1967 2218 2030 2272 τὸ

436 2309 645 2363 τέλειον
673 2345 689 2370 ,
742 2305 840 2376 τὴν
883 2302 1126 2373 ἀγάπην.
1180 2303 1279 2371 Μὴ
1327 2303 1872 2371 ἐγκαταλείποντες
1912 2302 2031 2371 τὴν

436 2387 930 2460 ἐπισυναγωγὴν,
963 2387 1154 2457 φησὶν,
1185 2387 1416 2442 ἑαυτῶν
1436 2404 1450 2416 ο
1485 2388 1625 2460 ὅπερ
1667 2387 1834 2454 τινὲς,
1870 2387 2028 2459 φησὶ,

438 2474 678 2538 ποιοῦσι,
709 2471 928 2533 καὶτὰς
950 2469 1205 2534 συνόδους
1241 2470 1615 2541 διατέμνουσι,
1650 2469 1808 2523 τοῦτο
1846 2471 2033 2533 αὐτοῖς

438 2555 800 2628 ἀπαγορεύει.
819 2554 1100 2625 ’Λδελςρὸς
1124 2555 1236 2626 γὰρ
1257 2554 1375 2613 ὑπὸ
1395 2553 1664 2624 ἀδελφοῦ
1684 2555 2027 2623 βοηθούιιε-

439 2661 568 2710 νος,
596 2643 674 2704 ὡς
693 2641 873 2704 πόλις
922 2637 1136 2708 ὀχυρά.
1181 2638 1370 2693 Ἀλλὰ
1408 2637 1798 2708 κατανοῶμεν
1839 2637 2032 2706 άλλη-

440 2731 593 2792 .1001,-
612 2726 698 2790 είς
733 2720 1136 2791 παροξυσμὸν
1179 2719 1438 2792 ἀγάπης.
1463 2722 1528 2774 Τί
1550 2723 1688 2788 ἐστι,
1711 2721 2024 2776 Κατανοῶ-

440 2828 552 2882 μεν
596 2806 918 2875 ἀλλήλους
936 2821 956 2870 ;
1003 2803 1166 2870 Οἴον,
1223 2807 1273 2859 ετ
1329 2823 1414 2871 τις
1479 2807 1785 2879 ἐνάρετος,
1840 2807 2032 2860 τοῦτον

445 2890 767 2966 μιμώμεθα,
799 2889 1088 2960 βλέπωμεν
1119 2890 1198 2952 εἰς
1228 2888 1412 2951 001.00,
1467 2888 1608 2944 ὥστε
1661 2891 1884 2961 ἀγαπᾷν
1937 2889 2036 2943 καὶ

443 2975 764 3046 ἀγαπᾶσθαι
791 2991 804 3002 ·
834 2973 946 3028 ἀπὸ
969 2973 1078 3044 γὰρ
1103 2973 1201 3044 τῆς
1233 2971 1457 3044 ἀγάπης
1486 2972 1554 3028 τὰ
1585 2973 1727 3026 καλά
1778 2973 1916 3044 ἔργα.
1944 2974 2032 3040 γε.

442 3078 645 3116 νονται.

519 3235 585 3305 β’.
603 3231 761 3300 Μέγα
783 3229 988 3299 ἀγαθὸν
1017 3230 1050 3301 ἡ
1075 3227 1314 3291 σύνοδος·
1337 3225 1477 3299 αῦτη
1495 3227 1604 3301 709
1633 3227 1802 3299 αὐτὴν
1833 3227 2037 3299 θερμο-

445 3319 620 3390 τέραν
660 3315 981 3384 ἐργάζεται,
1032 3312 1128 3366 καὶ
1155 3310 1216 3376 ἐξ
1259 3311 1432 3382 αὐτῆς
1482 3311 1661 3366 πάντα
1693 3311 1939 3365 τίκτεται
1969 3310 2039 3364 τά

447 3400 633 3472 ἀγαθά
651 3417 664 3430 ⁸
697 3398 850 3452 οὐδὲν
874 3398 984 3467 γάρ
1010 3398 1159 3449 ἐστιν
1192 3395 1421 3462 ἀγαθὸν,
1454 3394 1482 3447 0
1511 3394 1587 3464 μὴ
1611 3394 1678 3447 δι’
1706 3394 1929 3464 ἀγάπης
1948 3393 2038 3461 γί-

447 3501 621 3539 νεται.
652 3481 869 3551 Ταύτην
892 3475 986 3532 οὖν
1038 3476 1384 3547 κυρώσωμεν
1411 3478 1492 3540 είς
1529 3477 1795 3548 ἀλλήλους
1827 3493 1842 3508 ο
1871 3476 2040 3546 Πλή-

443 3584 611 3638 ρωμα
658 3565 768 3635 709
810 3563 1000 3630 νόμου
1066 3559 1241 3613 ἐστιν
1280 3561 1320 3629 ἡ
1359 3558 1585 3629 ἀγάπη.
1618 3561 1693 3614 00
1723 3561 1804 3613 δεῖ
1857 3561 2042 3614 πόνων

447 3655 607 3724 ἡμῖν,
639 3648 764 3704 οὐδὲ
796 3646 1058 3718 ἱδρώτων,
1090 3645 1186 3697 ἐὰν
1236 3643 1546 3714 ἀγαπῶμεν
1594 3643 1861 3716 ἀλλήλους
1892 3660 1906 3676 ·
1943 3643 2042 3697 αύ-

448 3734 688 3806 τόματός
718 3729 803 3794 τίς
832 3733 980 3782 ἐστιν
1009 3728 1126 3792 ὁδὸς
1185 3728 1428 3800 φέρουσα
1484 3728 1622 3800 πρὸς
1667 3728 1767 3800 τὴν
1814 3728 2040 3801 ἀρετήν.

454 3819 726 3887 Καθάπερ
755 3815 869 3888 γὰρ
895 3814 988 3868 ἐπὶ
1010 3812 1114 3882 τῆς
1146 3812 1450 3885 λεωφόρου,
1483 3813 1582 3868 ἐάν
1607 3830 1693 3878 τις
1755 3811 1892 3885 εῦρῃ
1941 3811 2042 3884 τὴν

451 3901 650 3975 ἀρχὴν,
677 3899 954 3973 ὁδηγεῖται
985 3897 1080 3949 ὑπ’
1108 3897 1302 3966 αὐτῆς,
1329 3897 1424 3951 καὶ
1451 3897 1513 3951 00
1535 3896 1712 3952 δεῖται
1763 3913 2042 3968 χειραγω·

456 3986 557 4054 γοῦ
588 4002 601 4015 .
627 3983 773 4038 οὕτω
795 3985 891 4036 καὶ
917 3981 1009 4034 ἐπὶ
1030 3981 1130 4052 τῆς
1159 3981 1406 4053 ἀγάπης,
1444 3982 1608 4053 μόνον
1647 3982 1915 4036 ἐπιλαϐοῦ
1944 3983 2044 4054 τῆς

461 4069 662 4140 ἀρχῆς.
686 4068 781 4120 καὶ
800 4065 1004 4126 εὐθέως
1031 4070 1346 4138 χειραγωγῇ
1371 4065 1462 4120 ὑπ’
1493 4067 1665 4136 αὐτῆς
1692 4067 1790 4121 καὶ
1817 4066 2043 4141 εὐθύνει.

473 4154 534 4208 Ἡ
565 4147 804 4219 ἀγάπη,
857 4147 1014 4216 φησι,
1065 4149 1456 4218 μακροθυμεῖ,
1513 4151 1932 4218 χρηστεύεται,
1969 4153 2044 4205 οὐ

457 4231 751 4304 λογίζεται
817 4228 885 4284 τὸ
959 4228 1172 4281 κακόν.
1242 4229 1368 4284 Ἐὰν
1434 4232 1667 4302 ἐννοήσῃ
1725 4249 1811 4296 τις
1877 4232 2045 4297 0010;

455 4317 651 4374 ἐαυτὸν
680 4357 697 4382 ,
757 4313 875 4378 πῶς
916 4312 1193 4366 διάκειται
1251 4312 1390 4383 πρὸς
1442 4314 1641 4368 ἐαυτὸν
1668 4353 1684 4379 ,
1735 4317 1834 4369 καὶ
1899 4316 2048 4370 οὕτω

455 4403 596 4476 πρὸς
646 4400 738 4453 τὸν
794 4395 1025 4470 πλησίον
1071 4394 1384 4452 διακείσθω.
1429 4398 1620 4461 υύδεὶς
1675 4399 1864 4468 φθονεῖ
1917 4401 2048 4453 ἐαυ-

456 4488 574 4560 τῷ,
646 4484 826 4539 πάντα
891 4479 1073 4550 ἐαυτῷ
1135 4479 1354 4552 εὔχεται
1410 4482 1481 4536 10
1543 4483 1767 4552 ἀγαθὰ,
1825 4484 2046 4540 πάντων

459 4569 655 4627 ἑαυτὸν
713 4567 1005 4640 προτιμᾷ,
1067 4565 1248 4618 πάντα
1303 4565 1446 4637 ὑπὲρ
1515 4567 1714 4622 ἐαυτοῦ
1791 4567 2046 4638 βούλεται

459 4657 657 4710 ποιεῖν.
701 4651 826 4705 Ἐὰν
874 4649 1055 4704 τοίνυν
1095 4648 1346 4719 καὶπρὸς
1371 4650 1496 4713 τοὺς
1521 4649 1713 4714 ἄλλους
1761 4650 1905 4705 οὕτω
1925 4652 2044 4705 δια-

462 4739 738 4809 κεώμεθα,
765 4735 944 4789 πάντα
967 4733 1185 4788 λέλυται
1214 4733 1282 4786 10
1304 4733 1478 4798 δεινὰ,
1525 4735 1628 4788 ούκ
1657 4734 1797 4788 εἰσὶν
1827 4736 2044 4808 ἔχθραι,

461 4826 563 4878 οὐκ
589 4822 708 4875 ἔστι
737 4817 1024 4883 πλεονεξία
1058 4833 1072 4848 ·
1097 4817 1182 4880 τίς
1209 4816 1319 4888 709
1351 4817 1416 4871 ἂν
1447 4817 1622 4870 ἕλοιτο
1653 4819 2046 4894 πλεονεκτῆσαι

462 4907 682 4972 ἐαυτὸν;
709 4904 928 4967 Οὐδείς·
961 4901 1100 4958 άλλά
1129 4901 1330 4972 μᾶλλον
1355 4905 1463 4957 πᾶν
1495 4903 1825 4962 τούναντίον.

534 5039 746 5096 Οὐκοῦν
765 5040 920 5094 κοινά
933 5039 1108 5094 πάντα
1125 5038 1478 5111 κτησώμεθα,
1504 5041 1598 5096 καὶ
1613 5042 1691 5114 μὴ
1708 5044 2050 5118 παυσώμεθα

467 5125 794 5193 συνάγοντες
811 5124 1058 5188 ἑαυτούς’
1087 5123 1190 5178 κᾶν
1223 5125 1384 5178 τοῦτο
1417 5127 1684 5196 ποιῶμεν,
1712 5132 2050 5201 μνησικακία

466 5209 652 5282 χώραν
692 5207 794 5261 οὐκ
809 5204 909 5261 ἂνὲ
917 5227 1000 5278 χοι
1019 5225 1032 5239 ο
1051 5209 1134 5271 τίς
1148 5212 1261 5280 γάρ
1291 5209 1465 5264 ἕλοιτο
1478 5209 1546 5264 ἂν
1557 5211 1736 5283 ἐαυτῷ
1777 5232 2050 5285 μνησικα-

467 5297 604 5361 κεῖ-ις
640 5293 724 5356 τίς
755 5291 820 5346 ἂν
837 5290 1012 5344 ἕλοιτο
1057 5292 1238 5363 ἐαυτῷ
1288 5294 1605 5365 ὀργίζεσθαι
1627 5313 1643 5362 ;
1667 5297 1790 5367 οὐχὶ
1813 5299 2052 5368 μάλιστα

471 5380 688 5432 πάντων
718 5377 932 5438 ἑαυτοῖς
955 5375 1406 5447 συγγινώσκομεν
1425 5395 1439 5443 ;
1485 5379 1611 5432 Ἐάν
1633 5380 1777 5435 οὕτω
1797 5383 1891 5435 καὶ
1914 5383 2052 5454 πρὸς

467 5463 593 5525 100;
611 5462 839 5533 πλησίον
859 5459 1228 5530 διακεώμεθα,
1247 5463 1499 5517 οὐδέποτε
1512 5465 1665 5519 ἔσται
1688 5469 2049 5537 μνησικακία.

472 5544 624 5618 [ιὸοί]
655 5547 765 5602 Καὶ
792 5546 910 5611 πῶς
946 5545 1194 5612 δυνατὸν,
1222 5558 1249 5587 ι
1273 5548 1429 5618 φησὶ,
1469 5548 1560 5603 100
1612 5549 1845 5622 πλησίον
1876 5551 2053 5617 οὕτως

535 5775 561 5846 τ
585 5769 736 5846 (ἰοὶ-1)..
755 5772 933 5846 Πιστὸς
953 5774 1050 5846 .709
1071 5775 1098 5822 0
1120 5775 1527 5846 ἐπαγγειλάμενος·
1570 5777 1648 5825 καῖ
1676 5777 1776 5834 πῶς
1825 5777 2048 5840 δυνατὸν,

472 5839 526 5882 cl
545 5832 634 5881 hoc
662 5831 810 5885 habet
834 5831 1049 5887 homins}
1069 5831 1385 5898 principium;

1157 345 1215 398 S.
1256 342 1542 398 JOANMb
1578 339 2071 394 οηιιὶδυδίωιι
2106 337 2427 395 ΛΒΕΙΙΞΕΡ.
2468 333 3016 394 CONS'IANTINOP.

3595 331 3711 395 HS

2123 457 2430 529 ἀγαπῆσαι,
2459 457 2536 521 ώς
2579 457 2741 520 0010;
2777 457 3004 522 £00100;
3037 455 3100 510 Εἰ
3133 456 3208 530 μῂ
3237 457 3503 530 ἐποίησαν
3550 457 3712 512 τοῦτο

2122 527 2324 612 ἕτεροι,
2359 541 2542 606 καλῶς
2576 539 2838 594 ἀδύνατον
2877 535 3018 593 εἴναι
3057 527 3220 594 τοῦτο
3280 527 3560 613 νομίζειςο
3585 542 3711 595 είδὲ
3758 527 3764 534 ’

2122 625 2410 696 ἐποίησαν,
2436 625 2596 696 δῆλον
2614 623 2805 677 011010
2830 623 3108 696 ῥᾳθυμίαν
3165 626 3298 698 παρ’
3357 628 3390 697 ἡ
3402 625 3520 696 μῶν
3533 626 3596 680 00
3626 625 3714 694 γί-

2122 727 2294 765 νεται.
2323 710 2536 774 ’Ἄλλως
2562 710 2620 764 δὲ
2643 749 2660 774 ,
2683 709 2836 763 οὐδὲν
2886 709 3150 764 ἀδύνατον
3203 711 3484 764 ἐπιτάττει
3520 713 3549 764 0
3579 711 3714 781 X91-

2123 797 2289 860 010;,
2331 797 2466 850 ὅπου
2523 812 2589 864 γε
2643 794 2832 848 πολλοὶ
2879 794 2975 848 καὶ
3026 795 3374 868 ὑπερέϐησαν
3425 795 3592 848 αὑτοῦ
3644 795 3714 850 τὰ

2123 881 2545 952 προστάγματα.
2594 879 2690 943 Τίς
2739 873 2834 932 οῦν
2893 878 3117 950 ἐποίησε
3148 886 3348 946 τοῦτο;
3389 879 3453 933 '0
3479 877 3712 946 Παῦλος,

2122 965 2152 1018 0
2179 965 2385 1035 Πέτρος
2407 1007 2423 1032 ,
2479 964 2591 1028 πᾶς
2617 965 2645 1016 0
2667 963 2778 1017 τῶν
2833 961 3004 1031 ἀγίων
3055 962 3236 1034 χορός.
3285 962 3425 1016 Ἀλλ’
3454 963 3551 1016 ἐάν
3611 963 3715 1034 μέν

2123 1049 2264 1103 εῖπω
2282 1050 2371 1105 ,ὅτι
2391 1051 2519 1110 τοὺς
2548 1045 2782 1117 πλησίον
2806 1045 3128 1117 ἠγάπησαν,
3186 1045 3338 1098 ούδέν
3391 1045 3535 1116 μέγα
3565 1046 3677 1117 ἐρῶ
3696 1059 3711 1074 ⁶

2121 1136 2249 1198 τοὺς
2277 1133 2510 1205 ἐχθροὺς
2538 1129 2713 1195 οὕτως
2734 1130 3050 1202 ἠγάπησαν,
3090 1129 3163 1192 ώς
3223 1131 3322 1182 ούκ
3349 1128 3416 1183 ἄν
3433 1147 3518 1193 τις
3575 1131 3718 1199 ἀγα-

2124 1220 2320 1291 στήσειε
2340 1218 2466 1282 τοὺς
2492 1215 2824 1288 ὁμοψύχους.
2841 1214 2937 1278 Τίς
2961 1212 3072 1284 709
3100 1212 3164 1266 ἂν
3191 1212 3370 1266 ¹έλοιτο
3398 1213 3556 1284 ἡμῶν
3575 1214 3716 1286 ὑπὲρ

2123 1304 2234 1358 τῶν
2265 1302 2564 1376 ὁμοψύχων
2598 1303 2680 1365 είς
2705 1299 2935 1370 γέενναν
2957 1297 3243 1360 ἀπελθεῖν,
3279 1296 3489 1367 μέλλων
3508 1299 3589 1361 είς
3620 1297 3719 1368 βσ.

2125 1388 2332 1444 σιλείαν
2368 1387 2594 1442 ἀπιέναι
2629 1401 2645 1451 ;
2697 1383 2889 1445 Οὐδείς
2909 1399 2923 1414 ·
2952 1381 3090 1436 ἀλλὰ
3114 1383 3144 1434 0
3177 1379 3393 1445 Παῦλος
3428 1380 3572 1450 ὑπὲρ
3605 1381 3718 1433 τῶν

2123 1470 2336 1543 ἐχθρῶν
2367 1468 2529 1524 τοῦτο
2584 1467 2780 1532 εἵλετο,
2826 1465 2936 1518 τῶν
2987 1463 3327 1519 λιθασάντων
3381 1463 3567 1528 00100,
3608 1463 3718 1518 τῶν

2127 1555 2528 1628 μαστιξάντων.
2581 1553 2718 1606 Ποία
2751 1546 2844 1604 οῦν
2899 1551 3036 1621 ἡμῖν
3074 1549 3228 1602 ἔσται
3282 1546 3606 1618 συγγνώμη,
3633 1548 3718 1612 τίς

2123 1639 2480 1711 παραίτησις,
2511 1637 2558 1690 εί
2587 1634 2723 1708 μηδέ
2738 1634 2799 1687 10
2825 1633 3120 1687 πολλοστὸν
3154 1632 3320 1704 μέρος
3344 1631 3445 1702 τῆς
3470 1632 3714 1702 ἀγάπης,

2122 1719 2193 1798 ἧς
2231 1725 2550 1792 ἐπεδείξατο
2581 1721 2714 1790 περί⁹
2769 1719 2897 1780 τοὺς
2946 1716 3176 1788 ἐχθροὺς
3204 1718 3232 1768 0
3262 1714 3496 1781 Παῦλος,
3553 1717 3720 1786 ἡμεῖς

2122 1810 2253 1881 περὶ
2281 1810 2406 1872 τοὺς
2436 1806 2626 1878 φίλους
2657 1801 3071 1872 ἐπιδειξαίμεθα
3095 1801 3162 1866 1>;
3189 1801 3301 1853 Καὶ
3319 1801 3346 1852 0
3372 1799 3718 1870 μακάριοςδέ

2123 1892 2368 1963 Μωῦσῆς
2398 1889 2508 1962 πρὸ
2535 1889 2731 1942 τούτου
2770 1886 2912 1955 ὑπὲρ
2941 1885 3048 1937 τῶν
3095 1881 3308 1954 ἐχθρῶν
3343 1881 3578 1953 ἠθέλησε
3607 1881 3719 1935 τῶν

2125 1976 2469 2033 λιθασάντων
2492 1971 2656 2026 00100
2687 1967 3074 2038 ἐξαλειφθῆναι
3085 1968 3183 2037 τῆς
3213 1965 3399 2036 βίὸλου
3423 1964 3522 2018 τοῦ
3544 1965 3680 2019 Θεοῦ
3700 1981 3714 1995 ·

2125 2063 2221 2118 καὶ
2241 2063 2270 2116 0
2292 2059 2458 2114 Δαυῒδ
2484 2059 2614 2122 τοὺς
2642 2054 3000 2115 ἀντιστάντας
3057 2049 3207 2120 αὐτῷ
3257 2049 3400 2121 ὁρῶν
3457 2051 3718 2121 ἀναιρου-

2129 2146 2349 2219 μένους,
2379 2142 2542 2216 φησίν
2563 2161 2576 2176 ο
2614 2139 2765 2210 Ἐγὼ
2794 2141 2826 2193 ὀ
2854 2135 3080 2205 ποιμὴν
3103 2134 3392 2219 ἥμαρτον,
3421 2133 3519 2219 καί
3553 2129 3721 2219 οὗτοι

2123 2217 2182 2284 τί
2207 2228 2547 2295 ἐποίησαν;
2577 2223 2674 2279 καὶ
2694 2222 2786 2277 100
2816 2219 2990 2274 Σαοὺλ
3024 2219 3104 2281 εἰς
3149 2221 3343 2288 χεῖρας
3381 2217 3584 2281 λαϐὼν,
3627 2217 3722 2270 ἀν-

2123 2313 2267 2366 ελεῖν
2289 2311 2390 2365 0031
2422 2308 2724 2381 ἠϐουλήθη,
2749 2303 2892 2362 ἀλλὰ
2909 2301 3156 2366 διέσωζε,
3184 2303 3281 2355 καὶ
3306 2301 3484 2356 ταῦτα
3511 2301 3724 2372 μέλλων

2124 2396 2290 2460 0010;
2318 2395 2676 2450 κινδυνεύειν.
2714 2392 2855 2446 Είδὲ
2883 2392 2942 2444 ἐν
2987 2391 3053 2460 τῇ
3088 2386 3305 2458 Παλαιᾷ
3364 2387 3562 2453 ταῦτα,
3599 2385 3721 2440 τίνα

2127 2479 2462 2551 συγγνώμην
2483 2480 2680 2550 ἕξομεν
2702 2480 2865 2549 ἡμεῖς
2888 2477 2938 2530 οἱ
2965 2475 3025 2526 ἐν
3053 2475 3119 2543 τῇ
3152 2474 3330 2544 Καινῇ
3363 2471 3723 2541 πολιτευόμεο

2126 2585 2230 2631 νοι,
2267 2565 2368 2620 καὶ
2405 2563 2542 2636 μηδέ
2574 2561 2713 2634 πρὸς
2743 2561 2805 2614 10
2838 2558 2974 2613 0010
2996 2556 3232 2620 ἐκείνοις
3290 2555 3582 2625 φθάνοντες
3621 2553 3720 2624 μέ-

2126 2651 2378 2722 τρονςΕί
2427 2647 2558 2717 709,
2599 2647 2710 2701 ἐὰν
2746 2644 2833 2714 μὴ
2875 2642 3260 2712 περισσεύσῃ
3290 2643 3329 2710 ή
3357 2640 3722 2708 δικαιοσύνη

2128 2732 2302 2804 ἡμῶν
2317 2731 2512 2787 πλέον
2533 2729 2650 2784 τῶν
2675 2728 3020 2797 Φαρισαίων
3039 2725 3138 2780 καὶ
3160 2722 3577 2794 Γωμματέων,
3606 2723 3723 2777 οὑκ

2127 2816 2603 2885 είσελευσόμεθα
2626 2813 2714 2879 είς
2735 2811 2851 2880 τὴν
2890 2810 3222 2876 ,βασιλείαν
3263 2807 3382 2861 τῶν
3411 2804 3722 2875 οὐρανῶν·

2128 2903 2258 2956 ὅταν
2277 2902 2372 2954 καὶ
2393 2899 2613 2952 ἔλαττον
2629 2895 2853 2950 ἐκείνων
2875 2895 3112 2965 ἔχωμεν,
3132 2891 3250 2957 πῶς
3264 2888 3722 2960 είσελευσόμεθα;

2143 2980 2450 3054 Ἆγαπᾶτε,
2482 2981 2640 3052 φησι,
2676 2977 2821 3044 τοὺς
2851 2975 3110 3048 ἐχθροὺς
3143 2973 3332 3044 ὑμῶν,
3369 2973 3470 3028 καί
3503 2973 3726 3027 ἔσεσθε

2131 3069 2322 3140 ὅμοιοι
2339 3067 2446 3121 τοῦ
2456 3064 2690 3134 Πατρὸς
2700 3061 2870 3134 ὑμῶν
2884 3062 2990 3116 τοῦ
3005 3061 3074 3114 ἐν
3091 3059 3394 3129 οὐρανοῖς.
3413 3059 3727 3129 Ἀγάπησον

2131 3151 2311 3206 τοίνυν
2329 3148 2546 3221 ἐχθρόν·
2571 3147 2633 3202 00
2651 3146 2760 3218 709
2778 3147 2981 3199 ἐκεῖνον
2999 3145 3086 3197 εύε
3097 3145 3328 3213 ργετεῖς,
3348 3141 3483 3196 ἀλλὰ
3505 3141 3724 3198 σαυτόν.

2135 3235 2294 3301 Πῶς;
2317 3235 2464 3296 Ἰσος
2495 3231 2621 3302 γίνῃ
2653 3231 2813 3284 τοῦτο
2861 3228 3032 3282 ποιῶν
3069 3226 3147 3297 τῷ
3179 3224 3320 3295 Θεῷ.
3352 3225 3590 3287 Ἐκεῖνος
3627 3222 3728 3276 ἐὰν

2134 3318 2399 3389 ἀγαπηθῇ
2429 3317 2581 3387 παρὰ
2599 3315 2718 3381 σοῦ,
2746 3313 2898 3367 οὐδὲν
2933 3311 3084 3382 μέγα
3112 3309 3372 3380 ἐκέρδανε
3398 3325 3410 3338 ·
3435 3306 3586 3376 παρά
3613 3305 3727 3378 γάρ

2134 3401 2426 3475 ὁμοδούλου
2443 3398 2708 3470 ἠγαπήθη
2735 3414 2750 3428 ο
2777 3397 2842 3450 σὺ
2863 3396 2920 3449 δὲ
2945 3395 3041 3448 ἐάν
3063 3395 3358 3466 ἀγαπήσῃς
3383 3394 3472 3445 τὸν
3497 3391 3728 3462 09.0000-

2135 3487 2248 3552 λον,
2284 3485 2427 3556 μέγα
2441 3483 2740 3554 ἐκέρδανας
2761 3497 2776 3510 ’
2795 3478 2924 3549 γίνῃ
2963 3478 3073 3550 γὰρ
3093 3479 3279 3548 ὅμοιος
3306 3475 3382 3548 τῷ
3405 3475 3542 3546 Θεῷο
3559 3475 3726 3545 Ὁρᾷς

2136 3573 2219 3626 ὅτι
2239 3570 2342 3624 οῦκ
2365 3566 2558 3637 ἐκείνῳ
2584 3564 2808 3636 χαρίζῃ,
2844 3562 2982 3616 ἀλλά
3011 3561 3195 3632 σαυτῷ
3219 3578 3235 3627 ;
3271 3560 3332 3614 10
3349 3562 3456 3632 709
3490 3558 3726 3612 ἔπαθλον

2137 3656 2240 3710 ούκ
2269 3653 2466 3724 ἐκείνῳ
2485 3649 2724 3721 τίθησιν,
2754 3647 2894 3701 ἀλλά
2914 3646 3019 3699 σοί.
3047 3645 3112 3697 Τί
3133 3640 3248 3712 οὖν,
3275 3645 3371 3697 ἐὰν
3463 3641 3724 3714 πονηρὸς,

2140 3737 2291 3812 [185]
2319 3737 2487 3808 φησί;
2511 3731 2767 3804 Τοσούτῳ
2796 3729 3043 3802 μείζωνό
3067 3728 3262 3799 μισθός
3287 3745 3302 3761 ο
3327 3729 3423 3812 καῖ
3451 3727 3550 3812 τῆς
3568 3743 3730 3796 πονη-

2143 3810 2528 3894 ρίαςίὸφείλεις
2545 3814 2696 3886 αὐτῷ
2727 3815 2891 3887 χάριν
2903 3812 3132 3875 εἰδέναι,
3158 3811 3266 3865 κᾶν
3284 3810 3456 3894 μυρία
3500 3811 3728 3894 501970-

2139 3889 2399 3975 τούμενος
2421 3898 2659 3974 κακὺςῇ.
2688 3899 2750 3953 El
2771 3898 2846 3970 μὴ
2876 3896 2987 3968 γάρ
3007 3895 3214 3966 σφόδρα
3236 3895 3403 3958 κακὸς
3428 3889 3516 3964 ἦν,
3536 3893 3635 3946 οὐκ
3661 3893 3730 3946 ἀν

2143 4007 2226 4045 σοι
2248 3987 2456 4060 σφόδρα
2483 3986 2512 4039 ὁ
2543 3983 2736 4056 μισθὸς
2785 3981 3021 4056 ηὐξήθη.
3054 3980 3275 4050 Ὦστεὴ
3308 3979 3457 4032 αίτία
3517 3975 3616 4030 τοῦ
3651 3975 3728 4048 μὴ

2141 4074 2387 4144 ἀγαπᾷν,
2421 4069 2484 4124 10
2501 4069 2684 4137 λέγειν
2734 4069 2817 4121 ὅτι
2861 4065 3096 4137 πονηρός
3155 4066 3325 4128 ἐστιν,
3372 4061 3511 4133 αῦτη
3575 4062 3729 4116 αἰτία

2142 4159 2262 4212 ἐστὶ
2282 4155 2377 4210 τοῦ
2405 4154 2652 4225 ἀγαπᾷν.
2683 4146 2856 4223 ’Δρον
2882 4151 2976 4204 τὸν
2993 4147 3425 4221 ἀνταγωνιστὴν,
3451 4149 3544 4201 καὶ
3569 4148 3729 4200 ἀναι-

2144 4244 2258 4314 ρεῖς
2304 4238 2417 4293 τῶν
2464 4241 2747 4306 στεφάνων
2775 4235 2875 4306 τὴν
2931 4234 3212 4305 ἀφορμήν.
3273 4232 3385 4302 υύχ
3430 4232 3562 4303 ὁρᾷς
3599 4232 3731 4294 τοὺς

2140 4324 2382 4397 ἀθλητὰς
2413 4334 2462 4388 «³,
2495 4321 2613 4384 πῶς
2643 4319 2913 4382 θυλάκους
2933 4319 3122 4388 ἄμμου
3157 4316 3565 4388 πληρώσαντες,
3584 4316 3730 4370 οὕτω

2141 4407 2556 4480 γυμνάζονται;
2592 4404 2685 4458 Σοὶ
2726 4403 2784 4457 δέ
2823 4402 2885 4455 00
2933 4402 3098 4472 χρεία
3137 4399 3488 4472 ἐπιτηδεῦσαι
3531 4399 3729 4453 τοῦτο’

2141 4495 2306 4564 γέμει
2330 4494 2358 4546 0
2389 4490 2505 4562 βίος
2561 4488 2670 4543 τῶν
2710 4485 3103 4557 γυμναξόντων
3125 4501 3219 4548 σε,
3276 4487 3370 4537 καὶ
3430 4482 3730 4538 ποιούντων

2145 4576 2391 4648 ίσχυρόν.
2438 4574 2552 4644 Οὐχ
2601 4573 2737 4644 ὁρᾷς
2787 4572 2873 4625 ὅτι
2917 4571 3014 4624 καὶ
3051 4569 3121 4623 10
3146 4568 3340 4639 δένδρα
3383 4568 3492 4639 ὅσῳ
3515 4569 3581 4624 ἂν
3622 4568 3731 4622 ὑπὸ

2141 4663 2364 4733 ἀνέμων
2396 4658 2701 4732 ῥιπίζηται,
2731 4654 2971 4724 τοσούτῳ
2993 4653 3197 4724 μᾶλλον
3233 4653 3556 4733 ἰσχυρότερα
3581 4653 3730 4721 γίνε-

2140 4765 2232 4801 ται
2247 4731 2347 4800 καὶ
2366 4731 2679 4813 πυκνότερα
2703 4741 2851 4807 ;K0‘1
2878 4740 3040 4810 ἡμεῖς
3061 4737 3244 4792 τοίνυν
3263 4737 3330 4792 ἂν
3347 4731 3499 4808 ὦμεν
3523 4735 3731 4807 μακρό-

2145 4832 2208 4884 θυ
2219 4846 2330 4901 μοι,
2355 4827 2450 4882 καὶ
2475 4824 2688 4896 ἰσχυροὶ
2709 4822 2965 4894 ἐσόμεθα·
2986 4819 3168 4890 Ἀνὴρ
3183 4820 3312 4892 709,
3331 4821 3487 4890 φησι,
3501 4820 3730 4890 μακρό-

2145 4921 2352 4984 Ουμος,
2371 4909 2566 4977 πολὺς
2584 4909 2654 4964 ἐν
2663 4906 2954 4980 φρονήσει
2975 4922 2990 4937 ⁸
3003 4908 3036 4960 ό
3051 4905 3118 4959 δὲ
3139 4906 3533 4975 ὀλιγόψυχος,
3559 4909 3733 4974 ἰσχυ-

2136 4998 2262 5069 ρῶς
2306 4996 2532 5066 ἄφρων.
2559 4994 2724 5066 Ὁρᾷς
2771 4994 2896 5046 ὅσον
2928 4989 3120 5044 τούτου
3154 4989 3215 5043 10
3246 4989 3560 5060 ἐγκώμιονς
3597 4991 3731 5061 ὁρᾷς

2144 5085 2270 5138 ὅσον
2294 5079 2506 5134 ἐκείνου
2527 5077 2586 5131 τὸ
2607 5076 2973 5146 κατηγόρημα
2997 5070 3310 5144 ςἰσχυρῶς
3327 5072 3552 5143 ἄφρων,
3569 5091 3730 5126 τουτ-

2147 5169 2297 5231 ἐστι,
2341 5166 2503 5220 πάνυ.
2539 5164 2630 5233 Μὴ
2676 5163 2858 5214 τοίνυν
2897 5157 3329 5230 μικροψυχῶμεν
3381 5158 3517 5227 πρὸς
3551 5159 3735 5228 ἀλλή-

2146 5251 2386 5316 λους·ού
2419 5248 2529 5318 γὰρ
2557 5245 2667 5301 ἀπὸ
2716 5244 2816 5313 τῆς
2863 5241 3066 5313 ἔχθρας
3131 5242 3341 5309 γίνεται
3391 5240 3572 5303 τοῦτο,
3616 5242 3733 5295 ἀλλ’

2147 5336 2257 5389 ἀπὸ
2287 5333 2379 5386 τοῦ
2409 5332 2588 5401 ψυχὴν
2607 5329 2808 5399 μικρὰν
2842 5326 2985 5396 ἔχειν
3007 5341 3021 5354 '
3047 5322 3282 5398 ὡςὲὰνῇ
3311 5325 3526 5396 ἰσχυρὰ,
3552 5325 3736 5380 πάντα

2148 5419 2286 5474 οἴσει
2313 5416 2535 5488 ῥαδίως,
2568 5414 2664 5468 καὶ
2690 5412 2844 5466 οὐδὲν
2873 5410 3045 5480 αὐτὴν
3077 5410 3478 5463 καταποντίσαι
3502 5409 3732 5480 δυνήσεο

2215 5709 2244 5750 δ
2277 5708 2362 5760 Sic
2382 5705 2518 5761 Coll).
2551 5704 2685 5757 Editi
2717 5704 3056 5768 ἐπιδειξόμεθα.

2217 5781 2239 5810 ο
2265 5769 2404 5822 Colb.
2427 5776 2482 5821 et
2512 5782 2666 5834 marg.
2712 5765 2887 5832 Sa\'il.,
2911 5763 3021 5822 τοὺς
3065 5765 3264 5823 πύκτας.
3300 5763 3568 5832 Mulianus,
3602 5779 3737 5831 prac-

2153 5847 2310 5888 conca.
