4088 6204
391 311 490 368 Nl

375 431 541 487 habet
577 428 647 485 ad
671 427 997 496 docendum,
1027 441 1188 499 quam
1214 426 1394 482 dicere
1433 443 1446 480 :
1478 426 1676 481 multos
1710 440 1808 479 vos
1840 441 1968 496 quo-

1195 311 1263 371 ῙΝ
1305 312 1512 372 EPIST.
1553 313 1645 370 AD
1681 311 2049 370 HEBREOS.
2087 310 2246 368 CAP.
2288 309 2356 366 Χ.
2397 306 2630 366 1103111..
2674 307 2817 364 XIX.

3545 322 3648 376 ΗΞ

2065 421 2325 487 fecerunt,
2357 429 2503 478 recte
2537 423 2814 480 existimas
2853 425 2958 484 hoc
3004 425 3119 485 fieri
3158 445 3268 486 non
3314 449 3513 504 posse:
3560 441 3643 492 sin

372 539 482 596 que
529 522 740 579 habetis
773 521 1026 577 doctores
1073 521 1126 576 in
1172 519 1516 575 multitudine
1560 519 1664 575 hoc
1703 519 1963 574 facientes
2064 521 2244 570 autem
2267 514 2527 584 fecerunt,
2552 519 2889 589 perspicuum
2909 531 2991 576 est
3011 523 3153 594 quod
3176 523 3276 579 hoc
3306 540 3336 579 a
3363 527 3520 583 nobis
3540 545 3644 583 non

373 631 473 686 per
497 629 683 685 opera.
712 613 850 680 Quid
873 622 976 679 est,
1006 611 1320 666 Accedamus
1345 627 1460 665 cum
1489 628 1604 666 vero
1624 611 1774 665 corde
1801 611 1826 663 ?
1848 609 1960 665 Hoc

371 715 478 772 est,
512 705 717 775 absque
756 703 1031 774 hypocrisi
1062 712 1117 758 et
1143 703 1510 758 simulatione.
1565 701 1652 757 Va:
1676 702 1840 766 enim,
1873 701 1958 756 in-

371 798 508 868 quit,
555 796 701 850 cordi
748 796 948 860 timido,
980 805 1025 849 et
1054 795 1286 849 manibus
1333 794 1590 849 dissolutis
1633 811 1694 848 ac
1734 795 1959 848 remissis

371 889 642 959 (Eccli.2.
672 888 783 959 Η).
809 888 1046 954 Nullum,
1091 886 1282 958 inquit,
1328 887 1400 942 sit
1442 887 1494 941 in
1543 885 1698 941 nobis
1733 884 1957 940 menda-

367 985 511 1036 cium
537 998 550 1034 :
581 997 650 1036 ne
669 981 772 1034 alia
790 980 1006 1050 quidem
1036 979 1301 1045 dicamus,
1333 979 1434 1033 alia
1455 993 1588 1034 vero
1615 978 1912 1033 sentiamus
1935 993 1951 1042 ;

366 1072 473 1128 hoc
502 1081 585 1129 est
613 1073 757 1128 enim
794 1071 1130 1126 mendacium
1166 1088 1180 1124 :
1211 1085 1383 1142 neque
1415 1071 1583 1125 simus
1621 1069 1795 1140 pusilli
1837 1069 1953 1122 ani-

365 1167 439 1221 mi
466 1183 480 1230 ;
516 1167 621 1220 hoc
645 1165 788 1220 enim
834 1180 941 1219 non
969 1171 1052 1218 est
1080 1161 1190 1216 veri
1235 1162 1413 1217 cordis
1439 1203 1455 1227 ,
1488 1177 1552 1216 ex
1581 1175 1646 1216 eo
1675 1159 1815 1231 quod
1844 1174 1950 1213 non

363 1258 651 1315 credamus
680 1257 911 1312 efficitur
956 1265 1014 1311 ut
1055 1259 1224 1311 simus
1252 1253 1430 1326 pusilli
1457 1252 1640 1308 animi.
1672 1251 1951 1319 Quomodo

363 1361 545 1406 autem
575 1351 676 1406 hoc
719 1350 824 1405 erit
852 1350 876 1404 ?
904 1348 960 1405 Si
995 1348 1150 1402 nobis
1195 1356 1344 1402 certo
1394 1345 1806 1417 persuadeamus
1850 1359 1950 1415 per

362 1444 546 1500 fidem.
607 1443 816 1512 Aspersi
859 1442 1034 1496 corda.
1061 1440 1171 1495 Cur
1211 1455 1320 1493 non
1347 1438 1498 1501 dixit,
1524 1437 1781 1503 Mundati,
1828 1437 1945 1505 sed,

361 1537 573 1607 Aspersi
592 1536 619 1591 .’
647 1535 843 1591 Volens
873 1532 1158 1588 ostendere
1206 1530 1560 1587 differentiam
1599 1544 1785 1584 eorum
1828 1542 1948 1596 quae

359 1636 686 1698 aspergunt,
718 1627 945 1681 alterum
975 1623 1191 1693 quidem
1227 1622 1355 1677 dicit
1380 1636 1500 1677 esse
1532 1621 1624 1675 Dei
1651 1661 1666 1685 ,
1716 1620 1944 1674 alterum

358 1735 489 1776 vero
517 1731 782 1774 nostrum.
817 1717 1050 1772 Abluere
1076 1716 1221 1771 enim
1261 1714 1644 1770 conscientiam
1673 1721 1728 1768 et
1753 1728 1944 1783 asper-

357 1827 503 1883 gere,
549 1820 632 1866 est
676 1809 809 1874 Dei;
852 1809 905 1862 in
943 1807 1170 1862 veritate
1211 1815 1388 1860 autem
1434 1805 1691 1860 accedere
1729 1813 1783 1859 et
1820 1820 1942 1860 cum

354 1913 502 1959 certa
528 1918 594 1957 ac
630 1901 783 1972 plena
814 1915 912 1970 per
937 1898 1098 1954 fidem
1133 1898 1479 1968 persuasione
1502 1938 1517 1963 ,
1547 1905 1633 1952 est
1673 1904 1939 1950 nostrum.

357 1996 558 2050 Deinde
596 1994 757 2049 etiam
792 1991 912 2046 fidei
939 1991 1030 2044 dat
1059 1989 1312 2043 virtutem
1341 2003 1408 2042 ex
1436 1988 1660 2042 veritate
1698 1986 1814 2056 ejus
1851 1985 1942 2055 qui

357 2086 620 2157 promisit.
645 2082 784 2152 Quid
832 2091 947 2149 est,
981 2080 1048 2134 Et
1091 2080 1252 2133 abluti
1293 2095 1480 2148 corpus
1525 2094 1660 2149 aqua
1706 2077 1941 2130 munda?

352 2180 486 2246 Qua:
515 2177 746 2232 mundos
783 2174 966 2240 efficit,
994 2173 1154 2240 dicit,
1197 2181 1289 2228 aut
1313 2187 1432 2243 quas
1469 2186 1573 2226 non
1607 2171 1767 2226 habet
1812 2185 1940 2225 san-

351 2271 590 2341 guinem.
619 2268 820 2324 Deinde
849 2265 992 2321 addit
1031 2265 1084 2320 id
1113 2264 1258 2336 quod
1288 2273 1370 2320 est
1401 2263 1717 2335 perfectum,
1747 2278 1940 2333 nempe

349 2364 650 2419 caritatem.
683 2360 807 2414 Non
837 2360 1117 2414 deserentes
1143 2357 1487 2412 collectionem
1517 2366 1760 2410 nostram.
1785 2356 1938 2422 Quod

349 2455 568 2526 quidam
599 2453 818 2518 faciunt,
853 2451 1049 2520 inquit,
1087 2459 1143 2506 et
1179 2449 1431 2505 scindunt
1465 2456 1764 2503 conventus
1792 2465 1806 2502 :
1837 2447 1938 2503 hoc

347 2549 458 2604 illis
490 2557 655 2602 vetat.
689 2546 874 2599 Frater
900 2546 1034 2598 enim
1064 2561 1095 2597 a
1124 2544 1286 2612 fratre
1313 2543 1541 2613 adjutus,
1573 2551 1644 2597 est
1668 2544 1795 2596 sicut
1819 2542 1939 2597 urbs

347 2640 549 2693 munita
579 2637 773 2710 (Prov.
809 2637 897 2692 l8.
929 2636 1051 2705 19).
1084 2636 1190 2691 Sed
1219 2635 1596 2690 consideremus
1633 2636 1848 2690 invicem
1883 2637 1937 2690 in

350 2731 759 2800 provocationem
788 2729 1037 2782 caritatis.
1067 2729 1203 2796 Quid
1249 2736 1352 2792 cst,
1398 2728 1782 2783 Consideremus
1810 2729 1940 2782 invi-

348 2837 459 2875 cem
489 2823 514 2875 2
556 2820 610 2874 Si
635 2820 753 2890 quis
781 2818 852 2873 sit
887 2819 1083 2873 virtute
1120 2818 1412 2888 praeditus,
1459 2833 1581 2872 eum
1619 2818 1933 2885 imitemur;

345 2927 474 2967 eum
522 2911 858 2980 aspiciamus,
893 2918 950 2964 ut
987 2909 1270 2980 diligamus
1295 2919 1351 2964 et
1393 2907 1721 2979 diligamur:
1752 2924 1874 2964 nam
1902 2924 1933 2965 a

345 3003 579 3059 caritate
611 3002 743 3055 fiunt
773 3002 910 3055 bona
941 3014 1122 3068 opera.

419 3091 476 3146 2.
501 3091 745 3162 Magnum
767 3090 963 3145 bonum
992 3098 1074 3145 est
1109 3097 1404 3146 conventus
1445 3103 1510 3146 ac
1537 3089 1884 3161 congregatio
1915 3105 1932 3144 :

351 3181 464 3252 ipsa
488 3181 628 3235 enim
647 3181 921 3237 caritatem
941 3182 1506 3251 redditardentiorem,
1523 3195 1577 3239 et
1593 3200 1656 3238 ex
1675 3199 1737 3240 ea
1758 3184 1937 3239 omnia

348 3286 644 3330 nascuntur
687 3276 826 3330 bona
850 3293 863 3330 :
896 3276 1098 3332 nullum
1126 3287 1209 3334 est
1236 3280 1378 3334 enim
1405 3278 1625 3345 bonum,
1654 3277 1795 3348 quod
1826 3292 1934 3333 non

345 3383 446 3439 per
465 3368 744 3425 caritatem
769 3369 878 3425 fiat.
905 3370 1034 3427 Eam
1056 3371 1217 3437 igitur
1233 3370 1372 3430 inter
1389 3386 1488 3427 nos
1513 3370 1928 3426 confirmemus:

343 3459 623 3516 Plenitudo
668 3465 810 3519 enim
848 3465 972 3534 legis
1012 3475 1083 3520 est
1111 3464 1313 3520 dilectio
1341 3464 1516 3534 (Rom.
1548 3466 1636 3520 15.
1667 3463 1782 3536 10).
1812 3463 1928 3518 Non

343 3560 430 3605 est
458 3551 612 3607 nobis
655 3568 791 3624 opus
833 3553 1121 3621 laboribus,
1163 3569 1338 3625 neque
1378 3554 1686 3623 sudoribus,
1742 3555 1787 3610 si
1830 3569 1931 3610 nos

339 3641 482 3697 alter
505 3644 734 3698 alterum
763 3645 1049 3716 diligamus
1079 3665 1092 3701 :
1122 3647 1202 3700 via
1229 3656 1314 3701 est
1338 3662 1457 3717 quae
1483 3661 1580 3700 sua
1611 3655 1804 3716 sponte
1831 3646 1928 3701 du-

338 3733 417 3787 cit
439 3734 504 3787 ad
534 3736 806 3790 virtutem.
836 3736 983 3792 Sicut
1015 3737 1159 3792 enim
1202 3736 1256 3792 in
1300 3737 1381 3792 via
1430 3737 1668 3808 publica,
1714 3737 1760 3792 si
1804 3735 1925 3805 quis

335 3821 608 3878 invenerit
650 3825 881 3892 initium,
922 3827 990 3881 ah
1035 3827 1151 3896 ipso
1189 3827 1423 3893 ducitur,
1471 3841 1573 3882 nec
1610 3826 1747 3882 duce
1783 3840 1921 3895 opus

335 3924 422 3969 cst
446 3933 460 3969 :
486 3916 558 3971 ita
582 3917 742 3973 etiam
770 3919 823 3972 in
849 3919 1094 3983 caritate,
1121 3919 1292 3974 solum
1320 3917 1664 3989 apprehende
1687 3916 1922 3983 initium,

333 4018 389 4061 et
412 4007 693 4064 confestim
721 4010 788 4064 ab
815 4010 930 4079 ipso
954 4011 1166 4064 duceris
1191 4020 1244 4065 et
1273 4009 1540 4080 dirigeris.
1571 4008 1794 4072 Caritas,
1839 4007 1924 4062 in-

331 4100 471 4169 quit,
503 4102 700 4170 patiens
731 4111 824 4168 est,
851 4101 1064 4173 benigna
1093 4111 1186 4168 est,
1226 4117 1328 4156 non
1368 4101 1556 4171 cogitat
1599 4100 1791 4154 malum
1836 4098 1917 4168 (Ι.

333 4191 454 4246 Cor.
485 4194 574 4248 l5.
603 4195 680 4264 4).
709 4193 763 4248 Si
805 4194 1003 4264 cogitet
1030 4193 1292 4262 quispiam
1329 4193 1444 4261 ipse
1479 4191 1619 4261 apud
1657 4206 1737 4258 se,
1787 4203 1921 4260 quo-

331 4283 497 4338 modo
537 4300 661 4354 erga
704 4300 784 4351 se,
827 4285 906 4339 sic
945 4293 999 4338 et
1044 4299 1166 4354 erga
1215 4283 1515 4352 proximum
1557 4283 1628 4336 sit
1674 4281 1915 4336 affectus.

331 4372 506 4429 Nemo
548 4375 652 4429 sibi
697 4377 797 4445 ipsi
848 4375 1070 4437 invidet,
1113 4375 1290 4428 omnia
1341 4375 1478 4428 bona
1510 4373 1611 4427 sibi
1644 4382 1916 4442 precatur,

331 4467 583 4521 omnibus
607 4483 668 4522 se
696 4468 976 4536 praeponit,
1009 4482 1107 4537 pro
1149 4481 1208 4521 se
1252 4465 1367 4520 vult
1394 4465 1570 4520 omnia
1615 4463 1812 4520 facere.
1859 4462 1917 4520 Si

329 4573 463 4628 ergo
486 4560 538 4613 in
565 4559 698 4614 alios
725 4573 938 4629 quoque
957 4559 1035 4614 sic
1064 4557 1379 4626 afﬁciamur,
1397 4558 1575 4612 omnia
1600 4556 1772 4614 soluta
1793 4569 1918 4614 sunt

328 4651 519 4704 mala:
565 4665 670 4704 non
711 4658 837 4705 sunt
884 4649 1194 4714 inimicitiae,
1230 4663 1340 4703 non
1383 4656 1465 4703 est
1490 4649 1754 4704 avaritia:
1797 4650 1919 4720 quis

326 4744 476 4799 enim
502 4743 730 4813 cupidus
756 4758 879 4799 esse
899 4742 1164 4797 voluerit?
1182 4755 1361 4808 nemo,
1378 4740 1472 4796 sed
1503 4742 1678 4811 potius
1702 4752 1912 4798 contra.

399 4835 724 4907 lnjnriarum
748 4835 930 4889 oblivio
962 4833 1364 4889 commendatur.
1382 4832 1788 4889 -C.ommunia
1818 4835 1916 4906 igi—

329 4937 416 4981 tur
441 4928 622 4981 omnia
652 4927 1042 4997 possideamus,
1069 4940 1169 4982 nec
1194 4939 1468 4982 cessemus
1493 4939 1593 4980 nos
1618 4927 1764 4995 ipsos
1785 4941 1917 4982 con-

325 5033 590 5088 gregare:
622 5028 678 5072 et
705 5017 750 5072 si
779 5017 883 5072 hoc
908 5016 1188 5084 faciamus,
1210 5016 1388 5072 locum
1415 5032 1522 5071 non
1562 5015 1784 5072 habebit
1827 5016 1912 5071 iu-

323 5110 480 5179 juriaa
528 5119 766 5179 acceptae
809 5108 1152 5164 recordatio:
1195 5109 1314 5178 quis
1362 5109 1506 5164 enim
1565 5108 1620 5163 in
1677 5107 1914 5163 animum

329 5200 605 5256 induxerit
647 5216 679 5253 a
720 5214 782 5256 se
826 5200 928 5255 sibi
973 5200 1135 5255 illata:
1166 5199 1375 5268 injurias
1417 5199 1765 5255 meminisse?
1794 5200 1917 5271 quis

329 5294 557 5348 voluerit
582 5293 787 5363 sibiipsi
816 5293 1015 5347 irasci?
1042 5308 1218 5347 annon
1249 5293 1488 5346 omnium
1529 5294 1766 5348 maxime
1815 5310 1914 5349 no-

327 5388 410 5441 bis
435 5387 568 5456 ipsis
598 5386 960 5455 ignoscimus?
986 5384 1040 5440 Si
1073 5385 1151 5440 sic
1175 5383 1354 5440 affecti
1382 5383 1640 5440 fuerimus
1669 5387 1835 5441 etiam
1863 5387 1914 5442 in

331 5479 626 5548 proximos,
655 5491 947 5548 numquam
965 5478 1064 5530 erit
1079 5477 1288 5546 injurite
1303 5485 1538 5546 acceptae
1551 5477 1858 5534 recordatio
1873 5479 1913 5532 ¹.

329 5572 396 5626 Et
422 5570 717 5641 quomodo,
743 5570 938 5640 inquit,
971 5569 1086 5625 fieri
1117 5577 1292 5639 potest
1334 5578 1394 5626 ut
1427 5570 1690 5640 quispiam
1722 5574 1906 5642 proxi-

327 5679 475 5719 mum
501 5676 658 5734 reque
687 5661 874 5731 diligat
896 5669 1056 5732 atque
1093 5663 1370 5733 seipsum?
1411 5661 1469 5718 Si
1509 5663 1613 5720 hoc
1657 5665 1748 5720 alii
1807 5682 1913 5725 non

389 5781 407 5814 ί
431 5781 526 5845 ilic
551 5779 718 5841 incipit
739 5776 984 5845 horniliam
1005 5777 1260 5845 decimam.
1281 5791 1451 5828 nonani
1475 5777 1607 5831 Colb.
1634 5776 1708 5832 his
1733 5781 1913 5833 verbis.

331 5845 448 5896 Fide
471 5839 740 5908 dignus'est
757 5839 840 5904 qui
861 5839 988 5890 derit
1015 5839 1306 5902 :Quomodo,
1331 5848 1420 5891 ctc.

2068 605 2157 661 fiat
2183 615 2400 678 pr0pter
2424 618 2660 666 nostram
2692 612 2954 682 ignaviam
2977 623 3032 669 et
3052 615 3375 672 socordiam.
3395 619 3645 689 Alioquin

2063 710 2243 754 autem
2276 701 2406 756 nihil
2437 704 2678 774 praecipit
2702 704 2948 761 Christus
2978 709 3117 777 quod
3153 725 3256 763 non
3291 712 3459 780 possit
3488 712 3601 766 fieri
3629 753 3644 777 ,

2063 807 2184 847 cum
2203 795 2361 848 etiam
2382 796 2532 849 multi
2555 796 2670 866 ejus
2691 809 2955 869 prmcepta
2975 804 3292 871 superarint.
3313 804 3446 871 Quis
3465 815 3646 862 autem

2064 883 2168 938 hoc
2223 883 2389 939 fecit?
2416 886 2630 951 Paulus,
2668 887 2882 952 Petrus,
2917 899 3056 944 totus
3088 903 3394 949 sanctorum
3425 895 3644 952 chorus.

2059 973 2166 1035 sed
2189 974 2232 1027 si
2255 973 2448 1030 dixero
2468 975 2682 1045 quidem
2706 978 2849 1048 quod
2871 979 3172 1036 dilexerunt
3195 985 3486 1052 proximos,
3513 987 3645 1044 nihil

2060 1065 2236 1121 dicam
2278 1081 2528 1137 magnum
2555 1085 2570 1123 :
2599 1069 2846 1125 inimicos
2887 1071 2958 1126 ita
2996 1071 3316 1141 dilexerunt,
3347 1087 3405 1131 ut
3433 1094 3526 1135 eos
3552 1083 3642 1150 qui

2060 1165 2184 1210 sunt
2214 1159 2497 1215 unanimes
2526 1176 2686 1217 nemo
2717 1166 2885 1234 magis
2909 1165 3173 1221 dilexerit.
3204 1168 3335 1236 Quis
3356 1172 3497 1226 enim
3526 1175 3641 1229 ele-

2057 1247 2195 1316 gerit
2224 1250 2302 1306 ire
2331 1250 2383 1305 in
2407 1251 2710 1321 gehennam
2739 1271 2836 1325 pro
2865 1258 3155 1320 unanimis.
3180 1274 3301 1314 cum
3334 1261 3388 1315 in
3419 1279 3639 1332 regnum

2057 1338 2302 1396 abiturus
2352 1342 2480 1396 est?
2520 1342 2751 1400 Nullus:
2810 1347 2902 1402 sed
2949 1349 3142 1403 Paulus
3188 1351 3290 1406 hoc
3332 1354 3494 1425 elegit
3544 1373 3641 1425 pro

2056 1430 2311 1498 inimicis,
2345 1447 2444 1503 pro
2472 1433 2542 1488 iis
2571 1436 2661 1504 qui
2694 1451 2819 1491 eum
2858 1438 3125 1508 lapidibus
3151 1444 3506 1511 appetierant,
3541 1465 3639 1516 pro

2056 1521 2121 1577 iis
2163 1525 2252 1594 qui
2299 1523 2480 1596 ﬂagris
2518 1542 2638 1582 eum
2681 1529 3008 1591 ceciderant.
3037 1531 3294 1599 Quaenam
3327 1553 3454 1607 ergo
3483 1540 3639 1596 nobis

2055 1615 2269 1670 dabitur
2305 1620 2484 1683 venia,
2534 1635 2782 1689 quaenam
2822 1625 3118 1691 excusatio,
3167 1627 3211 1680 si
3253 1644 3319 1682 ne
3361 1631 3636 1688 minimam

2055 1708 2270 1779 quidem
2308 1721 2512 1779 partem
2561 1712 2886 1780 dilectionis,
2926 1731 3084 1784 quam
3129 1718 3180 1772 in
3223 1720 3464 1776 inimicos
3509 1740 3637 1779 suos

2055 1801 2288 1856 ostendit
2316 1802 2531 1868 Paulus,
2567 1819 2664 1859 nos
2692 1805 2741 1859 in
2777 1815 2992 1862 nostros
3023 1809 3226 1866 amicos
3249 1815 3636 1871 ostendamus?

2052 1889 2252 1946 Beatus
2280 1908 2490 1964 quoque
2529 1894 2738 1965 Moyses
2783 1907 2907 1951 ante
2955 1914 3074 1953 eum
3121 1917 3218 1968 pro
3253 1902 3501 1971 inimicis,
3542 1908 3634 1976 qui

2052 1981 2225 2052 ipsum
2280 1985 2550 2054 lapidibus
2595 1990 2956 2057 appetierant,
3001 1993 3172 2048 voluit
3200 1994 3366 2050 deleri
3397 1997 3464 2053 de
3496 2001 3633 2056 libro

2054 2075 2148 2132 Dei
2173 2075 2368 2150 (Exod.
2414 2078 2502 2134 52.
2535 2079 2628 2148 52)
2662 2099 2676 2134 :
2711 2081 2876 2136 David
2913 2098 3128 2154 quoque
3175 2087 3363 2143 videns
3403 2105 3498 2145 eos
3541 2093 3632 2161 qui

2051 2167 2150 2236 ipsi
2193 2169 2499 2223 restiterant
2543 2171 2798 2236 interimi,
2833 2173 2962 2227 dicit
2995 2193 3009 2229 :
3041 2173 3156 2247 Ego
3187 2188 3361 2247 pastor
3390 2184 3592 2249 peccavi
3608 2201 3632 2249 ,-

2050 2258 2133 2311 isti
2169 2268 2338 2312 autem
2374 2260 2497 2330 quid
2544 2265 2769 2332 fecerunt
2805 2263 2883 2335 (2.
2936 2263 3064 2336 Reg.
3110 2268 3201 2323 24.
3240 2270 3368 2341 l7).
3411 2271 3628 2329 Saillem

2049 2363 2260 2418 quoque
2289 2364 2410 2404 cum
2443 2350 2668 2407 haberet
2707 2352 2762 2408 in
2807 2355 3079 2419 manibus,
3122 2359 3296 2416 noluit
3335 2361 3404 2418 de
3448 2365 3628 2420 medio

2050 2439 2258 2504 tollere.
2299 2441 2397 2496 sed
2426 2444 2680 2509 servavit,
2710 2445 2871 2517 idque
2899 2461 3024 2504 cum
3053 2449 3174 2522 ipse
3203 2468 3455 2512 venturus
3480 2467 3628 2514 esset

2050 2528 2104 2582 in
2131 2530 2448 2598 periculum.
2494 2531 2554 2590 Si
2592 2544 2772 2592 autem
2816 2537 2932 2595 haec
2976 2539 3112 2596 facta
3150 2556 3284 2599 sunt
3321 2544 3377 2602 in
3424 2546 3624 2614 Veteri,

2045 2634 2331 2692 quemnam
2384 2639 2741 2697 assequemur
2794 2644 2894 2684 nos
2947 2632 3193 2692 veniam,
3236 2632 3332 2699 qui
3373 2635 3427 2692 in
3477 2637 3628 2692 Novo

2047 2714 2211 2770 vitam
2239 2716 2468 2787 agimus,
2499 2727 2554 2773 et
2587 2735 2687 2774 nec
2713 2719 2781 2775 ad
2809 2737 2927 2776 eam
2968 2724 3182 2794 quidem
3228 2726 3296 2781 ad
3340 2744 3498 2797 quam
3550 2731 3624 2784 illi

2043 2807 2416 2875 perveniamus
2445 2813 2797 2866 mensuram?
2832 2813 2965 2868 Nam
2997 2815 3059 2868 Si
3077 2817 3282 2886 justitia
3310 2830 3484 2874 nostra
3524 2839 3626 2876 non

2041 2896 2373 2954 abundaverit
2395 2899 2512 2971 plus
2539 2919 2692 2973 quam
2720 2901 3106 2961 Pharisaeorum
3134 2919 3181 2962 et
3207 2910 3503 2974 scribarum,
3523 2929 3626 2967 non

2039 2989 2341 3046 intrabimus
2388 2993 2443 3047 in
2481 3011 2692 3065 regnum
2741 2997 2984 3052 calorum
3011 2999 3225 3067 (Matth.
3259 3003 3310 3058 5.
3341 3003 3468 3074 ΞΟ);
3501 3021 3624 3060 cum

2038 3092 2217 3138 autem
2246 3085 2408 3140 etiam
2448 3086 2626 3141 minus
2668 3087 2962 3143 habeamus
3002 3106 3160 3160 quam
3211 3093 3307 3159 illi,
3351 3097 3626 3164 quomodo

2040 3173 2392 3230 intrabimus?
2413 3174 2642 3246 Diligite,
2675 3176 2866 3248 inquit,
2904 3181 3135 3234 inimicos
3156 3193 3360 3248 vestros,
3410 3196 3458 3239 et
3484 3188 3624 3241 eritis

2037 3265 2227 3318 similes
2255 3264 2404 3319 Patri
2430 3276 2610 3332 vestro,
2644 3269 2732 3338 qui
2761 3279 2832 3322 est
2870 3271 2923 3323 in
2946 3272 3082 3325 caelis
3103 3271 3267 3342 (Ibid.
3302 3289 3350 3327 υ.
3382 3277 3469 3330 44.
3501 3279 3619 3348 45).

2037 3355 2249 3426 Diligite
2295 3372 2426 3428 ergo
2473 3357 2789 3413 inimicum:
2830 3375 2936 3415 non
2981 3363 3124 3416 enim
3167 3363 3316 3418 illum
3357 3366 3624 3424 beneficio

2032 3451 2227 3519 afficis,
2252 3454 2345 3510 sed
2377 3457 2630 3526 teipsum.
2648 3457 2962 3526 Quomodo?
2987 3460 3090 3514 Par
3116 3459 3224 3516 Deo
3245 3459 3496 3516 efficeris.
3526 3463 3620 3520 Ille

2031 3541 2078 3596 si
2111 3557 2143 3597 a
2188 3553 2240 3599 te
2280 3543 2443 3602 fuerit
2469 3546 2718 3616 dilectus,
2749 3565 2859 3605 non
2884 3551 3108 3606 multum
3138 3533 3270 3608 lucri
3305 3552 3428 3608 fecit
3458 3570 3474 3619 ;
3521 3553 3620 3609 fuit

2032 3636 2173 3689 enim
2191 3635 2418 3693 dilectus
2434 3654 2461 3692 a
2483 3653 2747 3695 conservo
2766 3659 2782 3698 :
2800 3651 2854 3696 tu
2871 3651 3048 3697 autem
3077 3645 3120 3699 si
3138 3659 3453 3701 conservum
3481 3644 3618 3701 dile-

2029 3725 2194 3787 xeris,
2228 3742 2476 3798 magnum
2509 3729 2678 3786 fecisti
2709 3731 2950 3798 lucrum;
2979 3734 3208 3790 efficeris
3231 3738 3370 3791 enim
3406 3738 3514 3792 Deo
3542 3739 3618 3793 si-

2032 3817 2193 3872 milis.
2213 3818 2377 3874 Vides
2392 3821 2532 3890 quod
2564 3823 2657 3878 tibi
2683 3824 3022 3892 gratificaris.
3053 3840 3159 3879 non
3193 3827 3310 3882 illi?
3332 3843 3451 3882 nam
3471 3845 3611 3899 pras-

2032 3909 2198 3962 mium
2225 3911 2340 3979 tibi,
2363 3927 2469 3967 non
2497 3913 2572 3967 illi
2601 3916 2871 3985 proponit.
2897 3916 3032 3984 Quid
3065 3933 3214 3983 vero,
3244 3920 3433 3990 inquit,
3468 3923 3510 3976 si
3545 3925 3616 3979 sit

2031 4000 2245 4055 malus?
2272 4003 2442 4059 Tanto
2471 4006 2644 4074 major
2664 4014 2750 4061 est
2779 4016 2866 4060 tua
2898 4022 3127 4074 merces,
3155 4018 3211 4064 et
3254 4011 3322 4066 de
3356 4013 3614 4081 improbi-

2033 4097 2138 4144 tate
2152 4091 2227 4145 illi
2245 4091 2408 4147 debes
2425 4093 2622 4150 habere
2639 4096 2881 4167 gratiam,
2904 4098 3114 4153 etiamsi
3138 4099 3614 4160 innumerabilibus

2029 4180 2097 4233 sit
2122 4180 2344 4238 affectus
2371 4184 2668 4241 beneﬁciis.
2699 4187 2829 4242 Nam
2861 4189 2961 4243 nisi
2989 4189 3142 4246 valde
3179 4191 3369 4248 fuisset
3419 4197 3610 4260 malus,

2031 4286 2136 4325 non
2159 4273 2249 4328 tibi
2269 4273 2420 4330 valde
2444 4277 2704 4333 crevisset
2731 4294 2960 4334 merces.
2979 4281 3148 4336 Causa
3172 4283 3351 4354 itaque
3369 4299 3472 4339 non
3499 4286 3618 4342 dili-

2029 4365 2207 4434 gendi,
2237 4383 2428 4437 nempe
2457 4369 2638 4426 dicere
2654 4371 2795 4441 quod
2828 4375 2896 4425 sit
2917 4374 3312 4438 malus,eadem
3339 4386 3422 4430 est
3448 4393 3613 4434 causa

2029 4457 2302 4528 diligendi.
2326 4460 2475 4516 Tolle
2515 4463 2900 4528 adversnrium,
2956 4480 3146 4535 nempe
3175 4470 3568 4538 autagonistam
3595 4513 3612 4538 ,

2031 4561 2082 4604 et
2109 4567 2428 4607 coronarum
2462 4555 2605 4609 tollis
2630 4557 2991 4612 occasionem.
3018 4557 3135 4613 Non
3167 4561 3317 4615 vides
3346 4564 3615 4629 quomodo

2029 4646 2245 4702 athleta:
2274 4648 2551 4705 decertant
2579 4652 2807 4707 sacculis
2834 4667 2994 4707 arena
3035 4654 3266 4722 impletis
3292 4655 3315 4708 ?
3343 4655 3460 4709 Tibi
3511 4672 3612 4710 au-

2033 4747 2136 4792 tem
2167 4755 2272 4795 non
2303 4756 2439 4811 opus
2467 4749 2552 4797 est
2594 4743 2647 4796 in
2691 4742 2792 4798 hoc
2819 4743 3052 4798 studium
3097 4759 3330 4814 ponere:
3387 4747 3492 4798 vita
3534 4757 3617 4802 est

2031 4833 2187 4901 plena
2215 4833 2278 4888 iis
2307 4849 2426 4904 qua:
2455 4843 2509 4889 te
2537 4843 2792 4890 exercent
2837 4835 3134 4904 fortemque
3179 4835 3410 4890 reddunt
3438 4851 3502 4891 ac
3528 4853 3618 4890 ro-

2029 4925 2268 4980 bustum.
2296 4924 2412 4979 Non
2444 4925 2595 4980 vides
2635 4925 2774 4996 quod
2823 4927 2985 4981 etiam
3033 4925 3254 4981 arbores
3295 4941 3402 4995 quo
3446 4929 3619 4998 magis

2029 5017 2355 5071 ventilentur
2379 5024 2434 5070 et
2461 5016 2732 5086 agitantur
2755 5031 2784 5069 a
2813 5017 3008 5078 ventis,
3039 5030 3105 5071 eo
3133 5017 3266 5072 ﬁunt
3287 5017 3539 5075 fortiores
3561 5029 3617 5074 et

2029 5106 2347 5162 densiores?
2379 5108 2444 5162 Et
2465 5122 2561 5162 nos
2581 5121 2792 5177 quoque
2812 5108 2856 5162 si
2879 5107 3048 5161 simus
3067 5106 3214 5163 lenes
3241 5118 3295 5164 et
3322 5112 3611 5179 patientes,

2029 5199 2231 5253 erimus
2276 5199 2437 5253 etiam
2496 5199 2662 5252 fortes
2706 5207 2760 5252 et
2800 5197 2957 5252 validi
2993 5215 3006 5251 :
3043 5213 3164 5253 nam
3225 5197 3316 5253 Vir
3342 5241 3356 5264 ,
3414 5201 3609 5270 inquit,

2032 5289 2226 5360 patiens
2250 5298 2298 5344 et
2323 5289 2628 5360 longanimis
2658 5288 2846 5342 multus
2883 5298 2955 5343 est
2980 5289 3032 5342 in
3065 5291 3337 5359 prudentia
3370 5306 3390 5345 :
3424 5292 3509 5356 qui
3536 5301 3612 5345 est

2029 5391 2197 5434 autem
2224 5381 2399 5449 pusilli
2427 5381 2604 5446 aiiimi,
2638 5389 2708 5434 est
2728 5380 2878 5434 valde
2901 5381 3147 5450 insipiens
3171 5381 3351 5454 (Prov.
3380 5382 3463 5435 H.
3493 5381 3608 5454 29).

2031 5472 2191 5530 Vides
2222 5471 2377 5543 hujus
2403 5480 2600 5543 quanta
2622 5471 2693 5526 sit
2723 5471 2861 5538 laus,
2892 5473 3034 5529 illius
3059 5483 3255 5543 quanta
3285 5475 3556 5529 accusatio
3581 5474 3608 5530 i

2038 5563 2202 5620 Valde
2245 5565 2506 5631 insipiens,
2538 5563 2640 5618 hoc
2670 5574 2774 5630 est,
2806 5563 3115 5620 admodum.
3143 5563 3262 5620 Non
3293 5565 3459 5621 simus
3483 5582 3614 5638 ergo

2029 5655 2208 5727 pusilli
2261 5656 2402 5711 inter
2439 5669 2539 5710 nos
2577 5655 2780 5710 animi:
2811 5672 2916 5710 non
2958 5656 3015 5710 lit
3041 5655 3184 5711 enim
3217 5655 3318 5712 hoc
3346 5671 3411 5712 ex
3440 5658 3616 5714 inimi-

2030 5747 2189 5812 citiis,
2219 5745 2313 5802 sed
2341 5761 2407 5802 ex
2435 5761 2501 5802 eo
2527 5745 2667 5818 quod
2706 5747 2902 5817 pusillo
2946 5748 3113 5803 simus
3157 5748 3356 5802 animo.
3389 5747 3540 5815 Quod
3570 5752 3617 5807 si

2031 5837 2191 5895 fuerit
2221 5837 2392 5906 fortis,
2423 5839 2600 5897 omnia
2634 5839 2788 5897 facile
2817 5840 2971 5909 feret,
2999 5853 3172 5912 neque
3201 5837 3489 5912 quidquam
3519 5856 3622 5912 μοι
