4088 6204
440 341 542 396 “3

1141 329 1504 392 S..JOANNIS
1531 326 2016 386 CHRYSOSTOML
2069 327 2389 388 ABClllEP.
2432 329 2966 392 CONSTANTINOP.

3579 344 3684 402 Nl

441 468 705 524 teriteum
736 467 1066 540 demergere,
1091 471 1185 528 sed
1208 473 1272 528 ad
1303 474 1621 544 tranquillos
1640 474 1868 534 deducet
1897 493 2021 548 por-
2118 473 2262 529 Patri
2311 487 2411 526 una
2467 487 2587 527 cum
2642 479 2828 526 sancto
2881 467 3084 540 Spirilu
3142 464 3331 538 gloria.
3387 463 3691 534 imperium.

439 571 522 616 tus
554 579 566 615 :
597 577 732 631 quos
761 561 914 616 detur
948 562 1103 617 nobis
1131 566 1379 620 omnibus
1422 570 1702 638 consequi,
1746 572 1912 640 gratia
1967 582 2029 628 et

437 653 762 723 benignitate
815 655 1018 708 Domini
1074 656 1242 712 nostri
1289 657 1418 735 Jesu
1473 659 1694 726 Christi,
1744 678 1867 718 cum
1913 680 2034 734 quo-

438 811 2432 836 Μ

2120 565 2312 628 honor,
2354 579 2496 618 nunc
2543 573 2598 618 et
2648 577 2881 632 semper.
2929 570 2983 616 et
3032 560 3082 614 in
3123 557 3316 612 smcula
3353 555 3692 612 smculorum.

2120 660 2313 714 Amen.

3553 827 3712 843 -ὀ

1777 854 2122 916 ΗΟΜΙΜΑ
2171 857 2319 920 XX.

433 964 563 1022 CAP.
609 963 674 1019 10
735 976 787 1016 v.
829 960 921 1016 ‘26.
992 958 1288 1013 Voluntarie
1333 957 1464 1012 enim
1515 955 1836 1025 peccantibus
1882 956 2024 1010 nobis

505 1067 619 1124 post
649 1062 904 1121 acceptam
930 1051 1160 1105 notitiam
1187 1049 1430 1113 veritatis,
1449 1048 1562 1113 jam
1591 1064 1690 1100 nou
1723 1048 2026 1117 relinquitur

507 1163 600 1220 pro
627 1145 842 1216 peccatis
877 1142 1060 1206 hostia,
1092 1139 1184 1194 27.
1209 1139 1444 1193 terribilis
1469 1149 1638 1192 autem
1663 1140 1894 1209 quasdam
1930 1156 2021 1193 ea:-

507 1241 750 1314 spectatio
759 1238 966 1310 judicii,
990 1245 1034 1290 et
1062 1235 1192 1307 ignis
1220 1233 1499 1299 wmulatio,
1522 1249 1636 1304 qua:
1660 1243 2032 1305 consumptum-

508 1348 581 1394 est
607 1333 944 1391 adversarios.

507 1433 560 1485 1.
589 1429 949 1496 Quaacumque
990 1422 1212 1476 arbores
1245 1420 1501 1491 plantatae
1522 1460 1535 1483 ,
1577 1427 1633 1474 et
1665 1419 1768 1474 alia
1805 1434 2022 1490 quoque

436 1521 674 1577 adhibita
697 1515 971 1586 diligentia
1002 1512 1361 1584 agricolarum
1389 1511 1635 1567 manibus
1663 1521 1718 1566 et
1745 1511 2028 1566 laboribus

437 1613 684 1674 excultis,
711 1609 912 1664 nullum
944 1604 1123 1662 ferunt
1155 1603 1420 1669 fructum,
1439 1603 1692 1657 radicitus
1714 1603 1913 1657 avulsa:
1928 1602 2019 1672 ja-

435 1707 646 1763 ciuntur
662 1705 716 1757 in
740 1704 936 1772 ignem.
955 1699 1084 1755 Tale
1103 1697 1229 1768 quid
1250 1698 1344 1751 fuit
1365 1697 1524 1751 etiam
1549 1698 1602 1751 in
1629 1697 2021 1754 illuminationo

437 1812 628 1866 nempe
659 1794 998 1864 baptismate.
1018 1789 1149 1844 Nam
1177 1797 1454 1858 postquam
1479 1802 1577 1842 nos
1605 1787 1847 1843 Christus
1863 1789 2021 1859 plan-

435 1889 599 1953 tavit,
629 1895 684 1940 et
711 1883 1041 1954 spiritualem
1075 1880 1410 1951 percepimus
1437 1879 1822 1950 irrigationem,
1853 1881 1898 1935 si
1921 1881 2026 1938 de-

433 1978 560 2034 inde
585 1977 787 2032 nullum
823 1973 1049 2028 fructum
1077 1970 1429 2035 ostendimus,
1458 1980 1734 2040 exspectat
1758 1987 1858 2026 nos
1882 1972 2018 2042 ignis

433 2072 713 2142 gehennae,
733 2077 786 2122 et
803 2066 1013 2121 ﬁamma
1035 2079 1153 2134 qua:
1179 2077 1285 2116 non
1316 2069 1489 2132 potest
1516 2062 1804 2132 exstingui.
1821 2061 2018 2120 Paulus

433 2178 582 2233 ergo,
597 2177 717 2217 cum
740 2159 1051 2215 adhortatus
1067 2164 1210 2211 esset
1228 2155 1292 2209 ad
1313 2155 1586 2210 caritatem
1605 2165 1659 2210 et
1678 2155 1746 2210 ad
1769 2157 2016 2213 ferendos

432 2258 636 2313 fructus
662 2254 923 2308 bonorum
946 2261 1190 2318 operum,
1207 2246 1456 2301 incitatos
1471 2261 1499 2299 a
1524 2246 1836 2302 melioribus
1857 2256 1909 2302 et
1931 2247 2024 2304 bc-

432 2348 764 2420 nignioribus
779 2345 1046 2415 (quaenam
1065 2355 1125 2396 ea
1141 2341 1296 2395 sunt?
1309 2338 1454 2410 quod.
1469 2339 1742 2394 introitum
1756 2339 2018 2396 habemus

433 2442 486 2496 in
517 2448 724 2501 sancta,
755 2449 914 2504 quam
939 2432 1166 2488 initiavit
1193 2431 1348 2485 nobis
1384 2431 1522 2484 viam
1547 2431 1882 2501 recentem),
1913 2430 2020 2487 hoc

431 2532 604 2600 ipsum
635 2540 822 2582 rursus
861 2525 986 2580 facit
1027 2523 1188 2578 etiam
1222 2537 1250 2578 a
1277 2521 1633 2586 tristioribus,
1669 2521 1741 2576 ita
1769 2521 2012 2590 loquens.

431 2623 564 2678 Nam
594 2636 714 2675 cum
745 2618 972 2674 dixisset
1001 2633 1015 2672 :
1051 2614 1176 2670 Non
1216 2615 1500 2670 deserentes
1544 2614 1888 2669 collectione»:
1923 2631 2016 2669 no-

430 2722 608 2773 stram.
631 2711 757 2764 sicut
779 2707 1156 2763 consuetudinis
1184 2714 1256 2760 est
1282 2705 1603 2774 quibusdam,
1633 2705 1724 2760 sed
1748 2705 2017 2761 consolan-

431 2814 524 2870 tes,
541 2813 589 2858 et
627 2811 766 2856 tanto
803 2801 994 2871 magis,
1034 2806 1223 2867 quanto
1258 2797 1482 2851 videritis
1521 2797 2016 2867 apprOpinquantem

431 2896 564 2950 diem
590 2898 666 2966 (et
695 2895 810 2947 haec
828 2893 1026 2962 quippe
1050 2899 1136 2944 est
1155 2889 1426 2944 sufﬁciens
1450 2887 1514 2942 ad
1540 2887 2012 2960 consolationem),

429 2985 708 3053 subjunxit
751 2999 763 3036 :
822 2980 1121 3034 Voluntaria
1161 2979 1293 3033 enim
1339 2977 1664 3048 peccantibus
1704 2977 1848 3032 nobis
1903 2986 2016 3048 post

432 3088 688 3138 acceptam
741 3073 970 3126 notitiam
1014 3070 1260 3125 veritatis.
1307 3068 1454 3138 Optts
1478 3078 1594 3135 est,
1625 3069 1831 3139 inquit,
1859 3070 2016 3125 bonis

427 3167 704 3237 cperibus,
733 3171 787 3220 et
815 3163 969 3219 valde
996 3178 1129 3233 opus
1159 3170 1260 3218 est.
1318 3160 1611 3216 Voluntarie
1639 3162 1773 3216 enim
1799 3179 2016 3233 peccan-

432 3256 562 3310 tibus
589 3257 730 3309 nobis
758 3265 870 3326 post
896 3263 1156 3323 acceptant
1199 3252 1432 3306 notitiam
1460 3252 1713 3318 veritatis,
1753 3254 1866 3324 jam
1912 3270 2014 3310 non

429 3347 728 3417 relinquitur
762 3363 854 3415 pro
884 3345 1100 3414 peccatis
1125 3343 1311 3398 hostia.
1344 3341 1402 3396 ld
1447 3350 1564 3409 est,
1605 3341 1896 3399 mundatus
1931 3359 2012 3412 es,

430 3440 688 3496 liberatus
733 3452 792 3493 es
829 3453 858 3492 a
908 3435 1260 3500 criminibus,
1314 3433 1487 3488 iactus
1509 3449 1569 3490 es
1598 3433 1759 3489 ﬁlius.
1798 3435 1854 3491 Si
1884 3451 2014 3506 ergo

432 3528 718 3583 revertaris
746 3528 811 3583 ad
840 3529 1072 3598 priorem
1117 3528 1377 3583 vomitum
1395 3566 1411 3590 ,
1442 3539 1629 3581 rursus
1646 3535 1834 3582 manet
1858 3526 2014 3581 abdi-

428 3619 566 3673 catio
611 3627 665 3673 et
691 3617 848 3688 ignis,
899 3626 951 3672 et
975 3633 1330 3688 qumcumque
1369 3627 1494 3672 sunt
1522 3616 1826 3688 hujusmodi
1857 3634 1870 3672 :
1901 3632 2013 3674 non

426 3719 510 3764 est
538 3711 681 3764 enim
710 3709 945 3765 secunda
983 3710 1179 3766 hostia.
1235 3711 1334 3766 Hic
1358 3726 1547 3767 rursus
1574 3726 1674 3766 nos
1695 3709 2014 3766 adoriuntur

425 3800 518 3870 qui
563 3802 760 3857 tollunt
811 3803 1210 3872 paenitentiam,
1250 3812 1308 3858 et
1344 3803 1670 3874 quicumque
1696 3811 2015 3857 cunctantur

424 3893 610 3947 venire
635 3893 702 3948 ad
732 3894 995 3964 baptisma
1029 3911 1042 3950 :
1073 3894 1127 3948 bi
1155 3895 1372 3966 quidem
1400 3894 1588 3950 dicunt
1617 3909 1723 3949 non
1771 3907 1896 3948 esse
1936 3892 2015 3948 eis

427 3993 598 4038 tutum
626 3987 813 4040 venire
839 3986 905 4042 ad
929 3987 1220 4056 baptisma,
1244 3987 1509 4057 siquidem
1537 4002 1642 4041 non
1671 3995 1754 4042 est
1779 3984 2014 4041 secunda

426 4074 677 4129 remissio
701 4093 716 4128 ι
748 4075 826 4128 illi
855 4091 983 4130 vero
1006 4076 1191 4131 dicunt
1217 4092 1322 4131 non
1344 4092 1468 4133 esse
1492 4086 1660 4130 tutum
1686 4077 1751 4129 iis
1774 4076 1863 4144 qui
1887 4089 2007 4144 pce-

427 4175 619 4220 carunt
640 4165 898 4234 impertiri
926 4168 1202 4236 mysteria,
1235 4169 1279 4222 si
1309 4183 1416 4222 non
1445 4176 1529 4223 est
1557 4167 1791 4222 secunda
1823 4166 2016 4221 remis-

427 4256 531 4312 sio.
573 4255 709 4324 Quid
736 4270 865 4326 ergo
895 4255 1136 4310 dicemus
1163 4257 1440 4326 utrisque?
1486 4256 1637 4324 Quod
1661 4257 1747 4310 hic
1778 4271 1883 4310 non
1917 4254 2008 4308 tali

427 4357 608 4404 mente
652 4347 755 4404 hoc
796 4347 1026 4415 dixerit,
1058 4362 1234 4418 neque
1281 4347 1419 4402 tollit
1461 4346 1868 4417 {uiolentiam}
1913 4359 2015 4400 nec

427 4454 546 4494 eam
586 4455 708 4512 quia
751 4455 848 4510 per
881 4439 1250 4510 pmoitentiam
1295 4438 1354 4493 ﬁt
1395 4438 1783 4508 placationem,
1840 4451 2016 4506 neque

427 4533 644 4603 expellit
674 4541 729 4587 et
751 4532 930 4603 dejicit
969 4547 1066 4602 per
1107 4532 1537 4603 desperationem
1562 4547 1682 4588 eum
1711 4529 1800 4601 qui
1829 4539 1910 4586 est
1939 4529 2015 4584 la-

430 4641 561 4698 psus
591 4646 606 4681 :
639 4640 746 4680 non
775 4634 860 4694 est
895 4639 1064 4694 usque
1103 4622 1240 4679 adeo
1276 4625 1526 4679 inimicus
1551 4633 1752 4679 nostrae
1780 4621 2006 4686 salutis;

430 4719 524 4776 scd
553 4717 848 4774 secundum
874 4715 1050 4772 aufert
1069 4715 1362 4782 lavacrum,
1389 4731 1496 4771 non
1519 4715 1663 4771 enim
1693 4714 1825 4769 dixit
1857 4731 1870 4767 :
1902 4712 2015 4768 Non

431 4821 514 4870 est
541 4813 770 4883 amplius
795 4810 1109 4882 paenitentia
1126 4850 1143 4876 ,
1174 4818 1287 4878 aut,
1320 4809 1436 4865 Non
1463 4819 1547 4866 est
1575 4809 1804 4879 amplius
1829 4808 2018 4863 remis-

431 4903 552 4968 sio;
601 4903 728 4970 scd,
754 4919 864 4959 non
902 4911 990 4959 est
1012 4902 1241 4972 amplius
1266 4901 1442 4957 hostia
1472 4917 1486 4966 ;
1519 4900 1621 4956 hoc
1649 4911 1755 4967 est,
1781 4915 1888 4954 non
1936 4908 2020 4955 est

433 4992 663 5061 amplius
685 5008 818 5049 crux
844 4994 1078 5051 secunda
1105 5013 1122 5050 :
1149 4993 1254 5050 hoc
1277 4994 1419 5049 enim
1442 5002 1598 5048 vocat
1626 4992 1875 5048 hostiam.
1903 4990 2018 5046 Una

434 5083 584 5144 enim,
614 5081 805 5150 inquit,
837 5084 1003 5138 hostia
1031 5083 1394 5140 consummavit
1419 5084 1472 5137 in
1499 5093 1796 5154 perpetuum
1817 5099 1902 5138 eos
1930 5082 2018 5151 qui

434 5174 818 5246 sanctiﬁcantur
845 5190 864 5228 :
890 5190 997 5230 non
1020 5178 1160 5232 sicut
1185 5176 1405 5232 Iudaica
1425 5216 1440 5243 ,
1469 5191 1642 5246 neque
1669 5189 1836 5246 sape.
1879 5174 2015 5228 Pro-

434 5277 615 5341 pterea
639 5267 781 5322 enim
805 5274 912 5320 tam
943 5267 1108 5321 multa
1138 5283 1337 5339 susque
1359 5267 1529 5338 deque
1552 5266 1806 5322 disseruit
1826 5265 1894 5320 de
1925 5264 2020 5320 ho-

436 5361 568 5426 stia,
618 5359 758 5430 quod
803 5359 874 5415 sit
917 5373 1018 5412 una
1051 5368 1107 5412 et
1137 5374 1240 5412 una
1285 5374 1436 5414 :non
1481 5357 1580 5412 hoc
1623 5357 1798 5412 solum
1830 5357 2020 5412 volens

437 5451 734 5517 ostendere,
766 5451 906 5521 quod
936 5450 988 5506 in
1015 5448 1118 5505 hoc
1139 5448 1350 5505 diﬁ‘erat
1375 5465 1404 5504 a
1428 5448 1681 5512 Judaicis.
1703 5448 1830 5518 quin
1857 5448 2018 5502 etiam

439 5551 497 5596 ut.
519 5543 708 5598 reddat
731 5543 1058 5610 securiores,
1089 5551 1147 5596 ut
1177 5551 1541 5610 congruenter
1570 5541 1675 5609 legi
1703 5540 2016 5597 Judteorum

516 5721 589 5792 (ᾳ)
614 5721 760 5792 Multa
780 5721 880 5792 loca
903 5735 965 5792 es
991 5718 1551 5792 liaclioniilia,'i_ten1.que
1573 5733 1633 5792 el:
1651 5720 1841 5792 decima
1861 5732 2031 5792 quarto

455 5793 504 5833 et
527 5780 916 5854 deeimiqu'i'nta
949 5784 1272 5854 habentur-lin
1288 5780 1572 5854 florilegio
1593 5782 1778 5854 ςυρψ.
1803 5780 1954 5837 Turno
1979 5786 2029 5848 5,

451 5847 627 5911 pagina
649 5842 908 5895 807(Vide
931 5849 1066 5895 notas
1088 5842 1271 5902 Savilii,
1288 5843 1438 5895 Tomo
1463 5842 1510 5903 8,
1536 5856 1644 5907 pag,
1669 5844 1779 5896 750.

2129 981 2234 1020 non
2276 964 2504 1033 amplius
2551 964 2707 1018 aliam
2750 970 3072 1034 exspectent
3103 963 3356 1018 hostiam.
3426 961 3708 1016 Volmitarie

2127 1055 2260 1110 enim
2306 1054 2624 1125 peccantibus
2671 1055 2848 1118 nobis,
2903 1055 3091 1123 inquit.
3127 1052 3290 1108 Vides
3311 1053 3550 1123 quamsit
3575 1066 3698 1113 pro-

2131 1160 2328 1215 pensus
2352 1143 2416 1198 ad
2449 1143 2868 1214 ignoscendum?
2912 1142 3235 1212 Voluntaria,
3267 1143 3462 1212 inquit,
3487 1157 3700 1205 peccan-

2125 1238 2256 1292 tibus
2277 1235 2441 1293 nobis.
2499 1234 2797 1306 lgnoscitur
2825 1235 3003 1306 itaque
3035 1235 3429 1290 involuntariis.
3460 1235 3587 1291 Post
3615 1251 3708 1288 ac.

2125 1339 2321 1398 ceptum
2386 1328 2614 1381 notitiam
2674 1327 2918 1381 veritatis.
2971 1327 3077 1380 Aut
3128 1325 3325 1380 Christi
3379 1325 3543 1389 dicit,
3613 1335 3706 1379 aut

2123 1421 2362 1477 omnium
2391 1420 2723 1496 dogmatum.‘
2754 1417 2876 1471 lam
2903 1435 3002 1472 non
3031 1418 3332 1489 relinquitur
3362 1435 3454 1487 pro
3481 1420 3702 1485 peccatis

2122 1514 2305 1568 hostia.
2331 1511 2435 1567 Sed
2461 1509 2586 1581 quid
2612 1511 2644 1563 ?‘
2681 1507 2942 1564 Terribilis
2965 1519 3130 1564 autem
3171 1508 3403 1579 quoniam
3441 1517 3706 1576 aspecta-

2121 1606 2192 1659 tio
2226 1603 2446 1676 judicii,
2491 1601 2696 1672 et‘ignis
2740 1601 3032 1666 wtnulatio,
3061 1616 3176 1670 qua:
3223 1611 3584 1672 consumptum
3629 1611 3700 1656 est

2125 1704 2460 1766 adversarios.
2507 1699 2864 1755 Adversarios
2901 1713 3006 1751 non
3043 1698 3215 1750 solun]
3246 1697 3375 1749 dicit
3417 1695 3659 1748 inﬁdeles
3689 1735 3703 1756 .

2126 1795 2218 1849 sed
2249 1807 2342 1847 eos
2365 1793 2527 1850 etiam
2555 1790 2648 1860 qui
2675 1789 2875 1844 faciunt
2901 1788 3169 1842 contraria
3201 1787 3380 1840 virtuti
3407 1803 3421 1849 ;
3457 1786 3538 1840 vel
3565 1784 3705 1856 quod

2128 1886 2268 1940 idem
2295 1883 2434 1954 ignis
2461 1879 2830 1952 apprehendat
2855 1882 3016 1934 etiam
3045 1878 3385 1944 domesticos,
3409 1880 3498 1946 qui
3518 1879 3703 1932 adver-

2127 1977 2318 2031 sarios.
2355 1973 2558 2031 Deinde
2588 1973 2896 2044 signiﬁcans
2925 1986 3084 2041 quam
3111 1971 3181 2025 sit
3209 1969 3365 2035 edax,
3399 1986 3517 2024 eum
3543 1970 3704 2024 veluti

2126 2067 2414 2131 animavit,
2452 2065 2637 2121 dicens
2667 2082 2680 2119 :
2714 2063 2862 2132 Ignis
2889 2063 3170 2128 inmutatio,
3202 2078 3314 2131 qua:
3343 2073 3706 2132 consumptum

2133 2169 2206 2213 cst
2250 2157 2591 2214 adversarios.
2637 2156 2786 2211 Sicut
2812 2155 2953 2211 enim
2983 2152 3096 2208 fera
3129 2153 3330 2206 irritata
3364 2163 3418 2208 et
3445 2152 3663 2208 elferata
3690 2194 3704 2216 ,

2128 2266 2234 2306 non
2257 2251 2550 2306 cessaverit
2574 2247 2747 2303 donec
2768 2246 3001 2316 aliquem
3031 2243 3496 2315 comprehenderit
3523 2254 3575 2298 et
3603 2260 3705 2309 ex-

2127 2343 2299 2398 ederit
2331 2360 2344 2396 :
2375 2343 2445 2396 ita
2475 2342 2634 2397 etiam
2667 2341 2759 2396 ille
2788 2341 2944 2411 ignis,
2976 2349 3244 2410 tamquam
3276 2340 3538 2410 quispiam
3566 2355 3704 2409 pun-

2126 2442 2246 2489 ctus
2276 2433 2652 2496 aemulatione,
2700 2448 2836 2502 quos
2881 2429 3298 2500 apprehenderit
3326 2446 3430 2484 non
3455 2429 3704 2494 dimittit,

2125 2526 2220 2584 sed
2251 2526 2391 2581 rodit
2423 2533 2479 2581 et
2505 2525 2782 2580 dilacerat.
2812 2525 3015 2579 Deinde
3054 2524 3214 2579 etiam
3241 2521 3510 2592 subjungit
3539 2522 3706 2576 ratio-

2128 2634 2250 2674 nem
2279 2619 2567 2684 minarum,
2591 2617 2733 2688 quod
2759 2615 2809 2671 id
2837 2617 3028 2672 merito
3055 2625 3109 2671 et
3132 2615 3250 2685 jure
3279 2614 3366 2669 ﬁat
3393 2633 3406 2669 :
3431 2614 3568 2684 quod
3591 2615 3708 2683 qui«

2127 2711 2248 2767 dem
2294 2711 2504 2767 confert
2547 2711 2614 2775 ad
2657 2708 2853 2773 ﬁdem,
2897 2708 3111 2779 quando
3149 2706 3537 2762 ostenderimus
3562 2707 3708 2775 quod

2120 2802 2243 2874 jure
2277 2802 2390 2856 ﬁat.
2432 2801 2521 2856 28.
2544 2799 2761 2856 Irritam
2785 2803 2898 2873 quis
2927 2799 3120 2869 faciens
3149 2800 3305 2869 legem
3331 2797 3519 2867 dloysis
3541 2838 3556 2862 ,
3598 2798 3709 2851 sine

2124 2897 2233 2951 ulla
2278 2896 2631 2960 miseratione,
2674 2893 2869 2948 duobus
2917 2893 2993 2947 vel
3039 2891 3198 2945 tribus
3228 2890 3432 2946 testibus
3470 2891 3704 2943 moritur.

2128 2987 2256 3043 Siue
2285 2987 2392 3041 ulla
2418 2987 2755 3048 miseratione,
2785 2984 2972 3053 inquit.
3005 2983 3179 3051 Quare
3200 2983 3341 3037 nulla
3366 2983 3540 3046 venia,
3566 2981 3706 3036 nulla

2129 3087 2210 3134 est
2260 3079 2368 3132 illic
2410 3076 2780 3132 misericordia
2814 3092 2828 3130 :
2859 3089 3179 3144 quamquam
3223 3073 3314 3128 lex
3346 3080 3431 3128 est
3474 3073 3704 3143 Moysis:

2129 3168 2245 3238 ipse
2267 3171 2410 3223 enim
2440 3168 2604 3222 multa
2631 3167 2926 3222 constituit.
2959 3163 3094 3232 Quid
3127 3173 3240 3230 est,
3278 3161 3487 3215 Duobus
3510 3163 3585 3215 vel
3619 3163 3708 3214 tri-

2130 3259 2267 3315 bus?
2293 3260 2348 3316 Si
2397 3259 2525 3321 duo,
2567 3258 2778 3328 inquit,
2810 3255 2893 3310 vel
2926 3265 3030 3309 tres
3062 3253 3430 3309 testimonium
3454 3252 3720 3316 tulerint,

2128 3350 2311 3406 statim
2337 3349 2467 3405 dant
2492 3364 2696 3418 ptenas.
2742 3348 2797 3403 Si
2827 3362 2954 3417 ergo
2981 3346 3032 3400 in
3055 3344 3258 3411 Veteri,
3293 3346 3380 3399 ubi
3405 3345 3495 3398 lex,
3515 3343 3708 3414 Moysis

2129 3442 2190 3496 ﬁt
2220 3442 2390 3509 irrita,
2426 3451 2629 3495 tantum
2659 3449 2739 3496 est
2768 3439 3087 3509 supplicium
3122 3455 3134 3490 :
3164 3447 3365 3507 quanto
3393 3436 3556 3504 magis
3585 3435 3708 3490 hic?

2129 3533 2254 3590 Ideo
2284 3533 2356 3588 ita
2384 3533 2516 3588 dicit
2539 3550 2552 3586 :
2576 3532 2668 3588 29.
2701 3531 2904 3598 Quanto
2929 3530 3090 3601 magis
3121 3530 3308 3598 putatis
3335 3528 3581 3582 deteriora
3607 3544 3709 3581 me-

2127 3626 2228 3680 reri
2253 3623 2524 3696 supplicia,
2551 3623 2636 3694 qui
2667 3621 2862 3675 Filium
2890 3620 2984 3675 Dei
3018 3619 3401 3680 conculcaverit,
3429 3628 3474 3673 et
3499 3618 3708 3688 sangui-

2128 3733 2240 3771 nem
2267 3717 2549 3772 testamenti
2574 3715 2822 3786 pollutum
2842 3714 3064 3780 duxerit,
3088 3723 3134 3767 et
3155 3712 3373 3783 Spiritui
3393 3713 3571 3782 gratia:
3596 3728 3710 3766 con-

2126 3809 2382 3863 tumeliam
2404 3807 2616 3879 fecerit?

2195 3899 2250 3954 2.
2294 3901 2362 3955 Et
2393 3899 2664 3970 quomodo
2704 3898 2984 3954 concaleat
3024 3897 3289 3968 quispiam
3343 3895 3532 3952 Filium
3577 3896 3709 3950 Dei?

2124 3990 2348 4056 Quando
2365 3992 2456 4061 qui
2487 3999 2569 4046 est
2592 3989 2708 4059 ejus
2733 3990 2998 4060 particeps
3028 3989 3080 4043 in
3111 3988 3402 4060 mysteriis,
3431 3996 3708 4056 peccatum

2125 4081 2332 4148 fecerit,
2351 4081 2438 4136 die
2459 4081 2612 4145 mihi,
2637 4095 2743 4134 non
2767 4080 3098 4135 conculcavit
3121 4094 3242 4134 eum
3261 4079 3284 4132 ?
3303 4094 3404 4133 non
3434 4078 3708 4147 despexit?

2138 4179 2206 4236 Ut
2233 4179 2374 4234 enim
2411 4178 2607 4232 nullam
2635 4176 2890 4232 habemus
2917 4175 3176 4231 rationem
3207 4191 3392 4230 eorum
3422 4191 3540 4244 qua:
3576 4189 3711 4228 con-

2132 4275 2409 4329 culcantur
2435 4291 2448 4327 :
2481 4274 2552 4327 ita
2588 4273 2748 4327 etiam
2778 4271 2870 4341 qui
2893 4278 3135 4341 peccant,
3167 4270 3368 4323 nullam
3393 4268 3590 4322 Christi
3615 4268 3708 4320 ha-

2133 4367 2261 4422 bent
2291 4367 2573 4429 rationem,
2607 4374 2662 4419 et
2687 4364 2764 4420 sic
2783 4371 3024 4436 peccant.
3046 4362 3238 4416 Factus
3259 4377 3315 4415 es
3345 4375 3536 4429 corpus
3555 4357 3719 4412 (lli-i-

2132 4459 2240 4525 sti,
2273 4466 2328 4513 et
2349 4456 2448 4512 das
2479 4465 2532 4512 te
2561 4454 2778 4510 diabolo
2803 4452 3270 4509 conculcandum?
3300 4451 3360 4505 Et
3381 4452 3675 4520 sanguinem
3701 4487 3717 4511 ,

2136 4552 2337 4623 inquit,
2359 4549 2614 4620 pollutum
2643 4548 2861 4604 duxerit.
2888 4545 3023 4615 Quid
3051 4556 3133 4600 est
3158 4559 3440 4600 commune
3469 4557 3565 4597 seu
3596 4541 3718 4610 pol-

2135 4643 2337 4698 lutum?
2355 4641 2466 4696 [loc
2488 4649 2570 4696 est
2598 4638 2954 4702 immundum,
2983 4645 3074 4691 aut
3101 4636 3232 4690 nihil
3261 4634 3488 4703 amplius
3510 4632 3716 4686 habens

2133 4750 2292 4805 quam
2336 4741 2548 4788 caetera.
2598 4730 2664 4785 Et
2699 4729 2901 4801 spiritui
2925 4728 3106 4799 gratiae
3132 4725 3495 4780 contumeliam
3520 4723 3712 4794 fecerit.

2134 4827 2266 4882 Nam
2295 4827 2382 4896 qui
2414 4823 2732 4881 beneﬁcium
2769 4837 2875 4878 non
2901 4820 3133 4889 accipit,
3184 4833 3308 4875 eum
3334 4817 3425 4886 qui
3458 4813 3718 4870 benelecit

2135 4919 2300 4974 afﬁcit
2325 4915 2672 4973 contumelia.
2701 4914 2852 4969 Fecit
2887 4921 2939 4968 te
2966 4910 3169 4975 ﬁlium;
3203 4919 3260 4964 tu
3299 4917 3476 4961 autem
3501 4906 3582 4959 vis
3604 4903 3717 4958 fieri

2136 5010 2362 5066 servus?
2389 5009 2568 5072 venit,
2601 5006 2738 5077 apud
2776 5017 2827 5061 te
2853 5004 3146 5067 habitavit;
3179 5012 3234 5056 tu
3271 5010 3448 5056 autem
3470 5000 3536 5053 ad
3566 5006 3617 5052 te
3639 4996 3720 5050 in-

2139 5101 2422 5157 traduxisti
2452 5101 2619 5155 malas
2645 5096 3034 5168 cogitationes?
3077 5095 3323 5151 Christus
3367 5092 3532 5146 voluit
3576 5087 3718 5159 apud

2139 5201 2193 5248 te
2232 5203 2377 5248 stare
2412 5201 2469 5247 et
2503 5189 2796 5253 collocari;
2831 5197 2884 5242 tu
2915 5196 3092 5243 autem
3118 5187 3288 5257 ipsum
3315 5183 3594 5240 conculcas
3624 5197 3719 5250 per

2139 5285 2434 5358 crapulam,
2482 5299 2579 5355 per
2624 5281 2991 5339 ebrietatem?
3035 5279 3326 5334 Audiamus
3369 5275 3458 5346 qui
3503 5273 3721 5343 indigne

2141 5393 2324 5433 sumus
2349 5376 2640 5446 participes
2668 5372 3050 5443 mysteriorum
3098 5387 3110 5424 :
3143 5367 3420 5423 audiamus
3461 5365 3548 5434 qui
3578 5363 3718 5418 iudi-

2140 5485 2244 5540 gne
2271 5468 2336 5523 ad
2363 5482 2602 5523 mensam
2632 5465 2776 5519 illam
2801 5462 3102 5518 accedimus
3129 5479 3140 5513 :
3177 5458 3371 5521 Nolite,
3396 5453 3722 5527 inquit,dare

2141 5568 2318 5615 sancta
2360 5558 2600 5623 canibus,
2644 5571 2706 5610 ne
2745 5552 2952 5625 quando
2974 5569 3031 5606 ea
3060 5549 3351 5604 conculcent
3377 5548 3482 5602 suis
3511 5545 3722 5616 pedibus

2146 5650 2359 5723 (Matth.
2391 5650 2444 5704 7.
2476 5649 2572 5714 6);
2603 5646 2703 5703 hoc
2729 5653 2838 5711 est,
2874 5659 2941 5699 ne
2967 5640 3254 5712 aliquando
3283 5637 3610 5707 despiciant,
3655 5649 3721 5690 ne

2143 5751 2416 5814 respuant.
2448 5739 2553 5796 Sed
2577 5738 2690 5793 lucc
2719 5751 2825 5792 non
2855 5735 3008 5802 dixit,
3038 5742 3091 5786 at
3117 5730 3257 5802 quod
3292 5739 3373 5784 cst
3398 5727 3721 5790 terribilius.

2140 5852 2265 5894 rem
2307 5851 2372 5891 cx
2412 5846 2477 5889 eo
2520 5829 2662 5901 quod
2691 5837 2772 5886 est
2799 5827 3037 5884 terribile
3065 5865 3078 5891 ,
3118 5821 3438 5890 constringit
3463 5819 3716 5875 annuas:
