4082 6212
416 324 524 381 “5

413 438 598 510 κρίσιν
619 436 802 500 αὐτοῖς
829 435 1120 507 ἐφίστησιν
1141 447 1188 501 ι,
1221 435 1319 490 ἅτε
1355 435 1450 490 τοῦ
1487 438 1812 509 πράγματος
1834 438 1986 501 ὅντος

414 519 674 592 φανεροῦ.
707 520 890 584 Πόσῳ
925 518 1176 581 δοκεῖτε,
1211 518 1368 589 φησὶ,
1409 521 1686 588 χείρονος
1733 519 1988 585 ἀξιωθή-

412 617 585 657 σεται
620 601 930 670 τιμωρίας;
972 599 1237 654 Ἐνταῦθά
1284 618 1377 671 μοι
1419 602 1571 656 δοκεῖ
1601 604 1694 657 καὶ
1725 604 1853 673 περὶ
1881 603 1990 656 τῶν

417 686 736 756 μυστηρίων
771 682 1133 737 αἰνίττεσθαι..
1162 678 1300 736 Εἶτα
1329 685 1424 738 καὶ
1451 685 1757 758 μαρτυρίαν
1791 688 1992 755 ἐπάγει

410 769 606 837 λέγων·
641 764 900 833 111068961-
925 763 992 818 τὸ
1019 764 1309 834 ἐμπεσεῖν
1331 770 1418 833 εἰς
1439 768 1638 836 χεῖρας
1669 770 1816 824 Θεοῦ
1851 767 1991 830 ζῶν-

411 868 534 915 τος.
572 849 910 920 Γέγραπται
942 846 1087 916 γάρ·
1133 848 1295 918 Ἐμοί
1323 850 1665 918 ἐκδίκησις,
1701 851 1815 921 ἐγὼ
1851 853 1992 906 ἀντι

411 931 706 987 αποὸὡσω
726 971 741 996 ,
783 929 949 1000 λέγει
983 931 1200 998 Κύριος
1219 947 1238 962 ο
1264 931 1362 986 κα).
1386 933 1578 999 πάλιν,
1607 935 1822 1005 Κύριος
1876 953 1994 1003 κρι-

410 1015 510 1069 νεῖ
557 1015 664 1068 τὸν
711 1013 867 1069 λαὸν
910 1012 1120 1068 αὑτοῦ.
1191 1015 1635 1086 Ἐμπεσούμεθα,
1687 1017 1871 1087 φησὶν,
1911 1018 1992 1081 εἰς

413 1101 604 1169 χεῖρας
656 1096 896 1167 Κυρίου,
949 1096 1045 1150 καὶ
1092 1095 1168 1168 μὴ
1209 1097 1239 1138 ιι
1292 1099 1374 1162 εἰς
1419 1101 1608 1170 χεῖρας
1662 1099 1988 1169 ἀνθρώπων.

426 1180 564 1233 Ἀλλ’
592 1179 687 1234 ἐάν
720 1180 796 1251 μὴ
839 1180 1237 1251 μετανοήσητε,
1273 1181 1356 1243 εἰς
1405 1183 1592 1252 χεῖρας
1633 1178 1769 1233 Θεοῦ
1813 1183 1991 1250 ἐμπε-

414 1264 595 1318 σεῖσθε
629 1281 648 1296 ο
685 1265 862 1317 ἐκεῖνο
893 1265 1124 1335 φοϐερόν
1151 1281 1167 1295 ο
1215 1263 1377 1318 τοῦτο
1434 1265 1588 1318 οὐδέν
1631 1267 1749 1318 ἐστι
1803 1265 1866 1318 τὺ
1910 1266 1992 1328 εἰς

413 1349 603 1418 χεῖρας
656 1345 960 1418 ἀνθρώπων
1002 1347 1285 1417 ἐμπεσεῖν.
1343 1347 1510 1400 Ὅταν
1559 1348 1776 1417 ῖδωμεν,
1833 1347 2000 1417 φησὶ,

411 1431 536 1484 τινά
566 1428 922 1498 κολαζόμενον
963 1429 1220 1495 ἐνταῦθα,
1260 1429 1336 1501 μὴ
1374 1428 1702 1500 φοϐηθῶμεν
1737 1430 1830 1482 ἐπὶ
1876 1432 1991 1492 τοῖς

365 1520 368 1523 ’
413 1511 704 1583 παροῦσιν,
749 1511 888 1567 ἀλλὰ
916 1511 1198 1583 φρίξωμεν
1240 1512 1336 1565 ἐπὶ
1371 1514 1482 1576 τοῖς
1523 1513 1800 1582 μέλλουσι.
1831 1513 1992 1568 Κατὰ

416 1595 531 1665 γὰρ
571 1595 638 1648 τὸ
666 1595 838 1660 ἕλεος
886 1595 1070 1649 αὑτοῦ
1100 1595 1200 1649 καί
1232 1595 1270 1664 ἠ
1312 1593 1458 1665 ὀργὴ
1513 1595 1720 1662 αὐτοῦ,
1768 1596 1866 1649 καὶ
1892 1594 1992 1649 ἐπὶ

413 1677 800 1746 ἁμαρτωλοὺς
849 1677 1226 1731 καταπαύσει
1277 1681 1310 1732 ό
1347 1677 1535 1746 θυμός
1583 1677 1790 1732 αὐτοῦ.
1838 1678 1994 1747 ⁰¹Αμα

415 1761 509 1813 καὶ
543 1759 731 1830 ἕτερόν
782 1777 834 1812 τι
882 1759 1180 1813 αἰνίττεται
1225 1760 1460 1815 ἐνταῦθα
1505 1761 1595 1814 διὰ
1647 1760 1741 1813 τοῦ
1793 1761 1988 1813 εἰπεῖν’

415 1840 580 1912 Ἔμοί
595 1841 1051 1911 ἐκδίκησις,.ἐγὼ
1070 1841 1636 1896 ἀνταποδώσω.Ἐπὶ
1657 1842 1766 1895 τῶν
1783 1841 1994 1914 ἐχθρῶν

414 1923 574 1978 τοῦτο
605 1924 819 1994 εἴρηται
857 1924 967 1976 τῶν
1000 1923 1185 1988 κακῶς
1218 1925 1536 1990 ποιούντων,
1569 1926 1630 1979 οὐ
1655 1925 1764 1979 τῶν
1804 1926 1993 1989 κακῶς

415 2010 755 2078 πασχόντων.
827 2006 1093 2062 Ἐνταῦθα
1145 2008 1240 2062 καὶ
1295 2009 1709 2080 παραμυθεῖται
1749 2010 1990 2076 ,αὐτούς,

421 2090 704 2162 μονονουχὶ
728 2090 936 2159 λέγων’
973 2091 1142 2144 Μένει
1181 2091 1476 2155 διαπαντὸς
1508 2093 1536 2145 6
1565 2093 1695 2156 Θεὸς
1737 2094 1832 2147 καὶ
1876 2094 1942 2164 ζῇ
1975 2110 1990 2127 ο

417 2173 558 2228 ὥστε
581 2174 684 2228 κᾶν
720 2172 797 2243 μὴ
818 2172 914 2228 νῦν
938 2173 1312 2239 ἀωλάὗωσιν,
1338 2173 1565 2246 ὕστερον
1597 2174 1990 2246 ἀπολήψονται.

429 2254 703 2320 Ἐκείνους
733 2257 814 2310 δεῖ
851 2255 1151 2326 στενάξειν,
1199 2257 1298 2327 οὐχ
1329 2257 1477 2327 ήμᾶς
1499 2274 1512 2286 ·
1548 2259 1710 2328 ἡμεῖς
1760 2259 1857 2328 μὲν
1885 2259 1994 2329 γὰρ

417 2340 500 2402 εἰς
531 2339 628 2402 16;
654 2337 880 2393 ἐκείνων
911 2338 1303 2410 ἐμπεσούμεθα
1337 2342 1547 2411 χεῖρας,
1579 2341 1776 2393 ἐκεῖνοι
1806 2340 1864 2393 δέ
1909 2342 1992 2404 εἰς

417 2421 517 2484 16;
537 2421 634 2474 τοῦ
666 2420 826 2475 Θεοῦ.
859 2421 934 2474 Οὐ
965 2421 1072 2492 γὰρ
1106 2421 1134 2473 6
1163 2420 1354 2475 παθὼν
1387 2422 1585 2491 πάσχει
1631 2421 1840 2487 κακῶς,
1878 2422 1992 2476 ἀλλ’

417 2506 447 2558 6
484 2505 654 2558 ποιῶν
686 2520 701 2535 ·
735 2502 860 2558 οὔτε
889 2505 919 2558 6
961 2502 1424 2576 εὐεργετούμενος
1468 2503 1829 2576 εὐεργετήθη,
1877 2505 1992 2560 ἀλλ’

417 2590 448 2644 6
480 2589 804 2658 εὐεργετῶν.

489 2671 676 2725 Ταῦτα
700 2667 792 2726 οὖν
820 2672 1042 2738 εἰδότες,
1073 2672 1390 2740 ἀνεξίκακοι
1423 2668 1574 2747 ὦμεν
1610 2678 1739 2748 περὶ
1777 2677 1839 2732 τὸ
1885 2675 1994 2730 πά-

422 2771 576 2823 σχειν
622 2753 828 2819 κακῶς,
863 2755 1145 2826 πρόχειροι
1190 2757 1321 2827 περὶ
1361 2757 1422 2810 τὸ
1457 2757 1608 2832 [189]
1663 2761 1991 2832 εὐεργετεῖν.

420 2837 595 2891 Τοῦτο
648 2837 706 2891 66
745 2837 929 2903 ἔσται,
965 2839 1030 2892 ἂν
1090 2842 1391 2911 χρημάτων
1439 2845 1871 2915 καταφρονῶμεν
1900 2844 1996 2897 καὶ

418 2921 577 2991 δόξης
610 2936 626 2952 °
671 2922 699 2973 6
734 2922 910 2975 ταῦτα
943 2921 1010 2976 16
1052 2923 1199 2994 πάθη
1247 2925 1682 2996 ἀποδυσάμενος,
1734 2929 1994 2983 ἁπάντων

419 3003 730 3077 ἀνθρώπων
761 3006 908 3060 ἐστὶν
943 3007 1397 3080 ἐλευθερώτερος,
1434 3012 1530 3063 καὶ
1560 3012 1724 3066 αὐτοῦ
1755 3012 1849 3066 τοῦ
1897 3014 1994 3083 τὴν

419 3089 714 3160 ἁλουργίδα
737 3090 1121 3161 περικειμένου
1156 3093 1555 3165 εὐπορώτερος.
1593 3097 1704 3166 Οὐχ
1737 3098 1867 3167 ὁρᾷς
1897 3096 1996 3149 ὅσα

419 3171 631 3241 γίνεται
661 3171 809 3225 κακά
836 3171 927 3224 διὰ
953 3173 1022 3226 τὰ
1046 3174 1298 3244 χρήματα
1325 3193 1339 3242 ;
1367 3176 1428 3227 οὐ
1474 3176 1615 3244 λέγω
1650 3178 1749 3231 ὅσα
1778 3177 1866 3231 διά
1897 3177 1995 3248 τὴν

421 3255 756 3322 πλεονεξίαν,
787 3255 903 3310 ἀλλ’
939 3258 996 3310 ἐν
1028 3260 1093 3326 τῇ
1128 3257 1474 3329 προσπαθείᾳ
1499 3259 1704 3312 τούτων
1730 3278 1743 3291 ο
1792 3257 1905 3314 οἷόν
1942 3279 1994 3314 τι

421 3340 582 3408 λέγωο
609 3340 706 3394 Ἂν
731 3339 972 3411 ἀπολέσῃ
995 3358 1079 3402 τις
1106 3341 1388 3410 χρήματα,
1410 3342 1612 3406 παντὸς
1640 3343 1871 3397 θανάτου
1898 3362 1994 3414 χα-

419 3424 728 3494 λεπώτερον
757 3423 869 3493 βίον
898 3422 986 3494 ζῇ.
1021 3423 1085 3475 Τί
1110 3423 1316 3491 ἀλγεῖς,
1338 3424 1618 3494 ἀνθρωπε;
1641 3427 1694 3479 τί
1715 3427 1990 3497 δακρύεις

420 3508 504 3560 61:
535 3523 595 3560 σε
630 3506 730 3576 τῆς
764 3505 1030 3575 περιττῆς
1061 3505 1312 3574 φυλακῆς
1335 3507 1641 3575 ἀπήλλαξεν
1664 3511 1692 3562 6
1728 3510 1880 3576 666;;
1911 3511 1992 3563 61:

420 3590 482 3642 06
511 3589 654 3660 κάθῃ
680 3588 896 3658 τρέμων
929 3587 1025 3640 καὶ
1062 3586 1349 3652 δεδοικώς;
1390 3584 1523 3640 Εἶτα
1567 3590 1633 3642 ἂν
1665 3590 1761 3661 μέν
1796 3592 1857 3644 σέ
1907 3608 1993 3656 τις

423 3671 709 3743 προσδήσῃ
748 3669 1039 3741 θησαυρῷ,
1079 3668 1324 3722 κελεύων
1364 3671 1656 3735 διαπαντὸς
1697 3674 1816 3725 ἐκεῖ
1859 3672 1994 3727 καθ-

422 3755 608 3824 ῆσθαι,
627 3754 722 3808 καὶ
751 3755 1054 3825 ἀγρυπνεῖν
1083 3752 1223 3822 ὑπὲρ
1245 3753 1561 3825 ἀλλοτρίων,
1583 3756 1791 3824 ἀλγεῖς,
1811 3755 1994 3826 δυσχε-

426 3838 630 3909 ραίνεις
660 3854 674 3868 ·
701 3839 764 3890 σὺ
786 3838 843 3891 δὲ
875 3836 1071 3891 σαυτὸν
1092 3837 1404 3909 προσδήσας
1435 3838 1654 3908 δεσμοῖς
1676 3839 1994 3910 χαλεπωτά-

423 3937 556 3985 τοις,
591 3920 780 3990 ἐπειδὴ
813 3920 1133 3991 ἀπηλλάγης
1172 3920 1270 3990 τῆς
1314 3921 1576 3986 δουλείας,
1610 3923 1832 3990 ἀλγεῖς;
1869 3923 1994 3976 Ὀν-

423 4021 533 4065 τως
572 4002 896 4072 προλήψεώς
942 4006 1081 4056 εἰσιν
1111 4005 1164 4056 αἰ
1194 4004 1361 4057 λῦπαι
1401 4007 1496 4058 καὶ
1532 4007 1586 4058 αἱ
1619 4005 1946 4075 εὐφροσύναι
1975 4044 1990 4058 .

424 4083 674 4150 καθάπερ
710 4084 817 4151 γὰρ
857 4084 1114 4153 ἀλλότρια
1141 4085 1375 4153 ἔχοντες,
1405 4087 1578 4148 οὕτως
1615 4088 1755 4140 6616
1799 4086 1996 4158 τηροῦ-

428 4181 549 4236 μεν.
575 4164 690 4216 Νῦν
717 4163 854 4232 πρὸς
891 4163 991 4226 τὰς
1018 4167 1279 4230 γυναῖκάς
1329 4185 1416 4236 μοι
1455 4171 1484 4222 6
1531 4169 1711 4236 λόγος.
1748 4165 1878 4239 Εἷχέ
1909 4186 1991 4233 τις

423 4246 561 4316 γυνὴ
587 4243 843 4308 πολλάκις
870 4244 978 4298 ἀπὸ
1004 4246 1229 4315 χρυσίου
1262 4247 1582 4316 ὑφασμένον
1623 4250 1863 4318 ἱμάτιον,
1899 4251 1995 4304 καὶ

424 4328 584 4382 τοῦτο
610 4327 886 4389 τινάσσει,
917 4327 1235 4398 περιϐάλλει
1256 4327 1445 4393 λίνοις,
1471 4334 1628 4401 τηρεῖ
1655 4332 1792 4401 μετά
1820 4335 1995 4401 ἀσφα-

423 4413 596 4478 λείας,
617 4410 808 4481 τρέμει
833 4410 976 4482 ὑπὲρ
1011 4410 1198 4478 αὐτοῦ,
1231 4411 1326 4465 καὶ
1354 4412 1457 4466 οὐκ
1486 4412 1752 4468 ἀπολαύει
1783 4415 1948 4470 αὐτοῦ
1975 4432 1990 4450 ο

426 4497 459 4568 ἢ
493 4496 603 4566 γάρ
620 4493 974 4564 ἐτελεύτησεν
1001 4493 1035 4563 ἢ
1068 4495 1364 4565 ἐχήρευσεν
1388 4512 1401 4525 °
1443 4495 1500 4567 ἢ,
1530 4497 1634 4550 κᾶν
1679 4497 1846 4568 μηδὲν
1875 4496 1996 4550 τού-

424 4599 532 4634 των
557 4579 762 4650 συμϐῇ.
803 4577 1007 4630 δέδοικε
1044 4577 1120 4647 μὴ
1149 4581 1215 4649 τῇ
1264 4582 1478 4650 συνεχεῖ
1516 4582 1711 4652 χρήσει
1746 4582 1992 4653 δαπανήο

427 4680 569 4717 σασα
591 4662 744 4724 αὐτὸ,
789 4661 1216 4730 ἀποστερήσειεν
1258 4663 1457 4732 ἐαυτήν
1484 4679 1497 4694 ο
1551 4661 1657 4716 κᾶν
1693 4662 1852 4727 ἀλλος
1897 4664 1996 4716 οὐκ

424 4745 796 4817 ἀποστερήσῃ,
828 4744 1124 4812 ἀποστερεῖ
1157 4742 1356 4814 ἐαυτὴν
1393 4747 1461 4815 τῇ
1492 4744 1766 4816 φειδωλία.
1833 4743 2000 4799 Ἀλλά

427 4830 750 4898 παραχωρεῖ
774 4825 976 4898 61691:;
1017 4824 1131 4879 ἀλλ’
1163 4826 1284 4879 οὐδὲ
1312 4826 1473 4880 τοῦτο
1507 4827 1665 4898 δῆλον
1696 4845 1708 4857 ο
1739 4831 1786 4881 εἰ
1810 4827 1866 4881 δὲ
1899 4828 1995 4882 καὶ

427 4911 871 4981 παραχωρήσειε,
900 4909 996 4963 καὶ
1028 4909 1215 4980 ἐκείνη
1241 4908 1402 4963 πάλιν
1440 4910 1642 4980 ὁμοίως
1681 4911 1832 4982 αὐτῴ
1858 4913 1996 4983 χρή-

429 5007 605 5044 σεται.
642 4993 748 5044 Καὶ
775 4994 926 5055 εἴτις
953 4993 1243 5063 ἐρευνήσει
1271 4993 1339 5046 τὰ
1362 4994 1419 5046 ἐν
1444 4995 1562 5057 ταῖς
1578 4993 1798 5060 οἰκίαις,
1831 4996 1997 5067 εὐρή-

1155 321 1211 379 S.
1250 321 1536 380 ιοΑΝΝιε
1568 323 2052 383 CIIRYSOSTOMI
2089 325 2407 390 ARCHIEP.
2448 325 3003 392 CONSTANTI'NOP.

3563 325 3684 384 “6‘

2091 442 2194 511 τῆς
2221 445 2400 516 ὅψεως
2437 447 2845 518 καταξιωθῆναι
2897 441 3136 512 ἐκείνης,
3189 440 3307 495 ἀλλ’
3356 439 3497 511 αὐτῆ
3535 405 3678 497 πολ·-ι

2091 524 2246 591 λάκις
2279 529 2418 597 μετά
2453 531 2547 584 τοῦ
2582 531 2776 597 ἀνδρὸς
2801 525 2974 581 ταῦτα
3012 525 3311 578 διατιθεῖσα
3359 523 3662 595 ἐπιμελῶς.

2162 612 2228 678 γ’.
2250 613 2361 666 Οὐκ
2378 613 2622 677 εἰκότως,
2639 612 2758 665 εἰπέ
2780 628 2890 680 μοι,
2912 607 3353 677 εἰδωλολατρείαν
3367 608 3465 677 τὴν
3485 608 3670 663 πλεον-

2091 694 2237 759 εξίαν
2279 696 2539 750 ἐκάλεσεν
2571 695 2601 746 6
2646 694 2894 758 116610;;
2923 693 3098 763 Ὅσην
3134 691 3251 761 γάρ-
3271 691 3471 744 ἐκεῖνοι
3500 691 3670 762 τιμὴν

2092 777 2220 846 περὶ
2261 778 2330 830 16
2373 777 2572 831 εἴδωλα
2605 777 3042 840 ἐπιδείκνυνται,
3075 773 3346 843 τοσαύτην
3380 773 3478 827 καὶ
3519 769 3669 828 0610:

2092 861 2219 930 περὶ
2253 861 2323 914 τά
2353 861 2543 932 ἱμάτια
2562 870 2609 924 ο,
2640 858 2772 931 περὶ
2799 858 2868 912 τὰ
2887 857 3109 929 χρυσία.
3150 857 3332 928 Μέχρι
3357 856 3503 920 τίνος
3541 856 3670 927 βόρα

2091 940 2249 1012 6ορον
2295 941 2692 1012 ἀνακινοῦμεν;
2741 941 2905 1012 μέχρι
2951 940 3098 1004 τίνος
3141 937 3220 1009 τῷ
3262 938 3422 1010 πηλῷ
3471 940 3564 992 καὶ
3599 942 3667 1012 τῇ

2091 1025 2342 1096 πλινθείᾳ
2366 1024 2767 1098 προσηλώμεθα
2789 1041 2812 1090 ζ
2840 1025 3052 1093 Ὥσπερ
3085 1022 3194 1092 γὰρ
3229 1022 3430 1076 ἐκεῖνοι
3457 1021 3538 1093 τῷ
3561 1022 3670 1077 τῶν

2092 1107 2248 1180 [19οῘ
2265 1109 2572 1178 Αἰγυπτίων
2597 1108 2813 1178 βασιλεῖ’
2831 1107 3088 1177 ἔκαμνον,
3121 1104 3380 1160 οὕτωκαὶ
3403 1107 3565 1176 ἡμεῖς
3590 1106 3670 1177 τῷ

2089 1191 2316 1258 διαϐόλῳ
2359 1191 2669 1262 κάμνομεν,
2698 1191 2794 1244 καὶ
2828 1187 3205 1260 μαστιζόμεθα
3251 1187 3384 1242 πολύ
3415 1188 3667 1259 χαλεπω-

2089 1273 2258 1344 τέρας
2298 1274 2590 1342 μάστιγας.
2627 1273 2739 1325 Καὶ
2773 1274 2846 1343 μή
2874 1289 2995 1326 τινα
3027 1267 3335 1342 ὑπερϐολὴν
3375 1271 3669 1343 καταγνῷς

2091 1355 2185 1410 τσῦ
2233 1356 2394 1425 λόγου
2416 1374 2432 1390 ο
2475 1357 2587 1426 ὅσῳ
2615 1355 2723 1427 γὰρ
2752 1354 3019 1426 κρείττων
3049 1353 3302 1424 σώματος
3344 1355 3492 1426 ψυχὴ
3514 1398 3528 1422 ,
3575 1373 3669 1410 10-

2093 1439 2269 1510 σούτῳ
2293 1438 2512 1511 φροντὶς
2537 1438 2822 1510 μωλὼπων
2845 1434 3220 1510 μαστιζόμεθα
3235 1437 3262 1477 ἀ
3282 1439 3404 1492 καθ’
3427 1440 3668 1510 ἑκάστην

2093 1522 2326 1593 ἡμέραν,
2359 1521 2680 1591 δεδοίκαμεν
2713 1520 3115 1592 φροντίζοντες.
3165 1521 3481 1592 τρέμοντες.
3528 1523 3668 1574 Ἀλλ’

2092 1607 2187 1660 ἐὰν
2216 1606 2533 1678 θελήσωμεν
2563 1605 2852 1671 στενάξαι,
2891 1605 2986 1660 ἐὰν
3017 1605 3333 1675 θελήσωμεν
3366 1605 3668 1672 ἀναϐλέψαι

2092 1690 2231 1761 πρὸς
2249 1690 2354 1744 λτὺν
2387 1690 2538 1756 Θεὸν,
2576 1689 2786 1760 πέμπει
2813 1691 2946 1760 ήμῖν
2973 1688 3035 1743 οὐ
3078 1687 3338 1753 Μωῦσέα,
3377 1687 3498 1741 οὐδέ
3537 1688 3668 1742 Ἀα-

2096 1773 2226 1846 ρὼν,
2253 1772 2387 1826 ἀλλά
2417 1772 2508 1825 τδν
2534 1772 2697 1826 αὐτοῦ
2723 1773 2880 1840 λόγον
2905 1772 2997 1826 καὶ
3023 1771 3125 1842 τὴν
3148 1770 3462 1836 κατάνυξιν.
3493 1763 3668 1836 Οὗτος

2092 1857 2272 1909 τοίνυν
2295 1854 2490 1920 ἐλθὼν,
2519 1854 2614 1908 καὶ
2646 1853 2935 1925 κατασχὼν
2961 1852 3118 1924 ήμῶν
3147 1853 3246 1917 τὰς
3275 1853 3488 1923 ψυχὰς,
3512 1853 3666 1906 ἐλευ-

2094 1937 2325 2008 Θερῶσει
2353 1938 2454 2006 τῆς
2481 1937 2724 2001 δουλείας
2749 1938 2850 2008 τῆς
2875 1938 3079 2008 πικρᾶς
3105 1938 3274 2008 ἡμᾶς,
3307 1936 3486 2003 ἐξάξει
3516 1938 3665 2008 ἡμᾶς

2094 2022 2154 2088 ἐξ
2193 2020 2501 2089 Αἰγύπτου,
2537 2020 2636 2090 τῆς
2666 2021 2923 2090 ἀνονήτου
2958 2019 3059 2073 καὶ·
3097 2020 3461 2090 ματαιοπόνου
3501 2037 3664 2073 σπου-

2092 2106 2212 2177 δῆς,
2238 2106 2336 2174 τῆς
2360 2103 2605 2166 δουλείας
2628 2103 2726 2174 τῆς
2753 2103 2905 2155 οὐδὲν
2930 2102 3122 2172 κέρδος
3146 2101 3397 2173 ἐχούσης.
3432 2103 3664 2156 Ἐκεῖνοι

2097 2189 2196 2260 μὲν
2232 2183 2325 2242 οὖν
2360 2185 2464 2242 κᾶν
2505 2186 2716 2258 χρυσία
2745 2185 3004 2248 λαϐόντες
3029 2185 3290 2255 ἐξῆλθον,
3337 2185 3433 2240 τὸν
3472 2185 3666 2256 μισθὸν

2093 2275 2194 2344 τῆς
2221 2271 2512 2342 οἰκοδομῆς
2535 2287 2550 2300 ”
2583 2271 2744 2342 ⁴ἡμείς
2776 2268 2835 2322 δέ
2858 2267 3012 2323 οὐδέν
3030 2285 3048 2299 ⁸
3075 2268 3173 2323 καὶ
3201 2269 3314 2322 εἴθε
3347 2269 3543 2341 μηδέν’
3567 2270 3666 2325 νῦν

2093 2356 2150 2408 δέ
2181 2356 2272 2409 καὶ
2296 2356 2454 2425 ἡμεῖς
2491 2353 2841 2425 λαμϐάνομεν
2878 2352 2938 2405 οὐ
2968 2350 3188 2424 χρυσία,
3227 2352 3365 2407 ἀλλὰ
3395 2353 3468 2406 τά
3494 2353 3666 2422 Αίγύ-

2095 2457 2229 2494 πτου
2252 2439 2417 2504 κακὰ,
2436 2438 2811 2508 ἁμαρτήματα
2842 2436 2940 2490 καὶ
2967 2437 3218 2500 κολάσεις
3243 2437 3340 2492 καὶ
3367 2439 3662 2509 τιμωρίας.

2093 2523 2372 2593 Μάθωμεν
2423 2521 2602 2574 τοίνυν
2653 2519 3015 2588 ὠφελεῖσθαι,
3059 2519 3322 2590 μάθωμεν
3363 2521 3666 2591 ἐπηρεάζε-

2097 2605 2250 2661 σθαι·
2291 2604 2448 2658 τοῦτό
2483 2605 2598 2656 ἐστι
2629 2602 2954 2674 Χριστιανοῦ
2975 2619 2990 2634 ’
3019 2604 3524 2675 καταφρονήσωμεν
3553 2603 3666 2660 τῶν

2094 2689 2312 2763 χρυσῶν
2343 2688 2605 2760 ἱματίων,
2636 2687 3144 2760 καταφρονήσωμεν
3183 2687 3291 2740 τῶν
3327 2687 3662 2759 χρημάτων,

2096 2776 2182 2829 ῖνα
2205 2773 2279 2845 μή
2302 2773 2802 2846 καταφρονήσωμεν
2816 2773 2916 2843 τῆς
2937 2770 3212 2842 σωτηρίας
3230 2771 3330 2840 τῆς
3353 2771 3663 2843 ἡμετέραςο

2095 2859 2600 2928 καταφρονήσωμεν
2627 2855 2926 2928 χρημάτων
2945 2895 2962 2920 ,
3004 2854 3096 2908 καὶ
3131 2854 3205 2925 μὴ
3236 2855 3668 2926 καταφρονήσω-

2097 2961 2196 3014 μεν
2241 2945 2337 3011 τῆς
2383 2940 2598 3010 ψυχῆς·
2653 2937 2790 3011 αὕτη
2840 2938 2948 3009 γάρ
2998 2937 3146 2990 ἐστιν
3191 2938 3224 3008 ή
3285 2937 3625 3010 κολαζομένη
3646 2978 3679 3004 ,.

2094 3025 2232 3094 αῦτη
2274 3023 2422 3076 ἐστὶν
2451 3025 2484 3092 ή
2518 3020 2904 3092 τιμωρουμένη
2930 3035 2944 3051 ο
2983 3020 3166 3072 ἐκεῖνα
3205 3019 3438 3073 ἐνταῦθα
3471 3021 3623 3090 μένει
3645 3059 3676 3085 ,.

2093 3108 2233 3177 αῦτη
2273 3107 2328 3159 66
2358 3109 2573 3162 ἄπεισιν
2602 3106 2736 3158 ἐκεῖ.
2765 3103 2922 3166 Τίνος
2949 3103 3157 3168 ἕνεκεν,
3194 3103 3361 3168 τίνος,
3395 3104 3516 3157 εἰπέ
3550 3122 3663 3175 μοι,

2097 3190 2466 3251 κατακόπτεις
2500 3187 2723 3252 σαυτὸν,
2763 3188 2857 3240 καὶ
2886 3187 2986 3239 οὐκ
3014 3185 3244 3258 αἰσθάνῃ
3263 3187 3491 3252 τΤαῦτα
3528 3187 3686 3258 πρὸς·

2091 3275 2217 3337 τούς
2238 3273 2564 3334 πλεονέκτας
2590 3269 2752 3338 λέγω.
2780 3269 2959 3322 Καλὸν
2979 3269 3035 3321 δὲ
3053 3270 3148 3322 καὶ
3176 3270 3313 3340 πρὸς
3329 3272 3456 3332 τοὺς
3477 3269 3668 3323 πλεον-

2093 3355 2451 3425 εκτουμένους
2522 3354 2726 3422 εἰπεῖν,
2786 3351 2979 3422 φέρετε
3028 3351 3293 3419 γενναίως
3333 3349 3432 3414 16;
3470 3351 3664 3405 πλεον-

2092 3439 2242 3505 εξίας
2267 3455 2280 3468 ·
2318 3435 2543 3496 ἐαυτούς
2577 3433 2890 3506 ἀναιροῦσιν
2920 3435 3137 3498 ἐκεῖνοι,
3158 3433 3257 3502 οὐχ
3286 3433 3451 3502 ὑμᾶς.
3493 3433 3667 3504 ’Υμᾶς

2097 3521 2198 3591 μὲν
2238 3517 2600 3587 ἀποστεροῦσι
2645 3516 2977 3588 χρημάτων,
3029 3516 3257 3575 ἐάυτούς
3298 3515 3356 3569 66
3394 3514 3675 3587 γυμνοῦσι·

2091 3606 2192 3675 τῆς
2215 3603 2426 3666 εὐνοίας
2452 3601 2545 3655 τοῦ
2581 3601 2716 3654 Θεοῦ
2744 3602 2835 3654 καὶ
2858 3603 2958 3671 τῆς
2983 3600 3236 3670 βοηθείας
3255 3617 3269 3631 ·
3302 3603 3330 3652 6
3358 3599 3418 3653 66
3447 3601 3666 3672 ἐκείνης

2092 3686 2429 3757 γυμνωθεὶς,
2451 3683 2554 3737 κᾶν
2583 3682 2797 3736 ἅπαντα
2823 3681 3185 3753 περιϐάληται
3207 3682 3308 3753 τῆς
3336 3681 3667 3753 οἰκουμένης

2090 3769 2184 3822 τὸν
2213 3768 2461 3833 πλοῦτον,
2494 3769 2711 3821 πάντων
2737 3767 2856 3819 ἐστὶ
2877 3766 3198 3835 πενέστερος
3216 3781 3232 3796 ·
3256 3764 3544 3834 ὡσπεροῦν
3570 3769 3677 3823 καὶ·

2092 3853 2122 3906 6
2153 3853 2368 3906 πάντων
2397 3847 2722 3921 πενέστερος
2743 3887 2757 3912 ,
2786 3847 2854 3902 ἂν
2880 3847 3084 3919 ταύτην
3114 3847 3234 3920 ἔχῃ,
3268 3847 3488 3900 πάντων
3514 3847 3667 3900 ἐστὶν

2093 3936 2498 4006 εὐπορώτερος
2530 3933 2745 4001 Κύριος
2773 3931 2901 4004 γὰρ,
2926 3932 3081 4002 φησὶ,
3113 3933 3412 4002 ποιμαίνει
3440 3947 3538 4002 με,
3564 3929 3665 3984 καί

2092 4019 2273 4075 οὐδέν
2306 4035 2381 4089 με
2415 4017 2758 4088 ὐστερήσει.
2795 4017 2932 4070 Εἰπέ
2977 4017 3040 4086 δή
3091 4033 3216 4086 μοι,
3255 4015 3310 4069 εἰ
3351 4031 3477 4069 τινα
3519 4009 3666 4084 εῖχες

2093 4105 2263 4175 ἄνδρα
2293 4103 2464 4175 μέγαν
2497 4104 2592 4155 καὶ
2629 4101 2972 4171 θαυμαστὸν,
3004 4099 3149 4154 πάνυ
3180 4117 3240 4153 σε
3270 4098 3526 4166 φιλοῦντα
3569 4098 3666 4152 καὶ

2095 4188 2414 4258 κηδόμενον,
2442 4181 2562 4239 εἶτα
2581 4184 2752 4252 ἔγνως
2775 4185 2856 4238 ὅτι
2885 4182 3178 4248 διαπαντὸς
3204 4181 3451 4254 ζήσεται,
3477 4182 3573 4236 καὶ
3600 4182 3665 4236 06

2096 4269 2549 4340 προτελευτήσεις
2578 4263 2770 4331 αὐτοῦ,
2799 4267 2896 4320 καὶ
2929 4267 3110 4320 πάντα
3147 4282 3228 4319 σοι
3262 4265 3492 4336 παρέξει
3525 4264 3666 4334 μετά

2096 4353 2284 4415 ἀδείας
2311 4350 2378 4404 16
2414 4349 2601 4416 αὑτοῦ,
2649 4349 2788 4404 ὥστε
2831 4366 2892 4402 σε
2931 4349 3008 4413 ὡς
3040 4347 3151 4402 τῶν
3194 4348 3302 4402 σῶν
3333 4347 3663 4402 ἀπολαύεινο

2096 4433 2207 4508 ἀρα
2243 4435 2310 4488 ἂν
2338 4434 2608 4506 ἠθέλησας
2641 4433 2947 4504 κτήσασθαί
2973 4450 3062 4500 τι;
3096 4429 3206 4506 ἀρα
3245 4433 3335 4496 ἂν,
3367 4433 3417 4486 εἱ
3447 4433 3664 4486 πάντων

2097 4516 2455 4588 ἐγυμνώθης,
2495 4515 2615 4585 οὐχί
2662 4531 2722 4568 σε
2777 4515 3188 4588 πλουσιωτέραν
3230 4515 3480 4586 ἐνόμιζες
3523 4510 3666 4568 εἶναι

2095 4602 2178 4655 διὰ
2216 4600 2408 4665 τοῦτο;
2439 4598 2504 4652 Τί
2532 4597 2738 4668 δήποτε
2766 4593 2861 4652 οὖν
2891 4597 3141 4663 πενθεῖςς
3167 4599 3251 4652 ὅτι
3279 4598 3538 4669 χρήματα
3562 4597 3666 4651 οὐκ

2097 4685 2278 4754 ﬁxam;
2312 4681 2428 4736 ἀλλ’
2460 4680 2631 4734 ἐννόει
2659 4681 2741 4735 ὅτι
2774 4680 3060 4752 ἀφῃρέθης
3091 4681 3201 4735 τῶν
3245 4680 3683 4752 ἁμαρτημάτων-

2095 4767 2193 4837 τὴν
2235 4765 2510 4819 ὑπόθεσιν.
2553 4763 2692 4816 Ἀλλ’
2738 4764 2822 4816 61:
2867 4763 3054 4828 οὐσίας
3092 4762 3506 4834 ἀπεστερήθης;
3547 4762 3680 4816 ἀλλ”

2096 4849 2313 4918 ἐκτήσω
2343 4846 2439 4900 τοῦ
2465 4844 2600 4899 Θεοῦ
2629 4844 2728 4916 τὴν
2757 4844 2991 4900 εὔνοιαν.
3033 4846 3143 4900 Καὶ
3169 4845 3286 4911 πῶς
3318 4845 3661 4917 ἐκτησάμην,

2097 4933 2290 5002 φησίν;
2329 4927 2500 4996 Εἷπε,
2528 4929 2632 4984 Διά
2667 4928 2818 5002 [191]
2862 4929 2922 4983 τί
2945 4927 3032 4998 μὴ
3055 4928 3302 4998 μᾶλλον
3327 4928 3626 4984 ἀδικεῖσθε
3644 4944 3678 4991 ξ’

2095 5014 2247 5070 εἶπεν
2277 5015 2358 5068 61:
2396 5014 2494 5069 Ἐν
2515 5013 2693 5067 παντί
2719 5011 3123 5082 εὐχαριστεῖτε
3140 5028 3155 5044 ⁸
3181 5008 3332 5066 εἴπεν
3353 5012 3436 5065 61:
3465 5011 3670 5066 Μακά-

430 5089 516 5166 ςει
553 5071 624 5166 τᾳ
663 5073 895 5166 μάλι-στα
914 5076 1081 5166 fit?“
1109 5075 1237 5166 "ubi
1265 5075 1641 5166 Eii-3“‘”V_x°‘_"-_
1661 5077 1730 5130 τά
1763 5077 1900 5166 ἀξλα
1928 5081 1997 5166 τμά
2087 5117 2206 5166 ριοι
2239 5101 2292 5151 οί
2339 5096 2560 5165 πτωχοί
2592 5093 2673 5160 τῷ
2721 5071 3032 5165 πνῖεύματι.
3083 5095 3287 5148 Ἐννόει
3320 5095 3500 5149 τοίνυν
3535 5095 3676 5164 ὅσης

429 5155 767 5227 ὑπερέχοντα
786 5157 842 5207 ἐν
873 5157 1081 5212 πλείονι
1107 5162 1265 5229 τιμῇ,
1288 5157 1477 5230 ὥσπερ
1499 5159 1780 5231 ἐμψύχους
1802 5161 1997 5214 δεσπό-

429 5255 547 5303 τας,
580 5237 993 5309 θεραπευόμενα
1014 5257 1026 5270 ·
1056 5242 1115 5294 οὐ
1154 5242 1262 5312 γὰρ
1293 5243 1494 5312 χρῆται
1525 5244 1707 5307 αὐτοῖς
1735 5245 1994 5313 συνεχῶς,

429 5323 566 5375 ἀλλά
592 5322 798 5376 δέδοικε
835 5325 930 5375 καὶ
954 5325 1165 5396 τρέμει,
1202 5329 1369 5395 σῆτας
1411 5331 1509 5380 καὶ
1537 5327 1606 5380 τά
1637 5327 1773 5380 ἄλλα
1807 5327 1873 5380 τὰ
1910 5328 1996 5397 βι-

431 5403 702 5474 ϐρωσκειν
731 5405 962 5458 εἰωθότα
1017 5407 1382 5470 61106060666,
1430 5411 1526 5463 καὶ
1567 5411 1634 5462 15:
1674 5410 1895 5463 πλείονα
1939 5412 1995 5462 ἐν

434 5487 663 5560 μύῤῥοις
679 5489 771 5541 καὶ
790 5489 1046 5561 ἀρώμασι
1067 5491 1426 5559 τιθεῖσα,οὐδέ
1449 5495 1610 5546 πᾶσιν
1631 5493 1997 5564 ἐπιτρέπουσα

495 5604 520 5676 ξ
549 5603 607 5676 _I_n
639 5604 775 5676 Coly.
811 5605 996 5676 [fgilqr
1025 5611 1231 5674 ἀφίησιν.
1256 5611 1471 5676 Dgnzeus
1492 5612 1666 5676 ἐφίησι.

468 5662 524 5737 _b
549 5666 699 5725 Mars.
722 5662 898 5737 _Sa\_'i|:',
951 5662 1231 5736 ἐμπέσωμεν
1273 5672 1373 5735 06v,
1417 5662 1660 5735 φησιν,ἐίς
1683 5671 1838 5736 χεῖρας
1871 5672 1996 5723 Θεοῦ

434 5730 622 5790 ιῶντος,
658 5731 737 5777 καὶ
761 5733 843 5790 μή.

2096 5181 2306 5242 εὐνοίας
2334 5178 2661 5240 ἀπολαύσεις
2680 5215 2696 5240 ,
2721 5177 2894 5230 ταῦτα
2931 5177 3018 5231 6:6
3047 5177 3158 5232 τῶν
3188 5178 3367 5249 ἔργων
3400 5177 3668 5244 ἐπιδειξα-

2099 5263 2258 5332 μένη.
2309 5261 2403 5312 Ἓν
2448 5259 2558 5328 γὰρ
2593 5258 2753 5329 μόνον
2796 5261 3043 5330 ζητεῖται
3079 5262 3211 5330 παρ’
3250 5260 3440 5332 ήμῶν,
3479 5260 3542 5314 τὸ
3575 5261 3668 5314 ἐπὶ

2097 5348 2263 5398 πᾶσιν
2293 5344 2632 5414 εὐχαριστεῖν
2665 5341 2742 5411 τῷ
2769 5341 2888 5412 Θεῷ
2909 5383 2924 5406 ,
2958 5344 3053 5396 καὶ
3086 5344 3265 5397 πάντα
3299 5343 3498 5415 ἔχομεν
3531 5343 3668 5414 μετά

2096 5427 2394 5496 δαψιλείας.
2436 5419 2560 5478 υίόν
2589 5441 2644 5477 τι
2685 5423 2827 5493 λέγω
2846 5441 2860 5454 ·
2891 5425 3208 5489 ’Δπώλεσας
3254 5424 3455 5497 χρυσοῦ
3482 5425 3667 5495 λίτρας

2162 5556 2183 5584 c
2216 5545 2454 5616 Ροςψεεε
2483 5547 2534 5593 in
2556 5543 2694 5596 Colb.
2715 5542 2879 5604 hiatus
2903 5545 3107 5609 grandis
3129 5551 3209 5596 es:
3239 5545 3351 5608 plus
3369 5559 3514 5608 quam
3546 5544 3666 5596 dua-

2097 5622 2206 5658 rum
2230 5619 2532 5668 pagmarum.

2163 5672 2191 5708 ά
2239 5669 2398 5716 Locus
2445 5666 3002 5730 vitiosus.'-Conjectum
3058 5675 3155 5730 est,
3198 5668 3416 5728 τοσούτῳ
3466 5668 3665 5730 (nempe

2104 5730 2383 5794 κρείττονες)
2409 5729 2660 5792 φροντίδων
2685 5729 2915 5792 μώλωπες
2937 5732 3008 5788 αἶς
3029 5731 3362 5793 μαπιζὸμιθασ
