4088 6204
402 289 502 344 115

383 403 486 458 hoc
523 404 670 458 enim
701 418 806 458 non
838 404 1013 458 minus
1039 420 1197 474 quam
1228 408 1524 462 consolatio
1553 411 1846 465 convertit.
1889 413 1965 468 ⁵Ει

381 495 540 550 simul
562 494 804 549 ostendit
840 493 1191 550 differentiam
1217 538 1232 563 ,
1264 507 1316 550 et
1356 499 1674 567 supplicium
1696 542 1710 562 ,
1753 501 1966 569 ctjudi-

379 589 522 641 cium
542 587 633 641 eis
661 588 832 655 ponit,
861 597 1046 656 utpote
1070 602 1192 642 cum
1221 604 1309 644 res
1338 592 1409 643 sit
1431 591 1731 646 manifesta.
1763 593 1964 660 Quanto

379 678 564 749 magis,
595 677 797 747 inquit,
830 679 1017 746 putatis
1055 679 1304 733 deteriora
1331 683 1513 735 mereri
1554 685 1847 753 supplicia?
1870 687 1964 741 llic

380 768 510 821 mihi
537 768 746 822 videtur
767 769 927 822 etiam
952 770 1202 840 mysteria
1232 770 1593 828 subindicare.
1617 774 1817 829 Deinde
1848 778 1964 832 sub-

374 859 548 928 iungit
573 858 737 912 etiam
764 859 1148 922 testimonium,
1179 860 1364 916 dicens
1389 881 1404 915 :
1427 863 1517 916 31.
1550 863 1873 919 llorrendum
1895 878 1963 921 est

376 948 602 1003 incidere
631 950 682 1001 in
707 965 894 1005 manus
922 949 1022 1002 Dei
1045 951 1274 1005 viventis.
1307 953 1396 1006 30.
1426 951 1686 1022 Scriptum
1714 965 1786 1009 est
1807 959 1961 1024 enim,

375 1035 504 1092 Mitti
547 1037 810 1102 vindicta,
853 1047 900 1092 et
939 1054 1029 1110 ego
1071 1041 1381 1106 retribuam,
1434 1043 1555 1097 dicit
1599 1043 1882 1111 Dominus;
1917 1059 1964 1103 et

387 1141 587 1206 iterum,
615 1140 874 1196 Judicabit
906 1142 1148 1197 Dominus
1174 1146 1416 1214 populum
1444 1161 1611 1200 suum.
1644 1146 1960 1212 lncidemus,

386 1231 576 1303 inquit,
604 1235 658 1288 in
689 1250 878 1290 manus
903 1235 1133 1302 Domini,
1161 1247 1214 1290 et
1243 1253 1346 1291 non
1373 1238 1426 1290 in
1448 1254 1643 1292 manus
1664 1239 1959 1292 hominum.

385 1323 492 1380 Sed
517 1325 560 1379 si
585 1341 695 1380 non
716 1327 887 1396 agatis
916 1328 1309 1395 paenitentiam,
1338 1329 1389 1382 in
1419 1328 1512 1382 Dei
1537 1343 1728 1382 manus
1760 1328 1962 1383 incide-

388 1417 454 1472 tis
480 1435 495 1472 :
521 1417 648 1472 illud
673 1429 758 1474 est
783 1419 1020 1474 terribile
1053 1435 1067 1472 :
1099 1419 1202 1474 hoc
1227 1420 1360 1474 nihil
1379 1429 1480 1480 est.
1510 1420 1562 1473 in
1586 1434 1774 1473 manus
1792 1419 1962 1473 homi-

386 1525 509 1564 num
532 1510 787 1566 incidere.
811 1510 1035 1577 Quando
1061 1510 1374 1576 viderimus,
1405 1510 1593 1581 inquit,
1617 1511 1846 1581 aliquem
1873 1509 1960 1564 hic

385 1603 598 1675 puniri,
643 1617 713 1658 ne
760 1605 1038 1658 timeamus
1066 1603 1350 1671 przesentia
1372 1642 1387 1666 ,
1415 1602 1508 1656 sed
1538 1611 1752 1671 preptcr
1771 1600 1955 1654 futura

383 1694 715 1749 horreamus.
753 1693 890 1748 Nam
913 1694 1192 1748 secundum
1222 1693 1618 1748 misericordiam
1644 1695 1772 1764 ejus,
1793 1695 1868 1746 ita
1907 1705 1956 1747 et

381 1789 455 1841 ira
479 1789 611 1858 ejus,
639 1797 688 1840 et
734 1804 888 1854 super
913 1796 1194 1854 peccatores
1219 1789 1486 1857 requiescet
1516 1791 1660 1857 furor
1687 1788 1797 1856 ejus
1821 1785 1951 1856 (Ec-

381 1883 461 1935 cli.
495 1882 548 1936 5.
580 1881 659 1950 ἵ).
702 1879 882 1935 Simul
909 1880 1071 1934 etiam
1101 1880 1244 1933 aliud
1265 1879 1353 1933 hic
1378 1880 1539 1933 tacite
1563 1879 1750 1932 innuit.
1786 1878 1949 1946 Mihi,

379 1972 568 2042 inquit,
581 1970 824 2034 vindicta,
839 1985 930 2040 ego
951 1980 1116 2022 autem
1132 1968 1400 2023 retribuam
1412 2011 1424 2022 .
1445 1968 1554 2022 lloc
1571 1968 1768 2022 dictum
1786 1968 1951 2023 estde

380 2063 605 2117 inimicis
621 2063 710 2132 qui
734 2062 874 2116 male
901 2061 1118 2123 faciunt,
1137 2075 1244 2113 non
1274 2059 1340 2114 de
1364 2059 1429 2113 iis
1453 2061 1544 2129 qui
1572 2059 1708 2112 male
1735 2058 1950 2128 patiun-

281 2183 286 2188 ε
379 2166 479 2208 tur.
512 2154 609 2208 llic
649 2154 810 2207 etiam
841 2167 935 2207 eos
976 2151 1284 2206 consolatur
1303 2151 1487 2205 dicens
1515 2149 1894 2220 propemodum
1928 2168 1943 2205 :

378 2248 639 2317 Perpetuo
671 2255 851 2300 manet
878 2246 1019 2300 Deus
1058 2254 1112 2299 et
1142 2244 1272 2298 vivit
1302 2262 1316 2299 :
1348 2244 1692 2313 quamobrem
1739 2243 1945 2297 etiamsi

375 2355 475 2394 non
498 2355 638 2394 nunc
660 2339 982 2409 receperint,
1017 2346 1201 2407 postea
1232 2337 1509 2406 recipient.
1543 2335 1685 2401 Illos,
1716 2352 1820 2389 non
1849 2351 1946 2392 nos

373 2441 576 2502 oportet
613 2431 963 2499 ingemiscere
992 2446 1005 2481 :
1037 2443 1159 2482 nam
1190 2443 1289 2482 nos
1327 2426 1542 2492 quidem
1570 2427 1864 2482 incidemus
1891 2429 1944 2482 in

372 2539 562 2577 manus
589 2522 821 2586 illorum,
840 2521 920 2574 illi
938 2531 1124 2574 autem
1155 2520 1208 2573 in
1236 2533 1424 2574 manus
1453 2520 1566 2573 Dei.
1591 2518 1772 2588 Neque
1800 2521 1943 2574 enim

370 2614 456 2682 qui
489 2628 677 2681 passus
700 2621 783 2666 est
801 2611 963 2674 male,
994 2610 1212 2680 patitur,
1241 2608 1335 2663 sed
1361 2609 1450 2678 qui
1477 2609 1634 2674 facit;
1660 2625 1832 2678 neque
1853 2611 1942 2680 qui

374 2703 627 2759 beneficio
643 2713 728 2757 est
742 2703 982 2768 affectus,
1001 2701 1252 2764 afﬁcitur,
1269 2699 1361 2754 sed
1377 2700 1465 2769 qui
1483 2698 1739 2754 beneficio
1755 2699 1939 2756 aflicit.

437 2795 623 2848 Contra
648 2811 827 2848 avaros
866 2803 912 2848 et
954 2794 1278 2862 pecuniarum
1307 2792 1536 2860 cupidos.
1562 2821 1633 2830 -—
1662 2791 1784 2845 litec
1814 2807 1941 2863 ergo

369 2902 488 2939 cum
514 2887 744 2941 sciamus
764 2928 780 2948 ,
810 2885 1106 2939 tolerantes
1129 2885 1296 2938 simus
1329 2882 1397 2937 ad
1438 2882 1572 2937 male
1597 2884 1936 2952 patiendum,

370 2978 598 3047 prompti
627 2977 692 3031 ad
731 2975 1196 3031 benefaciendum.
1228 2974 1352 3028 lianc
1379 2983 1556 3028 autem
1587 2984 1743 3028 erunt
1768 2975 1812 3030 si
1842 2991 1937 3045 pe-

363 3070 549 3124 cunias
577 3067 934 3138 despiciamus
969 3076 1023 3120 et
1059 3065 1321 3135 gloriam:
1353 3065 1442 3133 qui
1475 3065 1569 3118 has
1599 3064 1759 3118 animi
1804 3065 1936 3120 affe-

361 3161 567 3214 ctiones
589 3159 818 3222 exuerit,
843 3158 948 3213 erit
971 3156 1220 3212 omnibus
1236 3155 1544 3210 hominibus
1564 3155 1859 3222 liberalior,
1881 3165 1936 3212 et

360 3267 424 3304 eo
449 3253 565 3320 ipso
591 3250 682 3320 qui
725 3264 1010 3320 purpuram
1043 3247 1259 3302 indutus
1299 3256 1382 3302 est
1421 3246 1605 3302 ditior.
1637 3247 1752 3303 Non
1785 3248 1934 3304 vides

358 3355 485 3413 quot
506 3345 646 3398 mala
672 3343 800 3396 fiant
823 3349 1042 3412 preptcr
1068 3341 1361 3410 pecunias?
1390 3355 1494 3394 non
1519 3340 1639 3394 dico
1658 3357 1776 3410 qua:
1802 3341 1935 3395 tiu-nt

359 3444 576 3504 propter
599 3434 879 3488 avaritiam
907 3442 960 3488 et
995 3433 1143 3502 plura
1170 3432 1414 3486 habendi
1441 3431 1805 3501 cupiditatem,
1836 3432 1933 3487 sed

355 3542 475 3594 qute
504 3526 554 3579 iu
585 3525 700 3594 ipsa
729 3540 845 3594 quae
885 3541 948 3579 ex
981 3524 1045 3578 iis
1080 3523 1287 3578 exsistit
1311 3523 1590 3578 affectione
1616 3542 1627 3576 :
1659 3533 1715 3577 ut
1751 3539 1934 3578 exem-

356 3618 428 3687 pli
449 3633 634 3681 causa,
662 3617 707 3671 si
737 3616 1000 3686 quispiam
1031 3615 1269 3669 amiserit
1297 3615 1546 3683 pecunias
1567 3654 1582 3675 ,
1613 3614 1740 3666 vivit
1764 3613 1926 3666 vitam

357 3710 542 3778 quavis
579 3717 753 3762 morte
789 3691 1108 3778 graviorem.
1141 3706 1276 3772 Quid
1307 3705 1457 3760 doles
1478 3747 1492 3771 ,
1525 3719 1559 3759 ο
1589 3705 1767 3768 homo,
1802 3703 1929 3773 quid

357 3799 708 3870 lacrymaris?
748 3799 888 3868 quod
919 3807 968 3852 te
1005 3798 1145 3853 Deus
1179 3811 1210 3850 a
1253 3807 1642 3864 supervacanea
1693 3795 1931 3850 liberarii

357 3892 636 3947 custodia?
655 3891 796 3959 quod
817 3906 919 3944 non
937 3890 1124 3943 sedeas
1143 3897 1378 3942 tremens
1394 3898 1442 3941 et
1460 3887 1686 3940 timens?
1705 3886 1929 3954 Deinde,

359 3983 404 4037 si
428 3983 549 4052 quis
582 3993 634 4037 te
672 3983 902 4051 alligarit
928 3981 1204 4044 thesauro,
1229 3978 1423 4047 jubens
1453 3978 1562 4030 illic
1590 3976 1777 4031 sedere
1807 3991 1932 4045 per-

359 4085 521 4144 petuo
543 4085 598 4129 et
621 4075 839 4144 vigilare
879 4089 972 4143 pro
1004 4072 1224 4134 alienis,
1255 4070 1405 4125 doles
1446 4078 1500 4124 et
1525 4084 1666 4138 :cgre
1699 4068 1804 4121 fers
1832 4086 1844 4121 :
1879 4077 1934 4122 tu

360 4177 537 4222 autem
581 4181 704 4221 cum
749 4168 975 4235 teipsum
1025 4164 1259 4234 alligaris
1297 4161 1632 4232 gravissimis
1676 4159 1934 4226 vinculis,

361 4259 576 4327 quando
602 4273 631 4312 a
657 4260 913 4312 servitute
953 4257 1212 4310 liberatus
1241 4270 1318 4320 es,
1347 4253 1534 4307 doles?
1562 4253 1765 4306 Revera
1796 4250 1937 4314 anti-

363 4349 550 4418 cipata:
584 4347 852 4416 opinionis
895 4355 1019 4399 sunt
1053 4345 1270 4399 dolores
1309 4354 1360 4398 et
1400 4343 1585 4412 gaudia
1622 4360 1634 4395 :
1669 4351 1936 4410 tamquam

364 4442 505 4495 enim
532 4441 794 4494 habentes
815 4439 1007 4502 aliena,
1030 4438 1107 4490 sic
1133 4451 1223 4490 eas
1244 4435 1590 4489 custodimus.
1611 4433 1758 4487 Nunc
1777 4433 1938 4486 verba

364 4531 492 4585 mihi
517 4531 583 4584 ad
614 4530 884 4583 mulieres.
910 4527 1062 4596 Sa-pe
1092 4526 1248 4579 habet
1273 4526 1463 4578 iuulicr
1483 4524 1712 4589 aliquam
1737 4532 1938 4574 vestem

365 4639 431 4679 ex
462 4637 594 4677 auro
619 4629 919 4676 contextam
945 4657 961 4682 ,
996 4625 1052 4671 et
1077 4631 1192 4671 eam
1234 4619 1502 4676 concutit,
1546 4615 1652 4667 lino
1683 4612 1940 4676 involvit,

368 4716 656 4786 diligenter
693 4710 954 4776 custodit,
987 4706 1052 4763 de
1081 4723 1142 4762 ea
1186 4707 1336 4760 timet
1378 4714 1428 4760 et
1473 4719 1532 4760 ea
1565 4719 1668 4758 non
1711 4702 1940 4757 fruitur:

368 4815 459 4860 aut
488 4805 632 4860 enim
673 4801 922 4866 moritur,
969 4805 1061 4853 aut
1099 4797 1156 4851 fit
1194 4797 1382 4861 vidua;
1428 4806 1518 4850 aut
1560 4794 1767 4850 etiamsi
1812 4793 1942 4848 nihil

368 4899 561 4955 horum
592 4895 830 4958 accidat,
861 4893 1054 4946 timens
1085 4905 1152 4944 ne
1179 4889 1444 4959 frequenti
1473 4905 1568 4942 usu
1597 4903 1713 4942 eam
1752 4899 1941 4942 consu-

369 5006 554 5054 mens,
585 4990 818 5058 seipsam
845 4984 1048 5055 privet;
1088 4990 1142 5036 et
1185 4982 1227 5036 si
1267 4981 1404 5036 alius
1433 4997 1538 5034 non
1567 4979 1797 5042 auferat,
1841 4978 1945 5033 sei-

369 5097 519 5151 psam
541 5080 715 5150 privat
740 5074 1086 5146 parcimonia.
1114 5075 1183 5126 At
1212 5087 1329 5127 eam
1356 5072 1506 5126 alteri
1532 5069 1813 5125 concedit?
1839 5068 1942 5124 Sed

371 5187 542 5242 neque
564 5179 646 5224 est
668 5168 770 5223 hoc
794 5166 1050 5221 evidens:
1079 5164 1122 5217 si
1145 5172 1321 5217 autem
1350 5162 1698 5227 concesserit,
1723 5176 1784 5214 ea
1811 5174 1946 5228 quo-

371 5279 471 5333 que
498 5274 687 5316 rursus
713 5258 959 5312 similiter
993 5266 1191 5311 utetur.
1217 5255 1283 5308 Et
1309 5255 1352 5308 si
1379 5254 1655 5323 quisquam
1683 5259 1944 5306 scrutetur

370 5371 429 5411 ea
461 5369 581 5423 qum
607 5359 733 5404 sunt
757 5349 810 5403 in
837 5347 1038 5402 tedibus
1059 5387 1074 5410 ,
1104 5347 1338 5400 inveniet
1363 5353 1543 5398 vestes
1569 5345 1799 5397 maxime
1831 5356 1948 5410 pre-

371 5450 535 5501 tiosas
560 5452 615 5497 et
641 5442 742 5495 alia
783 5438 1049 5509 exquisita
1080 5437 1267 5507 majori
1297 5437 1496 5489 honore
1515 5434 1648 5496 coli,
1681 5445 1946 5504 tamquam

371 5537 619 5592 dominos
659 5532 966 5586 animatos:
1002 5544 1175 5599 neque
1214 5528 1356 5582 enim
1396 5527 1476 5581 eis
1510 5525 1722 5579 assidue
1763 5525 1945 5589 utitur,

371 5628 462 5681 sed
490 5627 644 5680 timet
665 5631 717 5679 et
741 5621 941 5687 tremit,
969 5620 1136 5675 tineas
1158 5628 1212 5674 et
1232 5617 1334 5671 alia
1359 5632 1477 5686 quae
1499 5615 1672 5669 solent
1691 5615 1950 5669 excedere

373 5718 614 5788 abigens,
643 5723 696 5768 et
723 5712 872 5784 plura
901 5727 1108 5781 ponens
1132 5711 1185 5764 in
1215 5707 1496 5778 unguentis
1523 5715 1574 5762 et
1603 5704 1948 5775 aromatibus,

1194 301 1267 354 1N
1309 304 1523 359 EPIST.
1567 306 1656 359 AD
1691 304 2055 363 HERREOS.
2097 309 2248 366 CAP.
2286 310 2354 369 Χ.
2396 314 2624 371 "ORDL.
2665 318 2782 374 XX.

3531 323 3628 378 146

2060 424 2232 481 neque
2261 416 2575 509 permittens
2611 422 2863 478 omnibus
2889 433 2951 481 ut
2984 440 3047 482 ea
3085 429 3298 488 illorum
3341 439 3512 494 oculis
3540 395 3644 509 pa:

2057 509 2221 566 tcant,
2251 503 2345 558 sed
2388 505 2498 574 ipsa
2529 525 2672 579 saepe
2695 526 2822 568 cum
2856 517 3048 574 marito
3073 535 3135 576 ea
3165 521 3450 595 diligenter
3476 503 3628 586 coin-

2052 605 2256 660 ponens
2281 602 2336 648 et
2363 598 2712 655 concinnans.

2142 697 2195 752 5.
2227 697 2415 752 Annon
2436 697 2574 766 iure,
2596 697 2682 752 die
2709 698 2860 764 mihi,
2891 699 3249 757 idololatriam
3275 704 3481 759 vocavit
3507 706 3653 762 Pau-

2070 787 2156 841 lus
2198 787 2474 840 avaritiam
2498 788 2521 840 l
2547 787 2714 855 Quem
2751 788 2892 842 enim
2926 790 3000 844 illi
3034 791 3288 849 honorem
3329 796 3649 853 exhibentes

2068 875 2259 941 idolis,
2290 892 2412 932 eum
2444 878 2530 932 isti
2555 894 2766 948 quoque
2793 882 3028 936 vestibus
3051 894 3105 938 et
3127 886 3327 942 aureis.
3357 888 3645 960 Quousque

2063 981 2278 1022 ctenum
2350 979 2630 1025 movemus
2657 971 2680 1024 ?
2749 986 3027 1042 quousque
3053 975 3165 1031 luto
3191 987 3245 1032 ct
3274 979 3525 1035 lateribus
3555 981 3628 1035 af-

2067 1055 2154 1109 flxi
2184 1071 2397 1111 sumus;
2449 1056 2598 1113 Sicut
2631 1058 2772 1114 enim
2810 1062 2886 1115 illi
2917 1063 3232 1121 laborabant
3262 1067 3635 1140 Egyptiorum

2066 1149 2210 1220 regi,
2243 1149 2312 1205 ita
2347 1150 2505 1204 etiam
2537 1166 2636 1206 nos
2662 1151 2966 1210 laboramus
2991 1156 3222 1220 diabolo,
3252 1171 3305 1214 et
3330 1162 3508 1231 ﬂagris
3533 1179 3640 1218 ca:-

2062 1241 2239 1296 dimur
2279 1242 2446 1296 multo
2473 1242 2828 1312 gravioribus.
2870 1246 2934 1300 Et
2973 1262 3040 1302 ne
3079 1264 3176 1318 per
3205 1249 3533 1321 hyperbolen
3583 1253 3633 1307 id

2060 1331 2258 1388 dictum
2287 1342 2442 1404 putes
2470 1352 2484 1392 :
2516 1345 2714 1405 quanto
2743 1337 2885 1390 enim
2915 1340 3091 1394 anima
3135 1350 3218 1396 est
3242 1358 3467 1412 corpore
3500 1360 3633 1412 pra:-

2057 1423 2304 1487 stantior,
2341 1433 2488 1480 tanto
2513 1425 2850 1495 gravioribus
2881 1443 3128 1484 curarum
3167 1431 3427 1486 vibicibus
3453 1433 3632 1502 ﬂagel-

2056 1513 2231 1566 lamur
2271 1515 2540 1582 quotidie,
2585 1515 2833 1570 timemus
2860 1517 3072 1575 solliciti
3099 1528 3154 1574 et
3177 1529 3489 1578 trementes.
3522 1522 3631 1579 Sed

2053 1603 2101 1658 si
2120 1603 2343 1658 velimus
2361 1605 2730 1674 ingemiscere,
2749 1621 2791 1660 St
2815 1607 3040 1664 velimus
3061 1609 3126 1663 ad
3152 1611 3316 1666 Deum
3333 1614 3622 1682 suspicere,

2054 1697 2214 1750 mittit
2236 1696 2302 1750 ad
2324 1710 2421 1751 nos
2449 1711 2554 1751 non
2586 1697 2845 1768 Moysem,
2875 1714 3047 1770 neque
3075 1703 3362 1768 Aaronem,
3390 1703 3485 1758 sed
3509 1719 3628 1759 ver-

2051 1789 2176 1844 bum
2203 1803 2354 1843 suum
2381 1792 2936 1860 etcompunctiouem.
2963 1793 2982 1847 1
2990 1808 3081 1862 pse
3098 1794 3262 1864 igitur
3281 1811 3402 1850 cum
3421 1797 3626 1852 venerit

2050 1889 2102 1934 et
2119 1879 2326 1934 animos
2347 1889 2560 1935 nostros
2580 1884 2940 1952 occupaverit,
2967 1884 3212 1940 liberabit
3232 1901 3329 1941 nos
3345 1888 3412 1942 ab
3430 1890 3622 1945 acerba

2049 1972 2306 2028 servitute
2325 2014 2341 2040 ,
2378 1972 2568 2029 educet
2595 1990 2691 2029 nos
2717 1990 2781 2031 ex
2809 1975 3044 2047 Egypto
3063 2019 3078 2043 ,
3109 1992 3140 2031 a
3167 1979 3344 2034 studio
3371 1981 3542 2035 inutili
3568 1991 3625 2037 et

2048 2065 2241 2120 frustra
2263 2066 2555 2133 laborante,
2586 2075 2640 2121 et
2659 2083 2688 2120 a
2708 2068 2966 2123 servitute
2979 2084 3104 2139 qua:
3129 2070 3259 2125 nihil
3282 2071 3441 2128 habet
3463 2073 3618 2129 lucri.

2046 2157 2220 2226 Atque
2254 2157 2327 2210 illi
2367 2157 2580 2227 quidem
2610 2167 2734 2212 sunt
2761 2160 2961 2228 egressi
2997 2161 3176 2216 aureis
3200 2164 3434 2232 acceptis
3477 2179 3620 2221 mer-

2043 2249 2174 2302 cede
2200 2247 2568 2303 azdificationis
2597 2268 2609 2302 :
2644 2263 2742 2305 nos
2777 2261 2956 2305 autem
2993 2252 3162 2306 nihilo
3187 2269 3200 2305 :
3231 2264 3390 2324 atque
3415 2256 3618 2312 utinam

2043 2338 2240 2392 nihilo!
2290 2353 2431 2392 nunc
2471 2354 2596 2393 vero
2637 2340 2928 2409 accipimus
2969 2357 3074 2396 non
3114 2359 3240 2398 vasa
3279 2359 3472 2413 aurea,
3521 2348 3618 2404 sed

2042 2431 2260 2502 Egypti
2287 2431 2445 2496 mala,
2479 2442 2694 2500 peccata
2723 2447 3012 2503 pinnasque
3037 2442 3092 2489 et
3119 2435 3394 2505 supplicia.
3429 2439 3614 2494 Disca-

2041 2539 2162 2578 mus
2187 2524 2345 2594 igitur
2385 2523 2664 2578 utilitatem
2695 2525 2968 2594 accipere,
3014 2526 3281 2582 discamus
3309 2527 3497 2598 injuria
3537 2529 3616 2584 af-

2040 2617 2152 2680 tici;
2193 2616 2294 2670 hoc
2324 2624 2407 2671 est
2439 2615 2726 2671 Christiani
2755 2633 2768 2668 :
2802 2617 3161 2687 despiciamus
3189 2629 3365 2675 vestes
3387 2635 3613 2689 aureas,

2037 2707 2395 2777 despiciamus
2423 2708 2703 2776 pecunias,
2734 2723 2802 2762 ne
2825 2719 3063 2764 nostram
3091 2709 3449 2780 deSpiciamus
3475 2713 3618 2767 salu.

2038 2808 2143 2853 tem
2171 2815 2184 2851 :
2218 2798 2577 2868 despiciamus
2597 2799 2873 2870 pecunias,
2907 2809 2963 2856 et
2991 2817 3096 2855 non
3119 2801 3476 2872 despiciamus
3501 2807 3618 2860 ani-

2036 2905 2174 2944 mam
2202 2908 2215 2944 :
2237 2905 2298 2945 ea
2320 2899 2400 2945 est
2421 2891 2563 2946 enim
2585 2906 2704 2960 quae
2727 2891 2962 2960 punitur,
2988 2907 3050 2946 ea
3068 2905 3156 2947 est
3175 2909 3294 2964 qua:
3311 2897 3614 2954 cruciatur:

2034 2981 2123 3035 illa
2145 2981 2287 3035 enim
2314 2979 2401 3036 hic
2421 2989 2660 3047 manent,
2684 2995 2746 3035 ea
2767 2995 2895 3034 vero
2920 2981 3048 3036 illuc
3067 2983 3203 3038 abit.
3229 2983 3325 3039 Dic
3345 2987 3496 3049 mihi,
3519 3003 3617 3042 cur

2035 3079 2088 3125 te
2116 3071 2343 3134 laceras.
2374 3081 2428 3126 et
2451 3086 2554 3126 non
2581 3069 2788 3126 sentis?
2815 3069 2939 3124 llznc
2963 3071 3084 3126 dico
3108 3073 3283 3128 avaris
3304 3115 3318 3139 ,
3338 3077 3430 3146 qui
3462 3077 3617 3147 plura

2040 3157 2266 3214 habendi
2295 3160 2539 3215 laborant
2580 3162 2855 3222 aviditate.
2896 3164 3102 3220 Bonum
3129 3174 3212 3221 est
3236 3166 3396 3222 etiam
3435 3169 3502 3222 iis
3529 3167 3616 3222 di-

2038 3263 2162 3306 cere
2197 3251 2284 3320 qui
2315 3250 2383 3306 ab
2413 3253 2586 3306 avaris
2624 3250 2942 3308 fraudantur
2977 3263 3034 3309 et
3074 3256 3569 3311 circumveniuntur
3594 3274 3613 3313 :

2040 3338 2174 3395 ferte
2211 3340 2420 3396 fortiter
2453 3341 2778 3398 detrimenta
2818 3345 2969 3400 vobis
3006 3345 3074 3400 ab
3105 3347 3284 3401 avaris
3312 3347 3511 3402 allata:
3539 3348 3616 3403 illi

2037 3429 2278 3499 seipsos,
2310 3447 2416 3487 non
2445 3449 2541 3488 vos
2578 3436 2846 3504 perimunt
2871 3453 2885 3488 :
2919 3453 3014 3491 vos
3039 3438 3251 3507 quidem
3276 3439 3488 3507 privam
3516 3453 3613 3507 pe-

2036 3521 2230 3590 cuniis,
2259 3537 2317 3577 se
2345 3533 2523 3579 autem
2553 3525 2644 3580 Dei
2671 3525 3039 3582 benevolentia
3067 3538 3117 3583 ct
3148 3529 3347 3583 auxilio
3371 3545 3385 3583 :
3418 3529 3504 3597 qui
3532 3538 3615 3584 est

2035 3623 2210 3667 autem
2252 3616 2338 3669 illa
2370 3617 2629 3683 nudatus,
2671 3618 2883 3674 etiamsi
2930 3622 3090 3675 totius
3118 3621 3265 3676 orbis
3291 3621 3366 3676 sit
3401 3621 3615 3676 divitias

2035 3705 2376 3774 Complexus,
2406 3715 2491 3762 est
2529 3709 2764 3763 omnium
2800 3711 3170 3779 pauperrimus
3203 3729 3218 3765 :
3266 3710 3614 3780 quemadmo-

2036 3798 2161 3852 dum
2195 3801 2566 3870 pauperrimus
2602 3801 2841 3856 omnium
2873 3804 2916 3857 si
2949 3804 3091 3857 lnmc
3135 3804 3356 3871 habeat,
3388 3813 3470 3859 est
3496 3819 3614 3859 om-

2036 3891 2180 3944 nium
2207 3891 2506 3946 ditissimus
2537 3911 2551 3946 :
2587 3893 2838 3948 Dominus
2870 3895 3045 3961 enim,
3079 3896 3284 3966 inquit,
3313 3897 3475 3964 pascit
3504 3913 3613 3965 me,

2034 3993 2080 4037 et
2111 3984 2240 4037 nihil
2265 3985 2390 4038 mihi
2432 3985 2589 4038 deerit
2619 3983 2789 4052 (Psal.
2816 3986 2906 4040 22.
2945 3988 3016 4057 1).
3049 3988 3145 4042 Dic
3173 3988 3300 4042 mihi
3323 4029 3337 4051 ,
3369 3989 3414 4042 si
3442 3989 3614 4043 virum

2038 4073 2233 4129 habeas
2253 4074 2482 4143 aliquem
2507 4091 2754 4144 magnum
2777 4086 2832 4132 et
2853 4077 3244 4144 admirabilem,
3274 4079 3364 4149 qui
3387 4087 3439 4134 te
3461 4079 3616 4134 valde

2033 4175 2196 4229 amet,
2223 4173 2278 4220 et
2307 4165 2382 4219 tui
2411 4178 2594 4220 curam
2617 4176 2799 4237 gerat;
2829 4168 3024 4223 deinde
3046 4169 3185 4224 scias
3209 4185 3329 4225 eum
3356 4180 3616 4241 perpetuo

2034 4257 2320 4324 victurum,
2351 4271 2450 4312 nec
2493 4267 2618 4312 ante
2667 4267 2719 4314 te
2777 4257 3120 4322 moriturum,
3171 4267 3224 4312 et
3283 4277 3404 4316 eum
3437 4264 3616 4317 omnia

2035 4349 2126 4404 tibi
2151 4348 2522 4418 prtebiturum,
2553 4358 2611 4405 ul
2635 4353 2715 4406 eis
2744 4367 2935 4407 secure
2961 4360 3229 4423 tamquam
3259 4354 3363 4408 tuis
3385 4339 3575 4408 fruaris
3600 4372 3613 4405 :

2033 4440 2269 4496 vellesnc
2298 4441 2496 4511 aliquid
2529 4441 2848 4511 possidere?
2880 4457 3002 4495 nam
3041 4443 3084 4496 si
3127 4444 3378 4497 omnibus
3419 4443 3616 4498 nudata

2033 4549 2200 4597 esses,
2231 4548 2408 4588 annon
2435 4533 2771 4589 existimares
2801 4542 2851 4589 te
2887 4535 3137 4590 ditiorem
3167 4534 3330 4590 esse?
3358 4534 3466 4589 Cur
3487 4550 3616 4605 ergo

2034 4627 2222 4697 luges?
2249 4627 2389 4696 quod
2421 4641 2524 4682 non
2569 4627 2766 4682 habeas
2807 4627 3101 4698 pecunias?
3138 4627 3234 4683 sed
3260 4627 3431 4698 cogita
3471 4627 3617 4698 quod

2037 4717 2130 4773 tibi
2168 4717 2239 4773 sit
2278 4717 2451 4773 ablata
2485 4729 2826 4788 peccatorum
2857 4719 3093 4775 occasio.
3124 4721 3194 4774 At
3234 4719 3375 4790 quod
3406 4719 3479 4774 sis
3508 4721 3620 4790 pri-

2035 4819 2154 4865 vata
2181 4808 2560 4865 facultatibus?
2589 4810 2682 4866 scd
2705 4809 3033 4881 acquisivisti
3058 4811 3149 4865 Dei
3169 4809 3615 4869 benevolentiam.

2035 4901 2103 4956 Et
2127 4900 2417 4972 quomodo,
2452 4901 2653 4972 inquit,
2691 4903 2982 4972 acquisivi?
3013 4902 3194 4969 Dixit,
3220 4901 3323 4956 Cur
3348 4919 3449 4957 non
3478 4904 3619 4976 inju-

2033 4995 2164 5047 riam
2186 4992 2458 5061 patimini?
2485 4993 2638 5057 dixit,
2676 4991 2743 5046 In
2764 4994 2994 5046 omnibus
3019 4993 3212 5063 gratias
3232 4994 3364 5065 agite
3391 4996 3467 5064 (1.
3497 4993 3614 5050 Cor.

2037 5085 2090 5140 6.
2117 5085 2171 5149 7;
2205 5084 2256 5138 1.
2290 5081 2464 5138 Thess.
2497 5084 2550 5138 5.
2585 5084 2676 5152 l8)
2708 5101 2720 5138 :
2751 5083 2915 5148 dixit,
2961 5083 3106 5137 Beati
3145 5101 3394 5156 pauperes
3436 5085 3620 5156 spiritu

2037 5173 2261 5245 (Matth.
2296 5173 2348 5228 5.
2382 5172 2459 5244 5).
2502 5173 2687 5244 Cogita
2730 5173 2889 5244 igitur
2915 5185 3110 5244 quanta
3155 5175 3348 5231 frueris
3383 5177 3619 5230 benevo-

2038 5266 2198 5320 lentia
2220 5305 2234 5330 ,
2265 5263 2311 5318 si
2341 5279 2402 5318 ea
2437 5279 2531 5334 per
2561 5263 2698 5318 facta
2727 5265 3046 5319 ostenderis.
3076 5265 3208 5322 Nam
3244 5283 3404 5321 unum
3444 5266 3620 5322 solum

2038 5357 2294 5427 quaeritur
2319 5371 2347 5408 a
2377 5354 2553 5422 nobis,
2584 5365 2640 5410 ut
2669 5357 2718 5410 in
2748 5355 2998 5412 omnibus
3021 5357 3127 5413 Deo
3154 5373 3372 5430 agamus
3397 5358 3616 5428 gratias,

2039 5458 2094 5503 et
2123 5446 2299 5501 omnia
2332 5444 2646 5501 habebimus
2674 5446 2897 5502 affatim.
2931 5448 3170 5518 Exempli
3207 5464 3394 5514 causa,
3432 5449 3619 5504 Pcrdio

2040 5539 2162 5593 disti
2188 5536 2365 5592 decies
2393 5536 2538 5591 mille
2567 5537 2731 5592 libras
2757 5537 2915 5593 auri?
2940 5538 3218 5594 confestim
3251 5540 3359 5594 Deo
3387 5556 3482 5610 age
3502 5555 3620 5609 gra-

2044 5633 2165 5698 tias,
2197 5637 2252 5685 ct
2276 5627 2600 5698 acquisivisti
2632 5629 2834 5684 centies
2857 5629 3002 5684 mille
3027 5628 3190 5684 libras
3216 5645 3310 5700 per
3342 5646 3522 5684 vocem
3554 5630 3615 5683 il-

2044 5721 2146 5777 lam
2177 5729 2226 5777 ct
2256 5718 2546 5791 gratiarum
2590 5720 2876 5777 actionem.
2910 5719 3041 5775 Nam
3086 5719 3170 5777 die
3215 5721 3340 5776 mihi
3362 5765 3376 5792 ,
3409 5722 3620 5794 quando
