4088 6204
495 298 596 352 147

458 425 568 502 iob
607 427 819 483 beatum
857 421 1212 496 pronuntias?
1239 420 1452 492 quando
1474 419 1658 476 habuit
1685 429 1762 474 tot
1787 419 2044 484 camelos,

468 531 548 577 tot
574 535 767 592 greges
811 529 866 574 et
905 525 984 572 tot
1012 525 1292 581 armenta;
1340 530 1410 568 an
1446 513 1659 584 quando
1690 512 1831 566 illam
1875 512 2052 567 emisit

467 629 676 678 vocem,
705 610 954 664 Dominus
983 608 1141 672 dedit,
1172 606 1420 661 Dominus
1443 605 1648 660 abstulit
1677 604 1798 673 (Job
1845 605 1894 658 Ι.
1922 602 2050 672 2|)?

469 705 679 759 Etenim
707 702 952 756 diabolus
979 709 1263 770 propterea
1292 713 1390 753 nos
1415 697 1614 752 damno
1638 695 1831 761 afﬁcit,
1860 710 1965 750 non
1994 703 2052 749 ut

467 797 673 853 auferat
717 795 1007 864 pecunias;
1059 792 1159 846 scit
1203 791 1346 846 enim
1386 806 1480 846 eas
1522 789 1654 844 nihil
1693 804 1845 852 esse;
1877 788 1968 844 sed
1997 796 2052 842 ut

471 903 565 959 per
580 903 642 940 ea
666 899 764 939 nos
783 893 937 954 cogat
959 884 1138 938 dicere
1160 881 1360 950 aliquid
1383 877 1774 949 blaSphemum.
1798 879 1870 933 Ita
1891 879 2052 933 etiam

471 980 523 1037 in
551 979 708 1034 beato
736 977 838 1032 Job
866 992 972 1030 non
1007 976 1107 1028 hoc
1139 975 1312 1028 solum
1342 972 1594 1028 studebat
1622 980 1678 1025 ut
1706 985 1827 1025 eum
1857 970 2053 1024 faceret

472 1085 792 1142 pauperem,
841 1069 935 1124 sed
980 1068 1144 1123 etiam
1192 1075 1248 1121 ut
1294 1065 1599 1122 enuntiaret
1643 1062 2047 1132 blasphemiam.

469 1161 692 1230 Quando
715 1161 858 1216 enim
880 1159 1130 1213 omnibus
1159 1173 1280 1211 eum
1308 1155 1530 1211 nudavit
1550 1196 1566 1222 ,
1597 1154 1720 1209 vide
1742 1153 1867 1224 quid
1895 1153 1941 1208 ei
1964 1153 2018 1206 di
2037 1180 2049 1191 -

465 1264 554 1311 cat
586 1271 680 1325 per
720 1267 938 1308 uxorem
964 1268 976 1304 :
1005 1249 1102 1304 Dic
1134 1249 1330 1319 aliquid
1357 1248 1597 1302 adversus
1634 1246 1800 1300 Deum
1820 1287 1834 1311 ,
1867 1253 1912 1299 et
1937 1261 2049 1298 mo-

465 1361 592 1400 rere.
624 1344 818 1414 Atqui,
851 1359 884 1396 o
925 1341 1290 1402 cxsecrande,
1331 1355 1454 1394 eum
1499 1335 1741 1408 spoliasti
1779 1335 2047 1390 omnibus.

464 1438 570 1494 Sed
601 1452 703 1491 non
734 1437 798 1490 ad
831 1435 952 1499 hoc,
974 1434 1164 1504 inquit,
1187 1433 1446 1501 ponebam
1470 1430 1703 1485 studium
1735 1448 1748 1484 :
1777 1445 1898 1482 nam
1929 1443 2049 1497 pro-

465 1538 584 1600 pter
608 1527 748 1599 quod
775 1526 954 1582 omnia
984 1524 1103 1590 feci,
1126 1524 1175 1578 id
1207 1522 1442 1578 nondum
1471 1521 1700 1587 confeci,
1728 1530 1784 1574 ut
1805 1534 1924 1573 eum
1956 1517 2048 1573 Dei

465 1620 720 1676 nudarem
747 1617 945 1672 auxilio
975 1633 986 1668 :
1013 1623 1295 1686 propterea
1322 1627 1442 1668 eum
1469 1613 1629 1666 etiam
1655 1610 1849 1664 nudavi
1881 1625 2047 1679 pecu-

463 1712 584 1766 niis.
603 1711 715 1764 Hoc
741 1718 822 1762 est
849 1707 989 1777 quod
1016 1706 1170 1769 volo;
1206 1703 1331 1757 illud
1359 1713 1535 1757 autem
1565 1701 1698 1755 nihil
1727 1710 1807 1755 est
1835 1719 1848 1755 :
1872 1702 1915 1754 si
1948 1700 2047 1758 hoc

463 1819 568 1856 non
598 1801 770 1863 adsit,
799 1814 904 1853 non
930 1798 1101 1852 solum
1131 1796 1276 1851 nulla
1304 1794 1522 1850 affectus
1570 1801 1668 1848 est;
1707 1792 1922 1862 injuria,
1952 1791 2047 1847 sed

460 1894 620 1948 etiam
651 1891 702 1945 id
728 1891 776 1945 ei
810 1889 1025 1959 profuit.

530 1985 604 2055 4._
625 1980 784 2038 Vides
809 1981 951 2052 quod
977 1981 1112 2034 sciat
1138 1980 1311 2033 malus
1336 1977 1426 2032 ille
1449 1977 1660 2031 dasmon
1689 1983 1947 2045 quantum
1977 1973 2045 2030 sit

457 2077 574 2146 ejus
594 2076 670 2130 rei
692 2073 984 2129 damnum?
1005 2071 1130 2127 Ideo
1155 2071 1307 2124 vides
1324 2084 1449 2124 eum
1475 2083 1570 2138 per
1590 2082 1811 2122 uxorem
1835 2076 2045 2122 struere

458 2167 697 2222 insidias.
750 2166 944 2220 Audite
991 2171 1256 2233 quotquot
1308 2161 1516 2216 habetis
1561 2175 1758 2214 uxores
1801 2159 2044 2228 pecunia:

456 2267 721 2321 amantes,
749 2266 802 2311 et
827 2269 922 2309 vos
943 2262 1197 2323 cogentes
1223 2253 1275 2306 in
1308 2252 1472 2305 Deum
1502 2249 1876 2319 blasphemare
1907 2267 1921 2303 :
1951 2264 2041 2304 re-

455 2350 750 2406 cordemini
777 2349 919 2404 Jobi.
951 2347 1056 2403 Sed
1087 2345 1364 2400 videamus
1389 2344 1504 2414 ejus
1533 2345 1753 2397 multam
1774 2385 1789 2409 ,
1816 2343 1863 2398 si
1889 2342 2040 2398 vide-

456 2451 565 2508 tur,
594 2439 1058 2496 mansuetudinem
1081 2479 1096 2502 ,
1126 2452 1228 2506 qua
1255 2435 1372 2506 ejus
1397 2450 1460 2490 os
1485 2434 1771 2488 obstruxit.
1806 2433 1926 2499 Cur,
1961 2434 2042 2487 in-

454 2533 606 2598 quit,
649 2531 787 2586 velut
825 2547 929 2583 una
958 2544 1020 2582 ea:
1061 2527 1415 2594 insipientibus
1444 2525 1740 2578 mulieribus
1768 2524 1838 2577 ita
1876 2541 1929 2579 es
1956 2525 2038 2578 Io-

453 2633 610 2689 quuta
641 2622 802 2692 (Job.
845 2620 901 2674 2.
931 2619 1062 2691 i0)?
1090 2618 1294 2674 Revera
1325 2615 1665 2685 Corrumpunt
1690 2615 1847 2668 bonos
1877 2629 2039 2668 mores

452 2715 706 2786 colloquia
747 2729 903 2783 prava
942 2711 1040 2784 (l.
1089 2709 1207 2766 Cor.
1242 2710 1329 2764 15.
1370 2708 1481 2778 53)
1513 2723 1527 2759 :
1571 2721 1784 2776 semper
1822 2705 2034 2776 quidem

453 2817 620 2873 certe,
652 2806 884 2860 maxime
906 2813 1084 2859 autem
1112 2804 1162 2856 in
1187 2799 1610 2862 calamitatibus;
1643 2811 1766 2852 tunc
1785 2799 1874 2867 qui
1897 2797 2036 2852 mala

452 2899 713 2965 suadent,
745 2899 850 2952 vim
884 2897 1099 2950 habent.
1130 2894 1262 2949 Nam
1293 2894 1336 2946 si
1376 2893 1589 2946 animus
1611 2907 1678 2945 ex
1717 2906 1777 2945 se
1804 2894 1934 2944 satis
1964 2892 2038 2945 sit

451 2999 728 3058 promptus
744 2989 810 3044 ad
832 2987 1248 3057 indtgnationem
1271 2995 1326 3039 et
1346 2983 1635 3047 fastidium,
1653 2991 1851 3051 quanto
1868 2982 2035 3052 magis

449 3083 664 3151 quando
693 3090 778 3136 est
818 3081 977 3136 etiam
1005 3079 1094 3150 qui
1117 3076 1390 3133 consulit?
1419 3090 1596 3129 annon
1621 3074 1935 3129 detnrbatur
1960 3072 2027 3128 ad

450 3171 758 3226 barathrum
771 3171 794 3225 τ
807 3171 1052 3241 Magnum
1069 3169 1270 3223 bonum
1286 3175 1368 3222 est
1383 3165 1598 3231 mulier,
1619 3166 1756 3220 sicut
1771 3173 1853 3219 est
1872 3165 2032 3219 etiam

445 3267 696 3323 magnum
726 3259 944 3313 malum.
976 3260 1039 3314 Et
1066 3260 1189 3315 vide
1228 3261 1493 3314 undenam
1524 3258 1634 3312 vult
1674 3257 1864 3313 fortem
1908 3274 2032 3314 mu-

444 3357 564 3398 rum
595 3346 892 3414 perfodere.
919 3348 1035 3402 Non
1063 3364 1186 3403 eum
1224 3358 1492 3418 expugnat
1531 3347 1768 3419 pecuniae
1789 3350 2027 3417 amissio,

446 3435 580 3490 nihil
609 3452 858 3506 magnum
884 3437 1064 3493 effecit
1091 3438 1194 3494 hoc
1219 3438 1497 3505 damnum,
1525 3439 1618 3494 sed
1647 3439 1841 3494 frustra
1869 3439 2030 3495 etiam

443 3527 771 3597 arguebatur
785 3528 1004 3595 dixisse,
1029 3529 1089 3584 Si
1110 3546 1210 3582 non
1233 3529 1282 3582 in
1310 3529 1491 3601 facient
1518 3529 1769 3583 benedicet
1790 3529 1876 3582 tibi
1907 3528 2028 3599 (Job

448 3617 502 3672 l.
535 3618 666 3688 ll):
699 3618 822 3674 ideo
861 3634 1083 3674 uxorem
1124 3621 1309 3673 centra
1356 3634 1478 3674 eum
1517 3629 1709 3673 armat.
1744 3618 1900 3674 Vides
1926 3633 2033 3688 quo

447 3712 721 3782 spirabat?
743 3712 849 3768 Sed
883 3711 1012 3768 nihil
1044 3713 1116 3767 illi
1147 3712 1262 3769 hinc
1292 3712 1537 3768 machina
1569 3711 1786 3782 profuit.
1819 3711 1876 3766 Si
1905 3726 2032 3781 ergo

447 3817 548 3858 nos
581 3818 792 3874 quoque
826 3814 979 3875 grato
1014 3805 1195 3860 animo
1221 3803 1480 3869 feramus,
1520 3819 1583 3859 ea
1613 3805 1774 3860 etiam
1804 3802 2033 3872 recipie-

447 3907 607 3958 mus;
638 3905 696 3949 et
718 3895 760 3949 si
791 3910 894 3949 non
925 3896 1318 3967 receperimus,
1349 3895 1522 3965 major
1557 3895 1662 3950 erit
1690 3910 1916 3950 merces.
1944 3896 2032 3950 Sic

446 3983 502 4036 in
523 3983 804 4040 adamante
834 3987 927 4040 illo
954 3988 1146 4042 factum
1175 3997 1258 4042 est
1282 4004 1295 4041 :
1324 3987 1538 4056 quando
1570 3987 1712 4042 enim
1740 3987 1950 4042 fortiter
1979 3997 2034 4042 ct

445 4081 666 4127 strenue
686 4074 1006 4140 decertavit,
1043 4086 1168 4133 tunc
1186 4080 1346 4132 etiam
1380 4079 1497 4131 haec
1529 4079 1575 4131 ei
1604 4079 1786 4132 dedit:
1821 4079 2031 4142 quando

1236 302 1292 358 S.
1333 299 1610 358 JOANNIS
1645 296 2112 356 CHRYSOSTOMI
2173 296 2488 352 ARCHIEP.
2529 296 3060 355 CONSTANTINOI‘.

3621 285 3722 344 H8

2159 402 2395 458 ostendit
2423 403 2662 470 diabolo,
2691 405 2866 477 ipsum
2894 423 3000 462 non
3030 406 3154 464 ideo
3180 406 3347 463 Deum
3373 408 3579 477 colere,
3614 419 3740 466 tunc

2159 493 2409 548 reddidit.
2444 495 2540 549 Est
2574 497 2716 551 enim
2759 497 3063 568 bujusmodi
3095 516 3109 551 :
3149 497 3361 568 quando
3405 498 3595 555 viderit
3640 515 3738 556 nos

2159 600 2263 640 non
2286 600 2406 642 esse
2427 585 2618 642 afﬁxos
2636 589 2702 644 iis
2723 607 2842 660 qua:
2867 590 2932 644 ad
2957 591 3094 646 hanc
3113 591 3272 645 vitam
3298 592 3584 661 pertinent,
3615 601 3738 649 tunc

2159 677 2312 733 nobis
2348 694 2410 732 ea
2440 679 2531 733 dat
2560 697 2574 734 :
2608 682 2822 750 quando
2854 682 3045 736 viderit
3075 697 3173 736 nos
3205 683 3458 752 praeferre
3487 683 3738 753 spiritua-

2156 768 2246 832 lia,
2273 776 2399 823 tunc
2421 771 2581 824 etiam
2613 771 2814 840 praebet
2839 774 3105 835 carnalia;
3137 789 3240 828 non
3267 784 3442 828 autem
3471 774 3638 844 prius,
3672 790 3738 831 ne

2156 858 2538 928 abrumpamur
2566 877 2596 915 a
2635 863 3021 932 spiritualibus.
3067 863 3231 918 Nobis
3277 865 3438 934 igitur
3482 881 3734 934 parcens,

2157 964 2264 1004 non
2294 951 2384 1005 dat
2407 953 2636 1006 carnalia
2659 994 2674 1019 ,
2705 962 2763 1007 nt
2788 955 2868 1008 vel
2894 955 3090 1008 invitos
3120 955 3188 1008 ab
3215 955 3280 1009 iis
3308 956 3556 1012 abducat.
3580 957 3694 1013 Non
3715 1000 3733 1028 ,

2154 1041 2353 1109 inquit;
2382 1042 2474 1096 sed
2498 1043 2541 1097 si
2563 1057 2844 1112 accepero,
2869 1045 3106 1114 repleor,
3134 1052 3190 1100 et
3210 1047 3376 1115 magis
3393 1061 3492 1117 ago
3513 1051 3730 1118 gratias.

2153 1132 2368 1188 Falsum
2400 1143 2514 1198 est,
2560 1150 2593 1189 ο
2631 1137 2790 1190 homo
2820 1155 2834 1192 :
2869 1146 2994 1193 tunc
3027 1138 3169 1192 enim
3196 1153 3255 1192 es
3281 1140 3448 1209 magis
3473 1154 3657 1194 socors
3682 1149 3737 1197 et

2152 1223 2394 1294 ignavus.
2425 1224 2560 1291 Quid
2586 1234 2789 1292 autem,
2820 1228 3010 1297 inquit,
3039 1229 3180 1298 quod
3206 1229 3298 1283 dat
3329 1230 3554 1284 multis?
3584 1230 3734 1288 Unde

2150 1324 2361 1370 constat
2385 1315 2526 1384 quod
2559 1316 2674 1385 ipse
2699 1315 2830 1371 dat?
2870 1317 2974 1374 Sed
3005 1319 3159 1388 quis,
3193 1319 3399 1389 inquit,
3430 1318 3522 1373 dat
3549 1321 3721 1376 alius?

2149 1405 2350 1462 Eorum
2396 1408 2617 1462 avaritia
2663 1417 2717 1464 et
2759 1412 2965 1480 rapina.
3011 1412 3291 1479 Quomodo
3333 1428 3462 1483 ergo
3489 1414 3734 1472 concedit

2148 1499 2266 1554 haec
2295 1499 2443 1554 fieri?
2466 1500 2620 1556 Sicut
2645 1502 2846 1558 caedem
2866 1544 2880 1567 ,
2911 1502 3047 1558 furta
3069 1544 3086 1569 ,
3115 1515 3170 1560 et
3210 1506 3315 1558 vim
3340 1521 3458 1575 qua:
3485 1506 3728 1562 infertur.

2149 1591 2286 1660 Quid
2313 1608 2461 1659 vero,
2489 1594 2678 1664 inquit,
2704 1595 2772 1648 de
2797 1596 2862 1649 iis
2883 1595 3019 1650 dicis
3037 1597 3178 1666 quia
3207 1598 3444 1667 patribus
3464 1600 3732 1668 accipiunt

2149 1683 2522 1749 hereditatem,
2552 1686 2652 1754 ipsi
2673 1688 2853 1741 referti
2879 1689 3033 1742 malis
3055 1689 3574 1745 innumerabilibus?
3601 1707 3731 1761 quo-

2145 1775 2328 1840 modo,
2358 1775 2550 1845 inquit,
2579 1777 2706 1829 sinit
2725 1792 2818 1831 eos
2847 1777 2985 1832 Deus
3008 1778 3113 1834 illis
3138 1779 3278 1834 frui?
3307 1781 3456 1836 Sicut
3482 1790 3536 1835 et
3563 1781 3728 1850 fures,

2146 1874 2202 1919 et
2227 1879 2320 1920 eos
2347 1866 2435 1934 qui
2463 1865 2638 1921 cmdcs
2665 1865 2866 1921 faciunt
2889 1909 2904 1935 ,
2935 1877 2990 1922 et
3017 1879 3244 1924 cteteros
3274 1871 3545 1926 maleficos
3577 1889 3590 1925 :
3621 1887 3728 1928 non

2139 1946 2229 2013 est
2251 1956 2396 2012 enim
2425 1973 2566 2012 nunc
2595 1967 2804 2028 tempus
2825 1960 3036 2030 judieii,
3069 1963 3161 2017 sed
3192 1965 3408 2032 Optima:
3434 1965 3556 2019 vita:
3579 1961 3728 2020 insti-

2147 2047 2392 2104 tutionis.
2437 2049 2590 2115 Quod
2633 2060 2812 2105 autem
2854 2051 2964 2120 jam
3010 2051 3149 2118 dixi,
3199 2052 3302 2108 hoc
3331 2069 3542 2124 quoque
3589 2071 3727 2112 nunc

2143 2138 2266 2194 dico
2290 2155 2303 2191 :
2336 2138 2411 2193 illi
2441 2139 2671 2209 majores
2693 2140 2895 2194 dabunt
2919 2157 3125 2211 poenas,
3149 2144 3364 2212 quando
3388 2147 3549 2200 etiam
3573 2147 3726 2202 benis

2141 2230 2390 2285 omnibus
2420 2231 2704 2301 perceptis,
2739 2246 2804 2286 ne
2832 2233 2910 2287 sic
2950 2234 3164 2303 quidem
3196 2236 3423 2290 evadant
3455 2237 3735 2292 meliores.

2150 2332 2263 2388 Non
2289 2333 2432 2387 enim
2455 2347 2642 2388 omnes
2661 2331 2911 2388 similiter
2937 2332 3249 2401 punientur,
3276 2331 3370 2388 sed
3394 2330 3429 2386 ii
3458 2331 3548 2402 qui
3575 2331 3734 2387 etiam

2149 2431 2272 2492 post
2313 2431 2530 2492 accepta
2569 2422 2825 2478 beneficia
2858 2422 2983 2476 mali
3026 2431 3282 2486 manent,
3313 2423 3482 2493 magis
3525 2421 3734 2476 crucia-

2149 2511 2381 2578 buntur;
2410 2515 2498 2584 qui
2524 2523 2704 2569 autem
2735 2516 2786 2568 in
2818 2521 3132 2584 paupertate
3151 2554 3165 2579 ,
3199 2529 3305 2568 non
3346 2514 3439 2567 ita.
3465 2512 3614 2580 Quod
3641 2527 3734 2565 au-

2152 2612 2257 2658 tem
2293 2605 2362 2658 ita
2387 2605 2494 2670 sit,
2530 2605 2654 2659 audi
2693 2605 2818 2676 quid
2858 2605 3000 2660 dicat
3031 2605 3211 2659 Davidi
3239 2624 3252 2660 :
3285 2605 3472 2658 Nonne
3500 2605 3619 2658 dedi
3646 2604 3734 2657 tibi

2149 2695 2319 2748 omnia
2347 2695 2539 2750 domini
2565 2698 2638 2750 tui
2668 2696 2745 2768 (2.
2774 2695 2904 2768 Reg.
2930 2696 3016 2752 12.
3049 2696 3150 2768 8)?
3177 2695 3397 2764 Quando
3423 2711 3552 2765 ergo
3579 2694 3733 2749 vide-

2152 2791 2226 2846 ris
2244 2788 2493 2858 juvenem
2519 2792 2722 2861 absque
2749 2791 3020 2845 laboribus
3051 2800 3326 2860 paternam
3353 2788 3626 2857 accepisse
3650 2786 3738 2842 he-

2149 2878 2429 2936 reditatem
2451 2922 2467 2948 ,
2500 2890 2555 2936 et
2585 2882 2846 2937 mansisse
2890 2882 3086 2937 malum
3108 2923 3125 2950 ,
3157 2891 3305 2937 certo
3331 2881 3471 2936 scias
3509 2879 3653 2949 quod
3685 2879 3734 2933 ei

2147 2981 2406 3040 augeatur
2433 2987 2610 3041 poena,
2645 2973 3033 3028 et‘intendatur
3057 2973 3344 3028 cruciatus.
3377 2971 3455 3027 Ne
3481 2971 3581 3026 hos
3605 2985 3734 3041 ergo

2148 3062 2486 3128 aemulemur,
2520 3063 2612 3117 sed
2659 3064 2702 3117 si
2751 3063 3013 3134 quispiam
3057 3064 3384 3119 successerit
3421 3063 3641 3124 virtuti,
3686 3061 3734 3116 si

2143 3151 2270 3218 quis
2289 3154 2598 3225 acquisierit
2617 3154 2828 3210 divitias
2851 3155 3155 3226 spirituales
3183 3173 3199 3210 :
3245 3154 3330 3209 γω
3359 3155 3510 3217 enim,
3540 3153 3730 3222 inquit,

2149 3256 2215 3314 iis
2247 3258 2333 3327 qui
2371 3258 2632 3329 conﬁdunt
2662 3261 2717 3312 in
2755 3259 2860 3313 suis
2897 3257 3120 3324 divitiis;
3150 3265 3237 3321 et,
3279 3255 3424 3309 Beati
3451 3256 3538 3322 qui
3564 3255 3736 3310 timent

2153 3350 2432 3406 Dominum
2481 3352 2500 3422 (
2527 3351 2671 3405 Psal.
2702 3351 2792 3406 48.
2823 3350 2873 3405 7.
2902 3360 2951 3404 et
2983 3350 3105 3404 127.
3135 3350 3214 3419 1).
3247 3349 3323 3402 Ex
3365 3349 3557 3417 quibus
3580 3386 3596 3412 ,
3647 3346 3736 3402 dic

2153 3442 2285 3498 mihi
2308 3487 2322 3511 ,
2351 3449 2432 3499 vis
2461 3446 2616 3501 esse?
2644 3445 2719 3498 Es
2764 3443 2829 3498 iis
2855 3451 3006 3498 certe
3034 3441 3128 3513 qui
3153 3441 3298 3498 beati
3325 3441 3594 3496 dicuntur.
3630 3438 3737 3495 llos

2155 3551 2283 3608 ergo
2320 3537 2594 3600 azmnlare,
2629 3552 2734 3592 non
2763 3537 2912 3602 illos,
2943 3548 3003 3591 ut
3033 3537 3194 3590 etiam
3225 3533 3572 3603 consequaris
3599 3532 3735 3586 bona

2156 3645 2277 3700 qua:
2319 3638 2446 3684 sunt
2489 3630 2568 3684 eis
2611 3630 2891 3696 reposita:
2939 3644 3061 3698 qua:
3102 3628 3260 3683 detur
3289 3627 3442 3682 nobis
3489 3625 3738 3681 omnibus

2156 3723 2446 3792 consequi,
2478 3722 2646 3792 gratia
2678 3730 2730 3776 et
2769 3721 3095 3792 benignitate
3140 3719 3352 3774 Domini
3398 3718 3568 3774 nostri
3612 3717 3737 3772 Jesu

2156 3813 2376 3878 Christi,
2403 3829 2523 3869 cum
2549 3829 2655 3884 quo
2679 3813 2823 3868 Patri
2846 3829 2952 3866 una
2976 3827 3097 3868 cum
3119 3821 3305 3866 sancto
3328 3810 3526 3880 Spiritu
3547 3808 3735 3879 gloria,

2161 3906 2470 3976 imperium,
2512 3906 2706 3971 honor,
2740 3918 2880 3959 nunc
2909 3913 2964 3958 et
2988 3918 3224 3974 semper,
3253 3910 3308 3958 et
3338 3902 3391 3956 in
3419 3899 3612 3956 szecula
3638 3913 3737 3953 ste-
3768 3959 3794 3972 κ

2158 3999 2422 4054 culorum.
2453 3999 2644 4051 Amen.

1863 4238 2193 4300 HOMILIA
2235 4239 2414 4301 XXI.

452 4414 581 4471 CAP.
613 4413 702 4470 10.
729 4429 784 4468 v.
817 4411 909 4468 52.
942 4408 1370 4466 Remeutoramini
1411 4416 1580 4461 autem
1624 4405 1863 4476 pristinos
1892 4405 1997 4460 dies
2022 4446 2036 4470 ,

523 4508 578 4560 in
612 4505 789 4574 quibus
824 4503 1117 4568 illuminati,
1148 4516 1391 4571 magnum
1435 4506 1687 4551 certamen
1733 4495 2040 4551 sustinuistis

519 4597 850 4668 passionum:
871 4595 962 4650 55.
987 4603 1035 4647 et
1061 4593 1115 4646 in
1142 4592 1301 4646 altero
1332 4589 1534 4658 quidem
1560 4586 1846 4659 approbriis
1873 4596 1918 4640 et
1950 4585 2040 4639 tri-

525 4687 866 4745 bulationibus
895 4684 1240 4756 spectaculum
1267 4683 1392 4753 {acti
1417 4722 1430 4746 ,
1463 4682 1516 4734 in
1539 4681 1699 4735 altero
1724 4688 1889 4732 autem
1916 4677 2040 4731 socii

522 4783 690 4836 taliter
709 4776 1107 4835 concertantium
1133 4773 1318 4841 effecti.
1347 4773 1437 4827 ⁸54.
1465 4770 1606 4825 Nam
1633 4781 1680 4826 et
1704 4770 1880 4825 vinctis
1903 4785 2039 4824 com-

526 4874 662 4943 passi
693 4874 829 4936 estis,
855 4880 900 4925 et
927 4869 1164 4939 rapinam
1193 4865 1439 4920 bonorum
1466 4871 1744 4919 vestrorum
1773 4878 1887 4916 cum
1915 4878 2041 4933 gau-

527 4965 612 5018 dio
641 4964 933 5033 suscepistis
955 5003 970 5028 ,
999 4969 1354 5033 cognoscentes
1382 4974 1468 5012 vos
1497 4956 1678 5011 habere
1703 4955 1958 5010 meliorem
1985 4955 2040 5010 in

527 5053 663 5107 caelis
692 5063 735 5105 et
767 5063 1048 5108 manentem
1073 5051 1427 5108 substantiam.

525 5147 579 5204 i.
628 5144 1060 5200 Praestantissimi
1091 5143 1281 5198 medici
1309 5157 1430 5196 cum
1464 5139 1783 5212 profundam
1817 5137 2040 5194 fecerint

452 5241 793 5302 incisionetn,
820 5245 873 5292 et
902 5251 994 5305 per
1021 5238 1228 5308 plagam
1259 5236 1496 5291 dolorem
1522 5232 1869 5297 intenderint,
1892 5231 2042 5286 labo-

454 5342 658 5388 rantem
691 5329 866 5386 locum
901 5327 1244 5381 consolantes
1264 5368 1278 5391 ,
1310 5326 1684 5393 turbatamque
1715 5323 1958 5378 foventes
1987 5331 2043 5377 et

453 5431 768 5481 recreantes
796 5420 1060 5488 animam,
1093 5433 1198 5473 non
1231 5419 1458 5488 amplius
1486 5417 1645 5472 aliam
1675 5415 1929 5472 exhibent
1958 5415 2039 5470 in-

453 5516 734 5582 cisionem,
756 5513 852 5569 sed
872 5523 926 5568 et
947 5511 1123 5567 datam
1150 5512 1365 5566 milibus
1386 5512 1587 5566 leniunt
1611 5509 2035 5576 medicamentis,

455 5614 511 5662 et
536 5621 654 5674 quae
681 5604 886 5659 doloris
912 5603 1134 5658 multum
1163 5601 1369 5673 possint
1433 5596 1690 5652 adimere.
1723 5593 1837 5652 Hoc
1907 5614 2040 5670 quo-

455 5713 561 5768 que
583 5698 708 5753 fecit
729 5697 923 5754 Paulus
949 5714 961 5751 :
986 5711 1108 5751 cum
1131 5709 1316 5751 eorum
1339 5695 1701 5749 concussisset
1725 5692 1952 5756 animos,
1985 5700 2039 5747 et

454 5798 591 5852 facta
633 5793 904 5849 mentione
947 5791 1209 5864 gehenua:
1237 5806 1330 5850 eos
1362 5791 1765 5860 compunxissct
1792 5800 1846 5846 et
1871 5792 1947 5847 eis
1973 5792 2033 5846 ti-

2141 4391 2260 4448 dem
2281 4391 2513 4458 fecisset,
2532 4395 2673 4466 quod
2690 4409 2812 4451 eum
2832 4400 3052 4455 omnino
3073 4402 3247 4471 perire
3265 4414 3496 4473 oportet,
3516 4407 3605 4475 qni
3630 4407 3724 4462 Dei

2139 4484 2360 4553 gratiam
2401 4483 2574 4540 affecit
2601 4489 2958 4558 contumelia;
2991 4502 3045 4548 et
3071 4509 3135 4548 ex
3168 4494 3363 4566 Moysis
3389 4495 3591 4566 legibus
3620 4497 3724 4554 hoc

2138 4575 2489 4643 ostendisset,
2518 4578 2660 4648 quod
2689 4580 2796 4635 sint
2821 4583 3068 4652 perituri,
3101 4596 3154 4640 et
3198 4589 3368 4657 magis
3405 4589 3564 4643 etiam
3603 4591 3723 4645 aliis

2137 4667 2471 4738 obsignasset
2501 4672 2856 4742 testimoniis,
2887 4685 2941 4730 et
2981 4677 3206 4735 dixisset
3236 4680 3563 4738 horrendum
3599 4699 3722 4740 esse

2137 4759 2375 4817 incidere
2413 4763 2466 4818 in
2515 4779 2706 4821 manus
2749 4766 2844 4822 Dei
2881 4769 3117 4826 viventis
3150 4787 3164 4826 :
3195 4787 3265 4829 ne
3293 4775 3462 4830 multo
3491 4787 3636 4832 metu
3664 4779 3719 4834 in

2135 4853 2564 4927 desperationem
2593 4861 2822 4918 adducta
2852 4864 3052 4930 anima,
3083 4865 3270 4923 dolore
3299 4869 3678 4927 absorberetur
3697 4913 3716 4940 ,

2133 4963 2226 5004 eos
2244 4951 2552 5007 consolatur
2573 4968 2666 5023 per
2686 4953 2868 5011 laudes
2893 4965 2948 5012 et
2972 4957 3424 5027 adhortationem,
3447 4972 3501 5017 et
3525 4965 3602 5018 eis
3623 4963 3720 5020 do-

2132 5044 2410 5101 mesticam
2445 5045 2602 5102 offert
2642 5048 3061 5106 mmulationem.
3089 5050 3517 5109 Rememoramini
3548 5055 3715 5124 enim,

2132 5136 2323 5208 inquit,
2344 5138 2584 5205 pristinos
2605 5140 2732 5206 dies,
2751 5141 2805 5194 in
2825 5143 3006 5210 quibus
3021 5144 3311 5211 illuminati,
3333 5148 3548 5202 multum
3562 5159 3718 5202 certa-

2130 5248 2244 5286 men
2265 5233 2575 5287 sustinuistis
2595 5235 2909 5303 passionum.
2929 5235 3114 5306 Magua
3130 5247 3213 5294 est
3228 5255 3345 5309 qum
3362 5255 3457 5310 per
3476 5255 3638 5310 opera
3659 5241 3719 5296 fit

2129 5323 2426 5378 consolatio
2447 5341 2459 5377 :
2480 5338 2602 5379 eum
2621 5325 2761 5380 enim
2784 5326 2872 5396 qui
2894 5342 3007 5383 rem
3026 5328 3260 5395 inchoat,
3276 5341 3488 5401 Oportet
3505 5348 3716 5404 progre-

2129 5412 2363 5470 dientem
2397 5415 2573 5472 facere
2604 5416 3018 5473 incrementum.
3047 5419 3207 5486 Quasi
3237 5421 3460 5491 diceret,
3487 5423 3715 5490 Quando

2128 5506 2502 5574 initiabamini,
2518 5508 2729 5577 quando
2746 5511 2909 5567 eratis
2927 5511 3044 5574 loco
3061 5512 3715 5583 discipulorum.'ostendi-

2124 5599 2223 5655 Stis
2245 5607 2446 5654 tantam
2467 5601 2630 5656 animi
2659 5601 3012 5670 alacritatem,
3039 5613 3238 5659 tantam
3261 5607 3709 5676 generositatem:

2125 5705 2267 5746 nunc
2290 5701 2466 5747 autem
2487 5707 2592 5748 non
2618 5693 2870 5764 amplius.
2889 5695 2957 5750 Et
2978 5696 3067 5766 qui
3091 5695 3336 5753 hortatur
3357 5698 3456 5762 sic,
3479 5689 3726 5754 maxime

2126 5781 2366 5868 hortatur
2386 5797 2414 5837 a
2435 5781 2764 5840 domesticis.
2790 5784 2858 5841 Et
2877 5786 3016 5855 vide,
3042 5799 3145 5843 non
3170 5787 3342 5843 solum
3365 5787 3520 5856 dixit,
3537 5787 3710 5845 Certa-
