4082 6212
360 202 462 259 “7

354 318 589 397 μυρίας,
640 317 1039 393 εὐχαρίστησον
1089 322 1293 386 εὐθέως
1338 322 1415 394 τῷ
1461 321 1616 393 Θεῷ,
1664 323 1759 377 καὶ
1802 321 1935 376 δέκα

351 401 629 477 μυριάδας
674 402 894 473 ἐκτήσω
934 404 1024 458 διά
1071 406 1173 476 τῆς
1214 406 1399 476 φωνῆς
1447 407 1666 477 ἐκείνης
1699 404 1795 458 καὶ
1835 404 1935 474 τῆς

349 485 728 556 εύχαοιστίας.
770 487 908 541 Είπέ
951 487 1062 559 γάρ
1108 506 1235 559 μοι,
1288 490 1419 543 πότε
1471 488 1801 560 μακαρίζεις
1841 486 1934 542 τὸν

360 570 525 639 ἰώϐς
559 573 648 626 ὅτε
692 568 807 643 εἷχε
846 572 1116 636 τοσαύτας
1151 574 1436 643 καμήλους
1463 574 1560 627 καὶ
1604 572 1675 626 τὰ
1702 571 1935 649 ποίμνια

346 656 446 711 καὶ
481 657 553 711 τά
603 656 885 726 βουκόλια,
923 658 957 729 ἢ
991 658 1077 716 ὅτε
1105 656 1323 728 ἐκείνην
1347 658 1448 728 τὴν
1479 657 1665 728 φωνὴν
1695 657 1931 729 ἀφῆκεν,

357 740 416 792 '0
463 741 682 809 Κύριος
718 741 977 808 ἔδωκεν,
1013 744 1046 795 ὀ
1083 743 1297 809 Κύριος
1322 741 1641 811 ἀφείλετο;
1672 742 1784 797 Καὶ
1824 745 1935 816 γάρ

345 826 377 880 6
412 823 661 890 διάϐολος
695 825 784 881 διά
808 825 969 879 τοῦτο
995 826 1144 897 ἡμᾶς
1173 824 1393 895 ζημιοῖ,
1437 825 1536 896 οὐχ
1574 826 1661 879 ἴνα
1692 827 1763 880 τὰ
1792 827 1936 899 χρή·-

349 926 500 981 ματα
526 909 687 981 μόνον
714 910 986 982 ἀφέληται
1005 926 1018 940 ·
1051 907 1159 964 οἶδε
1185 911 1295 981 γάρ
1323 911 1403 963 ὃτι
1431 910 1584 963 οὐδέν
1605 910 1756 965 ἐστιν
1774 926 1790 941 ·
1817 910 1935 965 ἀλλ’

346 996 437 1050 ῐνα
462 994 553 1050 διὰ
577 994 785 1050 τούτων
808 994 1099 1069 ἀναγκάσῃ
1127 995 1304 1049 είπεῖν
1332 1013 1385 1049 τι
1412 995 1935 1065 βλάσφημον.θύτω

345 1079 443 1132 καὶ
486 1078 581 1132 ἐπὶ
620 1077 718 1131 τοῦ
770 1079 1048 1150 μακαρίου
1088 1076 1208 1132 Ἰὼϐ
1250 1078 1410 1133 τοῦτο
1453 1078 1822 1147 ἐσπούδαζεν,
1869 1082 1931 1136 οὖ

1152 202 1231 260 1N
1271 204 1492 261 EPIST.
1527 204 1619 259 AD
1658 201 2023 262 HEERBOS.
2057 203 2212 264 CAP.
2250 205 2320 264 Χ.
2357 206 2591 266 HOMIL.
2632 209 2770 266 XXI.

3510 211 3607 266 us
3640 279 3647 285 ,

2044 321 2121 394 μὴ
2156 322 2553 397 ἀπολάϐωμεν,
2582 326 2786 398 μείζων
2816 323 2970 379 ἔσται
3003 325 3136 397 ήμῖν
3164 324 3194 377 6
3224 323 3437 394 μισθός.
3459 326 3614 380 οὕτω

2040 408 2139 461 καὶ
2191 409 2286 462 ἐπὶ
2324 409 2420 463 τοῦ
2465 410 2775 482 ἀδάμαντος
2818 409 3033 466 ἐκείνου
3066 408 3323 478 γέγονεν·
3374 409 3462 462 ὅτε
3514 409 3618 481 γάρ

2036 488 2241 561 ἡθλησε
2274 491 2538 560 γενναίως
2558 533 2572 558 ,
2617 495 2740 548 τότε
2773 493 2923 565 αὐτῷ
2966 494 3062 549 καὶ
3093 491 3268 547 ταῦτα
3301 491 3583 546 ἀπέδωκεν
3604 509 3617 522 ·

2037 573 2127 626 ὅτε
2163 573 2332 641 ἔδειξε
2355 575 2433 648 τῷ
2458 576 2711 648 διαϐόλῳ,
2743 580 2826 633 ὅτι
2849 579 2912 632 ού
2946 579 3037 634 διά
3067 576 3243 634 ταῦτα
3266 576 3430 631 αὑτὸν
3455 575 3616 646 θερα-

2038 657 2234 723 πεύει,
2286 659 2408 714 τότε
2448 662 2546 715 καλ⁵
2588 661 2731 716 αύτά
2773 662 2924 734 αὐτῷ
2972 663 3165 718 ἔδωκε.
3214 661 3471 724 Τοιοῦτος
3513 659 3621 731 γάρ

2036 742 2183 795 ἐστιν
2201 744 2231 796 6
2262 743 2425 809 Θεός·
2447 745 2579 798 ὅταν
2603 746 2690 818 ῐδῃ
2717 746 2869 816 ἡμᾶς
2901 746 2976 817 μὴ
3009 745 3471 817 προσηλωμένους
3506 746 3623 806 τοῖς

2038 822 2347 894 βιωτικοῖς,
2398 826 2523 881 τότε
2571 830 2706 899 ἡμῖν
2751 830 2892 883 αύτά
2934 829 3186 884 δίδωσιν·
3247 830 3380 883 ὅταν
3420 827 3505 899 ίδη
3554 827 3626 882 τά

2036 910 2384 979 πνευματικά
2403 911 2813 983 προτιμῶντας,
2836 914 2959 968 τότε
2986 914 3085 967 καὶ
3115 911 3186 967 τά
3210 911 3451 985 σαρκικὰ
3479 926 3625 981 παρ-

2038 991 2252 1062 ἔχεται·
2291 993 2352 1047 οὐ
2393 995 2660 1069 πρότερον
2683 996 2742 1051 δὲ
2782 996 3020 1062 δίδωσιν,
3054 997 3143 1051 ἵνα
3175 997 3250 1066 μὴ
3290 992 3627 1065 ἀπορραγῶ-

2039 1092 2139 1146 μεν
2170 1075 2282 1131 τῶν
2328 1079 2738 1149 πνευματικῶν.
2778 1081 3100 1152 Φειδόμενος
3129 1075 3223 1134 οὖν
3253 1079 3415 1149 ήμῶν
3448 1078 3509 1131 οὐ
3541 1076 3627 1130 δί-

346 1163 561 1234 πένητα
589 1162 756 1217 αὐτὸν
784 1164 1010 1234 ποιῆσαι
1044 1164 1203 1234 μόνον
1221 1207 1236 1231 ,
1273 1164 1410 1218 ἀλλὰ
1440 1162 1759 1237 βλάσφημον
1795 1167 1935 1221 ἀπο-
2024 1158 2168 1211 δωσι
2196 1162 2264 1214 τά
2288 1163 2552 1232 σαρκικὰ,
2580 1162 2668 1217 ἴνα
2697 1164 2793 1218 καὶ
2823 1164 3061 1227 ἄκοντας
3083 1164 3371 1235 ἀποστήσῃ
3393 1159 3621 1215 τούτων.

346 1245 542 1316 φῆναι.
590 1246 721 1301 Ὅτε
753 1246 886 1315 γοῦν
921 1248 1137 1303 πάντων
1169 1247 1334 1303 αὐτὸν
1365 1249 1718 1320 ἐγύμνωσεν,
1750 1250 1852 1321 ὅρα
1880 1248 1935 1303 τί

2028 1238 2109 1295 οε)
2131 1285 2146 1309 ,
2179 1243 2346 1315 φησίν
2368 1260 2383 1276 ·
2414 1244 2528 1299 ἀλλ’
2559 1246 2657 1302 ἐὰν
2698 1247 2869 1312 λάϐω,
2900 1246 3275 1319 ἐμπίπλαμαι,
3305 1243 3624 1314 καὶμᾶλλον

344 1350 485 1406 φησι
515 1333 657 1405 πρὸς
684 1334 850 1387 αὑτὸν
883 1334 971 1388 διὰ
1011 1335 1109 1405 τῆς
1138 1336 1401 1403 γυναικός
1426 1354 1439 1366 ·
1472 1337 1660 1392 Ειπόν
1686 1355 1743 1392 τι
1769 1335 1935 1408 ῥῆμα
2031 1326 2367 1397 εὑκαριστῶα
2403 1329 2613 1403 Ψεύδῃο
2663 1324 2708 1385 ὧ
2743 1331 3032 1403 ἄνθρωπ’
3077 1332 3202 1386 τότε
3244 1330 3355 1401 γὰρ
3389 1328 3625 1401 μάλιστα

341 1419 502 1487 ,πρὸς
536 1419 778 1489 Κύριον,
822 1419 920 1473 καὶ
950 1422 1219 1475 τελεύτα.
1253 1421 1467 1486 Καίτοι,
1501 1416 1547 1476 ὦ
1582 1423 1768 1494 μιαρὲ,
1799 1423 1935 1476 πάν-

342 1519 457 1556 των
485 1502 653 1556 αὐτὸν
690 1503 1037 1570 ἐγύμνωσας.
1083 1504 1222 1557 Ἀλλ’
1267 1505 1327 1558 ού
1364 1505 1523 1559 τοῦτο
1558 1506 1893 1571 ἐσπούδαζον
1914 1545 1929 1573 ,

341 1587 518 1657 φησί·
562 1584 631 1640 δι’
670 1586 700 1640 6
750 1586 862 1657 γάρ
909 1589 1089 1642 πάντα
1139 1588 1407 1659 ἐποίησα,
1455 1590 1671 1645 ούδέπω
1718 1590 1930 1661 ήνυσα*

340 1670 658 1724 ἐσπούδασα
684 1670 797 1741 γὰρ
841 1671 1007 1725 αὑτὸν
1045 1671 1330 1741 γυμνῶσαι
1373 1673 1474 1743 τῆς
1502 1673 1598 1727 τοῦ
1631 1673 1768 1728 Θεοῦ
1804 1674 1932 1745 βοη-

342 1753 499 1820 θείας
515 1771 528 1783 ·
555 1753 644 1807 διὰ
661 1753 825 1808 τοῦτο
849 1756 946 1808 καὶ
970 1754 1080 1807 τῶν
1095 1756 1399 1826 χρημάτων
1421 1755 1737 1827 ἐγύμνωσα.
1762 1757 1933 1811 Τοῦτό

340 1838 498 1892 ἐστιν
553 1838 583 1891 6
625 1836 893 1909 βούλομαι
919 1855 932 1870 ·
978 1839 1159 1893 ἐκεῖνο
1207 1840 1363 1894 οὐδέν
1417 1842 1568 1894 ἐστιν
1594 1854 1611 1871 ⁸
1658 1840 1725 1894 ἂν
1770 1841 1934 1895 τοῦτό

345 1941 443 1993 μοι
476 1922 554 1993 μὴ
597 1926 814 1996 προσῇ,
854 1923 916 1977 ού
961 1924 1123 1996 μόνον
1163 1925 1317 1980 οὐδὲν
1357 1926 1627 1998 ἠδικήθη,
1666 1925 1806 1982 ἀλλά
1837 1926 1933 1980 καὶ

341 2007 626 2080 ὠφελήθη.
936 2024 939 2025 ⁷

417 2135 482 2189 δ’.
499 2135 662 2208 Ὁρᾷς
686 2136 770 2189 ὅτι
800 2132 911 2191 οἶδε
928 2137 1023 2190 καὶ
1040 2138 1069 2191 6
1091 2137 1328 2208 πονηρὸς
1354 2137 1566 2206 δαίμων
1581 2139 1810 2203 ἐκεῖνος,
1832 2138 1929 2210 ὅση

340 2218 442 2273 τοῦ
481 2219 811 2290 πράγματός
854 2220 1003 2273 ἐστιν
1033 2221 1065 2290 ή
1101 2218 1313 2291 ζημίας
1348 2222 1447 2275 Διά
1479 2221 1640 2275 τοῦτο
1677 2224 1771 2284 καὶ
1808 2223 1931 2293 βλέ-

238 2340 247 2349 π
341 2322 472 2369 πεις
512 2304 678 2358 αὑτὸν
730 2303 823 2357 διά
870 2305 972 2375 τῆς
1014 2307 1279 2374 γυναικὸς
1328 2306 1429 2375 τὴν
1487 2298 1785 2381 ἐπιϐουλὴν
1836 2309 1935 2382 ρά-

343 2404 574 2442 πτοντα.
608 2387 1013 2451 ⁹Ᾱκούετε,ὃσοι
1031 2392 1295 2455 γυναῖκας
1321 2390 1515 2461 ἄνδρες
1534 2390 1687 2462 ἔχετε
1713 2411 1820 2464 χρη
1829 2394 1932 2462 μά-

340 2488 455 2525 των
480 2469 715 2542 ἐρῶσας,
744 2472 841 2526 καὶ
862 2468 1283 2539 ἀναγκαζούσας
1306 2474 1449 2543 ὑμᾶς
1470 2473 1811 2545 βλασφημεῖν
1841 2476 1933 2529 τὸν

343 2555 519 2608 Θεύνο
576 2555 957 2627 ἀναμνήσθητε
990 2554 1085 2609 τοῦ
1141 2555 1284 2611 Ἰὼϐ.
1336 2557 1480 2610 Ἀλλ’
1524 2557 1726 2628 ῑδωμεν
1764 2558 1930 2612 αὐτοῦ

342 2639 448 2710 τὴν
482 2637 715 2710 πολλὴν,
761 2641 809 2692 εί
849 2640 1023 2705 δοκεῖ,
1078 2641 1418 2706 ἐπιείκειαν,
1454 2643 1549 2696 καὶ
1575 2643 1731 2708 ὅπως
1761 2643 1932 2713 αὐτὴν

346 2722 731 2793 ἐπεστόμισεν.
762 2722 899 2777 ἰνα
924 2723 1002 2787 τί,
1028 2724 1213 2795 φησὶν,
1238 2724 1444 2794 ὥσπερ
1467 2727 1577 2796 μία
1602 2723 1723 2779 τῶν
1747 2726 1931 2795 ἀφρό-

344 2824 473 2861 νων
508 2806 809 2876 γυναικῶν
849 2807 1038 2872 οὕτως
1072 2808 1430 2879 Mamaeae;
1487 2809 1727 2881 Ἀληθῶς
1768 2810 1933 2865 Φθείο

340 2905 573 2961 ρουσιν
620 2891 732 2961 ἤθη
772 2893 1012 2962 χρηστὰ
1059 2895 1281 2963 ὁμιλίαι
1315 2894 1531 2948 κακαί·
1573 2894 1659 2947 ἀεὶ
1701 2895 1801 2964 μὲν
1842 2889 1936 2948 οὗν

348 2976 670 3046 φθείρουσι,
716 2976 953 3047 μάλιστα
980 2977 1037 3031 δὲ
1077 2978 1168 3030 ἐπὶ
1202 2977 1314 3031 τῶν
1347 2978 1649 3049 συμφορῶν
1670 2994 1684 3008 ·
1730 2979 1855 3032 τότε
1888 2981 1936 3033 οἱ

344 3060 420 3112 τά
464 3057 645 3127 φαῦλα
683 3059 1083 3131 παραινοῦντες
1121 3060 1337 3131 ἔχουσιν
1380 3061 1555 3131 ἰσχύν.
1603 3062 1665 3115 Εἰ
1698 3060 1809 3134 γὰρ
1841 3063 1937 3115 καὶ

344 3143 441 3212 ἀφ’
476 3143 679 3215 ἑαυτῆς
708 3143 743 3214 ή
769 3142 919 3213 ψυχὴ
962 3142 1100 3214 πρὸς
1141 3142 1586 3214 ἀποδυσπέτησίν
1612 3146 1763 3198 ἐστιν
1793 3144 1937 3198 ἕτοι-

348 3243 473 3299 μος.
516 3228 669 3296 πόσῳ
724 3226 931 3296 μᾶλλον
954 3266 971 3291 ,
1020 3226 1149 3281 ὃταν
1197 3227 1295 3280 καὶ
1345 3229 1373 3281 6
1424 3227 1816 3298 συμϐουλεύων
1858 3223 1933 3303 ᾗς

346 3312 472 3382 οὐχὶ
501 3310 754 3383 καὶπρὸς
783 3309 1055 3383 βάραθρον
1075 3310 1329 3376 ὼθεῖται;
1359 3311 1520 3380 Μέγα
1544 3311 1749 3381 ἀγαθὸν
1772 3313 1932 3384 γυνὴ,

345 3392 640 3465 ῶσπεροῦν
678 3395 776 3448 καλ⁵
824 3395 995 3448 κακὸν
1030 3394 1195 3465 μέγα.
1244 3396 1353 3449 Καὶ
1396 3397 1499 3466 ὅρα
1542 3395 1707 3450 πόθεν
1743 3396 1935 3468 ὀρύξαι

345 3479 410 3533 τὸ
438 3481 623 3548 τεῖχος
654 3478 985 3550 ἐπεχείρησε
1010 3478 1072 3532 τὸ
1100 3479 1339 3550 ἰσχυρόν.
1375 3477 1527 3552 [19ὶ]
1572 3479 1796 3552 Ἐπειδὴ
1826 3482 1935 3552 γὰρ

342 3564 448 3635 οὐχ
481 3557 631 3617 εἷλεν
676 3563 841 3619 αὐτὸν
871 3565 906 3636 ή
944 3563 1055 3618 τῶν
1103 3564 1408 3637 χρημάτων
1451 3565 1777 3638 ἀφαίρεσις,
1811 3566 1935 3621 ούδέ

346 3648 499 3718 μέγα
535 3663 589 3699 τι
632 3646 933 3717 εἰργάσατο
976 3650 1009 3718 ή
1037 3648 1246 3702 τούτων
1283 3646 1490 3720 ζημία,
1528 3648 1666 3703 ἀλλά
1705 3650 1801 3704 καὶ
1832 3649 1937 3718 μά-

340 3751 452 3804 την
480 3734 723 3806 ὴλέγχθη
745 3734 934 3791 εἰπών·
962 3730 1037 3814 Ἦ
1052 3735 1183 3806 μὴν
1201 3738 1290 3804 είς
1316 3738 1645 3805 πρόσωπόν
1666 3754 1741 3792 σε
1760 3740 1935 3792 εὐλο-

344 3817 549 3889 τήσει,
579 3819 670 3872 διά
689 3818 850 3873 τοῦτο
878 3819 1158 3888 ἐφοπλίζει
1186 3820 1450 3892 αὐτῷτὴν
1480 3823 1737 3888 γυναῖκα.
1771 3821 1935 3892 Ὁρᾷς

342 3901 454 3956 ποῦ
488 3901 780 3969 ἔπνευσεη
831 3902 970 3956 Ἀλλ’
1013 3902 1166 3957 οὐδὲν
1205 3902 1355 3975 αύτῷ
1401 3903 1564 3961 πλέον
1597 3904 1807 3976 ὑπῆρξε
1839 3905 1935 3958 καὶ

340 3987 458 4042 ἀπὸ
483 3986 691 4058 ταύτης
728 3988 830 4059 τῆς
862 3989 1132 4060 μηχανῆς.
1165 3989 1266 4043 Ἂν
1310 3988 1490 4042 τοίνυν
1523 3987 1619 4042 καὶ
1655 3990 1813 4058 ήμεῖς
1843 3990 1935 4042 εύ-

343 4070 628 4142 χαρίστως
668 4071 955 4143 φέρωμεν,
996 4072 1090 4126 καὶ
1141 4071 1315 4126 ταῦτα
1348 4070 1780 4144 ἀποληψόμεθα,
1831 4071 1933 4126 κᾶν

2028 1408 2136 1482 ἐσῃ
2172 1411 2440 1484 ῥᾴθυμος.
2471 1414 2537 1467 Τί
2564 1409 2660 1469 οὖν
2694 1416 2797 1481 ὅτι,
2830 1417 2987 1488 φησὶ,
3018 1416 3235 1481 πολλοῖς
3263 1414 3480 1481 δίδωσι;
3509 1413 3620 1469 Καὶ

2035 1492 2200 1547 πόθεν
2228 1495 2409 1566 δῆλον,
2451 1497 2534 1550 ὅτι
2574 1498 2740 1563 αὐτὸς
2779 1498 3029 1565 δίδωσινς
3089 1498 3257 1553 Ἀλλά
3293 1497 3398 1562 τίς,
3428 1497 3615 1569 φησὶν.

2033 1574 2221 1648 ἐτερος
2262 1578 2516 1646 δίδωσιν;
2575 1581 2640 1634 Ἦ
2690 1580 2975 1647 πλεονεξία
3020 1580 3237 1643 αὐτῶν,
3290 1583 3324 1652 ή
3371 1580 3620 1653 ἁρπαγή.

2034 1659 2165 1725 Πῶς
2193 1656 2290 1717 οὖν
2326 1668 2604 1737 συγχωρεῖ
2633 1665 2884 1734 γίνεσθαι
2906 1664 3120 1733 ταῦτα;
3161 1666 3376 1736 Ὥσπερ
3405 1664 3501 1718 καὶ
3527 1663 3624 1732 φό-

2031 1760 2160 1808 νους
2193 1745 2289 1801 καὶ⁸
2317 1746 2527 1812 κλοπάς
2563 1748 2661 1803 καλ⁵
2696 1749 2842 1819 βίας.
2875 1750 2943 1804 Τί
2968 1744 3065 1803 οὖν
3098 1751 3266 1821 ἐρεῖς,
3292 1748 3452 1816 φησὶ,
3483 1745 3623 1818 πρὸς

2035 1828 2163 1891 τοὺς
2183 1830 2251 1883 ἐκ
2279 1831 2532 1901 πατέρων
2561 1832 2979 1903 διαδεχομένους
3002 1832 3227 1904 κλῆρον.
3260 1834 3387 1896 τοὺς
3411 1832 3623 1902 μυρίων

2034 1912 2307 1981 γέμοντας
2326 1914 2549 1982 κακῶν;
2577 1916 2696 1979 πῶς
2720 1916 2924 1981 αὐτοὺς
2944 1917 3030 1988 ἐᾷ,
3061 1916 3250 1987 φησὶν,
3279 1918 3309 1969 ό
3333 1914 3467 1978 Θεὸς
3487 1916 3625 1968 ἀπο-

2029 1993 2218 2049 λαύειν
2245 1995 2487 2064 τούτων;
2529 1997 2742 2070 Ὠσπερ
2763 1994 2858 2054 οὖν
2888 2000 2984 2053 καὶ⁵
3013 1998 3254 2062 κλέπτας
3281 1998 3497 2069 ἀφίησι,
3527 1996 3624 2050 καὶ

2035 2079 2254 2148 φονέας,
2293 2080 2387 2134 καὶ
2416 2082 2545 2144 τοὺς
2570 2080 2794 2146 λοιποὺς
2826 2081 3204 2153 κακούργους·
3242 2081 3303 2135 ού
3336 2081 3444 2151 γάρ
3473 2082 3623 2133 ἐστιν

2033 2162 2062 2214 6
2092 2163 2286 2236 καιρὸς
2318 2163 2420 2233 τῆς
2465 2163 2702 2236 κρίσεως
2736 2163 2861 2229 νῦν,
2894 2164 3033 2221 ἀλλά
3064 2165 3166 2236 τῆς
3200 2163 3479 2228 πολιτείας
3519 2162 3623 2232 τῆς

2034 2245 2287 2318 ἀρίστης.
2324 2247 2504 2318 Ὅπερ
2542 2246 2600 2301 δὲ
2650 2247 2746 2302 καὶ
2791 2248 2895 2319 ήδη
2945 2243 3136 2310 εἷπον,
3184 2247 3346 2302 τοῦτο
3384 2248 3478 2301 καὶ
3524 2245 3621 2301 νῦν

2033 2329 2177 2399 λέγω
2198 2347 2213 2363 ·
2257 2332 2339 2385 ὅτι
2383 2331 2607 2402 μείζονα
2635 2331 2867 2386 δώσουσι
2898 2332 3075 2402 δίκην,
3105 2333 3234 2387 ὅταν
3263 2332 3360 2385 καὶ⁵
3400 2330 3622 2384 πάντων

2033 2411 2448 2475 ἀπολαύσαντες
2474 2411 2586 2465 τῶν
2613 2411 2840 2480 ἀγαθῶν
2859 2453 2873 2474 ,
2908 2412 3045 2484 μηδὲ
3078 2411 3222 2465 οὕτω
3260 2411 3507 2482 βελτίους
3537 2409 3623 2478 γί-

2032 2512 2253 2549 νωνται.
2288 2494 2365 2547 Οὐ
2400 2493 2512 2566 γὰρ
2545 2496 2749 2558 πάντες
2772 2494 2980 2566 ὁμοίως
3014 2495 3470 2565 κολασθήσονται,
3504 2490 3621 2546 ἀλλ’

2033 2580 2081 2631 οἱ
2119 2576 2217 2647 μὲν
2259 2576 2356 2630 καὶ
2392 2576 2535 2647 μετά
2587 2577 2689 2647 τῆς
2734 2577 3077 2648 εὐεργεσίας·
3110 2577 3397 2647 μείναντες
3426 2574 3620 2637 κακοὶ,

2037 2661 2302 2732 μειζόνως
2334 2647 2859 2733 τιμωρηθήσονταινσ
2899 2663 2951 2715 οί
2991 2661 3050 2715 δέ
3084 2662 3225 2732 μετά
3265 2659 3492 2724 πενίας,
3523 2658 3623 2730 οὐχ
3687 2647 3697 2658 ’

2033 2745 2195 2799 οὓτω.
2228 2746 2342 2803 Καὶ
2373 2747 2458 2800 δτι
2481 2745 2645 2799 τοῦτό
2682 2746 2831 2800 ἐστιν
2859 2744 3080 2817 ἀληθὲς,
3112 2745 3347 2800 ἄκουσον
3378 2743 3431 2797 τί
3458 2759 3625 2815 φησιν

2034 2827 2113 2899 τῷ
2151 2828 2345 2882 Δαυτδ·
2385 2829 2532 2897 Οὐχὶ
2579 2827 2904 2882 ﬂumina:
2928 2826 3130 2883 πάντα
3165 2827 3237 2881 τὰ
3271 2826 3380 2882 τοῦ
3412 2826 3623 2895 κυρίου

2035 2927 2185 2975 σου;
2224 2912 2397 2966 Ὅταν
2431 2907 2524 2965 οὖν
2565 2911 2685 2983 ἴδῃς
2724 2911 2846 2967 νέον
2869 2912 3039 2984 χωρὶς
3062 2912 3244 2967 πόνων
3287 2912 3488 2983 κλῆρον
3518 2927 3626 2964 πα-

2041 2992 2345 3064 ραλαϐόντα
2377 2992 2656 3063 πατρῷον,
2679 2995 2776 3047 καὶ
2807 2994 3065 3062 μείναντα
3094 2994 3287 3058 κακὸν,
3314 2990 3375 3048 εὖ
3405 2992 3514 3047 ῐσθι
3541 2993 3624 3047 δτι

2036 3077 2070 3148 ή
2106 3076 2330 3141 κόλασις
2365 3075 2516 3145 αὐτῷ
2550 3073 2797 3140 αὔξεται,
2834 3076 2930 3131 καὶ
2962 3076 3034 3130 τά
3060 3076 3166 3146 τῆς
3193 3076 3465 3148 τιμωρίας
3504 3078 3627 3131 ἐπι·

2036 3160 2290 3215 τείνεται.
2322 3161 2416 3230 Μὴ
2444 3159 2508 3231 δὴ
2532 3159 2757 3222 τούτους
2782 3159 3058 3231 ζηλῶμεν,
3085 3159 3201 3214 ἀλλ’
3226 3160 3282 3213 εί
3308 3176 3389 3223 τις
3421 3159 3625 3231 ἀρετὴν

2034 3242 2331 3310 διεδέξατο,
2382 3244 2435 3297 εί
2475 3260 2562 3306 τις
2614 3241 2849 3296 πλούτον
2903 3240 3279 3311 πνευματικὸν
3329 3241 3622 3312 ἐκτήσατο.

2039 3326 2183 3380 Οὐαὶ
2225 3326 2367 3396 γὰρ,
2405 3326 2601 3396 φησὶν,
2637 3327 2692 3380 οι
2724 3325 3075 3391 πεποιθότες
3122 3324 3221 3378 ἐπὶ
3267 3322 3348 3389 τῷ
3380 3324 3626 3389 πλούτῳ

2034 3407 2273 3463 αὐτῶνθ
2322 3409 2419 3463 καὶ⁸
2461 3407 2659 3462 πάλιν*
2705 3407 2998 3477 Μακάριοι
3030 3409 3085 3463 οι
3122 3408 3483 3478 φοϐούμενοι
3521 3406 3629 3461 τὸν

2034 3493 2276 3560 Κύριον.
2314 3493 2491 3547 Τίνων
2521 3491 2702 3563 βούλει
2733 3487 2898 3555 εῖναι,
2941 3491 3064 3546 εἰπέ
3102 3507 3229 3564 μοις
3262 3490 3486 3554 Πάντως
3516 3490 3626 3546 τῶν

2036 3575 2183 3650 [195]
2230 3574 2707 3649 μακαριζομένων.
2742 3575 2981 3640 Τούτους
3016 3572 3111 3632 οῦν
3141 3575 3336 3645 ζήλου,
3372 3575 3450 3646 μὴ
3484 3575 3628 3630 ἐκεί-

2034 3676 2158 3724 νους
2177 3699 2193 3725 ,
2223 3660 2314 3714 ἵνα
2345 3661 2445 3714 καλ⁸
2481 3659 2590 3714 τῶν
2637 3660 3022 3730 ἀποκειμένων
3052 3659 3238 3722 αὐτοῖς
3270 3657 3442 3730 τύχῃς
3476 3657 3620 3726 ἀτα-

2035 3741 2145 3795 θῶν
2166 3760 2181 3775 ·
2206 3735 2282 3797 ὧν
2307 3743 2519 3810 γένοιτο
2554 3742 2766 3806 πάντας
2805 3742 2956 3812 ἡμᾶς
2982 3743 3282 3810 ἐπιτυχεῖν,
3311 3740 3497 3811 χάριτι
3527 3740 3625 3812 καί

2034 3809 2419 3897 φιλανθρωπίᾳ
2442 3824 2538 3880 τοῦ
2561 3824 2769 3895 Κυρίου
2796 3809 2958 3895 ήμῶν
2988 3809 3459 3893 ἸησοῦΧριστοῦ,
3495 3809 3626 3894 μεθ’

2033 3903 2095 3963 οὗ
2125 3907 2204 3979 τῷ
2237 3908 2415 3979 Πατρὶ
2449 3909 2567 3979 ἅμα
2593 3907 2686 3978 τῷ·
2706 3907 2849 3978 ἁγίῳ
2888 3904 3171 3976 Πνεύματι
3211 3904 3358 3971 δόξα,
3392 3906 3622 3977 κράτος,

2032 3991 2191 4063 τιμὴ,
2224 3990 2318 4046 νῦν
2350 3992 2445 4046 καὶ
2477 3991 2587 4061 ἀεὶ,
2618 3990 2712 4045 καὶ
2737 3991 2818 4055 είς
2846 3989 2974 4055 τοὺς
3006 3989 3211 4054 αίῶνας
3245 3990 3356 4044 τῶν
3380 3988 3616 4045 αἰώνων.

2046 4074 2102 4128 ’Δ
2113 4074 2244 4146 μήν.

1778 4275 2027 4330 οΜΙΛῐΑ
2079 4275 2210 4330 KA'.

358 4366 918 4438 Ἀναμιμνήσκεσθε
966 4366 1035 4420 δὲ
1079 4368 1199 4438 τὰς
1233 4367 1525 4436 πρότερον
1570 4364 1793 4437 ἡμέρας
1811 4411 1826 4433 ,
1862 4367 1936 4422 ἐν

421 4434 971 4521 ιιῑιί-Αέεωτισθιίιντες2
1017 4434 1547 4521 πολᾼήνάθλήρνιν
1576 4434 1934 4521 ὑπεμείνατε

420 4508 819 4576 παθημάτων·
867 4508 1044 4561 τοῦτο
1088 4507 1238 4576 μὲν,
1293 4507 1660 4578 ὀνειδισμοῖς
1693 4507 1772 4562 τε
1833 4507 1934 4562 καί

422 4575 1161 4647 θλίψεσιθεατριζόμενοιδ
1192 4577 1372 4633 τοῦτο
1397 4578 1485 4639 δὲ.
1517 4577 1792 4633 κοινωνοί
1816 4576 1936 4647 τῶν

424 4648 640 4728 οὕτως.
669 4645 1227 4728 ἀναστρεφομένων,
1256 4648 1650 4728 γενηθέντες..
1673 4649 1790 4728 Καὶ.
1823 4646 1935 4717 γὰρ

425 4716 559 4783 τοῖς
603 4716 871 4788 δεσμίοις
916 4716 1410 4788 συνεπαθήσατε,
1453 4718 1555 4771 καὶ
1592 4717 1709 4786 τὴν
1756 4716 1936 4788 ἁρπα-

424 4784 689 4859 τῄν-τῶν
707 4784 1107 4859 ὑπαρχόντων
1132 4787 1305 4859 ὑμῶν
1346 4788 1498 4858 μετὰ
1528 4784 1718 4859 χαρᾶς
1747 4784 1937 4857 abeo-

422 4856 739 4928 ἐδέξασθε,
757 4857 1154 4928 γινώσκοντες
1167 4856 1177 4928 ς
1189 4856 1357 4928 ἔχειν
1385 4856 1715 4928 κρείσσονα
1750 4859 1939 4928 ὕπαρ-

428 4928 536 4995 ξιν
567 4926 807 4994 ἑαυτοῖς
835 4927 907 4982 ἐν
936 4926 1246 4997 οὐρανοῖς,
1274 4928 1372 4983 καὶ
1394 4927 1730 4999 μένουσαν.

428 5048 504 5102 α’.
535 5047 599 5103 οι
637 5047 749 5101 τῶν
782 5046 987 5121 ίατρῶν
1018 5047 1253 5119 ἄριστοι,
1293 5048 1515 5103 ἐπειδὰν
1549 5048 1772 5121 βαθεῖαν
1803 5048 1937 5105 δῶσι

354 5132 558 5203 τομὴν,
611 5133 706 5184 καὶ
746 5130 848 5194 τάς
875 5129 1177 5203 ἀλγηδόνας
1210 5132 1519 5186 ἐπιτείνωσι
1551 5132 1641 5187 διά
1676 5135 1774 5204 τῆς
1806 5136 1939 5205 πλη-

357 5216 494 5285 τῆς,
520 5214 1011 5287 παραμυθούμενοι
1036 5215 1099 5269 τὸ
1124 5206 1343 5280 πονοῦν,
1371 5217 1464 5270 καὶ
1492 5217 1938 5291 τεθορυϐημένην

358 5299 738 5364 ἀναπαύοντες
785 5299 884 5354 καὶ
914 5298 1292 5371 ἀνακτώμενοι
1324 5301 1424 5373 τὴν
1468 5301 1646 5375 ψυχὴν
1672 5343 1690 5369 ,
1740 5303 1938 5376 ἑτέραν

358 5382 551 5436 οὐκέτι
599 5383 938 5454 προσάγουσι
985 5382 1179 5456 τομὴν,
1227 5385 1364 5438 ἀλλά
1400 5387 1496 5440 καὶ
1548 5388 1646 5455 τὴν
1694 5387 1939 5443 δοθεῖσαν

360 5464 682 5535 φαρμάκοις
711 5466 1016 5541 προσηνέσι
1045 5468 1231 5522 καὶτὸ
1269 5467 1404 5521 πολὺ
1447 5468 1546 5538 τῆς
1583 5468 1776 5540 ὀδύνης
1819 5472 1938 5526 ίκα-

360 5550 478 5613 τοῖς
507 5550 766 5616 ἀφανίσαι
785 5564 812 5592 ι
839 5549 1314 5623 παραμυθοῦνται.
1344 5549 1517 5606 Τοῦτο
1550 5553 1645 5608 καὶ
1676 5552 1704 5603 ὁ
1724 5553 1937 5619 Παῦλος

757 5643 967 5696 verbum
1020 5650 1235 5706 quatuor
1273 5644 1425 5696 ferme
1463 5640 1746 5710 paginarum
1776 5645 1939 5698 hiatus

2039 4367 2289 4438 ἐποίησε,
2340 4368 2677 4433 κατασείσας
2725 4367 2909 4422 αὐτῶν
2938 4367 3037 4432 τὰς
3083 4366 3285 4437 ψυχὰς,
3319 4366 3415 4419 καὶ
3457 4381 3629 4419 κατα-

2038 4449 2206 4516 νύξας
2255 4450 2322 4520 τῇ
2379 4451 2570 4523 μνήμῃ
2613 4450 2718 4521 τῆς
2764 4450 3018 4520 γεέννης,
3073 4450 3169 4504 καὶ
3204 4447 3624 4518 πιστωσάμενος

2040 4534 2259 4598 αὐτοὺς,
2306 4533 2391 4587 ὅτι
2422 4533 2642 4597 πάντως
2673 4532 2755 4587 δεῖ
2800 4531 3104 4587 ἀπολέσθαι
3138 4531 3230 4586 τὸν
3261 4529 3623 4601 ἐνυϐρίσαντα

2041 4617 2121 4683 είς
2140 4617 2241 4689 τὴν
2269 4616 2363 4670 τοῦ
2394 4615 2531 4670 Θεοῦ
2560 4615 2741 4689 χάριν,
2773 4616 3045 4671 καὶτοῦτο
3069 4614 3176 4670 ἀπὸ
3206 4614 3316 4671 τῶν
3345 4611 3625 4677 Μωῦσέως

2040 4698 2219 4768 δείξας
2257 4699 2464 4770 νόμων,
2494 4700 2578 4753 ὅτι
2611 4700 2708 4753 καὶ
2739 4698 3090 4765 ἀπολοῦνται,
3121 4698 3217 4752 καὶ
3248 4695 3515 4766 μειζόνως
3541 4712 3624 4749 τι·

2046 4784 2487 4859 μωρηθήσονται,
2507 4785 2601 4838 καὶ
2624 4781 2953 4855 μαρτυρίαις
2974 4784 3192 4853 ἑτέραις
3213 4777 3624 4850 ἐπισφραγίσας

2041 4866 2111 4922 τά
2137 4866 2427 4937 εἰρημένα,
2462 4866 2558 4920 καὶ
2615 4864 2809 4929 εἰπὼν,
2856 4864 3091 4932 Φοϐερὺν
3141 4862 3205 4916 τὺ
3234 4863 3500 4933 ἐμπεσεῖν
3541 4863 3625 4925 εἰς

2041 4953 2231 5022 χεῖρας
2256 4948 2391 5003 Θεοῦ
2423 4948 2625 5015 ζῶντος
2647 4965 2660 4980 ·
2686 4947 2830 5002 ὥστε
2861 4947 2939 5020 μὴ
2970 4946 3051 5018 τῷ
3093 4945 3274 5014 πολλῷ
3318 4943 3470 5017 φόϐῳ
3511 4944 3622 4999 ἀπ-

2041 5032 2421 5106 αγορεύσασαν
2458 5031 2557 5104 τὴν
2633 5030 2812 5103 ψυχήν
2894 5028 3274 5101 καταποθῆναι
3328 5030 3395 5100 τῇ
3448 5027 3620 5101 λύπῃ,

2045 5116 2457 5189 παραμυθεῖται
2506 5116 2708 5179 αὐτοὺς
2754 5113 2844 5170 διά
2895 5111 3006 5167 τῶν
3062 5112 3355 5184 ἐγκωμίων
3396 5112 3622 5182 καὶτῆς

2045 5200 2444 5273 παρακλήσεως
2465 5215 2479 5229 ·
2508 5199 2605 5253 καὶ
2629 5198 2721 5253 τὸν
2753 5197 2915 5268 ζῆλον
2946 5195 3164 5252 οἴκοθεν
3179 5197 3362 5259 αὐτοῖς
3388 5193 3623 5264 προσφέο

2047 5304 2151 5358 ρει.
2194 5283 2756 5354 Ἀναμιμνήσκεσθε
2783 5281 2915 5354 γὰρ,
2956 5280 3113 5353 φησὶ,
3169 5283 3278 5347 τὰς
3330 5279 3623 5351 πρότερον

2045 5369 2289 5439 ἡμέρας,
2322 5365 2475 5440 [194]
2500 5367 2571 5420 ἐν
2602 5361 2699 5433 αἷς
2724 5365 3145 5436 φωτισθέντες,
3175 5362 3423 5430 πολλὴν
3440 5360 3623 5430 ἄθλη-

2046 5469 2151 5508 σιν
2185 5452 2542 5523 ὑπεμείνατε
2603 5446 2992 5520 παθημάτων.
3055 5446 3233 5519 Πολλὴ
3295 5446 3330 5516 ή
3376 5444 3467 5499 διὰ
3511 5445 3621 5501 τῶν

2046 5536 2223 5607 ἔργων
2249 5533 2595 5606 παράκλησις
2617 5550 2631 5565 ο
2657 5531 2750 5586 τὸν
2776 5533 2886 5604 γὰρ
2930 5530 3234 5604 ἀρχόμενον
3268 5528 3619 5600 πράγματος,

2047 5619 2309 5691 προϊόντα
2338 5617 2630 5672 ἐπιδιδόναι
2653 5617 2780 5688 χρή.
2822 5616 2913 5679 Ὠς
2934 5614 3001 5669 ἂν
3036 5613 3085 5667 εἰ
3115 5611 3323 5683 ἔλεγεν
3367 5612 3497 5666 Ὅτε
3526 5612 3619 5665 ἐν·

2051 5702 2270 5773 ήγεσθε,
2301 5702 2389 5756 ὅτε
2425 5699 2656 5779 ἐνετάξει
2690 5698 2952 5773 μαθητῶν
2970 5692 3091 5771 ἦτε,
3112 5694 3386 5768 τοσαύτην
3416 5692 3621 5766 προθυ-
