4082 6212
462 279 568 337 ιιθ

464 394 598 465 μίαν
644 389 1023 459 ἐπεδείξασθε,
1079 391 1351 462 τοσαύτην
1410 392 1807 463 γενναιότητα⁸
1843 389 1939 444 νῦν
1984 388 2043 442 δὲ

460 475 666 530 οὐκέτι.
703 476 815 528 Kal
835 477 864 529 ὁ
891 474 1250 545 παρακαλῶν,
1283 473 1429 528 οὕτω
1460 474 1702 545 μάλιστα
1732 471 2045 544 παρακαλεῖ

459 560 571 614 ἀπὸ
589 559 699 613 τῶν
724 557 964 613 οἰκείων.
998 557 1111 611 Καὶ
1141 558 1262 629 ὅρα,
1283 558 1382 628 οὐχ
1401 557 1593 619 ἁπλῶς
1625 552 1801 610 εἴπεν·
1839 558 2046 622 Ἀθλη-

460 658 569 698 σιν
594 642 974 711 ὑπεμείνατε,
1007 639 1147 693 ἀλλά
1183 640 1324 710 μετά
1356 640 1679 710 προσθήκης
1720 639 1838 704 τοῦ,
1884 641 2043 693 Πολ-

460 726 605 795 λήν.
632 726 743 779 Kal
773 724 875 777 οῦκ
903 718 1025 777 εἷπε
1060 725 1428 795 πειρασμοὺς,
1451 723 1590 777 ἀλλά
1627 720 1877 793 ἄθλησιν,
1904 723 2043 793 ὅπερ

463 813 612 866 ἐστὶν
642 808 924 878 ἐγκωμίου
959 808 1131 877 όνομα
1175 810 1268 863 καὶ
1301 807 1543 862 ἐπαίνων
1577 808 1874 879 μεγίστων.
1907 802 2043 861 Εἶτα

462 896 562 948 καὶ
591 892 885 961 καταλέγει
914 891 1058 947 κατά
1097 891 1286 963 μέρος.
1319 892 1603 947 πλατύνων
1631 893 1723 946 τὸν
1743 892 1922 958 λόγον,
1948 893 2044 944 καὶ

461 980 590 1041 τοὺς
612 977 869 1040 ἐπαίνους
894 975 1122 1041 πολλοὺς
1138 977 1331 1030 ποιῶν.
1350 977 1474 1040 Πῶς
1499 993 1514 1042 ;
1545 976 1727 1031 Τοῦτο
1751 975 1870 1046 μὲν
1889 976 2043 1029 ὀνει-

462 1061 718 1131 δισμοῖς,
772 1061 927 1131 φησὶ,
967 1060 1067 1115 καὶ
1110 1063 1358 1129 θλίψεσι
1389 1060 1837 1129 θεατριζόμενοι.
1882 1060 2046 1126 Μέγα

462 1147 574 1217 γὰρ
599 1145 905 1216 ὀνειδισμὸς
935 1144 1261 1199 καθικέσθαι
1290 1145 1539 1214 καρδίας,
1583 1144 1679 1198 καὶ
1708 1143 1892 1198 ἱκανὸν
1924 1142 2043 1195 δια-

464 1227 694 1298 στρέψαι
723 1227 925 1297 ψυχὴν,
955 1228 1050 1281 καὶ
1079 1227 1353 1280 σκοτῶσαι
1400 1226 1666 1297 λογισμόν
1689 1240 1706 1258 ⁸
1739 1225 1902 1279 ἄκουε
1932 1226 2042 1295 γὰρ

461 1311 516 1367 τί
555 1329 721 1381 φησιν
752 1313 780 1365 ὁ
824 1312 1121 1383 Προφήτης
1148 1328 1161 1342 ο
1216 1309 1499 1380 Ἐπινήθη
1539 1312 1613 1363 τὰ
1660 1307 1892 1376 δάκρυά
1922 1325 2042 1376 μου

461 1394 591 1464 ἐμοὶ
613 1395 792 1463 ἄρτος
824 1392 1048 1462 ἡμέρας
1075 1393 1174 1447 καί
1198 1392 1421 1459 νυκτός
1445 1394 1515 1447 ἐν
1539 1391 1619 1457 τῷ
1638 1392 1922 1461 λέγεσθαί
1939 1406 2042 1459 μοι

460 1480 596 1532 καθ’
642 1475 911 1543 ἑκάστην
953 1475 1208 1545 ἡμέραν
1260 1475 1384 1530 Ποῦ
1431 1475 1604 1531 ἐστιν
1643 1478 1676 1529 ὁ
1712 1476 1856 1540 Θεός
1886 1489 2041 1538 σου;

461 1561 559 1615 καὶ
587 1559 774 1614 πάλιν·
797 1561 866 1613 El
887 1561 919 1613 ό
943 1559 1161 1626 ἐχθρὸς
1182 1557 1459 1613 ὠνείδισέ
1481 1574 1579 1627 με,
1601 1557 1916 1626 ὑπήνεγκα
1940 1555 2037 1610 ἄν.

475 1641 815 1713 Ἐπειδηγάρ
856 1642 1065 1713 σφόδρα
1110 1641 1386 1705 κενόδοξον
1436 1643 1554 1696 ἐστι
1582 1641 1645 1694 τὸ
1692 1639 2041 1708 ἀνθρώπινον

462 1727 642 1797 γένος,
676 1725 763 1779 διὰ
792 1726 951 1779 τοῦτο
988 1724 1087 1778 καὶ
1114 1724 1220 1777 ὑπὸ
1261 1724 1456 1779 τούτου
1494 1724 1693 1796 ῥᾳδίως
1736 1722 2037 1778 ἁλίσκεται.

462 1810 575 1866 Kal
606 1810 705 1879 οὐχ
733 1808 921 1872 ἁπλῶς
946 1803 1122 1872 εἶπεν,
1156 1806 1569 1875 Ὀνειδισμοῖς,
1605 1806 1745 1860 ἀλλά
1783 1806 1878 1861 καὶ
1906 1806 2041 1860 αὐτὸ

466 1891 588 1962 μετ’
617 1891 922 1955 ἑπιτάσεως
934 1890 1158 1960 πολλῆς,
1180 1888 1638 1959 Θεατριζόμενοι,
1661 1888 1848 1960 φησίν.
1871 1888 2043 1943 Ὅταν

465 1974 567 2047 μὲν
592 1975 703 2044 γάρ
750 1990 835 2037 τις
882 1972 1209 2043 όνειδίζηται
1239 1972 1361 2027 καθ’
1392 1973 1604 2036 ἑαυτὸν,
1639 1972 1885 2044 λυπηρὸν
1918 1970 2041 2041 μὲν,

462 2058 650 2128 πολλῷ
683 2058 740 2112 δὲ
768 2057 953 2123 πλέον,
996 2058 1128 2111 ὅταν
1187 2056 1282 2111 ἐπὶ
1325 2057 1567 2112 πάντων.
1614 2055 1898 2125 Ἐννόησον
1938 2055 2042 2125 γάρ

469 2158 561 2213 μοι
581 2142 705 2195 ὅσον
742 2137 813 2212 ἦν
865 2141 1062 2203 κακὸν.
1098 2141 1445 2205 ἀποστάντας
1475 2140 1577 2209 τῆς
1622 2139 1919 2207 Ἰουδαϊκῆς
1947 2155 2044 2191 τα-

465 2224 805 2295 πεινότητος.
841 2225 937 2277 καὶ
971 2224 1049 2287 ὡς
1094 2224 1186 2276 ἐπὶ
1228 2222 1453 2294 ἄριστον
1515 2221 1631 2292 βίον
1663 2220 2040 2292 μετελθόντας,

465 2309 560 2362 καὶ
592 2308 701 2359 τῶν
723 2306 992 2377 πατρῴων
1018 2308 1563 2377 καταφρονήσαντας,
1596 2306 1688 2359 ὑπ’
1726 2305 1905 2359 αὐτῶν
1934 2305 2043 2360 τῶν

462 2390 681 2445 δίκείων
699 2391 930 2459 πάσχειν
953 2389 1163 2453 κακῶς,
1219 2389 1315 2442 καὶ
1348 2389 1623 2460 μηδεμίαν
1649 2388 1796 2458 ἔχειν
1828 2388 2040 2456 ἀντίλη-

462 2470 578 2542 ψιν.
611 2473 728 2525 Οὐκ
758 2471 886 2541 ἔχω,
916 2471 1101 2541 φησὶν,
1134 2471 1430 2533 είπεῖν,δτι
1458 2469 1630 2525 ταῦτα
1654 2469 1886 2524 ἐπάθετε
1920 2470 2041 2540 μὲν,

464 2556 685 2626 ῂλγεϊτε
746 2554 823 2617 δὲ,
871 2553 1007 2608 ἀλλά
1057 2555 1154 2607 καὶ
1193 2553 1399 2625 σφόδρα
1445 2554 1718 2625 ἔχαίρετε.
1747 2555 1860 2608 Kal
1887 2554 2045 2608 τοῦτο

465 2624 738 2709 ἐδήλωσεν
783 2636 953 2690 είπών
979 2653 994 2668 ·
1031 2634 1215 2690 Τοῦτο
1245 2635 1335 2702 δὲ,
1378 2637 1653 2691 κοινωνοὶ
1697 2636 1811 2690 τῶν
1855 2636 2045 2704 οὓτως

464 2717 1009 2788 ἀναστρεφομένων
1055 2717 1413 2788 γενηθέντες
1432 2734 1445 2748 ⁸
1498 2718 1598 2772 καί
1627 2717 1739 2788 τὰρ
1772 2718 1899 2784 τοῖς
1944 2718 2042 2772 δε-

463 2803 669 2872 σμίοις
697 2801 1195 2871 συνεπαθήσατεθ
1227 2800 1323 2855 καὶ
1348 2802 1548 2865 αὐτοὺς
1577 2801 1731 2872 φέρει
1760 2802 1840 2865 είς
1876 2801 2043 2872 μέσον

462 2884 595 2949 τοὺς
612 2885 967 2948 ἀποστόλους.
992 2884 1066 2939 Ού
1101 2884 1282 2954 μόνον,
1314 2884 1501 2954 φησὶν,
1545 2884 1637 2939 ἐπὶ
1669 2887 1781 2948 τοῖς
1815 2884 2041 2947 οἰκείοις

462 2968 566 3023 οὐκ
599 2966 922 3040 ᾐσχύνεσθε,
945 2967 1083 3022 ἀλλά
1109 2968 1332 3031 καὶτοῖς
1358 2966 1541 3029 ἄλλοις
1565 2968 1903 3021 ἐκοινωνεῖτε
1926 2970 2042 3031 τοῖς

461 3049 641 3106 ταῦτα
690 3049 947 3105 παθοῦσι.
991 3050 1162 3105 Τοῦτο
1205 3051 1300 3106 καὶ
1353 3049 1805 3121 παρακαλοῦντος
1841 3051 2041 3116 αὐτούς

463 3136 634 3191 ἐστιν.
669 3134 783 3188 Οὐκ
815 3128 960 3197 εἷπε,
989 3134 1190 3206 Φέρετε
1209 3136 1307 3198 τὰς
1332 3133 1542 3203 θλίψεις
1584 3132 1681 3197 τὰς
1719 3133 1889 3204 ἐμὰς,
1925 3151 2041 3188 κοι-

462 3216 687 3274 νωνεϊτέ
724 3233 840 3287 μοι,
873 3216 990 3269 ἀλλ’
1015 3216 1227 3278 ἅπλῶς.
1279 3216 1410 3283 Τοῖς
1442 3215 1716 3285 δεσμίοις
1769 3232 2037 3270 συνεπα-

466 3298 714 3369 θήσατε.
761 3298 924 3371 Ὁρᾷς
948 3301 1030 3354 ὅτι
1071 3300 1202 3370 περὶ
1219 3297 1413 3352 ἐαυτοῦ
1436 3314 1568 3368 φησι
1597 3299 1691 3351 καὶ
1722 3298 1831 3351 τῶν
1861 3299 2038 3353 ἄλλων

460 3381 571 3437 τῶν
595 3381 936 3452 δεδεμένων;
989 3379 1178 3444 Οῦτως
1234 3380 1332 3451 οὐχ
1380 3379 1660 3450 ἡγήσασθε
1696 3380 1870 3450 δεσμά
1900 3379 2038 3436 εἶναι

452 3464 533 3531 ,τά
550 3464 748 3536 δεσμὰ,
768 3465 868 3518 ἀλλ
911 3464 1102 3536 ὥσπερ
1126 3463 1359 3534 ἀθληταὶ
1384 3461 1532 3535 [195]
1567 3465 1827 3530 γενναῖοι,
1866 3463 2039 3527 οὕτως

460 3548 657 3620 ιστητε
679 3563 694 3579 ο
728 3548 812 3601 ὅτι
837 3546 897 3600 ού
935 3545 1094 3616 μόνον
1127 3547 1188 3600 ἐν
1216 3548 1329 3608 τοῖς
1359 3545 1648 3615 ὑμετέροις
1674 3545 1776 3598 ούκ
1818 3545 2037 3599 ἐδέεσθε

459 3628 881 3705 παρακλήσεως,
919 3627 1058 3684 ἀλλὰ
1091 3626 1187 3681 καὶ
1231 3629 1345 3691 τοῖς
1376 3627 1556 3690 ἄλλοις
1580 3626 1833 3695 ἐγένεσθε
1863 3630 2040 3698 παρά-

460 3715 675 3786 κλησις.
701 3712 812 3768 Καὶ
836 3711 953 3780 τὴν
979 3709 1261 3780 ἁρπαγὴν
1291 3708 1412 3764 τῶν
1438 3710 1834 3779 ὑπαρχόντων
1871 3710 2041 3780 ὑμῶν

455 3798 609 3870 μετὰ
650 3795 839 3867 χαρᾶς
890 3794 1363 3864 προσεδέξασθε.
1395 3793 1593 3853 Ba6al.
1642 3793 1785 3863 πόση
1837 3793 2040 3865 πληρο-

460 3880 628 3952 φορία
649 3879 886 3944 πίστεως
907 3880 921 3932 1
947 3874 1081 3933 Εἶτα
1108 3878 1203 3932 καὶ
1224 3876 1322 3948 τὴν
1341 3876 1519 3931 αἰτίαν
1532 3875 1766 3946 τίθησιν,
1793 3876 1854 3929 ού
1879 3877 2039 3948 μόνον

460 3964 600 4035 πρὸς
628 3962 756 4025 τοὺς
774 3962 970 4024 ἄθλους
997 3961 1197 4023 αὐτοὺς
1230 3960 1586 4032 παρακαλῶν,
1618 3958 1756 4013 ἀλλά
1785 3959 2039 4032 καὶπρὸς

460 4046 525 4099 τὸ
566 4045 641 4113 μή
682 4044 1104 4113 διασαλευθῆναι
1150 4047 1250 4115 τῆς
1303 4044 1559 4109 πίστεως.
1613 4044 1718 4097 Τὸν
1772 4044 2038 4116 ὑμέτερον

462 4125 718 4185 πλοῦτον,
772 4125 959 4194 φησὶν,
995 4125 1375 4195 ἁρπαζόμενον
1420 4126 1677 4196 ὁρῶντες,
1727 4127 2034 4199 ἠνέγκατεο

461 4207 564 4279 ἤδη
613 4204 723 4275 γ’ἀρ
752 4204 843 4257 τὸν
863 4208 923 4258 ού
957 4206 1282 4276 φαινόμενον
1310 4207 1386 4271 ὡς
1411 4208 1738 4279 φαινόμενον
1784 4209 1994 4281 ἑωρᾶτε
2016 4224 2033 4241 ’

461 4290 602 4362 ὅπερ
649 4286 977 4358 εἰλικρινοῦς
1026 4287 1264 4353 πίστεως
1315 4285 1426 4360 ἦν’
1471 4292 1566 4344 καὶ
1612 4290 1681 4345 δι’
1714 4291 1896 4347 αὐτῶν
1928 4292 2035 4347 τῶν

461 4376 641 4449 εργων
679 4371 847 4441 αὐτὴν
885 4370 1255 4437 ἐπεδείξασθε.
1308 4373 1382 4427 Τὸ
1427 4374 1526 4445 μὲν
1551 4370 1646 4428 οῦν
1693 4375 2032 4447 ἀπαργῆναι,

462 4461 597 4522 ἴσως
621 4456 721 4528 τῆς
754 4455 875 4526 βίας
925 4450 994 4526 ἦν
1041 4454 1148 4509 τῶν
1191 4456 1571 4528 ἁρπαζόντων,
1615 4458 1710 4511 καὶ
1763 4458 1939 4523 οὐδεὶς
1969 4458 2036 4513 ἂν

461 4542 696 4613 ἠδύνατο
716 4539 959 4594 κωλῦσαι
977 4555 994 4571 ’
1018 4538 1159 4593 ὥστε
1193 4540 1406 4596 οὐδέπω
1430 4540 1589 4596 τοῦτο
1612 4542 1793 4612 δῆλον,
1836 4542 1919 4597 ὃτι
1949 4542 2038 4598 διὰ

461 4626 562 4699 τὴν
599 4624 781 4679 πίστιν
800 4621 897 4695 τὴν
928 4622 1183 4692 ἁρπαγὴν
1214 4621 1570 4695 ὑπεμείνατε.
1610 4625 1802 4680 Καίτοι
1840 4643 1905 4697 γε
1940 4626 2037 4682 καὶ

461 4708 621 4763 τοῦτο
672 4706 829 4778 δῆλον
849 4721 863 4737 ·
909 4706 1036 4776 ἐνῆν
1062 4703 1189 4777 γὰρ,
1220 4706 1378 4777 είπερ
1417 4707 1727 4775 ἐϐούλεσθε,
1754 4709 1827 4782 μή
1858 4711 2039 4781 ἀρπα-

463 4788 629 4863 γῆναι
660 4791 734 4861 μὴ
765 4788 1159 4852 πιστεύσαντας
1180 4801 1194 4817 °
1221 4789 1339 4843 ἀλλ’
1366 4790 1395 4845 δ
1422 4790 1603 4863 πολλῷ
1622 4792 1816 4846 τούτου
1853 4794 2038 4863 μεῖζόν

464 4871 612 4926 ἐστιν
633 4876 947 4944 ἐποιήσατε,
982 4872 1043 4925 τὸ
1064 4870 1157 4925 καὶ
1189 4871 1329 4944 μετά
1352 4876 1529 4946 χαρᾶς
1559 4875 1629 4929 τὰ
1678 4876 1904 4929 τοιαῦτα
1952 4878 2040 4947 φέ.

468 4971 584 5027 ρειν
605 4972 620 4987 ο
647 4956 784 5027 ὅπερ
821 4952 889 5027 ἦν
918 4956 1040 5009 ὅλον
1072 4955 1448 5023 ἀποστολικὸν,
1483 4958 1579 5012 καὶ
1621 4958 1731 5011 τῶν
1770 4960 2038 5029 γενναίων

464 5038 689 5091 ἐκείνων
718 5038 866 5102 ἀξιον
889 5039 1100 5109 ψυχῶν,
1133 5040 1183 5094 οἳ
1208 5041 1593 5112 μαστιχθέντες
1628 5041 1867 5115 ἔχαιρον.
1893 5044 2035 5098 ’Υπ-

462 5120 845 5189 ἐστρεψανγὰ
852 5138 902 5190 ρ,
924 5122 1109 5194 φησιν,
1127 5125 1245 5179 ἀπὸ
1261 5122 1581 5193 προσώπου
1594 5126 1700 5180 τοῦ
1713 5127 2037 5197 συνεδρίου

462 5206 794 5275 χαίροντες,
826 5203 913 5256 ὅτι
950 5206 1408 5273 κατηξιώθησαν
1441 5207 1593 5276 ὑπὲρ
1617 5209 1721 5263 τοῦ
1746 5210 2038 5280 ὀνόματος

463 5287 650 5343 αὑτοῦ
667 5285 1088 5356 ἀτιμασθῆναι.
1121 5291 1178 5343 'O
1203 5290 1260 5343 δὲ
1290 5290 1428 5361 μετά
1457 5292 1634 5362 χαρᾶς
1676 5292 1888 5364 φέρων,
1933 5293 2038 5346 δεί-

464 5388 654 5427 κνυσιν
678 5371 761 5424 ὅτι
792 5369 904 5440 ἔχει
940 5371 1131 5439 μισθόν
1157 5388 1295 5438 τινα,
1327 5374 1423 5425 καὶ
1470 5374 1553 5426 δτι
1584 5374 1644 5427 ού
1676 5375 1869 5444 ζημία,
1896 5377 2037 5430 ἀλλὰ

466 5453 728 5525 πρόσοδός
753 5454 868 5506 ἐστι
899 5452 961 5507 τὸ
1008 5454 1259 5523 πρᾶγμα.
1321 5455 1431 5509 Kal
1449 5455 1529 5519 τὸ,
1554 5456 2032 5524 Προσεδέξασθε,

464 5537 564 5605 τὴν
588 5535 832 5590 ἑκούσιον
861 5536 1041 5589 αὐτῶν
1064 5537 1340 5607 ὑπομονὴν
1352 5537 1521 5610 δηλοῖ.
1549 5540 1675 5605 Πῶς
1706 5536 1799 5595 οὖν
1827 5542 2037 5598 εἵλεσθε

468 5618 564 5674 καὶ
589 5619 982 5687 κατεδέξασθε;
1008 5620 1439 5688 Γινώσκοντες,
1494 5624 1678 5694 φησὶν,
1708 5624 1871 5694 ἔχειν
1897 5626 2036 5682 ἐαυ-

1183 279 1240 335 8.
1271 277 1556 335 JOANNIS
1585 275 2039 334 CIIIKYSOSTOM

2140 275 2434 334 LRCHIEP.
2474 277 3021 340 CONSTANTINOP.

3616 277 3722 335 ιεςο

2151 391 2276 459 τοῖς
2311 393 2641 460 κρείσσονα
2672 392 2932 463 ὕπαρξιν
2964 394 3035 449 ἐν
3055 390 3335 463 οὐρανοῖς
3372 389 3471 444 καί
3503 388 3724 461 μένουο

2144 491 2285 528 σαν.
2311 476 2376 528 Τί
2396 478 2532 540 ἐστι,
2562 476 2888 532 Μένουσαν
2904 494 2926 544 ;
2949 477 3197 549 βεϐαίαν,
3222 476 3321 548 οὐχ
3347 479 3520 538 οὕτως
3553 474 3723 530 ἀπολ-

2145 557 2207 611 λυ
2216 560 2386 631 μένην
2408 559 2598 633 ὥσπερ
2622 561 2848 633 ταύτην.

2216 727 2281 798 β’.
2299 721 2432 783 Εἶτα
2466 728 2761 795 ἐπαινέσας
2789 728 3009 796 αὐτοὺς,
3038 729 3191 800 φησί·
3217 728 3313 796 Μὴ
3349 724 3465 783 οὖν
3496 726 3725 785 ἀποϐά-

2142 812 2293 877 λητε
2320 810 2439 879 τὴν
2471 815 2818 882 παρρησίαν
2843 813 3033 883 ὑμῶν,
3085 812 3224 878 ἥτις
3260 810 3382 879 ἔχει
3417 812 3721 879 μισθαπο-

2143 892 2365 947 δοσίαν
2384 894 2682 963 μεγάλην.
2724 896 2791 949 Τί
2815 894 3029 964 λέγεις;
3079 894 3193 947 Ούκ
3249 887 3428 957 εἷπεν,
3463 894 3546 946 ὅτι
3589 892 3724 946 ’Λπ-
3824 888 3827 889 ⁷

2144 975 2370 1029 εϐἀλετε
2389 977 2492 1047 τὴν
2522 977 2839 1050 παρρησίαν
2865 979 3041 1050 ὑμῶν.
3070 978 3163 1031 καὶ
3192 974 3601 1046 ἀνακτήσασθε,
3634 975 3726 1028 ἵνα

2146 1058 2220 1128 μὴ
2252 1059 2727 1129 ἀπαγορεύσωσιν·
2750 1061 2889 1121 ἀλλ’.
2918 1063 3001 1115 ὅτι
3034 1061 3229 1131 Ἔχετε
3261 1058 3452 1129 αὐτὴν,
3494 1057 3567 1127 μὴ
3586 1058 3726 1110 ἀπο·

2142 1141 2374 1210 ϐὁιλητε⁸
2409 1141 2439 1194 δ
2482 1142 2681 1211 μᾶλλον
2712 1143 2909 1206 αὐτοὺς
2967 1142 3339 1214 ἐψυχαγώγει,
3397 1139 3494 1194 καὶ
3549 1138 3723 1193 ἐποίει

2148 1226 2443 1297 ῥωσθῆναι.
2474 1226 2594 1279 Ὀτι
2621 1226 2774 1296 ἔχετε
2806 1225 2996 1298 αὐτὴν,
3025 1226 3179 1297 φησί·
3213 1224 3275 1279 τὸ
3306 1225 3406 1295 μὲν
3428 1224 3539 1295 γὰρ
3590 1223 3726 1275 ἀπο-

2144 1306 2341 1378 ϐληθὲν
2369 1308 2785 1377 ἀνακτήσασθαι
2832 1309 3018 1375 πάλιν,
3058 1309 3304 1378 καμάτου
3331 1306 3504 1359 δεῖται
3541 1304 3723 1359 πλείο-

2142 1409 2256 1459 νος,
2288 1392 2352 1446 τδ
2378 1392 2436 1446 δὲ
2470 1392 2835 1463 κατεχόμενον
2863 1393 2936 1464 μή
2975 1390 3257 1450 ἀπολέσαι.
3290 1391 3390 1461 ούχ
3417 1389 3580 1444 οὕτω.
3616 1390 3721 1442 Γα-

2141 1475 2337 1539 λάταις
2389 1475 2448 1529 δὲ
2489 1475 2552 1529 τὸ
2608 1476 2850 1529 ἐναντίον
2897 1474 3140 1545 γράψει’
3177 1474 3385 1527 Τεκνία
3420 1488 3566 1540 μου,
3600 1470 3711 1537 οὓς

2142 1559 2333 1613 πάλιν
2354 1559 2567 1622 ὠδίνω,
2591 1553 2850 1628 ἀκριςοῦ
2872 1556 3157 1627 μορφωθῇ
3181 1556 3433 1625 Χριστὸς
3452 1556 3521 1608 ἐν
3551 1554 3718 1624 ὑμῖνο

2141 1642 2500 1706 καὶείκότως.
2544 1642 2776 1696 Ἐκεῖνοι
2803 1642 3029 1712 μὲνγὰρ
3061 1640 3397 1711 ὑπτιώτερον
3429 1638 3717 1699 διέκειντο,

2141 1725 2264 1780 ὅθεν
2291 1725 2476 1790 αὐτοῖς
2503 1724 2610 1779 εδει
2654 1724 3099 1795 πληκτικωτέρου
3127 1722 3288 1791 λόγου
3310 1739 3323 1755 ·
3351 1715 3496 1776 οὗτοι
3514 1720 3570 1773 δὲ
3624 1739 3719 1791 μι-

2143 1809 2545 1880 κροψυχότερον
2568 1848 2583 1873 ,
2614 1807 2766 1881 [196]
2795 1807 2919 1862 ὅθεν
2952 1805 3493 1880 θεραπευτικωτέρου
3514 1804 3718 1875 μᾶλλον

2143 1893 2377 1948 ἐδέοντο.
2402 1892 2496 1964 Μὴ
2552 1893 2864 1964 ἀποϐάλητε
2898 1889 3013 1959 οῦν,
3046 1892 3201 1962 φησὶ,
3249 1890 3351 1962 τὴν
3398 1889 3720 1961 παρρησίαν

2146 1977 2323 2049 ὑμῶν.
2345 1976 2510 2031 Ὥστε
2541 1976 2903 2049 ἐν’παρῤησίᾳ
2926 1971 3069 2048 ἦσαν
3096 1974 3264 2046 πολλῇ
3293 1973 3431 2045 πρὸς
3450 1973 3542 2026 τὸν
3559 1971 3716 2026 Θεόν.

2145 2061 2310 2127 Ἦτις
2339 2061 2490 2131 ἔχει,
2528 2061 2686 2132 φησὶ.
2746 2059 3241 2129 μισθαποδοσίαν
3288 2058 3585 2127 μεγάλην.
3651 2054 3720 2109 Τί

2143 2146 2261 2200 ἐστι
2291 2144 2489 2212 τοῦτο;
2521 2145 2657 2199 Τότε
2682 2144 2824 2199 αύτά
2857 2143 3166 2216 ληψόμεθα,
3200 2142 3386 2212 φησίν.
3412 2140 3645 2203 Οὐκοῦν,
3667 2140 3719 2192 εί

2143 2228 2289 2283 κατά
2312 2228 2375 2283 τδ
2427 2227 2621 2301 μέλλον
2658 2228 2965 2291 ἀπόκειται,
3009 2227 3069 2280 ού
3125 2225 3206 2279 δεῖ
3251 2223 3488 2278 ἐνταῦθα
3511 2222 3717 2294 ζητεῖν.

2145 2307 2300 2376 Εἶτα,
2330 2313 2421 2366 ἵνα
2451 2312 2524 2383 μή
2555 2328 2638 2374 τις
2672 2312 2821 2382 είπη,
2866 2310 2997 2364 Ἰδοὺ
3038 2308 3107 2362 τά
3150 2307 3281 2379 παρ’
3332 2306 3490 2378 ήμῶν
3538 2304 3720 2359 πάντα

2144 2395 2443 2466 ύπῆρκται,
2465 2394 2554 2447 διὰ
2577 2393 2738 2447 τοῦτο
2778 2390 3077 2463 προέλαϐεν
3098 2391 3299 2454 αὐτοὺς
3325 2391 3421 2444 καὶ
3447 2392 3514 2460 τῇ
3537 2388 3719 2442 αὐτῶν

2146 2476 2434 2548 ὑπολήψευ
2468 2475 2755 2546 μονονουχὶ
2811 2474 2970 2527 τοῦτο
3016 2474 3225 2543 λέγων·
3256 2473 3319 2528 El
3376 2473 3435 2526 ἐν
3468 2472 3719 2543 οὐρανοῖς

2142 2560 2439 2630 γινώσκετε
2470 2558 2616 2630 ἔχειν
2636 2558 2871 2629 ὓπαρξιν
2903 2557 3221 2629 κρείσσονα,
3278 2557 3447 2628 μηδὲν
3476 2553 3715 2608 ἐνταῦθα

2143 2643 2357 2713 ζητεῖτε
2385 2658 2399 2674 ·
2427 2641 2711 2712 ὑπομονῆς
2749 2641 2859 2713 γὰρ
2891 2640 3044 2711 ἔχετε
3073 2640 3282 2712 χρείαν,
3311 2639 3439 2709 ούχὶ
3471 2636 3718 2710 προσθή-

2142 2744 2246 2797 κης
2265 2726 2496 2795 ἀγῶνος,
2521 2725 2610 2780 ἵνα
2657 2725 2717 2778 ἐν
2742 2728 2855 2789 τοῖς
2900 2725 3086 2788 αὐτοῖς
3119 2722 3359 2795 μείνητε,
3396 2722 3484 2776 ῐνα
3516 2721 3592 2793 μὴ
3630 2720 3718 2793 ρί-

2140 2809 2281 2879 ψητε
2308 2807 2371 2862 τὸ
2399 2806 2761 2879 ἐγχειρισθέν.
2797 2806 3026 2870 Οὐδενὸς
3059 2807 3188 2877 ύμῖν
3228 2805 3415 2877 ἐτέρου
3460 2802 3562 2867 δεῖ,
3594 2801 3718 2857 ἀλλ’

2140 2892 2173 2963 ἢ
2201 2890 2346 2945 ὥστε
2369 2890 2584 2962 στῆναι,
2601 2890 2676 2954 ὡς
2708 2890 2998 2960 ἑστήκατε,
3023 2889 3111 2943 ἵνα
3162 2888 3299 2960 πρὸς
3330 2885 3392 2941 τδ
3416 2885 3573 2951 τέλος
3623 2884 3720 2939 ἐλ-

2141 2976 2345 3043 θόντες,
2374 2972 2677 3046 κομίσησθε
2708 2973 2806 3045 τήν
2834 2972 3189 3042 ἐπαγγελίαν.
3227 2967 3571 3041 ’Υπομονῆς
3607 2969 3719 3039 γὰρ

2139 3059 2329 3129 ἔχετε,
2379 3057 2536 3129 φησὶ,
2594 3057 2825 3127 χρείαν,
2886 3056 2988 3110 ἵνα
3043 3054 3112 3108 τὸ
3159 3054 3395 3123 θέλημα
3422 3052 3531 3108 τοῦ
3564 3049 3717 3107 Θεοῦ

2140 3141 2528 3208 ποιήσαντες.
2570 3139 2910 3208 κομίσησθε
2956 3137 3072 3207 τὴν
3125 3136 3517 3208 ἐπαγγελίαν.
3574 3134 3718 3205 Ἀρα

2140 3223 2257 3288 ἐνδς
2288 3223 2421 3293 ὑμῖν
2448 3222 2527 3275 δεῖ
2545 3221 2732 3292 μόνου,
2778 3221 2867 3274 ἵνα
2920 3220 3253 3292 ἀναμείνητε
3298 3218 3399 3291 τὴν
3427 3217 3714 3290 μέλλησιν,

2138 3307 2236 3377 οὐχ
2266 3304 2356 3360 ἵνα
2387 3305 2661 3377 ἀθλήσητε
2704 3305 2890 3359 πάλιν.
2939 3303 3085 3375 Πρὸς
3113 3302 3206 3357 τὸν
3256 3302 3518 3372 στέφανον
3552 3299 3718 3354 αὐτόν

2139 3390 2284 3452 ἐστε,
2342 3386 2494 3460 φησὶ,
2547 3387 2674 3452 τοὺς
2724 3386 2943 3457 ἀγῶνας
2999 3388 3211 3450 πάντας
3247 3386 3539 3455 ἠνέγκατε,
3588 3383 3718 3448 τοὺς

2137 3469 2393 3539 δεσμοὺς,
2425 3468 2525 3532 τὰς
2545 3469 2774 3539 θλίψεις,
2804 3469 2873 3523 τὰ
2910 3468 3228 3540 ὑπάρχοντα
3266 3466 3420 3537 ὑμῶν
3453 3466 3678 3538 ἡρπάγη
3697 3479 3716 3496 ⁸

2136 3553 2190 3606 τί
2232 3549 2360 3620 οῦν;
2409 3552 2553 3624 Πρὸς
2602 3553 2665 3606 τὸ
2722 3552 3133 3621 στεφανωθῆναι
3173 3552 3444 3622 ἑστήκατε
3487 3548 3715 3603 λοιπόν·

2136 3635 2295 3689 τοῦτο
2349 3635 2510 3705 μόνον
2560 3632 2777 3706 φέρετε,
2813 3635 2913 3704 τὴν
2977 3633 3240 3705 μέλλησιν
3271 3632 3368 3687 τοῦ
3420 3632 3713 3702 στεφάνου.

2138 3718 2204 3771 Ὦ
2220 3719 2449 3788 μέγεθος
2474 3718 2906 3790 παρακλήσεωςι
2936 3718 3123 3782 υῦτως
3155 3718 3354 3783 αὐτοὺς
3382 3716 3713 3789 παρακαλεῖ,

2138 3801 2214 3866 ὡς
2234 3801 2300 3856 ἄν
2329 3820 2411 3865 τις
2433 3802 2578 3856 είποι
2613 3802 2751 3875 πρὸς
2787 3801 3027 3874 ἀθλητήν
3071 3802 3281 3867 πάντας
3313 3799 3713 3866 καταϐαλόντα,

2139 3885 2234 3939 καὶ¹
2279 3886 2486 3956 μηδένα
2536 3886 2732 3957 ἔχοντα
2786 3884 3219 3958 ἀνταγωνιστὴν,
3279 3879 3399 3939 εἷτα
3450 3883 3717 3955 μέλλοντα

2139 3966 2557 4037 στεφανοῦσθαι,
2577 3969 2671 4022 καὶ
2691 3968 2752 4022 οὺ
2765 3968 2999 4040 φέροντα
3014 3966 3105 4022 τὸν
3127 3967 3319 4040 χρόνον
3336 3968 3562 4032 ἐκεῖνον,
3589 3965 3717 4021 καθ’

2138 4056 2198 4110 ὃν
2225 4058 2254 4109 ὁ
2276 4058 2618 4130 ἀγωνοθέτης
2646 4057 2893 4128 ἔρχεται,
2921 4058 3016 4111 καὶ
3043 4057 3226 4129 τίθησι
3273 4055 3367 4111 τὸν
3410 4055 3677 4126 στέφανον
3696 4070 3713 4088 ⁸

2139 4141 2347 4204 ἐκεῖνος
2366 4140 2423 4194 δὲ
2453 4140 2846 4211 ἀκαρτερήτως
2862 4140 3024 4212 ἔχων,
3047 4140 3193 4195 θέλοι
3217 4140 3456 4209 ἐξελθεῖν
3485 4140 3581 4195 καὶ
3614 4158 3716 4209 φυ-

2138 4225 2280 4293 γεῖν,
2311 4221 2389 4287 ὡς
2415 4223 2489 4296 μὴ
2526 4223 2709 4293 φέρων
2738 4223 2801 4276 τὸ
2828 4222 2980 4293 δίψος
3011 4224 3222 4278 καὶτὸν
3247 4224 3515 4295 φλογμόν.
3542 4222 3714 4276 Τοῦτο

2137 4307 2318 4362 τοίνυν
2334 4306 2496 4371 αὐτὸς
2510 4306 2904 4378 αίνιττόμενος,
2919 4306 2973 4360 τί
2986 4324 3173 4377 φησιν;
3192 4306 3322 4361 Ἔτι
3333 4307 3552 4377 μικρὸν
3564 4305 3718 4360 ὅσον

2138 4388 2311 4454 ὅσον,
2341 4391 2374 4444 ὁ
2395 4388 2715 4458 ἐρχόμενος
2739 4389 2893 4458 ἥξει,
2923 4390 3025 4444 καὶ
3052 4392 3126 4445 οὐ
3167 4389 3412 4459 χρονιεῖ.
3450 4389 3566 4443 Ἰνα
3604 4387 3717 4459 γὰρ

2144 4472 2221 4545 μὴ
2246 4472 2466 4541 λέγωσι,
2511 4473 2621 4526 Kal
2645 4473 2777 4527 πότε
2794 4473 2916 4545 ἡξει
2941 4489 2956 4538 ;
2987 4472 3096 4528 ἀπὸ
3118 4473 3227 4528 τῶν
3259 4471 3495 4544 Γραφῶν
3515 4471 3718 4535 αὐτοὺς

2140 4556 2454 4627 παρακαλεῖ
2479 4572 2494 4587 ’
2518 4556 2744 4628 καὶγὰρ
2778 4557 2862 4620 τὸ,
2896 4557 3026 4612 Νῦν
3065 4557 3391 4627 ἐγγύτερον
3444 4553 3618 4625 ἡμῶν
3672 4553 3714 4623 ἠ

2139 4639 2425 4706 σωτηρία,
2459 4638 2583 4692 ὅταν
2608 4638 2745 4711 λέγῃ
2768 4639 3025 4710 ἀλλαχοῦ,
3052 4639 3464 4712 παραμυθεῖται
3489 4636 3714 4701 αὐτοὺς,

2140 4721 2216 4787 ὡς
2274 4719 2456 4791 ὀλίγου
2493 4719 2645 4784 ὄντος
2674 4722 2765 4777 τοῦ
2806 4723 3132 4795 λειπομένου
3166 4724 3384 4796 χρόνου.
3412 4720 3525 4776 Kal
3553 4719 3715 4774 τοῦτο

2138 4804 2237 4860 οὐκ
2263 4804 2357 4875 ἀφ’
2390 4803 2583 4860 ἐαυτοῦ
2617 4823 2803 4878 φησιν,
2845 4806 2961 4861 ἀλλ’
2990 4807 3099 4862 ἀπὸ
3128 4808 3235 4861 τῶν
3281 4804 3538 4878 Γραφῶν.
3564 4804 3627 4858 Εί
3654 4798 3719 4856 δὲ

2138 4888 2198 4955 ἐξ
2230 4888 2434 4943 ἐκείνου
2459 4889 2697 4958 ἐλέγετο,
2716 4890 2941 4960 Μικρὸν
2954 4890 3105 4945 ὅσον
3135 4891 3306 4956 ὅσον,
3328 4893 3362 4945 ό
3391 4889 3721 4958 ἐρχόμενος

2138 4971 2295 5037 ἥξει,
2321 4973 2418 5028 καὶ
2440 4976 2512 5027 οὑ
2534 4974 2793 5042 χρονιεῦ
2822 4973 2977 5043 δῆλον
2997 4974 3080 5027 ὅτι
3104 4971 3201 5027 νῦν
3220 4971 3516 5043 ἐγγύτερός
3544 4972 3718 5027 ἐστιν.

2140 5057 2302 5109 Ὥστε
2329 5056 2421 5110 καὶ
2441 5056 2503 5110 τὸ
2530 5056 2819 5127 ἀναμένειν
2846 5055 3032 5127 μισθός
3047 5057 3196 5109 ἐστιν
3222 5056 3283 5109 ού
3310 5056 3529 5128 μικρός.
3566 5055 3629 5109 '0
3655 5053 3727 5107 δὲ

2137 5137 2387 5205 δίκαιος,
2419 5139 2605 5210 φησὶν,
2638 5140 2708 5193 ἐκ
2728 5140 2985 5204 πίστεως
3013 5138 3253 5206 ζήσεται
3274 5155 3287 5169 ·
3314 5137 3413 5193 καί
3441 5138 3551 5192 ἐὰν
3582 5135 3723 5193 ὑπο-

2137 5222 2465 5288 στείληται.
2527 5223 2640 5275 οὐκ
2689 5220 2986 5292 εὑδοκεῖή
3018 5222 3189 5292 ψυχή
3227 5239 3349 5293 μου
3413 5221 3483 5275 ἐν
3534 5221 3721 5286 αὐτῷ.

2138 5304 2367 5374 Μεγάλη
2393 5303 2533 5374 αὕτη
2559 5306 2593 5376 ἠ
2627 5304 2994 5375 παράκλησις,
3022 5306 3151 5362 ὅταν
3172 5304 3392 5378 δεικνύῃ
3420 5322 3506 5370 τις
3532 5303 3591 5355 τὸ
3611 5306 3721 5357 πᾶν

2138 5385 2593 5457 κατωρθωκότας,
2625 5384 2775 5459 [197]
2794 5387 2889 5441 καὶ
2905 5387 2991 5441 διὰ
3026 5390 3228 5458 μικρᾶς
3258 5388 3540 5463 ρᾳθυμεας
3554 5385 3722 5439 ἀπολ-

2138 5468 2335 5532 λύντας
2362 5467 2513 5523 αὐτό.
2555 5467 2751 5538 Ἡμεῖς
2770 5468 2839 5522 δὲ
2861 5470 2971 5524 οὐκ
3009 5464 3195 5539 ἐσμὲν
3227 5466 3585 5537 ὐποςτολῆς
3629 5469 3724 5536 είς

2140 5550 2461 5616 ἀπώλειαν,
2487 5551 2648 5607 ἀλλὰ
2671 5551 2931 5618 πίστεως
2956 5552 3045 5616 εις
3069 5555 3464 5621 περιποίησιν
3482 5557 3570 5622 ψυ
3576 5572 3611 5620 χ
3621 5550 3715 5618 ῆς.

2144 5636 2316 5689 Ἐστι
2357 5633 2425 5687 δὲ
2461 5636 2685 5701 πίστις,
2715 5633 3114 5706 ἐλπιζομένων
3156 5637 3504 5703 ὑπόστασις
3536 5652 3725 5705 προ,-
