4088 6204
274 289 378 346 H9

258 400 370 440 mea
390 388 724 459 sustinuistis,
757 395 853 450 sed
881 396 1105 463 addidit.
1139 402 1407 477 Magnum.
1436 407 1543 465 Nec
1569 407 1703 467 dixit
1734 421 1851 465 len-

258 477 515 545 tatioum,
541 481 639 538 sed
665 495 941 543 certamen
966 530 982 555 ,
1014 493 1159 562 quod
1187 505 1272 552 est
1303 513 1498 556 nomen
1542 503 1770 557 encomii
1799 507 1853 557 et

259 567 477 625 laudum
524 575 903 634 maximarum.
935 581 1138 640 Deinde
1172 587 1333 643 etiam
1368 603 1614 648 recenset
1647 594 1852 664 sigilla-

258 660 733 732 tim,amplilieatut
759 672 1082 737 orationem,
1110 684 1165 730 et
1188 678 1386 734 multas
1417 680 1602 737 laudes
1625 660 1847 739 addens.

255 751 587 814 Quomodo?
614 754 686 810 Et
712 759 767 813 in
796 760 960 817 altero
998 764 1203 833 quidem
1240 770 1532 839 opprobriis
1558 782 1606 827 et
1636 774 1854 828 tribula-

182 858 183 861 η
257 844 481 898 tionibus
505 850 851 916 spectaculum
877 856 1022 922 facti.
1049 855 1234 929 Magna
1266 861 1411 916 enim
1435 877 1524 918 res
1551 873 1633 919 est
1656 879 1855 935 oppro-

260 935 461 1000 brium,
481 948 540 993 et
562 937 839 997 sufﬁciens
857 946 924 998 ad
944 960 1039 1002 cor
1052 951 1416 1021 pungendum,
1439 959 1852 1024 pervertendum

260 1027 530 1096 animum,
559 1041 614 1087 et
639 1032 707 1088 ad
752 1037 948 1092 rationi
997 1042 1352 1100 oll'undendas
1404 1049 1655 1105 tenebras
1688 1068 1702 1106 :
1731 1051 1853 1108 audi

259 1118 404 1172 enim
449 1122 580 1190 quid
619 1123 761 1179 dicit
790 1129 1050 1198 propheta
1070 1173 1085 1196 ,
1123 1131 1301 1191 Factae
1324 1144 1444 1193 sunt
1469 1140 1595 1194 mihi
1618 1141 1858 1213 lacrytnat

257 1212 408 1280 panis
434 1212 518 1266 die
542 1230 604 1267 ac
629 1228 795 1284 nocte,
821 1220 945 1274 dum
989 1223 1177 1280 dicitur
1218 1229 1345 1284 mihi
1380 1233 1626 1302 quotidie,
1660 1212 1759 1291 Ubi
1783 1246 1857 1293 est

257 1300 401 1356 Deus
424 1313 545 1358 tuus
572 1306 590 1377 (
614 1306 762 1364 Psal.
799 1312 888 1367 Η.
939 1314 1038 1385 4)ἳ
1063 1326 1116 1372 et
1143 1332 1350 1386 rursus,
1472 1327 1709 1382 inimicus
1732 1330 1858 1384 milii

254 1396 627 1461 exprobrasset,
654 1402 1005 1459 sustinuissent
1034 1409 1204 1479 utique
1231 1413 1249 1483 (
1271 1412 1418 1469 Psol.
1447 1416 1540 1472 54.
1570 1418 1694 1490 15).
1714 1419 1857 1487 Quo-

255 1486 405 1539 niam
438 1490 583 1541 enim
617 1489 790 1546 inanis
814 1494 999 1564 gloria:
1025 1513 1211 1557 amore
1237 1503 1443 1560 laborat
1465 1521 1634 1578 genus
1650 1486 1856 1566 buma-

256 1593 409 1638 num.
438 1590 725 1651 propterea
750 1586 910 1642 etiam
939 1590 1009 1645 ab
1041 1591 1145 1649 hoc
1169 1598 1399 1665 capitur.
1431 1597 1542 1657 Nec
1571 1602 1748 1658 solum
1772 1604 1859 1660 di-

254 1671 354 1732 xit,
383 1672 709 1742 Opprobriis,
729 1678 822 1734 sed
852 1681 903 1735 id
930 1699 1143 1755 quoque
1163 1703 1287 1744 cum
1312 1706 1504 1763 magna
1529 1696 1854 1765 intentione,

256 1762 626 1830 Spectaculum
664 1770 806 1839 facti.
837 1771 970 1828 Nam
1017 1780 1234 1847 quando
1269 1762 1464 1854 aliquis
1505 1787 1718 1856 quidem
1760 1762 1859 1860 per

264 1868 340 1909 se
385 1858 606 1924 probris
657 1864 966 1932 appetitur,
998 1878 1082 1923 est
1135 1871 1348 1941 quidem
1400 1877 1682 1934 molesmm
1708 1922 1723 1948 ,
1762 1858 1857 1937 sed

257 1946 435 2000 multo
482 1949 684 2019 magis,
711 1955 927 2023 quando
957 1973 1139 2015 coram
1181 1965 1455 2021 omnibus.
1481 1967 1613 2024 Nam
1644 1946 1816 2044 cogita
1844 2015 1858 2040 ,

259 2052 472 2105 quasso,
499 2051 758 2111 quantum
787 2055 903 2101 erat
927 2049 1149 2119 malum,
1178 2068 1299 2110 cum
1328 2056 1398 2112 ab
1428 2057 1732 2119 humilitate
1755 2063 1856 2119 Ju-

261 2128 416 2184 daica
455 2131 834 2205 descivissent,
867 2151 919 2195 et
965 2150 1234 2214 tamquam
1282 2148 1349 2205 ad
1395 2151 1558 2208 vitam
1603 2157 1859 2228 Optimam

266 2223 653 2293 transiissent,
686 2235 741 2283 et
789 2245 878 2286 res
927 2241 1179 2301 paternas
1225 2223 1654 2313 despexissent,
1679 2264 1709 2303 a
1751 2253 1863 2306 suis

266 2312 412 2368 male
440 2315 571 2383 pati,
601 2325 655 2372 et
688 2319 885 2375 nullam
915 2322 1115 2381 habere
1145 2328 1561 2391 defensionem?
1591 2312 1705 2394 Non
1735 2353 1861 2411 pos.

265 2413 408 2467 sum,
432 2404 627 2474 inquit,
649 2407 832 2466 dicere
861 2414 1002 2482 quod
1035 2415 1149 2472 haec
1173 2421 1390 2489 quidem
1422 2426 1562 2495 passi
1589 2404 1750 2498 estis,
1768 2433 1862 2488 sed

263 2491 556 2561 doluistis;
598 2498 708 2554 imo
734 2516 864 2558 vero
891 2505 1052 2561 etiam
1082 2509 1238 2566 valde
1271 2491 1433 2569 laetati
1464 2520 1615 2576 estis.
1655 2515 1723 2577 Et
1761 2522 1865 2578 hoc

266 2585 593 2655 signiﬁcavit
611 2630 626 2655 ,
652 2591 838 2649 dicens
856 2637 873 2662 ,
900 2595 967 2651 In
996 2600 1158 2655 altera
1197 2613 1365 2661 autem
1390 2609 1516 2663 socii
1542 2611 1667 2684 facti
1691 2630 1865 2669 eorum

270 2677 440 2731 taliter
458 2684 867 2740 conversantium
895 2701 916 2742 :
939 2704 1057 2744 nam
1081 2699 1129 2746 et
1153 2692 1332 2750 vinctis
1357 2703 1608 2770 compassi
1634 2705 1751 2761 estis
1770 2723 1790 2761 :
1809 2716 1865 2763 et

268 2770 791 2868 apostolpshadducit
817 2778 869 2868 in
895 2780 1151 2868 medium.
1174 2786 1288 2868 Non
1319 2790 1516 2861 solum,
1543 2793 1733 2868 inquit,
1758 2816 1865 2856 non

265 2857 362 2897 vos
386 2847 575 2913 puduit
600 2863 815 2922 propter
841 2856 1153 2930 familiares,
1176 2865 1271 2922 sed
1298 2847 1525 2930 aliorum

263 2937 386 2992 bare
402 2942 548 3007 passi
573 2954 712 3013 sunt,
726 2948 908 3004 fuistis
932 2954 1083 3010 socii.
1107 2956 1220 3015 Hoc
1236 2970 1319 3017 est
1345 2967 1504 3022 etiam
1527 2937 1852 3034 consolandis

261 3037 317 3082 ct
341 3029 700 3090 adhortantis.
737 3038 854 3095 Non
893 3042 1048 3112 dixit,
1080 3046 1253 3107 Fertis
1294 3070 1442 3114 meas
1483 3029 1849 3142 afﬂictio—nes:

261 3120 392 3175 mihi
409 3124 548 3179 estis
562 3128 716 3195 socii,
736 3131 829 3186 sed
858 3133 959 3189 hoc
976 3144 1202 3209 tantum,
1219 3142 1410 3203 Vinctis
1437 3120 1696 3226 compassi
1708 3120 1848 3220 estis:

263 3208 425 3267 Vides
443 3216 592 3285 quod
623 3217 692 3274 de
716 3235 777 3276 se
797 3222 1009 3283 dicatet
1036 3229 1102 3285 de
1117 3208 1239 3290 aliis
1258 3238 1450 3295 vinctis
1468 3246 1491 3297 'l
1509 3208 1689 3321 Usque
1709 3208 1852 3313 adeo

263 3316 369 3357 non
383 3306 711 3366 existimatis
727 3313 936 3372 vincula
958 3334 1078 3377 esse
1094 3327 1326 3397 vincula,
1351 3335 1443 3389 sed
1465 3306 1732 3413 tamquam
1752 3348 1852 3404 lor-

264 3400 344 3447 tes
361 3404 415 3449 et
441 3400 652 3456 strenui
675 3403 893 3461 athleta:
919 3412 1176 3469 stetistis:
1200 3423 1452 3488 quoniam
1475 3400 1851 3496 non-solumin

262 3487 456 3542 vestris
503 3504 613 3545 non
650 3505 788 3563 opus
826 3496 1106 3559 habebatis
1133 3511 1538 3588 consolatione,
1571 3525 1665 3580 sed
1692 3530 1849 3589 etiam

263 3575 398 3632 alios
432 3581 568 3635 estis
607 3587 894 3644 consolati.
936 3590 1005 3645 Et
1033 3598 1265 3666 rapinam
1295 3602 1540 3665 bonorum
1580 3628 1851 3678 vestrorum

263 3679 390 3780 ialm.
413 3672 607 3738 gaudio
644 3681 954 3751 suscepistis.
990 3684 1181 3758 Papm,
1215 3707 1374 3763 quam
1419 3712 1563 3759 certa
1602 3716 1656 3762 ct

263 3755 391 3813 ﬁdei
419 3766 736 3831 persuasio!
766 3770 970 3831 Deinde
994 3778 1151 3837 aliert
1174 3786 1333 3842 etiam
1362 3805 1601 3866 causam,
1627 3755 1730 3858 ηοξ]
1762 3822 1851 3863 so-

261 3850 369 3906 lum
519 3859 812 3920 adhortans
840 3867 906 3921 ad
934 3877 1226 3932 certamina
1247 3921 1262 3945 ,
1292 3883 1387 3938 sed
1416 3850 1665 3950 etiam'ut
1689 3911 1717 3950 a
1750 3850 1850 3958 {ide

266 3956 373 4061 nqn
406 3944 619 4004 labent.
654 3951 909 4014 \‘identes
929 4001 943 4025 ,
973 3964 1178 4035 inquit,
1204 3944 1412 4031 vestras
1438 3977 1650 4039 divitias
1674 3987 1852 4061 diripi,

262 4035 540 4096 tolerastis
562 4061 577 4096 :
599 4058 694 4100 eas
719 4050 860 4104 enim
889 4069 1007 4124 qua:
1033 4061 1269 4118 nondum
1292 4073 1621 4138 apparebant
1649 4035 1853 4140 vidisiti;

567 4152 686 4233 qua!
715 4156 1036 4212 apparerent
1070 4171 1083 4206 :
1114 4157 1256 4225 quod
1287 4136 1512 4221 sincerm
1538 4180 1654 4227 erat
1682 4136 1849 4233 ﬁdei;

262 4228 314 4331 et
334 4220 495 4279 factis
529 4227 662 4299 ipsis
689 4247 805 4289 eam
831 4220 1160 4300 ostendistis.
1185 4250 1261 4304 Ac
1288 4269 1476 4324 rapere
1502 4263 1714 4331 quidem
1741 4283 1852 4328 erat

264 4310 495 4372 inﬂasse
522 4321 793 4380 violentia:
820 4344 1005 4387 eorum
1032 4338 1120 4405 qui
1148 4344 1446 4414 rapiebant,
1468 4310 1569 4408 nde
1598 4362 1851 4426 potuisset

261 4407 523 4477 quispiam
575 4415 879 4484 prohibere.
926 4424 1287 4492 Quamobrem
1338 4407 1703 4505 nondum'cst
1754 4453 1853 4512 hoc

261 4500 629 4611 pempicuum,
658 4508 797 4576 quod
828 4525 1046 4582 propter
1070 4518 1228 4578 tidem
1261 4532 1401 4596 passi
1427 4538 1557 4592 estis
1585 4543 1849 4611 rapinam.

259 4589 419 4657 Atqui
449 4591 557 4646 hoc
582 4609 798 4669 quoque
824 4613 904 4658 est
932 4589 1273 4680 perspicuum
1305 4635 1317 4672 :
1353 4589 1551 4682 licebat
1593 4589 1737 4690 edim
1763 4589 1789 4703 ,ι

259 4680 570 4703 -η.--τ---.ρ,
694 4702 699 4703 ,
877 4694 888 4703 .
1019 4698 1030 4703 _

259 4680 573 4739 volnissetis
596 4727 611 4750 ,
642 4702 749 4742 non
781 4694 889 4761 pati
916 4698 1157 4768 rapinam
1184 4746 1200 4769 ,
1231 4706 1277 4761 si
1307 4725 1411 4766 non
1440 4680 1804 4783 credidissetis
1838 4748 1851 4784 :

258 4773 348 4825 sed
389 4775 538 4845 quod
578 4789 662 4832 est
700 4781 801 4837 huc
844 4784 1003 4858 longe
1039 4796 1208 4865 magis
1238 4797 1459 4871 feeiSIis,
1491 4825 1684 4884 nempe
1711 4825 1767 4874 ut
1792 4837 1852 4876 ea

259 4862 420 4918 etiam
455 4865 675 4925 lerrctis
701 4887 821 4929 cum
849 4880 1046 4947 gaudio
1074 4898 1090 4937 :
1119 4862 1261 4955 quod
1292 4862 1508 4962 quidem
1539 4862 1852 4969 aitait-ui;

258 4958 647 5068 apﬁstolicum‘,
678 4972 734 5017 et
762 4964 981 5036 dignum
1011 4978 1221 5045 magnis
1245 4958 1350 5038 illis
1374 4989 1567 5047 animis
1592 5037 1606 5059 ,

257 5044 437 5111 gellati
479 5051 808 5118 gaudebant.
838 5057 1048 5117 Βενενεὶ
1070 5079 1190 5121 sunt
1217 5074 1360 5130 enim
1386 5120 1400 5144 ,
1433 5044 1622 5153 inquii.
1652 5044 1686 5143 ξι
1725 5092 1852 5164 iam

261 5139 463 5164 ιιι-...ΣΙιέ
496 5144 737 5164 _-__-1A,,-,
960 5154 971 5164 .
1026 5156 1055 5164 .-
1133 5161 1143 5164 -

489 5144 767 5252 gaudiales
791 5189 807 5216 ,
834 5154 971 5220 quod
1001 5156 1144 5229 digni
1172 5164 1273 5219 sint
1299 5139 1457 5227 habiti
1498 5139 1851 5252 quiqprornvd:

260 5229 396 5282 utine
420 5231 549 5349 ,δεῖν
575 5237 895 5307 οβιενειιιω·
919 5254 1231 5310 contumelia
1274 5259 1294 5327 (
1316 5262 1429 5328 Act.
1476 5229 1718 5348 Statil)“.

267 5332 444 5431 sistent
478 5327 581 5383 fert
604 5346 726 5387 cum
746 5337 962 5404 gaudio,
987 5349 1224 5404 ostendit
1244 5366 1303 5408 se
1326 5327 1524 5417 habere
1550 5327 1852 5431 mercedem

265 5412 516 5484 aliquam,
541 5428 595 5474 et
622 5424 767 5492 quod
795 5441 858 5480 ea
887 5445 994 5485 non
1019 5434 1089 5489 sit
1111 5436 1387 5513 damnum,
1411 5450 1506 5504 sed
1536 5467 1846 5524 proventus.

266 5506 324 5559 Et
352 5506 507 5575 illud,
541 5511 880 5587 Suscepistis,
908 5527 1141 5582 ostendit
1173 5506 1737 5604 voluntariam'eornm
1767 5564 1847 5613 to-

263 5595 556 5702 lerantiam.
586 5606 873 5674 Quomodo
899 5615 1137 5689 elegistis
1162 5635 1217 5680 et
1245 5636 1606 5704 suscepistis?
1641 5604 1840 5715 Cogito;

255 5698 462 5759 “cutes,
491 5693 682 5762 inquit,
717 5715 804 5755 ros
830 5701 1012 5762 [tubere
1037 5711 1090 5764 in
1114 5716 1252 5771 aclis
1276 5693 1536 5781 meliorem
1563 5728 1609 5776 et
1635 5693 1841 5781 "taben-

548 5784 842 5859 νΡΔτιιοι..
893 5792 1011 5855 Gtt.
1061 5794 1284 5859 LXIII.

1093 296 1158 352 IN
1199 299 1417 356 EPIST.
1461 302 1551 356 Al)
1594 294 1953 354 IIEDRJEOS.
1995 295 2152 351 CAP.
2196 294 2262 349 Χ.
2307 292 2537 350 ιιολιιι.
2583 292 2723 349 XXI.

3448 296 3555 351 liii)

1965 420 2060 462 tem
2103 399 2455 461 substantiam.
2500 403 2810 467 Munentem,
2842 401 2891 457 id
2923 412 3023 465 eSI,
3055 402 3258 458 lirmam
3286 420 3348 460 ac
3378 407 3545 461 status

1964 503 2093 564 lem,
2122 514 2228 554 non
2256 499 2346 563 ita,
2375 497 2514 552 sicut
2540 495 2676 560 hate,
2706 502 3039 565 pereuntem.
3520 504 3525 513 '

2044 592 2099 645 2.
2149 590 2349 645 Deinde
2386 602 2508 643 cum
2539 602 2634 643 eos
2667 586 2970 650 laudasset,
3015 587 3191 643 dicit:
3234 588 3322 645 35.
3370 589 3546 645 Nolite

1960 685 2129 753 itaque
2181 682 2408 735 amittere
2451 679 2810 747 conﬁdentiam
2856 687 3098 743 vestram,
3143 695 3255 747 qua
3310 689 3545 752 magnam

1962 775 2109 830 habet
2135 773 2608 829 remunerationem.
2640 769 2779 839 Quid
2805 770 2940 825 dicis
2960 770 2984 824 ?
3007 771 3123 826 Non
3149 771 3317 835 dixit,
3347 773 3546 828 Amisi-

1959 867 2058 922 stis
2082 864 2355 928 ﬁduciam,
2386 870 2441 917 et
2482 870 2669 917 rursus
2711 860 2973 932 acquirite
2994 903 3010 929 ,
3049 877 3118 919 ne
3145 863 3497 934 desperarent
3527 886 3542 927 :

1958 959 2053 1015 sed
2077 1000 2093 1025 ,
2121 956 2338 1013 Habetis
2356 997 2372 1021 ,
2400 969 2469 1011 nc
2490 954 2743 1009 amittatis
2773 972 2786 1007 :
2815 954 2957 1025 quod
2989 954 3254 1012 efﬁciebat
3276 966 3337 1013 ut
3361 971 3543 1014 essent

1960 1049 2245 1104 ﬁrmiores.
2296 1048 2454 1112 Eam,
2500 1045 2709 1116 inquit,
2762 1043 3014 1102 habetis:
3064 1062 3188 1103 nam
3230 1048 3282 1103 id
3326 1052 3541 1120 quidem

1954 1142 2099 1213 quod
2141 1150 2221 1197 est
2265 1140 2518 1195 amissum
2582 1151 2768 1193 rursus
2812 1137 3123 1208 acquirere,
3175 1139 3366 1210 majori
3408 1154 3543 1211 Opus

1958 1235 2118 1291 habet
2148 1234 2331 1290 labore
2359 1248 2374 1299 ;
2414 1230 2556 1303 quod
2599 1240 2778 1286 autem
2807 1231 3111 1300 possidetur
3139 1246 3244 1285 non
3277 1233 3503 1302 perdere
3525 1276 3539 1297 ,
3588 1290 3589 1295 η

1956 1340 2062 1384 non
2110 1327 2203 1381 ita.
2250 1325 2453 1381 Galatis
2496 1331 2672 1378 autem
2723 1322 2853 1377 dicit
2897 1322 3229 1377 contrarium
3277 1323 3537 1390 :Filioli,
3603 1328 3626 1370 .’

1955 1436 2078 1489 quos
2104 1420 2285 1475 iterum
2312 1418 2568 1487 parturio,
2596 1417 2753 1471 donec
2797 1415 3041 1488 formetur
3070 1416 3122 1469 in
3150 1411 3286 1471 vobis
3313 1416 3541 1473 Clu-istas

1955 1511 2115 1585 (Gal.
2160 1513 2215 1567 4.
2260 1510 2411 1579 19);
2459 1517 2514 1565 et
2555 1510 2768 1565 merito.
2819 1508 2952 1563 Nam
3000 1508 3082 1565 illi
3125 1508 3341 1580 quidem
3388 1514 3540 1568 erant

1952 1607 2254 1678 Supiniores
2295 1615 2349 1661 et
2394 1604 2736 1676 ignaviores;
2767 1603 2910 1658 unde
2955 1616 3091 1673 opus
3117 1602 3387 1660 habebant
3414 1612 3538 1660 ora.

1953 1698 2099 1752 tione
2126 1711 2246 1768 qum
2287 1696 2455 1767 magis
2502 1699 2762 1765 pangeret
2791 1712 2806 1748 :
2841 1693 2925 1749 isti
2970 1701 3150 1749 autem
3179 1706 3335 1750 erant
3372 1692 3537 1752 animi

1952 1789 2123 1861 magis
2162 1788 2341 1860 pusilli
2381 1797 2437 1844 et
2463 1787 2656 1857 abjecti
2684 1805 2699 1852 ;
2732 1787 2874 1843 unde
2898 1787 3068 1859 magis
3107 1802 3239 1857 opus
3272 1789 3539 1846 habebant

1952 1880 2200 1936 oratione
2240 1895 2360 1950 qua:
2398 1887 2612 1935 curaret
2647 1893 2710 1933 ac
2738 1888 3029 1934 recrearet.
3060 1878 3235 1936 Nolite
3263 1896 3421 1952 ergo,
3453 1883 3536 1937 in-

1950 1973 2100 2044 quit,
2158 1973 2404 2028 amittere
2452 1971 2831 2027 conﬁdentiam
2886 1980 3142 2028 vestram.
3201 1973 3363 2029 Multa
3409 1984 3538 2045 ergo

1949 2075 2066 2122 erat
2089 2080 2279 2122 eorum
2318 2064 2370 2119 in
2400 2064 2566 2120 Deum
2599 2062 2811 2119 fiducia.
2858 2062 2988 2129 Qua:
3027 2078 3299 2135 umquam,
3331 2066 3534 2134 inquit,

1950 2158 2096 2212 liabet
2132 2156 2605 2212 remunerationem.
2652 2153 2788 2222 Quid
2817 2154 2920 2209 hoc
2960 2164 3085 2222 est,
3129 2155 3345 2225 inquit?
3387 2157 3534 2211 Tunc

1948 2250 2038 2305 illa
2084 2246 2439 2319 recipiemus,
2488 2246 2682 2319 inquit.
2731 2243 2873 2316 Ergo
2919 2247 2963 2301 si
2995 2246 3049 2301 in
3096 2245 3274 2301 futuro
3305 2244 3533 2319 reposita

1947 2349 2100 2406 sunt,
2129 2355 2236 2395 non
2263 2349 2476 2408 oportet
2502 2337 2590 2394 hic
2629 2353 2891 2408 qumrcre.
2921 2336 3125 2393 Deinde
3151 2353 3220 2393 ne
3248 2340 3366 2409 quis
3390 2339 3539 2394 diem

1946 2431 2064 2491 ret,
2112 2423 2252 2480 Ecce
2309 2425 2489 2480 omnia
2534 2426 2690 2481 nobis
2734 2432 2970 2496 praestita
3017 2434 3144 2482 sunt
3186 2444 3200 2481 :
3246 2442 3526 2497 propterea

1945 2524 2039 2566 eos
2065 2517 2454 2586 przeoccupavit
2484 2516 2535 2572 in
2561 2531 2623 2573 ea
2650 2531 2808 2588 quam
2841 2518 2939 2589 ipsi
2964 2517 3233 2574 habebant
3253 2519 3525 2589 opinione,

1945 2605 2328 2675 propemodum
2368 2608 2554 2665 dicens
2583 2627 2596 2664 :
2626 2610 2670 2666 si
2700 2611 2752 2665 in
2790 2610 2924 2666 ctelo
2954 2611 3280 2682 cognoscitis
3310 2627 3405 2667 vos
3436 2609 3528 2667 ha«

1945 2693 2076 2753 here
2135 2699 2414 2756 meliorem
2478 2702 2867 2771 substantiam,
2930 2704 3061 2759 nihil
3123 2704 3209 2759 hic
3252 2705 3524 2776 qttmrilc:

1944 2792 2196 2860 patientia
2240 2794 2383 2848 enim
2427 2794 2579 2849 vobis
2626 2810 2763 2866 opus
2808 2806 2930 2862 est,
2990 2814 3098 2852 non
3160 2797 3525 2857 additamenta

1943 2884 2284 2952 certaminis,
2338 2895 2396 2941 ut
2439 2885 2493 2942 in
2535 2887 2749 2943 eisdem
2789 2888 3085 2959 maneatis,
3137 2904 3205 2947 ne
3247 2893 3389 2963 quod
3442 2890 3525 2950 est

1946 2973 2094 3029 vobis
2132 2976 2381 3032 traditum
2422 2976 2703 3049 abjiciatis.
2746 2976 2903 3036 Nullo
2932 2982 3038 3037 alio
3078 2976 3231 3038 vobis
3260 2994 3343 3039 est
3366 3000 3522 3054 opus,

1943 3076 2099 3134 quam
2127 3076 2183 3121 ut
2225 3067 2299 3122 ita
2344 3070 2533 3134 stetis,
2580 3079 2635 3125 ut
2679 3070 2941 3134 stetistis.
2993 3077 3052 3127 ut
3096 3085 3216 3128 cum
3247 3072 3313 3127 ad
3362 3073 3521 3128 linem

1942 3158 2294 3225 perveneritis
2319 3198 2333 3223 ,
2375 3158 2647 3228 accipiatis
2675 3161 3108 3230 promissionem.
3143 3158 3235 3218 36.
3271 3164 3527 3251 Patientia

1942 3247 2103 3313 enim,
2151 3246 2355 3319 inquit,
2386 3250 2524 3304 vobis
2558 3251 2844 3305 necessaria
2871 3261 2978 3317 est,
3017 3263 3072 3307 ut
3094 3254 3398 3308 voluntatem
3434 3246 3529 3308 Dei

1943 3340 2180 3406 facientes
2203 3381 2219 3407 ,
2278 3343 2541 3413 reportctis
2599 3342 3004 3412 promissionem.
3057 3343 3175 3400 Uno
3235 3346 3353 3401 solo
3396 3363 3524 3418 ergo

1944 3432 2097 3488 vobis
2122 3448 2260 3504 opus
2279 3444 2451 3499 est,ut
2472 3436 2787 3506 expectetis
2816 3434 3123 3493 dilationem
3144 3477 3159 3503 ,
3189 3452 3293 3493 non
3323 3448 3379 3493 ut
3406 3456 3523 3494 rur-

1941 3536 2034 3579 sus
2074 3527 2311 3582 certetis.
2338 3528 2420 3582 Ad
2467 3528 2637 3597 ipsam
2662 3569 2678 3594 ,
2723 3527 2924 3598 inquit,
2963 3527 3073 3599 jam
3111 3526 3332 3585 venistis
3366 3545 3524 3586 coroa

1941 3630 2063 3669 nam
2091 3630 2112 3679 ;
2137 3616 2316 3671 omnia
2342 3618 2539 3674 tulistis
2566 3620 2856 3675 certamina
2877 3661 2894 3687 ,
2921 3620 3154 3689 vincula,
3184 3620 3522 3689 afﬂictiones,

1942 3714 2109 3776 raptae
2133 3716 2255 3762 sunt
2289 3717 2482 3763 vestra:
2509 3708 2789 3766 facultates
2822 3728 2836 3764 :
2868 3711 2996 3782 quid
3023 3714 3196 3783 ergo?
3227 3715 3298 3768 De
3327 3725 3526 3769 cteterd

1940 3798 2006 3853 ad
2057 3799 2159 3854 hoc
2206 3799 2394 3865 statis,
2445 3808 2500 3853 ut
2548 3801 2881 3855 coronemini
2923 3818 2939 3856 :
2984 3802 3087 3858 hoc
3132 3805 3305 3859 solum
3355 3804 3521 3870 ferte,

1940 3906 2154 3947 coronat
2199 3891 2391 3947 futura:
2416 3891 2750 3948 dilationem.
2782 3894 2828 3949 Ο
2856 3892 3169 3963 magnitudo
3198 3898 3523 3951 consolatio-

1941 3984 2065 4037 nis!
2114 3981 2186 4039 Ut
2222 3983 2268 4037 si
2310 3982 2430 4053 quis
2463 3982 2602 4038 dicat
2641 3983 2857 4039 athletae
2897 3985 2986 4054 qui
3015 3997 3204 4041 omnes
3235 3987 3526 4056 prostravit

1939 4084 1995 4130 et
2030 4076 2383 4146 expugnavit,
2412 4089 2585 4145 neque
2620 4074 2785 4130 ullum
2819 4075 2979 4131 habet
3005 4072 3370 4134 adversarium
3403 4088 3528 4134 cunt

1940 4184 2046 4239 quo
2066 4169 2339 4235 decertet,
2372 4174 2426 4222 ct
2454 4166 2647 4222 deinde
2672 4168 2740 4222 sit
2770 4169 3142 4238 coronandus,
3172 4179 3359 4226 etnon
3391 4171 3527 4229 ferat

1941 4260 2072 4316 illud
2102 4271 2309 4331 tempus
2334 4275 2440 4331 quo
2468 4262 2611 4314 venit
2639 4262 2958 4330 agonotbeta
2984 4303 3001 4330 ,
3032 4271 3086 4319 et
3112 4264 3339 4334 imponit
3366 4274 3522 4321 coro-

1943 4367 2064 4406 nam
2097 4367 2112 4404 :
2146 4350 2235 4405 ille
2276 4359 2454 4404 autem
2490 4366 2596 4404 non
2641 4351 2876 4407 tolerans
2902 4352 3018 4406 vult
3041 4355 3187 4408 exire
3222 4366 3275 4409 et
3306 4354 3522 4424 fugere,

1943 4452 2002 4499 ut
2026 4444 2112 4514 qui
2141 4458 2263 4499 .non
2293 4442 2428 4497 ferat
2468 4442 2611 4496 sitim
2638 4451 2693 4497 et
2717 4452 2927 4497 asstum.
2958 4443 3076 4512 Ipse
3104 4457 3232 4514 ergo
3262 4445 3365 4500 hoc
3392 4447 3524 4501 sub:

1943 4536 2184 4591 indicans
2205 4535 2331 4606 quid
2351 4534 2481 4589 dicit
2502 4535 2526 4588 ?
2547 4534 2637 4590 57.
2665 4536 2845 4589 Adhuc
2866 4535 2997 4589 enim
3022 4537 3275 4590 modicum
3296 4538 3527 4607 αΙὶιμιηηιι

1942 4629 2230 4698 tutumque,
2278 4629 2364 4697 qui
2412 4637 2648 4682 venturus
2692 4638 2765 4683 est
2809 4630 3001 4696 veniet,
3049 4638 3096 4684 et
3140 4646 3239 4685 non
3280 4632 3521 4685 tardabit.

1940 4720 2073 4775 Nam
2107 4735 2171 4775 ne
2210 4720 2481 4789 dicerent,
2514 4731 2565 4777 et
2604 4723 2815 4793 quando
2852 4724 3073 4780 veniet?
3101 4741 3193 4780 eos
3222 4726 3528 4781 consolatur

1941 4828 2008 4869 ex
2036 4813 2347 4882 Scripturis.
2385 4811 2596 4869 Etenim
2628 4814 2841 4885 quando
2865 4815 2993 4871 dicit
3019 4815 3182 4882 alibi,
3211 4814 3430 4889 Propior
3455 4820 3528 4871 est

1939 4907 2110 4952 nostra
2132 4899 2288 4952 salus.
2312 4899 2618 4949 consolatur
2643 4912 2760 4960 eos,
2793 4905 2973 4964 utpote
2998 4912 3118 4949 cum
3148 4907 3311 4953 reStet
3339 4909 3535 4968 paru'ttt‘

1941 4986 2213 5056 temporis.
2259 4985 2369 5040 Nec
2415 5001 2483 5040 ex
2528 5000 2585 5039 se
2632 4984 2737 5039 hoc
2777 4985 2940 5050 dicit,
2970 4985 3063 5041 sed
3105 5001 3167 5041 ex
3211 4986 3521 5059 Scriptnris.

1937 5079 1990 5134 Si
2018 5078 2159 5134 enim
2197 5078 2266 5131 ab
2307 5079 2399 5132 illo
2426 5088 2666 5148 tempore
2710 5077 3019 5145 dicebatur,
3053 5079 3232 5134 Adhuc
3272 5082 3523 5135 modicum
3583 5150 3589 5157 _

1938 5171 2301 5239 aliquantulum
2323 5210 2338 5235 ,
2384 5171 2471 5240 qui
2504 5184 2739 5224 venturus
2780 5180 2851 5223 est
2884 5171 3073 5237 veniet,
3104 5182 3149 5225 et
3178 5186 3278 5226 non
3306 5175 3525 5228 tardabit

1939 5264 1961 5334 τ
1982 5261 2133 5317 Rom.
2178 5263 2268 5317 l5.
2295 5265 2352 5318 ll
2382 5265 2437 5334 ),
2468 5271 2547 5317 est
2590 5262 2930 5332 perspicuum
2962 5264 3101 5334 quod
3129 5279 3269 5320 nunc
3294 5264 3360 5319 sit
3394 5278 3522 5335 pro-
3586 5278 3595 5289 ι

1942 5355 2205 5423 piuquior.
2251 5354 2606 5419 Quamobrem
2644 5362 2698 5406 et
2741 5362 3055 5422 exspectare
3102 5366 3207 5409 non
3250 5365 3410 5425 parva
3441 5361 3525 5411 ml

1939 5458 2165 5498 merces.
2188 5443 2278 5497 28.
2298 5443 2476 5497 Justus
2494 5452 2679 5509 autem,
2710 5444 2909 5513 inquit,
2933 5462 2996 5499 ea:
3015 5447 3115 5515 ﬁde
3138 5449 3263 5500 vivet
3282 5462 3301 5501 :
3324 5450 3460 5533 quod
3480 5442 3523 5503 si

1938 5535 2238 5589 subtraxerit
2252 5551 2325 5599 se,
2358 5551 2457 5587 non
2490 5535 2700 5604 placebit
2718 5537 2906 5591 anima:
2926 5544 3061 5591 mete.
3090 5538 3419 5610 llmc’magna
3443 5548 3537 5596 cst‘

1937 5627 2262 5691 Consolatio,
2295 5641 2415 5679 cum
2447 5626 2691 5680 ostendat
2718 5644 2815 5684 eos
2849 5630 2939 5700 qui
2969 5638 3136 5685 totum
3164 5645 3311 5688 recte
3335 5648 3520 5705 gesses

1937 5728 2057 5778 runt
2084 5759 2099 5789 ,
2130 5718 2181 5775 id
2223 5720 2394 5791 ipsum
2442 5735 2537 5792 per
2561 5721 2866 5779 socordiam
2907 5724 3209 5869 amittere.9
3209 5725 3323 5784 Nos
3354 5736 3527 5784 autem

3129 5812 3157 5869 1

3129 5812 3157 5870 1
