4088 6204
531 375 568 429 ἦ
581 373 642 426 iii

557 495 656 531 non
685 493 858 532 sumus
889 477 1240 532 subtractionis
1265 479 1362 548 [itii
1388 479 1439 532 in
1460 481 1813 550 perditionem,
1842 486 1928 538 sed
1951 486 2069 554 ﬁdei
2088 487 2140 541 in

556 571 928 641 acquisitionem
944 572 1145 625 anima'.
1159 569 1343 641 (Calui
1357 573 1408 642 1)
1441 574 1490 627 1.
1510 571 1599 628 Est
1621 585 1784 629 autem
1798 577 1925 645 ﬁdes
1942 595 2142 648 speran-

553 663 735 716 darum
759 662 1035 716 substantia
1055 677 1256 725 rerum,
1280 674 1624 732 argumentari:
1646 683 1744 720 non
1767 672 2138 738 apparentium.

551 753 607 804 2.
651 751 720 806 In
766 752 861 804 hac
905 752 1039 804 enim
1093 753 1430 808 testimonium
1476 758 1773 826 consequuti
1816 770 1933 814 sunt
1977 777 2137 818 senes.

542 847 743 914 illame
777 845 916 914 quali
958 844 1189 900 dictione
1214 856 1296 902 est
1322 861 1478 912 usus,
1513 847 1698 904 dicens
1719 890 1734 917 ,
1771 850 2142 922 Argumentum

536 953 654 988 non
679 941 1061 1006 apparentium,
1085 936 1200 993 sive
1224 938 1489 993 convictio
1509 955 1693 996 eorum
1718 957 1836 1012 qua:
1862 959 1967 1000 non
1996 947 2142 1003 vide-

539 1025 748 1080 ibantur
776 1035 1193 1096 :argumentum
1229 1029 1380 1082 enim
1420 1029 1616 1086 dicitur
1656 1032 1722 1088 de
1763 1034 1828 1089 iis
1855 1050 1975 1106 quae
2017 1049 2143 1096 sunt

542 1115 706 1170 valde
734 1115 1063 1172 manifestat
1083 1117 1242 1173 Fides
1263 1134 1417 1190 ergo,
1450 1121 1638 1192 inquit,
1667 1134 1750 1179 est
1775 1137 2024 1196 aspectus
2045 1145 2140 1186 eo-

552 1225 672 1263 rum
698 1225 817 1279 qua
845 1224 949 1265 non
977 1219 1102 1264 sunt
1124 1210 1423 1278 manifesta,
1442 1221 1494 1268 et
1519 1229 1580 1269 ea
1598 1231 1717 1285 quae
1737 1232 1843 1273 non
1870 1219 2138 1290 videntur,

520 1363 522 1366 ν
553 1300 822 1354 deducunt
845 1299 910 1355 ad
941 1301 1188 1356 eumdem
1220 1312 1421 1356 certam
1448 1307 1870 1376 persuasionem,
1889 1311 1956 1366 ad
1979 1328 2140 1383 quam

541 1406 672 1461 qua:
692 1391 955 1445 videntur.
975 1391 1160 1462 Neque
1185 1408 1311 1462 ergo
1339 1392 1393 1448 in
1422 1394 1485 1450 iis
1503 1411 1622 1466 qua:
1648 1397 1894 1454 videntur
1922 1401 2048 1458 licet
2078 1403 2140 1458 ti-

535 1485 672 1537 .dem
704 1498 809 1537 non
837 1482 1054 1550 habere,
1082 1492 1242 1554 atque
1273 1501 1475 1553 rursus,
1510 1488 1554 1541 si
1578 1487 1644 1542 de
1671 1488 1736 1544 iis
1761 1507 1879 1560 qua:
1905 1509 2012 1549 non
2042 1510 2135 1551 ca-

531 1577 796 1631 -dnntsnb
819 1587 1093 1647 aspectum
1118 1593 1222 1632 non
1243 1579 1475 1648 apertius
1496 1579 1654 1636 fuerit
1675 1585 1902 1652 cuipiam
1921 1601 2140 1654 persua-

534 1683 692 1732 sum,
716 1683 873 1738 quam
891 1668 957 1722 de
988 1669 1052 1722 iis
1079 1685 1195 1738 qua:
1214 1669 1478 1738 videntur,
1507 1688 1610 1726 non
1643 1682 1817 1741 putest
1842 1691 1960 1732 esse
1981 1679 2133 1736 ﬁdes.

550 1759 682 1813 Nam
723 1759 971 1832 quoniam
1008 1774 1127 1828 qua:
1166 1769 1291 1813 sunt
1335 1761 1386 1815 in
1428 1776 1523 1831 spe
1556 1778 1660 1818 non
1701 1765 1951 1821 videntur
1977 1784 2136 1838 posse

551 1849 884 1914 Consisterc;
933 1848 1063 1903 ﬁdes
1091 1850 1169 1904 eis
1202 1849 1370 1905 donat
1404 1853 1752 1909 substantiam
1780 1873 1794 1914 :
1846 1857 1928 1912 vel
1957 1862 2134 1928 potius

549 1956 656 1997 non
701 1941 902 2010 donat,
948 1942 1042 1998 sed
1090 1944 1192 1998 hoc
1232 1945 1403 2014 ipsum
1431 1955 1514 2001 est
1552 1963 1738 2004 eorum
1769 1953 2045 2009 essentia:
2076 1963 2136 2010 ut

549 2033 780 2102 exempli
824 2049 1015 2099 causa,
1059 2049 1166 2089 non
1197 2035 1415 2092 advenit
1441 2041 1802 2106 resurrectio,
1846 2058 2017 2114 neque
2055 2053 2139 2101 est

551 2123 602 2178 in
632 2123 924 2179 substantia
945 2167 960 2192 ,
997 2125 1047 2180 id
1077 2137 1160 2182 est
1191 2141 1296 2182 non
1328 2129 1606 2198 consistit,
1646 2131 1741 2187 sed
1777 2147 1901 2202 spes
1929 2134 2052 2191 facit
2079 2144 2138 2192 ut

543 2222 614 2261 ea
640 2208 895 2264 consistat
922 2212 973 2264 in
1003 2221 1182 2266 nostra
1205 2216 1401 2268 anima.
1431 2215 1545 2271 lloc
1571 2227 1648 2273 est
1677 2235 1855 2275 rerum
1886 2239 2001 2292 qua:
2018 2239 2139 2295 spe-

553 2309 737 2354 rantur
777 2302 1094 2356 substantia.
1143 2304 1197 2359 Si
1244 2315 1325 2360 est
1364 2321 1492 2376 ergo
1533 2320 1905 2379 argumentum
1949 2329 2139 2370 eorum

551 2407 670 2460 qua:
719 2408 822 2446 non
872 2393 1158 2461 videntur,
1200 2396 1326 2466 quid
1358 2412 1419 2451 ea
1448 2399 1607 2454 vultis
1637 2402 1853 2471 videre,
1887 2418 2000 2460 uta
2034 2406 2137 2464 ﬁde

535 2482 807 2538 "cxcidatis
827 2492 880 2537 et
900 2498 928 2536 a
949 2484 1153 2552 iustitia
1172 2525 1192 2551 ,
1222 2486 1267 2540 si
1295 2487 1506 2556 quidem
1526 2488 1702 2558 justus
1724 2507 1789 2547 ex
1821 2494 1923 2550 tide
1953 2495 2139 2551 vivet?

555 2570 661 2625 Vos
707 2583 882 2627 autem
930 2578 973 2628 si
1013 2589 1076 2629 ea
1116 2575 1277 2632 vultis
1321 2578 1538 2646 videre,
1587 2596 1693 2636 non
1737 2585 1866 2639 estis
1907 2588 2140 2658 amplius

550 2663 756 2716 ﬁdeles.
784 2663 1125 2734 Laborastis,
1159 2667 1368 2739 inquit,
1401 2671 1721 2729 decertastis
1751 2693 1764 2727 :
1796 2692 1894 2746 ego
1925 2694 2138 2751 quoque

553 2751 652 2806 hoe
669 2753 790 2808 dico
819 2773 830 2810 :
863 2757 956 2810 sed
986 2767 1327 2828 exspectate;
1359 2762 1460 2819 hoc
1490 2765 1630 2819 enim
1659 2775 1741 2822 est
1771 2769 1940 2825 fides:
1971 2771 2135 2828 nolito

552 2843 857 2898 universum
891 2844 977 2901 hic
1003 2863 1268 2916 quaerere.

619 2933 671 2986 5.
702 2934 826 2991 lla-c
847 2937 988 2993 dicta
1019 2940 1230 3009 quidem
1257 2953 1382 3000 sunt
1405 2945 1472 3001 ad
1497 2947 1788 3020 llebrteos;
1819 2963 1902 3009 est
1949 2965 2129 3012 autem

545 3030 850 3083 communis
878 3030 1177 3089 admonitio
1206 3036 1366 3092 etiam
1395 3039 1463 3094 ad
1493 3041 1686 3098 multos
1713 3061 1780 3100 ex
1828 3047 1892 3102 iis
1923 3046 2012 3119 qui
2044 3048 2134 3106 hic

535 3131 675 3174 sunt
697 3127 1026 3194 congregati.
1045 3126 1287 3195 Quonam
1316 3132 1518 3188 modo?
1538 3135 1618 3190 Ad
1639 3151 1732 3192 eos
1763 3141 1851 3209 qui
1879 3151 2004 3196 sunt
2035 3159 2134 3213 pu-

541 3212 652 3265 silli
674 3221 727 3268 et
752 3215 944 3284 abjecti
967 3218 1153 3274 animi.
1187 3220 1318 3276 Nam
1341 3225 1555 3294 quando
1582 3227 1816 3284 viderint
1846 3233 2016 3288 malos
2041 3212 2131 3290 res

549 3317 672 3358 snas
694 3305 829 3361 bene
857 3322 1062 3377 gerere,
1087 3326 1145 3366 se
1171 3322 1346 3368 autem
1368 3330 1492 3370 suas
1513 3318 1668 3384 male,
1695 3320 1899 3391 dolent,
1923 3325 2134 3383 tristitia

548 3393 855 3452 afficiuntur
871 3408 923 3453 et
939 3415 1079 3470 argre
1097 3401 1442 3475 ferunt,quod
1460 3407 1669 3463 illorum
1686 3409 1994 3469 desiderent
2012 3431 2132 3486 snp-

551 3483 766 3552 plicinm
790 3497 842 3542 et
871 3489 1146 3559 ultionem,
1172 3503 1224 3548 et
1251 3497 1392 3564 quod
1425 3498 1664 3554 laborum
1693 3517 1909 3559 suorum
1940 3521 2132 3576 exSpeo

533 3585 694 3631 tctent
721 3579 1047 3636 mercedem.
1081 3583 1261 3639 Adhuc
1287 3588 1420 3640 enim
1447 3590 1698 3646 modicum
1727 3593 2127 3666 aliquantulum,

531 3667 632 3738 -qui
649 3679 887 3725 uenturus
903 3681 975 3726 est
989 3673 1168 3743 veniet,
1183 3685 1226 3730 et
1249 3694 1348 3732 non
1367 3681 1609 3750 tardabit,
1627 3683 1835 3740 dicebat
1853 3695 1976 3742 tunc
1993 3688 2134 3745 Pau-

541 3760 650 3817 lus.
680 3761 747 3818 Et
773 3779 870 3819 nos
892 3780 1019 3837 ergo
1045 3766 1162 3824 inec
1184 3769 1427 3828 dicamus
1457 3775 1665 3845 ignavis
1689 3787 1742 3832 et
1769 3780 2088 3837 socordibns
2114 3801 2126 3838 :

532 3850 778 3910 Omnino
806 3861 907 3912 erit
924 3860 1149 3929 punitio,
1169 3865 1388 3920 omnino
1406 3868 1583 3924 veniet
1600 3868 1734 3938 ;jam
1756 3881 1838 3926 est
1857 3873 1909 3926 in
1932 3873 2135 3932 foribus

543 3951 888 4005 resurrectio.
945 3953 1244 4025 Undenam,
1276 3959 1468 4030 inquit,
1501 3966 1753 4020 constat?
1775 3966 1894 4023 Non
1922 3970 2043 4026 dico
2067 3987 2135 4028 ex

546 4039 856 4108 prophetis:
881 4058 987 4099 non
1009 4049 1152 4102 enim
1182 4050 1247 4104 ad
1273 4051 1608 4112 Christianos
1635 4058 1810 4113 solum
1833 4075 1975 4117 nunc
1993 4078 2024 4117 a
2045 4079 2133 4119 me

542 4127 707 4181 verba
729 4130 896 4197 fiunt;
921 4135 1017 4188 sed
1040 4137 1247 4194 etiamsi
1272 4140 1343 4195 sit
1367 4141 1608 4213 Graecus,
1633 4147 1846 4204 confido
1876 4153 2050 4220 plane,
2076 4162 2131 4208 et

531 4228 721 4276 certas
743 4223 1084 4291 probationes
1101 4229 1288 4296 adero,
1305 4240 1494 4289 eteum
1516 4235 1752 4294 docebo:
1774 4244 2130 4313 etquomodo,

528 4312 690 4370 andi.
715 4314 875 4370 Multa
908 4319 1154 4388 prardixit
1178 4321 1446 4380 Christus.
1479 4327 1535 4382 Si
1566 4329 1654 4385 illa
1680 4347 1784 4388 non
1809 4312 2129 4405 evenerunt,

545 4420 647 4462 nec
674 4405 788 4463 haec
807 4408 1134 4468 credideris:
1156 4415 1238 4469 sin
1262 4426 1440 4472 autem
1463 4422 1640 4475 omnia
1665 4437 1983 4494 evenerunt,
2003 4430 2131 4499 quid

526 4501 756 4557 dubitas
784 4501 852 4558 de
878 4504 1143 4576 reliquis?
1169 4509 1327 4580 Atqui
1359 4512 1536 4567 minus
1565 4525 1711 4572 esset
1744 4518 2044 4588 probabile,
2086 4524 2130 4578 si

531 4593 675 4648 nihil
722 4597 1006 4663 evenisset,
1044 4598 1148 4655 illis
1173 4601 1396 4659 credere
1419 4645 1435 4670 ,
1463 4622 1620 4675 quam
1643 4625 1764 4666 cum
1795 4616 1974 4669 omnia
2001 4631 2131 4672 eve-

541 4695 730 4740 nerunt
743 4729 755 4752 ,
772 4687 855 4742 his
871 4703 972 4742 non
991 4690 1232 4747 credere.
1250 4692 1413 4765 Magis
1431 4707 1608 4754 autem
1620 4703 1866 4773 exemplo
1883 4720 1998 4761 rem
2015 4709 2130 4762 red-

541 4777 664 4831 dam
683 4779 1041 4836 manifestam.
1059 4783 1198 4838 Dixit
1213 4783 1458 4843 Christus
1479 4787 1713 4847 futurum
1733 4801 1789 4848 ut
1807 4807 2126 4866 caperentur

539 4867 905 4942 Jerosolyma,
941 4875 1031 4928 tali
1059 4877 1366 4945 captivitate
1385 4921 1400 4944 ,
1429 4889 1488 4934 ut
1517 4883 1658 4937 nulla
1686 4901 1937 4957 umquam
1963 4889 2124 4948 fuerit

539 4957 836 5027 ejusmodi,
868 4971 924 5018 et
953 4980 1014 5020 ea
1049 4981 1154 5022 non
1195 4969 1422 5037 amplius
1448 4983 1632 5030 essent
1656 4977 1936 5035 excitanda
1965 4981 2120 5054 (Luc.

548 5052 568 5102 t
579 5048 633 5102 9.
665 5051 757 5121 M)
783 5071 795 5106 :
820 5062 873 5108 et
898 5057 966 5111 ad
1005 5056 1255 5114 effectum
1282 5060 1510 5118 deducta
1539 5075 1623 5122 est
1653 5071 1950 5138 praedictio.
1973 5048 2121 5130 “Dixit

544 5156 788 5210 magnam
816 5144 1043 5202 futuram
1073 5151 1421 5208 aﬂlictionem
1450 5175 1464 5211 :
1491 5166 1547 5212 et
1573 5160 1771 5214 evenit.
1798 5162 1946 5217 Dixit
1982 5174 2117 5218 tam-

541 5249 698 5299 quam
730 5235 901 5304 sinapi
933 5243 1250 5300 seminatnm
1275 5247 1662 5304 extendendam
1707 5268 1826 5310 esse
1854 5257 2112 5324 praedica-

541 5323 738 5380 tionem
785 5325 977 5399 (Marc.
1005 5328 1535 5394 15.2;ttaut.2t.et
1575 5339 1736 5406 ;Luc.
1773 5323 1863 5399 ts.
1895 5346 1985 5416 ts)
2017 5366 2029 5402 ε
2058 5357 2113 5403 et

536 5432 656 5472 eam
675 5417 914 5474 videmus
951 5420 1188 5490 quotidie
1219 5433 1384 5479 totum
1410 5429 1592 5484 urbem
1624 5443 1777 5489 terra:
1795 5439 2104 5505 pervadere.

535 5507 678 5566 Dixit
705 5509 937 5567 futurum
959 5514 1123 5584 utqui
1153 5525 1376 5584 patrem,
1395 5532 1488 5576 aut
1511 5533 1757 5594 matrem,
1780 5540 1871 5584 aut
1888 5529 2104 5599 fratres,

597 5664 613 5694 ί
640 5662 694 5744 In
725 5663 883 5744 Editis
903 5665 1084 5744 legitur
1101 5668 1745 5744 obscurakloeoptanifestn.
1771 5677 1869 5744 Sed
1891 5686 2114 5744 quoniam

531 5728 580 5794 in
603 5728 807 5794 vetustis
824 5735 876 5776 et
900 5731 1182 5788 posterioris
1209 5733 1298 5794 aevi
1319 5730 1572 5786 Codicibus
1594 5728 1771 5788 lectum
1797 5728 1950 5792 fuerit
1965 5728 2114 5794 nanti;

531 5786 669 5849 testa,
695 5787 766 5837 sic
786 5786 1120 5841 incunctanter
1142 5792 1405 5854 posuimus.

1355 360 1409 416 S.
1449 361 1726 418 'JOA'NNIS
1751 363 2221 422 CHRYSOSTOM!
2256 363 2568 421 AliCHfEP.
2612 363 3141 425 CONSTANTINO‘P.

3699 355 3802 412 151’.

2242 497 2332 541 aut
2381 501 2596 541 sorores
2640 487 2993 554 reliquerint,
3038 493 3216 553 patres
3266 492 3320 538 et
3359 493 3557 539 matres
3579 483 3817 539 habeant

2244 577 2455 645 (.llatth.
2487 576 2572 631 19.
2602 576 2691 647 29)
2723 594 2736 630 :
2766 585 2821 630 et
2878 575 2979 628 hoc
3027 575 3269 629 videmus
3313 589 3373 628 re
3428 576 3538 644 ipsa
3583 575 3813 644 impleri.

2243 666 2381 720 Dixit
2401 709 2414 729 ,
2450 667 2516 720 In
2545 667 2732 720 utnndo
2761 667 3076 737 aﬂiictionem
3107 666 3390 730 habebitis;
3433 665 3523 719 sed
3547 666 3809 735 conﬁdite,

2239 772 2330 826 ego
2357 758 2447 809 vici
2481 757 2726 810 mutidum
2755 756 2934 830 (Joan.
2959 757 3044 810 16.
3069 755 3158 826 55)
3185 772 3198 820 ;
3228 755 3330 810 hoc
3359 765 3440 809 est
3464 795 3479 820 ,
3518 755 3688 810 Nemo
3717 771 3814 812 vos

2238 851 2513 918 superabit
2539 868 2552 904 :
2585 859 2639 904 et
2660 849 2761 904 hoc
2785 850 3026 904 videmus
3054 849 3228 918 reipsa
3252 849 3514 903 evenisse.
3538 848 3679 902 Dixit
3699 847 3817 902 fure

2230 949 2298 997 ut
2325 941 2610 996 inferorum
2635 949 2802 1010 portae
2825 939 3082 992 adversus
3101 938 3391 992 Ecclesium
3417 952 3520 992 non
3543 939 3650 992 sint
3673 955 3814 1008 pra:-

2237 1034 2479 1088 valitnrce
2531 1032 2744 1102 (Matth.
2775 1031 2864 1086 16.
2896 1031 3021 1096 18),
3060 1029 3302 1099 qwimvis
3347 1032 3812 1099 persequutionem

2236 1125 2485 1195 patiatur,
2516 1133 2568 1177 et
2590 1123 2858 1177 neminem
2889 1121 3277 1176 exstincturum
3309 1133 3428 1174 esse
3477 1120 3815 1188 prmdicatio—

2236 1231 2356 1269 nem
2389 1231 2402 1266 :
2432 1223 2486 1268 et
2527 1213 2650 1268 huic
2697 1212 3028 1282 prmdictioni
3071 1211 3431 1266 testimonium
3477 1211 3580 1266 fert
3631 1229 3810 1267 rerum

2233 1306 2580 1374 experientia.
2615 1303 2775 1373 Atqui
2825 1312 2947 1357 tunc
2975 1317 3098 1358 cum
3137 1301 3253 1356 luce
3278 1302 3519 1369 diceret,
3564 1319 3664 1358 nou
3694 1313 3813 1358 erat

2232 1395 2516 1449 admodum
2550 1394 2654 1449 [ide
2683 1394 2900 1465 dignus.
2931 1393 3145 1460 Quare?
3169 1393 3427 1460 Quoniam
3457 1395 3630 1448 omnia
3654 1406 3810 1450 erant

2233 1486 2392 1541 verba
2415 1528 2429 1550 ,
2461 1494 2515 1540 et
2543 1501 2728 1540 eorum
2759 1501 2878 1556 qme
2917 1485 3059 1539 dicta
3101 1485 3313 1539 fuerunt
3333 1526 3348 1550 ,
3372 1485 3606 1541 nondtun
3641 1488 3805 1540 ullam

2233 1577 2501 1646 prwbcbat
2525 1577 2919 1646 probationem.
2948 1575 3307 1642 Quamobrem
3331 1590 3473 1632 nunc
3488 1585 3612 1631 sunt
3639 1578 3808 1633 muto

2230 1669 2591 1724 credibiliora.

2303 1762 2451 1828 Quod
2485 1764 2638 1831 liuent
2670 1763 2847 1816 mundi
2892 1762 3179 1832 proximum
3193 1761 3463 1816 crediderit
3505 1761 3808 1833 Chrysosto-

2229 1869 2362 1907 mus.
2395 1883 2464 1894 ——
2495 1854 2668 1918 Dixit,
2712 1869 2832 1907 eum
2883 1853 3230 1923 praedicatum
3276 1852 3433 1909 fuerit
3462 1856 3802 1924 Evangelium

2228 1943 2474 1997 omnibus
2499 1943 2766 2014 gentibus,
2797 1951 2922 1997 tunc
2945 1943 3108 1998 linem
3134 1958 3256 1999 esse
3298 1954 3577 1998 venturum
3615 1946 3831 2007 (Matth.

2225 2036 2317 2090 ξι.
2343 2037 2432 2107 ii)
2469 2054 2481 2089 :
2514 2051 2639 2092 ecce
2681 2035 2747 2090 ad
2777 2036 2934 2091 linem
2973 2039 3083 2106 jam
3116 2036 3475 2106 pervenimus.
3503 2035 3629 2090 Fuit
3655 2037 3798 2092 enim

2231 2128 2574 2196 przedicatum
2599 2127 2797 2197 majori
2827 2128 2965 2197 parti
3021 2129 3168 2182 orbis
3199 2138 3354 2183 terrae
3386 2147 3400 2183 :
3427 2129 3536 2197 jam
3567 2144 3696 2198 ergo
3721 2130 3803 2183 in-

2225 2227 2331 2273 stat
2351 2218 2493 2273 ﬁnis.
2529 2218 2878 2282 Horrcamus,
2911 2235 2943 2271 ο
2972 2217 3173 2273 dilecti.
3198 2218 3333 2286 Quid
3357 2219 3610 2284 vero,dic
3631 2219 3801 2274 mihi?

2226 2307 2292 2362 de
2321 2307 2424 2364 fine
2449 2319 2501 2362 tn
2528 2323 2587 2364 es
2604 2308 2897 2363 sollicitus?
2919 2307 3034 2378 Ipse
3056 2309 3267 2379 quidem
3292 2310 3402 2377 jam
3429 2325 3594 2379 prope
3612 2310 3794 2378 adest;

2233 2383 2649 2452 uniuscujusque
2688 2393 2865 2438 autem
2893 2386 2996 2439 vita
3027 2396 3082 2442 et
3118 2404 3265 2445 mors
3293 2400 3376 2446 est
3407 2393 3754 2463 propinquior
3780 2415 3798 2448 :

2230 2471 2351 2526 Dies
2374 2473 2538 2538 enim,
2571 2475 2763 2544 inquit,
2797 2487 3082 2531 nostrorum
3105 2496 3352 2535 annorum
3369 2484 3419 2536 in
3446 2485 3567 2553 ipsis
3597 2496 3805 2553 septua-

2229 2565 2368 2634 ginta
2389 2567 2508 2619 anni
2527 2584 2544 2631 ;
2562 2569 2606 2620 si
2625 2584 2738 2622 vero
2761 2569 2810 2623 in
2832 2571 3189 2641 potentatibus,
3212 2577 3462 2646 octoginta
3477 2579 3616 2632 anni.
3631 2578 3804 2650 Prupe

2229 2653 2342 2708 dies
2390 2665 2470 2710 est
2509 2656 2722 2726 judicii,
2757 2659 3036 2714 timeamus
3065 2662 3295 2720 tandem.
3327 2664 3511 2719 Frater
3539 2685 3639 2721 non
3669 2672 3805 2723 redi-

2230 2746 2338 2808 mit,
2380 2746 2589 2802 redimet
2627 2749 2775 2803 homo
2821 2749 3100 2822 (Psat.89.
3125 2753 3210 2808 10.
3239 2764 3284 2808 ct
3330 2755 3416 2812 68.
3441 2757 3537 2827 8)?
3575 2760 3802 2817 Multum

2233 2838 2512 2904 pmnitebit
2537 2855 2634 2894 nos
2678 2842 2823 2906 illic;
2853 2844 2945 2897 sed
2987 2845 3037 2898 in
3070 2857 3240 2904 morte
3267 2850 3439 2906 nullus
3462 2853 3803 2911 conﬁtebitur

2229 2927 2352 2995 ipsi.
2373 2927 2663 2998 Propterea
2693 2933 2839 2998 dicit,
2864 2933 3239 2993 Prwoeniamus
3251 2943 3430 3011 [aciem
3456 2945 3566 3014 ejus
3595 2948 3648 3000 in
3677 2965 3803 3002 cou-

2228 3019 2441 3089 fessione
2471 3021 2641 3091 (Psat.
2659 3023 2706 3079 6.
2726 3025 2774 3080 6.
2805 3035 2849 3079 et
2874 3027 2959 3083 9t.
2978 3028 3064 3098 2);
3095 3030 3195 3086 hoc
3223 3043 3323 3098 est,
3355 3037 3470 3104 ejus
3492 3038 3795 3096 adventum.

2227 3107 2358 3163 Nam
2388 3111 2473 3166 hic
2503 3113 2715 3183 quidem
2742 3115 2792 3170 id
2817 3119 2956 3186 quod
2988 3120 3270 3180 fecerimus
3294 3167 3310 3190 ,
3345 3127 3452 3180 vim
3477 3127 3656 3194 habet,
3690 3132 3800 3188 illic

2227 3210 2405 3256 autem
2427 3220 2782 3276 nequaquam.
2815 3209 2907 3264 Dic
2933 3226 3135 3280 quasso,
3165 3215 3210 3268 si
3240 3217 3360 3286 quis
3383 3232 3482 3273 nos
3512 3220 3565 3274 in
3585 3221 3797 3279 ardenti

2228 3292 2364 3363 ignis
2408 3294 2620 3353 fornace
2667 3314 2833 3368 parvo
2887 3311 3130 3372 tempore
3168 3312 3436 3376 statuerit,
3471 3327 3577 3368 non
3621 3318 3795 3372 omnia

2227 3385 2607 3442 sustinebimus
2637 3405 2735 3459 pro
2765 3391 3103 3460 liberatione,
3133 3397 3340 3454 etiamsi
3363 3405 3616 3470 pecunias
3641 3422 3799 3478 opor-

2223 3483 2336 3528 teat
2365 3475 2688 3544 profunderc
2710 3521 2725 3547 ,
2774 3483 2985 3536 etiamsi
3035 3487 3346 3543 servitutem
3377 3493 3603 3550 subire?
3629 3475 3800 3562 Quam

2227 3567 2383 3622 multi
2412 3569 2463 3623 in
2511 3585 2700 3640 graves
2731 3576 2948 3629 morbos
2998 3576 3334 3647 inciderunt,
3369 3591 3424 3638 et
3452 3588 3618 3654 parati
3648 3603 3802 3648 erant

2225 3657 2354 3714 dare
2402 3662 2581 3716 omnia
2635 3662 2699 3716 ad
2747 3665 3138 3734 valetudinem,
3184 3671 3228 3724 si
3277 3687 3668 3744 proponeretur
3721 3683 3800 3736 eis

2226 3751 2413 3820 optio?
2441 3752 2499 3807 Si
2527 3769 2653 3824 ergo
2684 3757 2901 3810 morbus
2922 3757 3071 3812 brevi
3103 3759 3300 3828 durans
3333 3771 3570 3834 tempore
3601 3770 3667 3823 ita
3701 3787 3800 3826 nos

2225 3853 2382 3898 vexat
2406 3853 2460 3900 et
2490 3845 2732 3901 molestia
2763 3847 2948 3913 afficit,
2979 3849 3108 3919 quid
3141 3852 3248 3907 illic
3272 3852 3551 3925 faciemus,
3583 3862 3800 3930 quando

2223 3935 2404 3990 nullus
2431 3936 2529 3991 erit
2561 3953 2687 3992 usus
2714 3939 3262 4010 pteniteutimiQuam
3283 3948 3462 4002 multis
3490 3967 3630 4007 nunc
3658 3954 3799 4023 pleni

2222 4044 2409 4085 sumus
2439 4030 2614 4098 malis,
2640 4042 2694 4087 et
2734 4048 2839 4088 non
2869 4036 3178 4091 sentimus?
3204 4039 3342 4095 alter
3371 4041 3598 4098 alterum
3649 4063 3797 4102 mor-

2218 4121 2430 4190 demns,
2460 4126 2596 4180 alter
2611 4129 2838 4184 alterum
2863 4133 3229 4188 consumimus
3251 4134 3498 4206 injuriam
3519 4140 3795 4210 facientes,

2219 4228 2555 4282 accusantes,
2581 4219 2992 4287 calumniantes,
3022 4224 3386 4293 proximorum
3410 4230 3634 4301 gloriam
3654 4251 3798 4305 :egre

2221 4304 2472 4361 ferentes.
2503 4309 2570 4362 Et
2614 4311 2734 4366 vide
2765 4329 2877 4367 rem
2925 4331 3140 4385 gravent
3172 4337 3184 4372 :
3231 4335 3355 4375 cum
3384 4325 3613 4380 voluerit
3646 4328 3796 4396 quis-

2219 4397 2360 4466 piam
2392 4398 2586 4456 lacdere
2614 4405 2842 4472 proximi
2870 4407 3344 4480 existimationem,
3369 4413 3498 4469 dicit
3529 4434 3540 4468 :
3571 4418 3667 4472 llic
3707 4421 3795 4475 vel

2218 4487 2310 4542 ille
2338 4488 2440 4544 hoc
2462 4491 2596 4545 dixit
2627 4510 2639 4546 :
2667 4494 2828 4561 Dens,
2857 4495 2957 4551 hoc
2979 4498 3109 4552 mihi
3139 4502 3378 4557 condona
3405 4545 3421 4569 ,
3468 4522 3534 4560 ne
3556 4522 3642 4562 me
3668 4523 3797 4563 exao

2217 4579 2410 4645 mines,
2439 4597 2564 4637 reus
2585 4598 2704 4640 sum
2735 4589 2992 4644 rumoris.
3024 4589 3134 4646 Cur
3159 4609 3286 4664 ergo
3315 4600 3534 4652 omnino
3561 4600 3714 4666 dicis,
3750 4604 3797 4658 si

2220 4686 2327 4725 non
2355 4673 2572 4728 credis?
2601 4691 2698 4731 cur
2723 4677 2863 4735 dicis
2893 4681 2916 4734 ?
2943 4697 3039 4738 cur
3087 4685 3257 4739 multo
3307 4703 3524 4745 rumore
3551 4690 3684 4748 facis
3736 4705 3796 4749 ut

2215 4772 2285 4828 sit
2313 4771 2611 4826 credibile?
2641 4787 2738 4826 cur
2765 4787 3069 4828 sermonem
3101 4771 3412 4826 transmittis
3440 4771 3533 4842 qui
3577 4786 3683 4826 non
3711 4782 3799 4825 est

2215 4862 2412 4918 verus?
2441 4872 2495 4918 tu
2521 4877 2623 4917 non
2638 4863 2832 4930 credis,
2851 4871 2905 4919 et
2929 4863 3092 4918 Deum
3111 4876 3267 4933 rogas
3290 4869 3344 4917 ut
3362 4877 3469 4917 non
3487 4862 3755 4918 examinet
3779 4897 3794 4916 .

2214 4953 2332 5010 Noli
2354 4970 2481 5024 ergo
2505 4954 2683 5010 dicere
2703 4995 2719 5020 ,
2749 4953 2842 5009 sed
2865 4963 2998 5020 tace,
3026 4962 3079 5009 et
3103 4953 3172 5007 ab
3200 4953 3344 5007 omni
3375 4962 3518 5008 metu
3545 4953 3794 5009 liberare.

2283 5048 2339 5103 ι.
2380 5046 2483 5103 Sed
2512 5049 2691 5102 nescio
2710 5047 2850 5102 unde
2872 5047 2959 5102 hic
2981 5047 3198 5102 morbus
3225 5045 3418 5102 incidit
3445 5047 3496 5100 in
3521 5046 3795 5102 homines:

2213 5154 2400 5194 sumus
2443 5148 2729 5210 nugatores
2754 5179 2769 5203 ,
2821 5140 2873 5194 in
2915 5139 3087 5193 anima
3131 5149 3315 5194 nostra
3349 5140 3478 5194 nihil
3529 5151 3796 5195 remanet.

2211 5231 2351 5288 Audi
2377 5230 2660 5301 quemdam
2685 5231 2980 5300 sapientem
3007 5231 3386 5287 admonentem
3414 5240 3468 5287 et
3489 5231 3794 5287 dicentem:

2211 5323 2411 5379 Audisti
2440 5322 2640 5376 verbum
2661 5323 2686 5377 .9
2711 5323 2763 5376 in
2792 5332 2838 5376 te
2866 5325 3112 5376 moriatur
3137 5341 3158 5390 ;
3185 5324 3403 5394 conﬁde,
3434 5340 3535 5378 non
3567 5333 3614 5376 te
3651 5340 3793 5377 rum-

2210 5425 2290 5485 pet
2309 5431 2329 5480 ;
2347 5424 2403 5470 et
2424 5430 2608 5469 rursus
2631 5455 2646 5480 ,
2669 5415 2872 5469 Audiuit
2889 5415 3089 5468 verbum
3107 5417 3316 5483 stultus,
3334 5428 3381 5472 et
3405 5417 3643 5486 parturiit
3661 5426 3794 5470 tam.

2206 5523 2360 5575 quam
2388 5524 2418 5560 a
2444 5507 2578 5576 [acie
2604 5507 2814 5575 infantis
2830 5521 2888 5558 ea
2908 5521 3019 5575 qut:
3037 5506 3208 5578 parit(
3232 5505 3391 5561 Eccii.
3417 5507 3502 5563 19.
3536 5505 3624 5561 1ο.
3659 5506 3716 5560 11
3747 5503 3791 5574 ).

2209 5599 2406 5653 Sumus
2423 5596 2650 5667 prompti
2676 5595 2740 5650 ad
2767 5597 3154 5661 accusationes,
3187 5597 3356 5667 parati
3373 5597 3438 5652 ad
3461 5597 3792 5652 condemna-

2211 5693 2403 5746 tiones.
2437 5687 2654 5744 Etiamsi
2688 5688 2890 5742 nullum
2921 5687 3062 5743 aliud
3094 5687 3293 5743 malum
3343 5687 3541 5744 factum
3585 5698 3734 5744 esset
3759 5702 3790 5742 a

2211 5785 2365 5841 nobis
2388 5824 2402 5849 ,
2436 5781 2542 5838 hoc
2585 5781 2713 5838 satis
2743 5790 2887 5838 esset
2917 5780 2982 5837 ad
3029 5795 3127 5838 nos
3157 5781 3458 5850 perdendos
3480 5822 3498 5852 ,
3539 5791 3594 5840 et
3619 5781 3788 5839 abdu-
