4088 6204
293 302 402 359 155

277 1231 496 1284 stultus.
528 1229 575 1286 Ο
597 1231 814 1286 solertia
842 1233 857 1286 ι
892 1235 1116 1304 teipsum
1147 1252 1268 1293 cum
1299 1241 1388 1296 illo
1415 1247 1618 1313 pudore
1644 1252 1814 1308 aflieis
1839 1297 1854 1322 ,

266 1333 322 1376 et
367 1339 475 1376 non
511 1323 716 1377 sentis?
761 1323 891 1378 Vide
920 1334 1096 1380 autem
1142 1341 1272 1399 quot
1301 1334 1436 1388 mala
1478 1335 1602 1393 hinc
1628 1356 1858 1399 nascan-

265 1425 354 1467 tur
386 1431 402 1468 :
437 1413 600 1468 Deum
633 1413 834 1479 irritas,
867 1417 1170 1484 proximum
1197 1421 1380 1480 dolore
1405 1427 1596 1497 aflicis,
1647 1443 1697 1489 te
1723 1450 1854 1508 sup-

263 1506 424 1576 plicio
453 1506 743 1560 obnoxium
774 1507 973 1564 reddis.
1003 1509 1116 1564 Non
1143 1514 1299 1569 audis
1331 1518 1553 1576 Paulum
1579 1506 1851 1588 dicentem

259 1601 329 1653 de
374 1598 551 1653 viduis
591 1600 906 1656 mulieribus
955 1618 969 1655 :
1025 1603 1142 1660 Non
1195 1608 1364 1663 solum
1403 1624 1572 1670 autent
1626 1623 1845 1691 otiose,

258 1691 469 1759 inquit,
520 1691 758 1756 discunt,
807 1694 895 1746 sed
924 1704 970 1748 et
1009 1700 1295 1766 nugatrices
1337 1714 1385 1756 et
1426 1709 1646 1765 curiosae
1671 1755 1687 1780 ,
1737 1716 1846 1770 cir-

260 1791 558 1834 cumeuntes
586 1779 781 1846 domos,
806 1791 852 1835 et
895 1784 1148 1854 lcquentes
1172 1805 1285 1859 quia
1310 1809 1410 1848 non
1438 1797 1575 1852 decet
1601 1779 1678 1871 (ι.
1711 1803 1842 1860 Tim.

258 1863 315 1916 5.
349 1863 417 1918 13
441 1867 484 1935 ).
527 1866 885 1936 Quamobrem
916 1877 1077 1934 etiam
1103 1923 1118 1948 ,
1161 1887 1378 1954 quando
1407 1863 1702 1950 credideris
1731 1915 1850 1968 qua:

255 1952 517 2012 dicuntur
541 1959 803 2019 adversus
851 1967 1070 2026 fratrem
1099 2014 1115 2039 ,
1155 1952 1223 2032 ne
1252 1979 1332 2035 sic
1375 1983 1593 2052 quidem
1639 2001 1853 2062 oportet

254 2046 480 2116 dicere,
537 2055 735 2111 nedum
783 2060 829 2114 si
876 2077 982 2117 non
1016 2067 1227 2124 credas.
1269 2074 1340 2127 At
1386 2077 1530 2144 quod
1583 2046 1730 2137 tuum
1762 2095 1845 2141 est

251 2150 471 2210 semper
497 2157 742 2214 spectas,
777 2152 972 2209 timens
996 2173 1064 2212 ne
1094 2166 1148 2215 te
1176 2161 1319 2218 Deus
1349 2169 1663 2227 examinet?
1693 2174 1846 2232 Time

251 2243 383 2300 ergo
430 2249 500 2290 ne
537 2237 608 2294 de
656 2244 762 2296 tuis
813 2247 968 2316 nugis
1015 2253 1364 2310 examineris.
1409 2259 1505 2315 llic
1549 2265 1692 2320 enim
1735 2285 1844 2328 non

254 2331 406 2386 potes
454 2325 675 2399 dicere,
726 2332 804 2390 Ne
847 2353 933 2392 me
985 2340 1126 2398 Deus
1174 2349 1443 2405 examinet
1491 2369 1586 2421 pro
1634 2363 1836 2430 nugis:

249 2412 406 2479 plane
421 2419 566 2474 enim
599 2438 684 2477 res
715 2424 826 2494 ipsa
853 2440 929 2484 est
953 2447 1126 2502 ungat.
1149 2436 1257 2492 Cur
1281 2455 1372 2495 cas
1396 2445 1673 2504 traduxisti
1698 2412 1842 2510 {cur

249 2507 449 2563 malum
493 2514 878 2592 amplificqsti?
922 2522 1026 2579 hoc
1067 2543 1166 2582 nus
1193 2541 1370 2598 potest
1409 2537 1661 2603 perdere.
1696 2543 1830 2599 Pro-

247 2611 431 2664 pterea
484 2604 700 2661 dicebat
757 2610 999 2669 Christus
1029 2658 1048 2684 ,
1095 2618 1271 2676 Nolite
1308 2626 1581 2695 judicare,
1631 2645 1687 2688 ut
1735 2653 1836 2693 non

233 2690 562 2756 judicentini.
604 2697 710 2753 Sed
769 2717 796 2753 a
829 2705 982 2760 nobis
1028 2709 1168 2765 nulla
1208 2712 1325 2784 ejus
1361 2717 1590 2777 habetur
1657 2729 1831 2797 ratio,

243 2795 346 2834 nec
391 2799 510 2852 qua:
554 2786 830 2848 Pharisaio
859 2798 1204 2867 acciderunt,
1256 2823 1354 2861 nos
1398 2813 1678 2883 castigant,
1732 2835 1833 2875 nec

239 2873 520 2932 modestos
574 2883 808 2941 reddunt
851 2903 915 2944 ac
969 2893 1298 2954 moderatos.
1347 2900 1442 2959 llle
1483 2923 1597 2962 rem
1649 2927 1828 2968 veram

234 2965 493 3037 dicebat,
538 2971 657 3029 Non
685 2993 796 3033 sum
840 2982 968 3036 sicut
1010 2985 1104 3040 iste
1154 2991 1474 3063 publicanus,
1522 3008 1576 3054 ct
1618 3002 1830 3062 diccbat

236 3061 384 3116 nullo
433 3065 722 3135 audiente,
794 3083 849 3127 ct
899 3075 995 3132 fuit
1045 3061 1467 3142 Cnndemnatus.
1503 3091 1558 3147 Si
1597 3097 1686 3165 qui
1731 3113 1828 3154 ve-

234 3166 350 3204 rum
397 3154 561 3221 dixit,
625 3159 719 3216 luit
756 3165 1172 3236 condemnatus,
1224 3185 1279 3229 et
1328 3178 1464 3236 dixit
1505 3154 1654 3240 nullo
1718 3206 1815 3245 au-

233 3246 1845 3292 -ξ-ἣ--ᾓ-ήη

1152 299 1215 354 lN
1253 301 1466 360 EPIST.
1507 307 1597 362 AD
1635 309 1997 372 llEBR.£OS.
2037 317 2190 377 CAP.
2232 324 2320 381 XI.
2363 327 2588 388 llOMlL.
2632 331 2795 396 XX".

290 398 491 453 comins
520 398 573 454 in
613 400 911 471 gehennam
942 423 954 458 :
985 403 1084 461 hoc
1131 424 1228 466 nos
1281 413 1516 484 implicat
1555 430 1610 478 et
1662 423 1882 482 involvrt

290 491 446 544 malis
507 492 1012 552 innumerabilibus.
1089 499 1156 555 Et
1202 513 1258 556 ttt
1315 510 1616 569 accuratius
1663 515 1877 584 discas,

287 580 766 652 audiProphctam
812 585 1114 656 dicentem,
1145 593 1339 651 Sedens
1380 604 1620 659 adversus
1665 580 1876 678 fratrem

287 685 428 728 tuum
465 675 751 744 loquebaris
792 677 964 746 (Psal.
993 682 1078 736 l9.
1112 683 1225 754 20).
1257 689 1325 742 At
1350 705 1456 745 non
1481 709 1580 764 ego
1603 736 1618 759 ,
1663 675 1872 770 inquit,

281 768 377 822 sed
422 769 532 824 ille.
566 769 676 824 lino
717 788 848 827 vero
878 782 932 829 tu
966 793 980 828 :
1012 778 1054 831 si
1091 789 1144 832 tu
1170 781 1313 838 enim
1345 801 1450 841 non
1479 789 1708 847 dixisses
1731 835 1748 862 ,
1781 797 1873 853 ille

279 877 386 915 non
413 860 708 917 audivisset
739 881 752 917 :
785 865 926 934 quod
955 866 1000 921 si
1027 870 1191 925 etiam
1215 884 1328 928 erat
1355 879 1658 948 auditurus,
1691 887 1787 942 sed
1816 898 1869 944 tu

277 970 384 1006 non
419 953 615 1010 fuisses
636 966 821 1012 auctor
849 963 1070 1028 peCCati.
1090 962 1221 1019 Cum
1248 979 1486 1037 oporteat
1517 977 1746 1043 proximi
1774 981 1867 1037 de—

273 1046 399 1100 licta
432 1047 610 1102 velare
638 1057 693 1103 et
722 1058 904 1120 tegere
930 1093 945 1116 ,
981 1061 1034 1106 tu
1063 1066 1326 1123 praetextu
1361 1063 1644 1130 probitatis
1671 1086 1732 1124 ea
1757 1080 1866 1126 tra-

271 1139 466 1193 ducis?
505 1138 623 1194 Non
671 1156 730 1195 es
764 1152 1046 1198 accusator
1067 1185 1083 1210 ,
1130 1148 1224 1202 sed
1258 1163 1489 1221 nugator
1513 1198 1529 1222 ,
1583 1159 1784 1217 delirus
1809 1175 1864 1221 et

3474 372 3574 427 154

1980 435 2162 494 diente
2209 457 2224 494 :
2265 443 2355 512 qui
2397 443 2530 500 falsa
2572 449 2723 506 etde
2749 453 2942 522 quibus
2983 471 3087 512 non
3137 446 3264 518 sont
3303 443 3474 536 certi,
3509 477 3563 530 in

1977 541 2163 584 omnes
2193 541 2369 601 partes
2402 541 2808 612 transmittunt,
2842 546 2984 602 sicut
3015 555 3327 622 nugatrices
3356 573 3406 615 et
3439 578 3563 618 vcr-

1977 617 2122 674 bosaa
2147 623 2399 680 mulieres
2424 669 2440 693 ,
2483 631 2612 698 quid
2643 647 2749 687 non
2780 637 2905 692 mali
2939 643 3255 710 patientur?
3301 651 3426 720 quid
3457 670 3563 710 non

1973 711 2314 770 sustinebunt
2339 717 2364 771 7
2389 718 2482 774 Ori
2507 732 2697 778 nostro
2721 725 2978 800 deinceps
3004 735 3200 791 ostium
3226 739 3564 812 imponamus

1972 809 2026 856 et
2056 815 2259 861 vectem
2290 825 2305 862 :
2336 824 2399 864 ex
2433 813 2599 884 nugis
2631 819 2775 872 enim
2808 833 3107 881 nascuntur
3133 829 3270 884 mala
3309 833 3560 895 inmune-

1971 893 2158 949 rabilia
2193 914 2207 950 :
2237 911 2552 958 evertuntur
2579 905 2772 962 domus
2796 951 2810 976 ,
2843 911 3251 987 disrumpuntur
3271 926 3516 984 amicitiae
3537 973 3553 998 ,

1968 994 2024 1038 et
2053 985 2333 1044 innumera
2365 993 2467 1047 alia
2503 997 2644 1052 mala
2674 1000 2940 1060 oriuntur.
2989 1007 3066 1063 De
3106 1011 3265 1067 rebus
3294 1021 3552 1091 proximi,

1967 1094 1999 1131 ο
2031 1079 2210 1145 homo,
2243 1099 2311 1138 ne
2346 1087 2421 1140 sis
2453 1089 2718 1146 curiosus.
2754 1093 2823 1148 At
2848 1111 2908 1151 es
2945 1098 3162 1170 loquax,
3195 1115 3249 1160 et
3279 1106 3379 1164 huc
3407 1111 3554 1167 labo-

1964 1187 2049 1227 ras
2078 1174 2249 1230 vitio?
2297 1187 2380 1230 tua
2423 1179 2490 1233 ad
2531 1181 2698 1236 Deum
2740 1185 2962 1258 loquere
2994 1209 3008 1247 :
3040 1193 3117 1249 sic
3145 1212 3252 1251 non
3296 1201 3398 1256 erit
3435 1219 3552 1258 am-

1962 1265 2102 1334 plius
2135 1267 2317 1323 vitium
2349 1286 2448 1326 nec
2475 1272 2890 1348 detrimentum,
2920 1283 3013 1337 sed
3046 1290 3416 1349 commodum.
3451 1296 3548 1353 Dic

1961 1365 2046 1410 tua
2069 1359 2276 1423 amicis,
2305 1363 2554 1432 etjustis,
2584 1377 2636 1420 et
2655 1369 2846 1438 quibus
2893 1375 3135 1440 confidis.
3187 1390 3242 1434 ut
3269 1395 3422 1440 orent
3448 1403 3545 1457 pro

1957 1449 2062 1502 tuis
2092 1453 2344 1518 peccatis.
2372 1455 2427 1508 Si
2455 1471 2574 1525 qua:
2607 1468 2732 1514 sunt
2769 1461 2991 1519 aliorum
3019 1465 3238 1538 dixeris,
3287 1477 3414 1532 nilnl
3448 1449 3547 1536 libi

1961 1541 2179 1609 prodest
2197 1557 2370 1613 neque
2395 1547 2636 1617 lucraris,
2652 1552 2746 1606 sed
2773 1553 2933 1611 etiam
2951 1559 3092 1628 peris
3111 1577 3128 1617 :
3146 1562 3192 1619 si
3214 1573 3300 1622 tua
3322 1568 3544 1628 Domino

1961 1627 2366 1693 enuntiaveris,
2417 1633 2635 1688 multam
2675 1637 2839 1695 babes
2879 1645 3178 1702 mercedem
3202 1667 3214 1702 :
3238 1649 3549 1723 Dixienim,

1959 1716 2154 1787 inquit,
2179 1724 2512 1788 pronuntiabo
2528 1727 2790 1784 adversum
2813 1749 2891 1785 me
2911 1734 3221 1805 iniquitatem
3247 1759 3408 1797 nteant
3438 1745 3550 1801 Dot-

1953 1811 2110 1875 mino,
2128 1821 2172 1863 et
2190 1822 2241 1864 tu
2259 1816 2491 1870 remisisti
2507 1819 2814 1888 impietatem
2851 1829 3018 1882 cordis
3047 1832 3258 1888 mei.\’is
3271 1835 3546 1903 judicare?

1965 1907 2050 1953 tua
2078 1901 2255 1969 judica
2282 1922 2296 1959 :
2327 1922 2482 1962 nemo
2514 1920 2564 1964 te
2589 1924 2820 1977 accusat,
2874 1918 2916 1971 si
2942 1921 3164 1989 teipsum
3185 1928 3540 1999 condemnes;

1951 2004 2384 2067 accusatautem,
2408 2003 2450 2055 si
2477 2011 2526 2056 te
2543 2019 2647 2058 non
2689 2006 2929 2076 iudices;
2976 2024 3210 2083 accusat,
3239 2020 3283 2071 si
3316 2021 3539 2091 teipsum

1956 2099 2064 2140 non
2101 2101 2310 2156 arguas;
2339 2104 2572 2162 accusat,
2603 2098 2648 2151 si
2677 2115 2782 2153 non
2811 2101 3014 2159 doleas.
3039 2105 3199 2163 Vides
3235 2115 3538 2184 quempiam

1952 2174 2132 2244 irasci,
2158 2179 2372 2249 irritati,
2400 2196 2489 2238 aut
2515 2187 2712 2257 aliquid
2750 2193 2892 2247 aliud
2939 2195 3115 2252 facere
3160 2216 3325 2267 grave
3349 2214 3400 2256 et
3451 2207 3534 2260 in-

1949 2265 2204 2336 dignum?
2224 2273 2400 2327 statim
2425 2285 2479 2330 tu
2500 2280 2670 2347 cogita
2691 2297 2808 2351 qu:e
2825 2295 2948 2339 sunt
2968 2295 3072 2353 tua;
3095 2297 3150 2344 et
3166 2265 3240 2343 ita
3264 2307 3365 2348 nec
3383 2294 3531 2351 illum

1955 2357 2111 2413 valde
2130 2362 2512 2422 condemnabis
2530 2411 2544 2432 ,
2571 2378 2670 2424 eta
2697 2382 3035 2440 peccatorum
3064 2393 3227 2436 onere
3253 2389 3304 2437 te
3333 2383 3528 2440 libera-

1951 2450 2055 2506 bis.
2100 2454 2156 2510 Si
2181 2457 2259 2512 sic
2289 2459 2451 2516 vitam
2492 2475 2728 2523 nostram
2759 2484 3149 2545 componamus
3177 2525 3193 2550 ,
3235 2486 3279 2542 si
3308 2503 3426 2543 eam
3457 2493 3539 2548 s’c

1949 2557 2335 2617 exerceamus,
2381 2554 2424 2608 si
2453 2557 2700 2628 nosipsos
2745 2566 3189 2640 condemnemus,
3233 2594 3339 2634 non
3367 2585 3531 2638 multa

1950 2633 2086 2690 forte
2105 2650 2322 2706 peccata
2351 2643 2716 2719 admittemus,
2741 2657 2907 2714 multa
2937 2671 3117 2718 autem
3142 2665 3280 2723 bona
3309 2682 3362 2726 et
3396 2689 3530 2744 prae-

1944 2726 2086 2782 clara
2119 2728 2396 2800 faciemus,
2420 2738 2463 2790 si
2498 2741 2652 2797 mites
2673 2745 2839 2802 simus
2862 2759 2915 2804 et
2938 2754 3188 2826 modesti,
3213 2769 3266 2814 et
3293 2726 3530 2821 fruetmur

1941 2820 2188 2878 onmibus
2230 2841 2351 2894 qua:
2380 2839 2503 2884 sunt
2537 2837 2796 2901 promissa
2827 2841 2892 2898 iis
2921 2845 3010 2915 qui
3047 2820 3210 2905 Deum
3242 2853 3510 2925 diligunt:

1940 2926 2058 2979 quae
2087 2913 2245 2971 detur
2272 2919 2427 2974 nobis
2451 2925 2703 2981 omnibus
2728 2913 2984 3004 consequi
3014 2979 3030 3004 ,
3078 2943 3246 3010 gratia
3277 2955 3331 3000 et
3370 2949 3524 3004 benis

1935 3002 2136 3068 gnitatu
2179 3006 2388 3064 Domini
2421 3017 2590 3069 nostri
2620 3017 2745 3073 Jesn
2788 3002 3027 3093 Christi,
3074 3002 3194 3086 cum
3228 3051 3334 3106 quo
3368 3037 3514 3094 Patri

1939 3109 2042 3147 una
2075 3111 2196 3152 cum
2228 3112 2417 3157 sancto
2447 3104 2644 3175 Spiritu
2675 3111 2741 3164 sit
2767 3114 2956 3182 gloria,
2987 3104 3292 3194 imperium,
3325 3129 3512 3200 honor,

1935 3201 2072 3239 nunc
2102 3197 2156 3241 et
2183 3205 2415 3257 semper,
2449 3205 2500 3248 et
2533 3197 2582 3250 in
2615 3203 2811 3255 smeula
2842 3209 3186 3267 swculorum.
3222 3217 3415 3275 Amen.

1855 3281 3521 3343 __~__*_________

1566 3337 1906 3404 HOMILIA
1955 3347 2162 3410 XXII.

240 3438 366 3494 CAP.
415 3440 501 3496 11.
551 3456 602 3492 v.
651 3442 705 3496 5.
753 3441 886 3496 Fide
931 3444 1260 3515 intelligimus
1298 3456 1477 3517 aptata
1507 3464 1612 3504 esse
1640 3451 1830 3505 δίει-μία

309 3533 456 3584 terbo
482 3531 599 3598 Dei,
627 3543 678 3586 ut
699 3551 761 3587 ea:
784 3536 1114 3592 inuisibilibus
1133 3539 1349 3592 visibilia
1373 3540 1551 3608 ﬁerent
1573 3581 1586 3595 .
1613 3541 1665 3595 4.
1697 3540 1828 3597 Fide

310 3620 586 3688 plurimam
614 3624 833 3678 hostiam
860 3627 986 3680 Abel
1010 3645 1164 3698 quam
1194 3629 1321 3685 Cain
1349 3630 1527 3685 obtulit
1560 3632 1666 3686 Deo
1692 3675 1708 3698 ,
1739 3651 1831 3702 per

311 3729 468 3780 quam
500 3717 847 3769 testimonium
898 3733 1236 3788 consequutus
1261 3731 1332 3774 est
1362 3739 1467 3776 esse
1498 3725 1668 3792 justus
1689 3765 1704 3790 ,
1756 3735 1830 3778 te-

307 3808 605 3862 stiinonium
638 3811 932 3880 perhibente
981 3814 1270 3867 muneribus
1301 3816 1413 3885 ejus
1457 3815 1564 3871 Deo
1599 3833 1618 3872 :
1647 3825 1691 3871 et
1735 3833 1826 3887 per

307 3897 454 3950 illam
485 3899 754 3967 defunctus
781 3902 950 3956 adhuc
979 3904 1222 3969 loquitur.

302 3990 354 4042 1.
390 3989 466 4060 (a)
499 3990 656 4046 Fides
677 4009 936 4062 generosa
957 4005 1009 4050 et
1029 3995 1259 4064 juvenili
1283 4014 1416 4068 upus
1437 3999 1589 4056 habet
1615 4002 1822 4070 anima,

223 4092 278 4135 et
325 4100 448 4152 qua:
517 4085 692 4139 omnia
736 4097 1022 4156 exsuperet
1067 4089 1280 4143 sensilia
1307 4132 1321 4156 ,
1367 4100 1422 4146 et
1469 4093 1818 4150 humanarum

221 4177 491 4230 rationum
554 4187 890 4246 pertranseat
951 4181 1389 4238 imbecillitatem.
1477 4185 1618 4242 Fieri
1670 4188 1814 4243 enim

220 4283 326 4321 non
367 4279 545 4337 potest
587 4279 644 4325 ut
682 4270 840 4327 aliter
867 4271 937 4328 sit
976 4273 1168 4343 fidelis,
1211 4276 1312 4330 nisi
1341 4277 1429 4344 qui
1460 4294 1519 4334 se
1563 4279 1814 4336 extulerit

217 4373 379 4428 supra
421 4376 634 4416 onmem
686 4378 1026 4422 communem
1057 4370 1518 4426 consuetudinem.
1548 4371 1810 4440 Quoniam

212 4465 341 4520 ergo
391 4464 675 4509 evaserant
710 4457 991 4515 imbecilla:
1021 4461 1365 4518 l-lebrteorum
1383 4465 1594 4531 animm,
1619 4477 1670 4522 et
1693 4483 1809 4524 ca:-

215 4555 411 4610 perant
443 4546 655 4614 quidem
696 4549 870 4615 alide,
903 4567 933 4604 a
964 4555 1192 4623 negotiis
1245 4566 1444 4624 autem,
1497 4559 1567 4613 ab
1616 4561 1803 4629 animi,

217 4633 457 4703 inquam,
489 4640 973 4706 perturbationibus
993 4655 1044 4699 et
1071 4646 1448 4704 afﬂictionibus
1461 4650 1632 4707 cll'ecti
1649 4664 1806 4710 erant

213 4727 388 4793 pusilli
431 4738 486 4783 et
544 4731 732 4798 objecti
796 4734 982 4801 animi,
1032 4747 1087 4792 et
1138 4740 1509 4811 labascebant,
1569 4747 1798 4815 primum

210 4819 426 4884 quidem
470 4836 566 4876 eos
593 4823 663 4877 ab
694 4823 824 4895 ipsis
854 4829 1161 4883 consolatus
1187 4842 1267 4886 est
1291 4843 1338 4887 et
1375 4837 1714 4905 exhortatus,
1743 4841 1815 4896 di-

207 4921 333 4962 cens
355 4950 374 4976 ,
409 4908 840 4971 Rememoramini
864 4922 1108 4989 pristinos
1137 4927 1244 4982 dies
1273 4945 1294 4983 :
1322 4929 1518 4990 deinde
1547 4951 1576 4990 a
1607 4939 1794 5009 Scrip-

206 5007 350 5066 tura,
381 5017 505 5071 quae
530 5003 698 5070 dicit,
729 5007 910 5064 Justus
954 5025 1123 5068 autem
1152 5035 1216 5072 ea:
1245 5020 1348 5087 ﬁde
1386 5025 1512 5080 vivet
1543 5028 1562 5094 (
1593 5003 1790 5087 Ilabtic.

201 5088 254 5142 2.
289 5092 344 5148 4.
371 5094 396 5161 )
429 5111 443 5146 :
473 5093 670 5152 deinde
689 5113 756 5154 ex
785 5103 1078 5161 rationibus
1103 5107 1307 5176 dicens,
1335 5112 1431 5169 Est
1459 5088 1625 5172 autem
1656 5122 1787 5190 ﬁdes

200 5197 369 5236 rerum
397 5201 514 5254 quia
557 5199 828 5256 sperantur
855 5195 1139 5253 substantia
1162 5241 1176 5266 ,
1226 5218 1584 5274 argumentum
1614 5227 1784 5267 rerum

203 5289 312 5341 qua
338 5293 446 5330 non
476 5280 724 5335 videntur.
764 5282 914 5341 Nunc
939 5299 1117 5344 autem
1149 5309 1336 5351 rursus
1372 5315 1400 5351 a
1454 5301 1747 5370 majoribus
1770 5347 1787 5373 ,

209 5368 415 5438 ιιιςιειιίε
439 5369 549 5424 illis
573 5372 700 5427 viris
729 5384 782 5429 et
813 5377 1252 5452 adtnirabilibus,
1286 5368 1673 5460 propemodum
1701 5368 1789 5450 di;

207 5475 330 5515 cens
360 5481 374 5516 :
410 5463 469 5519 Si
512 5467 601 5521 ubi
633 5485 742 5538 pra:
773 5475 996 5542 pedibus
1040 5489 1164 5535 sunt
1207 5481 1344 5536 bona
1369 5525 1387 5552 ,
1425 5501 1612 5543 omnes
1655 5490 1786 5546 salvi

200 5549 420 5611 luerunt
448 5557 572 5627 fide,
617 5565 788 5620 multo
814 5569 984 5640 magis
1006 5587 1124 5625 nos.
1158 5573 1380 5642 Quando
1407 5580 1548 5636 cnim
1577 5597 1784 5642 carum-

249 5689 325 5754 (α)
344 5690 541 5745 [uitium
564 5708 653 5760 pro
675 5710 813 5750 more
838 5701 1075 5753 omittitur
1100 5718 1125 5752 a
1152 5705 1290 5757 (οη).

1941 3453 2062 3508 dem
2115 3460 2517 3530 perpessionum
2569 3467 2773 3524 sociant
2847 3470 3109 3530 invenerit
3175 3478 3389 3548 anima,
3442 3499 3526 3538 re-

1941 3547 2170 3616 quiescit
2217 3561 2273 3606 et
2319 3557 2567 3624 respirat.
2615 3559 2728 3616 Hoc
2756 3572 2812 3618 et
2859 3564 2914 3620 itt
2942 3565 3048 3624 [ide
3076 3578 3130 3634 et
3157 3570 3206 3624 in
3237 3547 3543 3631 afﬂictione

1936 3637 2062 3694 licet
2110 3642 2288 3700 videre
2318 3663 2332 3699 :
2365 3646 2431 3702 Ut
2491 3651 2594 3716 sit,
2641 3653 2842 3723 inquit,
2896 3660 3034 3714 vobis
3089 3663 3366 3719 consolatio
3435 3685 3524 3736 per

1933 3746 2045 3784 eam
2068 3750 2180 3803 qua:
2207 3745 2276 3790 est
2305 3737 2433 3791 inter
2462 3756 2546 3795 eos
2571 3743 2780 3798 invicem
2829 3747 2982 3814 ﬁdem
3032 3749 3052 3823 (
3076 3751 3224 3806 llam.
3276 3757 3326 3809 1.
3385 3757 3452 3811 19.
3472 3759 3514 3829 ).

1927 3821 2025 3877 Est
2097 3825 2241 3881 enim
2314 3829 2597 3887 admodum
2669 3835 2881 3894 infidele
2952 3821 3122 3910 genus
3190 3845 3515 3915 humanum,

1925 3926 1976 3970 et
2002 3916 2106 3973 sibi
2149 3934 2254 3974 non
2290 3930 2462 3989 potest
2511 3926 2816 3997 conﬁdere,
2863 3941 2919 3986 et
2972 3934 3120 3990 timet
3170 3953 3266 4007 pro
3293 3939 3357 3994 iis
3399 3959 3518 4012 qua:

1920 4006 2143 4077 judicat,
2184 4015 2435 4080 quoniam
2483 4026 2566 4073 est
2615 4035 2803 4090 magna
2847 4023 2896 4079 ei
2937 4039 3065 4080 cura
3109 4027 3178 4084 de
3227 4033 3514 4092 multorum

1923 4098 2194 4167 Opinione.
2227 4097 2366 4165 Quid
2414 4123 2543 4177 ergo
2587 4108 2783 4168 Paulus
2831 4113 2931 4183 (a)!
2985 4114 3090 4171 Eos
3123 4123 3427 4180 consulatur
3464 4140 3517 4182 et

1917 4189 2271 4243 cxhortatura
2291 4189 2547 4259 patribus,
2566 4207 2618 4246 et
2643 4202 2796 4248 antea
2809 4195 2957 4251 abiis
2975 4213 3096 4268 qua:
3120 4209 3249 4255 sunt
3271 4200 3324 4256 in
3351 4217 3502 4256 com-

1919 4280 2064 4335 muni
2093 4280 2328 4337 notione.
2354 4281 2487 4337 Nam
2522 4286 2774 4356 quoniam
2807 4289 2939 4344 fides
2965 4293 3456 4362 reprehendebatur
3480 4337 3496 4360 ,

1918 4379 2184 4440 tamquam
2211 4389 2296 4428 res
2320 4390 2438 4444 quae
2465 4376 2678 4445 probari
2701 4387 2753 4432 et
2781 4378 3139 4436 demonstrari
3158 4399 3262 4438 non
3308 4386 3494 4454 pOSsit,

1919 4472 1974 4514 et
2000 4478 2118 4532 qua:
2143 4464 2212 4517 sit
2239 4465 2414 4533 p0tius
2467 4466 2671 4522 fallacia
2696 4509 2714 4534 ,
2763 4479 3041 4538 propterea
3089 4474 3323 4528 ostendit
3354 4479 3494 4546 quod

1915 4567 2002 4606 res
2045 4555 2291 4610 maxima:
2337 4573 2432 4625 per
2477 4557 2636 4615 fidem
2680 4570 2825 4616 recte
2883 4561 3017 4617 ﬁunt
3045 4605 3074 4629 ,.
3113 4579 3220 4619 non
3271 4582 3365 4636 per
3410 4585 3498 4623 ra-

1913 4644 2302 4703 tiocinationes.
2331 4649 2398 4705 Et
2423 4651 2700 4722 quomodo
2725 4653 2827 4710 hoc
2852 4657 3104 4724 ostendit,
3135 4659 3220 4714 die
3266 4665 3494 4731 quaeso?

1909 4734 2042 4790 Fide
2069 4738 2395 4810 intelligimus
2419 4783 2435 4808 ,
2470 4743 2680 4813 inquit,
2715 4757 2891 4816 aptata
2913 4789 2928 4813 ,
2965 4767 3070 4804 esse
3113 4752 3304 4806 saecula
3347 4756 3494 4809 verbo

1910 4825 2043 4892 Dei,
2103 4838 2157 4883 ut
2219 4847 2282 4884 ex
2323 4833 2650 4890 inuisibilibus
2694 4837 2910 4893 visibilia
2954 4841 3151 4908 ﬁerent.
3211 4843 3490 4913 Liquidum

1904 4927 1988 4972 est
2014 4960 2029 4984 ,
2072 4921 2260 4991 inquit,
2298 4924 2437 4994 quod
2485 4943 2551 4981 ex
2598 4927 2664 4982 iis
2702 4945 2822 4998 quae
2861 4947 2966 4986 non
3009 4943 3134 4986 sunt
3176 4935 3315 4990 Deus
3364 4936 3490 4993 fecit

1904 5027 2103 5080 caque:
2125 5022 2282 5078 sunt;
2306 5031 2371 5068 ex
2399 5015 2461 5070 iis
2494 5032 2610 5086 qua-
2626 5035 2734 5073 non
2764 5033 3057 5091 apparent,
3089 5039 3150 5079 ea
3177 5041 3296 5096 qua:
3321 5042 3488 5099 appa-

1905 5114 2053 5169 rent;
2088 5120 2152 5159 ex
2187 5105 2250 5160 iis
2280 5122 2400 5175 qua:
2439 5123 2543 5162 non
2585 5111 2882 5168 consistunt
2917 5129 2978 5170 ea
3013 5131 3130 5185 qua)
3163 5119 3482 5174 consistunt.

1906 5194 2178 5250 Unde-nam
2209 5214 2337 5253 vero
2386 5199 2551 5268 liquet
2579 5203 2720 5271 quod
2754 5203 2854 5260 hoc
2890 5207 3055 5263 verbo
3092 5208 3313 5267 fecerit?
3361 5228 3486 5268 nam

1901 5289 2038 5341 ratio
2108 5289 2322 5359 quidem
2371 5291 2502 5347 nihil
2554 5294 2658 5350 tale
2701 5299 2954 5368 suggerit,
3003 5301 3098 5357 sed
3143 5303 3303 5358 etiam
3356 5319 3484 5359 con—

1901 5381 2120 5435 trarium
2149 5383 2291 5452 quod
2322 5399 2395 5438 ex.
2415 5389 2796 5456 apparentibus
2825 5393 2929 5447 sint
2958 5409 3170 5464 eaquae
3197 5407 3478 5465 apparent.

1898 5474 2186 5546 Propterea
2234 5481 2466 5538 maxime
2496 5482 2805 5555 philosophi
2854 5487 2986 5542 nihil
3037 5504 3158 5545 esse
3186 5488 3370 5544 dicunt
3411 5506 3476 5546 ex

1943 5644 2016 5706 (α)
2041 5644 2114 5692 ΑΙ)
2138 5645 2212 5716 liis
2229 5647 2400 5722 verbis
2417 5648 2664 5722 humilium
2690 5650 2861 5722 incipit
2875 5651 3009 5704 Coll).
3038 5667 3050 5702 :
3076 5661 3127 5704 et
3144 5669 3230 5717 per
3251 5659 3472 5722 paginam

1881 5719 2024 5757 unam
2046 5709 2203 5758 omnia
2226 5710 2274 5759 in
2296 5711 2386 5761 isto
2408 5713 2573 5764 codice
2597 5727 2681 5765 sus
2704 5709 2867 5780 deque
2892 5730 3032 5768 versa
3055 5709 3185 5770 sunt.
