4088 6204
573 305 677 364 155

570 414 759 481 nihilo,
793 422 856 472 ut
891 416 981 487 qui
1011 401 1119 472 sith
1146 416 1428 484 animales,
1458 427 1515 474 et
1542 418 1676 474 nihil
1717 418 1952 476 tribuant
1979 418 2103 477 fidei
2135 439 2150 476 :

568 507 964 562 convincuntur
1005 516 1183 563 autem
1232 508 1333 580 ipsi
1382 525 1634 581 quoque.
1683 510 1900 580 quando
1947 513 2151 584 aliquid

571 613 820 667 magnum
871 607 926 653 et
971 599 1285 668 praeclarum
1328 599 1586 668 dixerint,
1630 601 1681 656 id
1714 602 1951 658 tribuere
1979 603 2149 659 fidei:

568 697 624 741 ut
651 687 855 750 dicunt.
904 688 1043 743 Deus
1086 690 1457 760 estprincipio
1503 706 1696 747 carens
1737 701 1790 746 et
1836 692 2102 763 ingenitus
2136 716 2151 747 :

567 778 701 831 ratio
727 778 870 850 enim
915 793 1022 833 non
1057 777 1156 833 hoc
1203 780 1459 850 suggerit,
1499 781 1593 837 sed
1631 784 1980 838 contrarium.
2010 783 2151 839 Con-

565 848 742 924 sidera
771 877 947 924 autem
975 871 1105 925 mihi
1135 871 1357 926 multam
1402 872 1615 928 illorum
1643 874 1943 930 stultitiam.
1980 877 2148 932 Deum

564 961 747 1014 dicunt
773 974 894 1016 esse
917 960 1035 1018 sine
1060 962 1323 1032 principio
1355 982 1369 1018 :
1398 963 1541 1033 quod
1572 973 1655 1020 est
1676 964 1834 1036 longe
1860 966 2150 1023 admirabi-

564 1053 668 1106 Ιῖιιε
696 1067 854 1123 quam
884 1054 1026 1124 quod
1058 1055 1124 1110 sit
1171 1070 1235 1110 ex
1279 1055 1467 1111 nihilo.
1498 1056 1630 1112 Nam
1672 1058 1854 1114 dicere
1896 1061 2039 1130 quod
2079 1062 2151 1116 sit

563 1151 678 1204 sine
706 1150 987 1220 principio,
1032 1150 1175 1220 quod
1221 1152 1292 1208 sit
1330 1151 1623 1223 ingenitus.
1670 1155 1812 1221 quod
1858 1170 2032 1226 neque
2079 1170 2148 1211 ex

563 1255 644 1306 se,
677 1255 850 1311 neque
877 1255 944 1296 ex
972 1241 1081 1296 alio
1107 1242 1176 1296 sit
1194 1242 1429 1313 genitus,
1453 1253 1536 1299 est
1559 1244 1729 1315 magis
1752 1245 2146 1314 inexplicabile,

561 1347 722 1400 quam
753 1330 959 1396 dicere,
989 1333 1132 1402 quod
1164 1333 1305 1389 Deus
1332 1349 1396 1390 ea
1440 1350 1561 1405 quae
1589 1347 1713 1392 sunt
1754 1335 1943 1393 fecerit
1969 1353 2035 1393 ex
2065 1340 2150 1393 ni-

564 1420 696 1475 hilo.
724 1420 855 1475 Nam
883 1420 971 1476 hic
993 1423 1209 1493 quidem
1252 1424 1417 1479 multa
1443 1433 1569 1481 sunt
1595 1425 1893 1492 credibilia,
1924 1436 1980 1482 ut
2006 1427 2148 1499 quod

564 1513 750 1571 fecerit
787 1515 1011 1585 aliquid,
1040 1517 1182 1588 quod
1217 1516 1269 1571 id
1306 1518 1446 1588 quod
1494 1518 1554 1572 fit
1594 1518 1844 1575 habuerit
1888 1520 2098 1575 initium
2131 1559 2146 1581 .

561 1608 703 1678 quod
732 1608 950 1663 omnino
981 1608 1179 1664 factum
1210 1610 1281 1665 sit
1309 1628 1323 1663 :
1354 1610 1464 1666 illic
1506 1620 1685 1667 autem
1718 1612 1853 1680 lucc,
1887 1628 1982 1683 per
2006 1628 2064 1668 se
2093 1622 2149 1669 et

559 1718 653 1756 sua
669 1710 859 1774 sponte
874 1710 976 1767 est,
1000 1703 1285 1774 ingenitus,
1309 1719 1481 1773 neque
1500 1703 1710 1761 initium
1746 1703 1946 1769 habuit,
1974 1720 2148 1776 neque

562 1806 792 1865 tempus,
821 1796 958 1862 hmo,
986 1795 1073 1851 die
1095 1795 1246 1862 mihi,
1277 1810 1387 1851 non
1417 1806 1577 1867 egent
1606 1796 1755 1852 fide?
1776 1798 1880 1854 Sed
1908 1798 2010 1853 hoc
2040 1814 2147 1854 non

560 1887 738 1957 posuit
766 1887 906 1955 quod
935 1897 1019 1943 est
1062 1889 1217 1960 longe
1245 1889 1497 1958 amplius.
1528 1890 1622 1946 sed
1668 1890 1811 1960 quod
1842 1891 2036 1956 minus,
2065 1890 2148 1944 di-

557 1988 689 2027 cens
717 1990 733 2028 :
766 1972 900 2030 Fide
927 1975 1257 2047 intelligimus
1281 1987 1458 2049 aptata
1481 1996 1589 2035 esse
1632 1983 1819 2037 sarcula
1846 1983 1996 2039 uerbo
2021 1982 2141 2044 Dei.

452 2074 463 2099 κ
556 2062 1189 2137 Undeuamjam,inquit,
1205 2066 1339 2124 dicis
1356 2069 1494 2138 quod
1524 2070 1665 2126 Dens
1688 2072 2041 2131 verboomnia
2057 2073 2143 2132 fe-

554 2159 685 2210 cerit
707 2157 730 2209 ?
754 2172 875 2211 cum
904 2157 955 2213 id
985 2158 1124 2214 ratio
1149 2173 1254 2214 non
1284 2170 1565 2232 suggerat,
1593 2163 1876 2235 nullusque
1913 2166 2144 2225 adfuerit

555 2244 771 2315 quando
823 2246 962 2304 facta
1010 2258 1154 2304 sunt.
1215 2248 1498 2308 Undenam
1540 2256 1787 2311 constat?
1815 2256 1945 2314 Fide
1975 2277 1989 2314 :
2019 2258 2142 2316 fidei

552 2338 697 2392 enim
714 2353 849 2408 opus
862 2350 943 2395 est
972 2341 1340 2413 intelligentia.
1360 2342 1485 2400 ideo
1521 2346 1652 2402 dicit
1681 2366 1696 2403 :
1720 2347 1851 2404 Fide
1893 2350 2138 2423 intelligid

552 2445 682 2483 ntus.
702 2428 838 2497 Quid
858 2429 960 2487 hoc
983 2433 1167 2501 verbo,
1189 2434 1314 2504 ﬁde,
1343 2435 1735 2508 intelligimus?
1761 2440 1912 2511 Quod
1941 2459 2010 2500 ex
2032 2460 2145 2500 non

551 2522 932 2587 apparentibus
960 2523 1095 2581 facta
1120 2536 1247 2583 sunt
1271 2543 1392 2599 qua:
1421 2542 1682 2601 apparent
1712 2551 1727 2589 :
1755 2534 1858 2591 hoc
1876 2538 2021 2595 enim
2057 2550 2141 2595 est

550 2612 702 2668 fides.
732 2613 863 2670 Cum
890 2628 1065 2672 autem
1083 2621 1308 2678 dixisset
1323 2622 1373 2678 id
1399 2625 1540 2694 quod
1564 2637 1645 2681 est
1665 2642 1969 2695 commune,
1999 2632 2051 2687 id
2069 2633 2138 2690 de

480 2776 507 2793 Ἰ
550 2716 749 2762 ριιιιειο
775 2710 940 2779 agitat
992 2712 1043 2765 in
1068 2719 1330 2783 personis.
1360 2715 1455 2771 Vir
1480 2718 1623 2773 enim
1655 2719 1885 2794 inclytus
1898 2732 1952 2779 et
1971 2724 2139 2795 gloria

455 2796 498 2806 ’“
550 2798 774 2870 insignis
812 2810 895 2857 est
938 2803 1107 2860 instar
1148 2806 1295 2863 orbis
1321 2816 1476 2864 terra:
1503 2827 1517 2864 :
1545 2812 1687 2882 quod
1735 2825 1916 2884 postea
1971 2819 2131 2874 etiam

547 2890 924 2949 subindieavit.
961 2895 1247 2968 Postquam
1273 2899 1418 2955 enim
1448 2901 1499 2957 in
1529 2913 1741 2960 centum
1770 2917 1865 2962 aut
1895 2908 2137 2966 ducentis

547 2986 792 3052 personis
822 2984 923 3043 hoc
944 3004 1012 3043 ex
1034 2988 1264 3047 adverso
1292 2995 1497 3060 statuit,
1528 2996 1721 3054 deinde
1775 3001 1907 3056 vidit
1945 3016 2135 3060 nume-

547 3086 666 3127 mm
687 3077 982 3145 quantitate
1009 3095 1130 3135 esse
1152 3097 1397 3152 paucum,
1426 3084 1552 3141 dicit
1571 3087 1638 3142 de
1664 3100 1863 3145 caetero
1891 3108 1907 3147 :
1942 3093 2136 3161 Quibus

545 3164 729 3237 dignus
759 3184 860 3224 non
888 3182 994 3226 erat
1023 3175 1242 3230 mundus
1268 3175 1448 3246 (Hebr.
1471 3181 1687 3252 11.58).
1709 3182 1840 3240 Fide
1861 3186 2136 3256 plurimam

546 3259 761 3331 hostium
781 3263 905 3319 Abel
923 3282 1074 3336 quam
1100 3266 1225 3323 Cain
1250 3270 1427 3326 obtulit
1460 3272 1584 3328 Deo.
1605 3275 1735 3331 Vide
1762 3287 1944 3335 autem
1973 3298 2132 3353 quem

546 3353 774 3420 primum
800 3358 966 3424 ponit,
982 3372 1103 3412 eum
1130 3360 1219 3429 qui
1243 3363 1379 3416 male
1397 3373 1479 3417 cst
1502 3380 1710 3435 passus,
1731 3368 1889 3440 idque
1913 3387 1944 3427 a
1968 3373 2132 3430 fratre

544 3442 678 3499 nihil
708 3446 857 3510 lasso,
887 3447 980 3502 sed
1010 3449 1100 3504 Dei
1125 3460 1283 3506 causa
1303 3453 1470 3510 livore
1497 3467 1714 3515 vexato.
1740 3459 1882 3532 Ergo
1913 3465 2127 3535 propria

541 3545 660 3591 erat
689 3537 922 3606 ipsorum
952 3541 1149 3610 passio.
1184 3542 1379 3599 Etenim
1400 3562 1486 3601 vos
1502 3562 1699 3620 quoque
1721 3554 1914 3619 eadem,
1938 3556 2127 3628 inquit,

542 3631 681 3695 passi
720 3631 839 3685 estis
863 3647 895 3685 a
918 3632 1091 3686 uestris
1117 3635 1475 3694 rontribulibus
1504 3639 1579 3713 (Ι.
1604 3640 1781 3699 Thess.
1808 3645 1864 3701 2.
1899 3647 2007 3719 ιι).
2040 3649 2129 3705 Si-

539 3720 651 3775 mul
673 3722 906 3779 ostendit
923 3722 1264 3796 illosquoque
1282 3728 1483 3785 invidia
1497 3742 1551 3786 et
1569 3733 1733 3790 livore
1755 3740 2011 3805 torqueri.
2034 3740 2131 3798 Ille

540 3812 707 3868 Deum
737 3814 1037 3904 honoravit,
1060 3829 1114 3874 et
1137 3829 1377 3877 mortuus
1410 3833 1516 3893 est,
1544 3828 1794 3897 quoniam
1824 3829 2127 3904 honoravit,

539 3914 593 3959 et
621 3896 854 3963 nondum
874 3920 958 3965 est
982 3922 1301 3984 assequutus
1327 3896 1811 3992 resurrectionem;
1842 3927 1936 3983 scd
1959 3896 2130 3986 mani;

540 3995 733 4088 festum
751 4001 965 4068 quidem
987 4003 1085 4059 fuit
1107 4017 1407 4078 promptum
1425 4021 1479 4066 et
1494 4014 1670 4072 alacre
1682 4018 1798 4088 ejus
1829 4023 1991 4077 animi
2023 4035 2130 4081 stu-

539 4086 686 4138 dium
720 4106 734 4141 :
763 4100 817 4144 et
845 4106 966 4158 qua:
1007 4095 1174 4160 ipsius
1218 4109 1391 4158 erant.
1416 4102 1554 4158 facta
1596 4086 1752 4173 sunt;
1780 4125 1899 4180 qure
1945 4124 2122 4170 autem

539 4193 610 4231 ex
629 4188 778 4248 parte
796 4180 886 4236 Dei
908 4194 1052 4248 sunt,
1075 4189 1306 4243 nondum
1323 4202 1446 4248 sunt
1463 4195 1512 4248 in
1528 4210 1652 4253 eum
1669 4200 2127 4263 collata.llostiam

538 4279 718 4324 autem
745 4270 834 4327 hic
854 4273 982 4328 dicit
1001 4276 1303 4346 plurimam,
1326 4296 1444 4352 qum
1465 4297 1584 4342 erat
1612 4287 1991 4364 honorabilior,
2009 4312 2127 4368 quae

542 4361 867 4430 prteclarior,
897 4379 1018 4436 qua:
1039 4368 1206 4440 magis
1226 4376 1548 4432 necessaria.
1568 4378 1677 4436 Nec
1705 4361 2011 4455 possumus,
2027 4361 2121 4446 in-

537 4453 673 4521 quit,
703 4455 883 4512 dicere
911 4461 1053 4527 quod
1086 4477 1189 4516 non
1228 4462 1385 4520 fuerit
1419 4481 1632 4540 accepta
1664 4490 1679 4528 :
1710 4473 1810 4531 fuit
1848 4453 2005 4534 enim.
2036 4497 2130 4539 ac—

537 4555 716 4617 cepta,
733 4558 786 4603 et
801 4548 935 4604 dixit
948 4552 1014 4607 ad
1033 4552 1187 4620 Cain,
1199 4555 1318 4611 Non
1333 4558 1378 4612 si
1391 4570 1523 4616 recte
1541 4564 1797 4635 obtulerit,
1814 4580 1948 4625 recte
1958 4583 2127 4630 autent

539 4655 640 4693 non
666 4642 895 4698 diviseris
925 4641 1079 4715 (Gen.
1104 4646 1158 4702 4.
1183 4648 1258 4719 7).
1291 4650 1427 4707 Abel
1447 4668 1575 4725 ergo
1599 4663 1654 4710 et
1668 4668 1815 4715 recte
1827 4660 2041 4731 obtulit,
2070 4674 2128 4723 et

539 4741 687 4788 recte
697 4732 1011 4789 dirisit.Sed
1031 4745 1206 4793 tamen
1224 4745 1321 4808 pro
1337 4740 1420 4798 his
1436 4759 1717 4814 quamnam
1730 4754 1934 4823 accepit
1949 4768 2058 4811 rem
2068 4774 2128 4812 u-

540 4827 924 4882 nerationem?
952 4827 1175 4885 Occisus
1219 4831 1318 4888 fuit
1344 4848 1373 4887 a
1406 4840 1565 4890 manu
1595 4838 1777 4896 fratris
1802 4860 1817 4909 ;
1846 4853 1901 4899 et
1923 4847 2125 4903 contic-

544 4924 875 4971 mnanouem
922 4929 1081 4985 quam
1135 4924 1285 4985 pater
1329 4918 1492 4972 subiit
1540 4930 1761 4988 propter
1816 4928 2128 4989 moestum,

542 5016 664 5057 eam
707 5003 911 5072 primus
960 5006 1199 5077 suscepit
1239 5007 1417 5076 quise
1464 5019 1609 5064 recte
1658 5019 1921 5078 gesserat,
1970 5019 2025 5065 et
2068 5023 2137 5067 eo

538 5093 785 5161 graviora
802 5104 888 5151 est
910 5099 1280 5169 passus,un
1301 5108 1395 5155 eta
1425 5099 1586 5156 fratre
1611 5110 1666 5155 et
1692 5101 1915 5170 primus.
1937 5102 2002 5156 Et
2019 5100 2135 5156 haec

542 5194 691 5242 recte
712 5186 897 5256 gessit,
926 5187 995 5244 ad
1020 5190 1223 5244 nullum
1255 5191 1658 5260 respicienszad
1689 5207 1847 5263 quem
1875 5193 2016 5247 enim
2046 5207 2132 5247 re-

542 5277 741 5346 spexit.
759 5286 815 5331 et
835 5276 913 5331 sic
938 5277 1103 5334 Deum
1131 5280 1456 5337 honorarit?
1482 5282 1546 5336 ad
1573 5292 1775 5354 patrem
1798 5282 2131 5340 etmatrcm?

542 5366 637 5422 Sed
669 5368 742 5423 illi
771 5383 866 5438 pro
887 5367 1160 5424 beneﬁciis
1185 5388 1307 5426 eum
1341 5372 1635 5428 affecerunt
1680 5374 2025 5429 contumelia.
2062 5376 2132 5429 At

541 5457 610 5513 ad
641 5457 901 5515 fratrem?
927 5461 1022 5515 sed
1053 5459 1168 5530 ipse
1209 5479 1421 5532 quoque
1451 5479 1571 5518 eum
1615 5463 1791 5520 ali‘ecit
1820 5466 2131 5535 ignominia.

542 5553 586 5604 Α
619 5564 679 5604 se
708 5552 888 5621 itaque
932 5551 1129 5608 bunum
1181 5552 1474 5608 adim'enit.
1506 5555 1573 5610 Et
1611 5556 1702 5626 qui
1751 5566 1900 5609 tanto
1928 5556 2134 5611 bouot‘e

542 5652 664 5695 erat
695 5643 908 5714 dignus,
937 5645 1062 5716 quid
1090 5645 1329 5717 patitur?
1361 5647 1705 5703 interimitur.
1743 5647 1944 5704 Deinde
1973 5648 2131 5702 aliam

542 5734 694 5799 ponit
723 5734 956 5803 laudem,
989 5737 1174 5793 dicens
1208 5756 1219 5792 :
1255 5736 1353 5793 Per
1382 5755 1536 5808 quam
1589 5740 1922 5795 testimonium
1950 5754 2133 5794 conse-

1326 311 1385 367 S.
1410 309 1687 367 JOANXIS
1723 304 2186 365 CHRYSOSTOMI
2223 302 2533 361 ARClllEP.
2573 300 3099 365 CONSTANTIXOP.

3736 311 3843 370 156

2227 428 2444 492 'quutus
2484 432 2557 479 est
2602 441 2711 481 esse
2742 427 2937 498 justas,
2985 428 3326 486 testimonium
3370 433 3660 501 perhibente
3702 439 3850 496 (Ionis

2228 552 2233 561 -
2257 517 2371 582 eius
2390 513 2531 581 Dea;
2559 524 2607 571 et
2633 533 2723 587 per
2760 517 2905 572 illam
2931 517 3202 590 defunctus
3240 522 3408 578 adhuc
3435 525 3679 593 loquitur.
3706 528 3850 599 Quo-

2257 606 2420 663 modo
2443 614 2620 663 autem
2652 607 2811 664 aliter
2833 620 3044 682 quouue
3069 614 3279 684 accepit
3309 616 3671 673 testimonium
3704 624 3846 692 quod

2253 700 2326 755 sit
2345 699 2570 769 justus?
2599 700 2800 758 Dicitur
2825 703 2964 771 ignis
2985 703 3331 763 descendisse
3358 719 3413 765 et
3442 716 3846 784 consumpsisse

2251 792 2370 861 ejus
2399 792 2604 849 hostias
2634 811 2649 850 :
2683 810 2805 850 nam
2836 810 2933 865 pro
2961 797 3072 863 illo,
3106 798 3188 852 Ad
3214 800 3417 856 Abelem
3444 805 3664 874 aspexit.
3696 819 3743 862 et
3768 810 3839 863 ad

2250 885 2365 953 ejus
2389 885 2647 952 sacriﬁcia
2673 884 2924 942 Dominus
2944 905 2964 944 :
2991 889 3124 945 dixit
3149 891 3386 962 quidam,
3418 893 3483 948 Et
3506 896 3843 973 incendit(a).

2249 975 2348 1042 Qui
2395 990 2524 1047 ergo
2551 976 2735 1035 verbis
2781 989 2837 1036 et
2882 980 3039 1037 factis
3077 983 3225 1048 justo
3271 985 3389 1038 tttiit
3432 990 3842 1060 testimonium,

2250 1064 2439 1120 videns
2467 1082 2589 1121 eum
2620 1078 2840 1139 propter
2869 1073 3042 1141 ipsutn
3085 1071 3156 1129 de
3185 1075 3362 1130 medio
3408 1079 3703 1149 sublatum,
3735 1102 3844 1141 non

2247 1171 2372 1211 cum
2401 1157 2708 1228 vindicavit,
2732 1160 2827 1216 sed
2853 1161 2997 1217 sivit.

2315 1248 2370 1302 9..
2407 1249 2590 1303 Vestra
2613 1261 2791 1306 autem
2809 1267 2914 1307 non
2935 1253 3005 1307 ita
3028 1269 3088 1309 se
3107 1254 3308 1311 habent
3337 1275 3352 1312 :
3380 1260 3651 1329 quomodo
3672 1265 3840 1330 enim,

2244 1340 2334 1409 qui
2363 1347 2421 1395 et
2445 1340 2733 1411 prophetas
2756 1341 2969 1398 habetis
2994 1355 3047 1401 et
3066 1348 3315 1418 exempla
3340 1360 3393 1403 et
3420 1351 3844 1411 innumerabili-5

2243 1431 2638 1487 consolationes
2666 1441 2719 1489 et
2748 1437 2898 1501 signa
2941 1443 2997 1491 et
3046 1435 3185 1494 facta
3237 1442 3491 1496 miracula
3516 1445 3540 1498 ἲ
3568 1444 3845 1513 Οιιειιιιοιι-

2243 1538 2359 1580 rem
2382 1533 2500 1581 erat
2535 1525 2667 1581 illud
2698 1543 2822 1583 rere
2850 1529 3005 1584 fides.
3036 1530 3292 1599 Qumnatn
3325 1536 3466 1590 enim
3512 1537 3645 1593 \‘ldlt
3674 1542 3844 1596 mira—

2241 1616 2388 1682 cula,
2410 1624 2469 1671 ut
2493 1617 2740 1674 crederet
2765 1619 2864 1674 sibi
2888 1618 3122 1677 futuram
3152 1624 3412 1679 bonorqu
3446 1634 3839 1688 remuneratio-

2239 1709 2403 1761 nem?
2429 1722 2606 1762 annon
2648 1723 2717 1764 ex
2762 1710 2873 1764 sola
2909 1712 3014 1768 fide
3060 1715 3223 1785 elegit
3250 1717 3540 1773 virtutem?
3569 1723 3704 1789 Quid
3749 1735 3841 1782 est

2240 1797 2391 1867 illud,
2423 1799 2489 1853 Et
2516 1816 2607 1861 per
2634 1800 2783 1852 illam
2809 1801 3080 1858 defunctus
3108 1806 3276 1861 adhuc
3296 1808 3558 1874 loquitur?
3582 1812 3657 1869 Ne
3688 1816 3841 1887 ipsos

2239 1892 2295 1947 in
2322 1892 2544 1947 multam
2586 1893 2830 1964 injiceret
2856 1900 3310 1966 desperationem,
3357 1908 3592 1960 usrendit
3616 1921 3734 1961 eum
3760 1925 3834 1965 ex

2234 1994 2387 2057 parte
2407 1986 2681 2056 accepisse
2709 1991 3223 2056 compensationem.
3256 1993 3580 2062 Quomodo?
3608 1994 3823 2071 Magna,

2236 2077 2426 2148 inquit,
2454 2077 2571 2147 ejus
2618 2077 2848 2133 habetur
2889 2094 3016 2134 cura
3044 2093 3101 2137 et
3125 2085 3487 2141 coasideratio
3512 2106 3527 2141 :
3552 2089 3653 2144 hoc
3681 2096 3830 2148 enim

2237 2169 2597 2225 subindicavit
2622 2168 2830 2237 dicens,
2861 2168 2928 2226 Et
2955 2171 3125 2228 adhuc
3153 2174 3395 2245 loquitur.
3427 2178 3538 2235 Hoc
3563 2192 3667 2247 est,
3698 2194 3829 2239 Cl'lll

2231 2263 2473 2331 sustulit,
2504 2262 2603 2318 sed
2632 2278 2741 2318 non
2781 2278 2904 2320 cum
2943 2280 3012 2321 eo
3049 2269 3267 2323 sustulit
3312 2271 3539 2341 gloriam
3569 2286 3621 2329 et
3650 2275 3829 2332 benn-

2250 2369 2362 2409 rem
2390 2372 2404 2409 :
2431 2368 2537 2410 non
2563 2365 2643 2411 est
2673 2356 2762 2411 ille
2786 2365 3030 2414 mortuus
3061 2377 3076 2415 :
3105 2376 3205 2417 nec
3230 2377 3326 2420 vos
3353 2368 3481 2435 ergo
3503 2370 3827 2426 moriemini.

2237 2435 2447 2500 Quanto
2470 2439 2614 2491 enim
2641 2439 2886 2507 graviora
2917 2444 3039 2511 quis
3070 2458 3257 2511 passus
3291 2445 3472 2509 fuerit,
3505 2461 3572 2501 eo
3595 2454 3679 2501 est
3708 2462 3827 2501 ma-

2231 2522 2316 2594 jor
2337 2526 2454 2596 ejus
2467 2527 2655 2599 gloria.
2681 2529 2962 2599 Quomodo
2973 2533 3148 2589 adhuc
3173 2535 3407 2607 loquitur
3419 2537 3444 2588 ‘l
3457 2538 3566 2593 Hoc
3587 2547 3737 2594 estet
3755 2539 3829 2593 si-

2230 2630 2394 2686 gnum
2414 2621 2713 2690 vivendi,et
2731 2624 2871 2695 quod
2893 2627 2960 2679 ab
2981 2627 3228 2681 omnibus
3254 2638 3494 2695 canatur,
3513 2631 3565 2686 in
3588 2631 3821 2686 admira-

2234 2708 2377 2765 tione
2412 2711 2672 2770 habeatur
2718 2724 2775 2771 et
2811 2716 2999 2772 beatus
3038 2728 3352 2777 censeatur:
3379 2722 3467 2792 qui
3510 2722 3654 2777 enim
3702 2722 3828 2776 aliis

2233 2801 2419 2859 suadet
2436 2812 2495 2859 ut
2512 2805 2622 2861 sint
2639 2808 2789 2877 justi,
2818 2808 3072 2879 loquitur.
3106 2810 3222 2866 Non
3265 2821 3465 2866 tantum
3484 2813 3625 2868 enim
3654 2812 3828 2869 eflicit

2231 2893 2424 2961 oratio,
2452 2906 2706 2965 quantum
2727 2896 2867 2953 illius
2922 2902 3216 2970 perpessio.
3261 2901 3407 2957 Sicut
3448 2904 3588 2957 enim
3631 2903 3821 2957 omium

2236 2987 2608 3042 tantummodo
2636 3002 2899 3059 apparens
2957 2991 3210 3062 loquitur,
3249 2993 3318 3047 ita
3349 2992 3510 3048 etiam
3548 2994 3655 3061 ille,
3694 2993 3822 3049 dum

2234 3071 2461 3132 habetur
2500 3077 2554 3132 in
2612 3080 2891 3136 memoria.
2929 3080 3045 3137 Non
3085 3082 3130 3137 si
3168 3088 3403 3153 scipsum
3462 3084 3823 3155 pra-dicasset.

2232 3181 2340 3222 non
2366 3167 2412 3223 si
2442 3168 2591 3225 mille
2632 3170 2840 3243 linguas
2864 3172 3157 3238 habuisset,
3189 3184 3245 3230 et
3293 3177 3540 3242 vixisset,
3573 3176 3625 3232 in
3675 3186 3822 3232 tanta

2233 3257 2444 3328 fuisset,
2490 3272 2550 3317 ut
2580 3279 2722 3320 nunc
2746 3275 2851 3329 est,
2881 3265 3254 3324 admiratione.
3286 3269 3400 3325 [loc
3442 3279 3545 3336 est,
3574 3270 3690 3336 inre
3716 3288 3824 3327 non

2233 3351 2369 3408 fiunt
2419 3353 2636 3425 impune
2676 3372 2776 3413 nec
2820 3366 3045 3425 temere,
3077 3375 3179 3416 nec
3222 3334 3657 3430 prmtereuntﬁ.
3692 3362 3835 3417 Fid!

2234 3445 2413 3501 Enoclt
2438 3450 2718 3504 translatus
2743 3460 2816 3505 est
2840 3492 2855 3513 ,
2903 3469 2967 3507 ne
2991 3452 3179 3507 videret
3216 3466 3428 3510 morzent
3449 3471 3469 3519 ,'
3497 3466 3543 3510 et
3567 3472 3667 3510 non
3697 3458 3826 3510 inue-

2233 3537 2483 3606 niebatur,
2514 3541 2635 3612 quia
2661 3542 2775 3596 tulit
2803 3543 2949 3597 illum
2988 3543 3236 3599 Dominus
3269 3562 3287 3601 :
3313 3562 3432 3599 nam
3462 3556 3581 3601 ante
3606 3546 3824 3600 transla-

2233 3631 2420 3686 tionem
2454 3634 2792 3688 testt‘moniunt
2822 3634 2967 3689 habet
2995 3637 3130 3706 quod
3170 3637 3419 3707 placuerit
3447 3638 3578 3692 Deo.
3610 3638 3664 3695 6.
3699 3638 3827 3693 Sine

2233 3722 2338 3792 ﬁde
2373 3732 2542 3779 autem
2575 3725 2887 3792 impossibile
2928 3737 3002 3782 est
3031 3728 3232 3797 placere
3265 3728 3371 3784 Deo
3400 3745 3418 3784 :
3446 3730 3650 3784 credere
3690 3731 3824 3784 enim

2233 3824 2430 3884 oportet
2458 3816 2776 3871 accedentem
2801 3818 2870 3871 ad
2900 3817 3061 3873 Deum
3084 3820 3205 3889 quia
3244 3830 3335 3883 est,
3367 3831 3415 3875 et
3457 3823 3827 3889 inquirentibus

2233 3922 2287 3960 se
2314 3918 2660 3962 remunerator
2689 3909 2765 3977 ﬁt.
2804 3909 2900 3964 llic
2926 3910 3182 3980 majorem
3210 3912 3446 3967 ostendit
3476 3912 3634 3968 ﬁdem
3664 3929 3825 3983 quam

2234 3997 2392 4054 Abel.
2420 3996 2637 4064 Quare?
2687 3999 2951 4067 Quoniam
2998 4001 3208 4055 etiamsi
3250 4012 3370 4072 post
3420 4002 3569 4057 illum
3616 4001 3827 4067 fuerit.

2237 4095 2413 4143 tamen
2443 4105 2563 4158 qua:
2588 4090 2640 4143 in
2677 4090 2770 4143 illo
2797 4090 2933 4145 facta
2968 4091 3177 4146 fuerant
3225 4092 3564 4149 sufficiebant
3605 4094 3671 4148 ad
3700 4110 3825 4147 eum

2233 4176 2605 4232 avertendum.
2629 4180 2910 4248 Quomodo
2932 4183 2955 4236 ?
2984 4182 3335 4238 Praesciverat
3358 4184 3497 4240 Deus
3517 4183 3659 4255 quod
3680 4195 3829 4240 esset

2234 4269 2500 4339 periturus
2531 4287 2545 4323 :
2577 4269 2713 4326 dixit
2738 4272 2883 4326 enim
2910 4272 2976 4328 ad
3013 4272 3144 4329 Cain
3177 4291 3192 4329 :
3229 4273 3479 4340 Peccasti,
3509 4291 3573 4330 ne
3603 4277 3828 4345 amplius

2232 4359 2505 4431 adjecert's.
2536 4362 2620 4417 Ab
2648 4363 2765 4432 ipso
2794 4365 2892 4418 fuit
2918 4364 3230 4433 honoratus,
3269 4378 3326 4423 et
3368 4368 3540 4438 ipsum
3585 4382 3695 4422 non
3742 4379 3826 4424 est

2234 4450 2396 4504 ultus.
2427 4450 2497 4506 Et
2519 4467 2618 4507 nec
2644 4453 2747 4509 hoc
2773 4469 2895 4510 eum
2934 4457 3115 4527 injecit
3141 4459 3192 4512 in
3218 4458 3446 4530 aliquam
3473 4459 3637 4515 animi
3663 4461 3824 4530 :cgri-

2234 4542 2489 4596 tudinem.
2508 4541 2623 4598 Non
2649 4543 2784 4600 dixit
2807 4547 2944 4617 apud
2974 4563 3057 4614 se,
3088 4548 3219 4616 Quis
3284 4564 3414 4604 usus
3464 4560 3549 4607 est
3581 4550 3826 4606 laborum

2232 4641 2286 4687 et
2312 4633 2710 4701 periculorum?
2735 4638 2870 4692 Abel
2887 4638 3050 4693 Deum
3070 4639 3369 4707 honoravit,
3393 4651 3447 4696 et
3472 4641 3520 4696 ei
3545 4655 3701 4712 opem
3719 4659 3826 4696 non

2234 4725 2367 4781 tulit.
2385 4726 2450 4781 Ei
2477 4726 2622 4783 enim
2645 4729 2733 4797 qui
2753 4740 3082 4798 excesserat,
3110 4730 3236 4801 quid
3267 4731 3466 4801 profuit
3494 4734 3824 4803 supplicium

2232 4830 2339 4886 quo
2359 4816 2642 4873 damnatus
2668 4818 2978 4875 fuitfrater?
3005 4821 3274 4891 quomodo
3297 4831 3476 4877 autem
3506 4824 3617 4878 fieri
3652 4834 3829 4895 potest

2233 4918 2290 4962 ut
2317 4909 2430 4978 ipse
2466 4911 2591 4967 tnde
2632 4912 2864 4982 aliquam
2909 4914 3172 4985 acceperit
3217 4915 3829 4973 utilitatem?Ponamus

2232 5016 2354 5056 eum
2371 5017 2561 5072 graves
2573 5002 2786 5059 dedisse
2805 5020 2989 5073 poenas
3009 5005 3175 5074 :Quid
3191 5006 3258 5061 ad
3279 5022 3403 5062 eum
3425 5009 3612 5078 quiest
3631 5009 3699 5062 de
3721 5024 3829 5064 me-

2235 5094 2324 5147 dio
2348 5093 2630 5149 sublatus?
2656 5094 2797 5150 Nihil
2832 5098 2939 5153 tale
2969 5113 3068 5153 nec
3091 5097 3246 5166 dixit,
3291 5114 3391 5153 nec
3428 5101 3700 5170 cogitarit.
3730 5102 3823 5155 sed

2236 5186 2320 5240 his
2348 5187 2598 5243 omnibus
2636 5190 3010 5257 pra3termissis
3037 5191 3288 5261 cognovit
3317 5192 3458 5261 qttod
3489 5193 3531 5246 si
3549 5203 3630 5248 est
3664 5192 3824 5254 Deus,

2240 5290 2481 5346 ιτιηιιειιςι
2496 5282 2653 5334 etiam
2671 5290 3045 5337 remuneratur
3061 5299 3074 5335 :
3091 5296 3413 5354 quamquam
3430 5283 3662 5337 nondqu
3682 5286 3827 5353 quid-

2238 5373 2376 5438 p'ant
2399 5370 2640 5425 sciebant
2654 5371 2724 5426 de
2755 5374 3166 5429 resurrectione.
3197 5376 3446 5433 Siautem
3470 5376 3538 5431 de
3586 5392 3828 5432 resurre-

2302 5481 2376 5546 (α)
2394 5478 2633 5530 Hebralca
2652 5479 2802 5531 verba
2832 5485 2946 5531 sunt
2966 5484 3083 5540 ττι-ιη
3096 5486 3228 5542 rem
3246 5483 3329 5531 ubi
3346 5481 3648 5532 'l‘lteodotion
3672 5487 3841 5545 vertit,

2241 5565 2302 5603 ut
2324 5564 2523 5616 ινιτὺειςεν
2546 5561 2567 5601 ι
2598 5561 2707 5616 θεὸςἱ
2736 5559 2784 5602 et
2798 5552 3012 5602 incendit
3052 5559 3206 5607 Deus.
3242 5560 3295 5616 ut
3327 5552 3496 5602 videas
3533 5555 3580 5602 in
3604 5553 3840 5616 Hexaplts

2241 5611 2440 5685 nostris,
2462 5612 2588 5685 (ien.
2607 5614 2657 5672 4,
2683 5611 2740 5673 4;
2767 5622 2820 5663 et
2839 5618 3146 5663 conﬁrmatur
3170 5628 3232 5663 ex
3254 5613 3535 5669 hiemat-mi
3561 5611 3841 5685 testimonio

2239 5676 2440 5739 ibidem.
2479 5675 2632 5735 Syrus
2665 5684 2832 5726 autem
2873 5683 3021 5728 γει-ιιι
3057 5690 3118 5727 καὶ
3140 5685 3337 5737 essetam
3358 5687 3379 5728 6
3403 5689 3507 5739 σοιν,
3553 5685 3603 5731 et
3635 5678 3840 5729 libenter

2239 5735 2428 5799 excepit
2457 5744 2598 5786 neas.
