4088 6204
373 183 485 253 157

358 307 545 360 ctioae
572 304 702 359 nihil
729 305 905 360 adhuc
927 307 1162 361 sciebant
1183 317 1239 363 ct
1274 307 1358 363 hic
1387 307 1636 364 videbant
1660 312 1948 388 contraria,

370 397 454 450 sic
483 397 597 452 Deo
625 397 944 466 placueiunt
968 415 983 453 :
1021 411 1222 468 quanto
1246 401 1414 470 magis
1440 401 1575 454 nos?
1605 417 1778 470 neque
1807 404 1948 455 enim

369 490 451 546 illi
481 487 727 556 sciebant
769 485 841 542 de
885 488 1322 553 resurrectione,
1378 503 1552 557 neque
1599 487 1664 542 ad
1718 487 1963 556 exempla

373 587 626 651 poterant
659 578 949 647 reapicere.
975 577 1086 632 lloc
1104 577 1318 646 quidem
1348 577 1520 647 ipsum
1555 577 1681 634 fecit
1707 595 1827 634 eum
1852 579 1965 648 pla-

369 687 499 726 cere
521 712 538 738 ,
572 669 714 740 quod
748 667 882 722 nihil
912 669 1220 738 receperit,
1251 669 1346 724 Dic
1377 669 1509 724 mihi
1540 687 1552 722 :
1587 669 1792 724 sciebat
1818 668 1960 740 quod

372 762 520 816 Deus
571 768 716 815 esset
777 767 1173 814 remunerator.
1243 758 1561 815 Undenam?
1615 760 1768 816 Abeli
1818 761 1960 815 enim

369 854 613 908 nondum
684 850 1015 906 reddiderat.
1074 850 1434 917 Quamobrem
1487 852 1591 907 alia
1645 854 1958 923 suggerebat

373 948 550 1012 ratio,
608 944 742 999 ﬁdes
784 953 967 998 autem
1019 944 1289 998 contraria
1346 945 1411 998 iis
1455 959 1575 1014 qua:
1621 945 1958 1000 videbantur.

373 1036 488 1094 Etsi
524 1051 655 1107 ergo
678 1051 772 1090 vos
796 1075 812 1102 ,
844 1035 1032 1102 inquit,
1060 1035 1282 1090 videatis
1309 1050 1402 1090 vos
1429 1035 1515 1090 hic
1545 1035 1674 1090 nihil
1699 1037 1957 1107 recipere,

372 1145 440 1183 ne
470 1124 876 1197 perturbemini.
904 1124 1182 1193 Quomodo
1203 1125 1305 1181 ﬁde
1333 1126 1621 1181 translatus
1639 1127 1961 1183 fuitEnoch?

365 1219 632 1287 Quoniam
674 1217 1034 1273 translationis
1058 1232 1214 1272 causa
1245 1217 1344 1272 fuit
1372 1219 1512 1290 quod
1551 1220 1658 1275 Deo
1683 1220 1956 1291 placuerit,

367 1310 512 1380 quod
537 1317 715 1364 autem
758 1308 870 1363 Deo
889 1307 1150 1378 placuerit
1172 1349 1187 1374 ,
1233 1323 1394 1365 causa
1431 1309 1531 1365 fuit
1564 1309 1716 1367 ﬁdes.
1750 1311 1882 1367 Nam
1912 1313 1959 1368 si

369 1402 684 1458 nescivisset
710 1400 852 1471 quod
895 1410 1216 1471 accepturus
1253 1412 1398 1458 esset
1428 1405 1916 1460 remunerationem
1940 1446 1954 1472 ,

365 1496 642 1568 quomodo
674 1495 784 1550 Deo
807 1494 1138 1565 placuisset?
1167 1495 1295 1550 Sine
1323 1496 1424 1564 ﬁde
1448 1507 1618 1551 autem
1647 1497 1958 1567 impossibile

366 1601 441 1644 est
472 1590 670 1657 placere
708 1587 836 1641 Deo.
883 1586 1200 1654 Quomodo?
1245 1586 1298 1644 Si
1324 1589 1465 1644 enim
1506 1589 1793 1645 crediderit
1813 1590 1958 1661 quis-

365 1685 508 1752 piam
538 1695 659 1736 esse
688 1681 855 1735 Deum
883 1687 939 1735 et
965 1681 1478 1745 remunerationem,
1541 1682 1626 1736 hic
1651 1683 1955 1738 mercedem

364 1771 618 1842 accipiet,
644 1771 783 1826 Hinc
813 1771 996 1826 evenit
1043 1779 1100 1826 ut
1129 1771 1240 1825 Deo
1272 1772 1552 1842 placuerit.
1583 1772 1799 1828 Credere
1822 1776 1955 1829 enim

365 1873 562 1934 oportet
588 1862 910 1917 accedentem
945 1861 1013 1915 ad
1053 1860 1216 1916 Deum
1239 1863 1374 1933 quod
1402 1874 1508 1930 est,
1572 1879 1678 1920 non
1705 1865 1831 1936 quid
1861 1867 1950 1922 sit.

364 1958 471 2014 Sed
493 1959 560 2023 si,
593 1955 659 2011 ad
692 1955 1022 2012 credendum
1041 1957 1178 2027 quod
1197 1957 1286 2023 sit,
1305 1971 1437 2028 opus
1458 1958 1527 2014 sit
1548 1959 1648 2015 ﬁde
1665 1970 1718 2015 et
1737 1976 1841 2016 non
1864 1977 1951 2016 ra-

366 2050 628 2116 tionibus;
673 2064 740 2104 an
780 2048 905 2119 quid
931 2049 1002 2104 sit
1027 2049 1232 2104 ratione
1250 2051 1629 2120 comprehendi
1650 2061 1824 2124 potest
1843 2054 1866 2108 ?
1885 2053 1954 2121 si,

363 2143 506 2212 quod
524 2144 594 2196 sit
613 2149 1003 2206 renumerator,
1030 2141 1131 2197 ﬁde
1148 2157 1282 2212 opus
1302 2141 1482 2212 habet,
1523 2154 1576 2201 ct
1604 2161 1710 2202 non
1746 2147 1957 2203 rationi-

363 2238 463 2293 bus
482 2255 496 2292 :
515 2235 787 2308 quomodo
802 2250 921 2307 quae
938 2237 1316 2291 suntessentitc
1333 2239 1712 2308 comprehendi
1731 2249 1957 2310 possunt

363 2329 815 2386 ratiocinatione?
863 2343 1106 2401 quamam
1135 2329 1277 2385 enim
1306 2331 1646 2386 ratiocinatio
1673 2347 1735 2388 ea
1781 2343 1954 2403 potest

362 2423 630 2494 assequi?
676 2422 892 2493 quidam
952 2422 1092 2478 enim
1151 2422 1337 2478 dicunt
1381 2439 1508 2479 casu
1570 2425 1692 2480 ferri
1744 2427 1946 2481 omnia.

365 2514 527 2569 Vides
557 2512 701 2584 quod
728 2513 771 2567 si
799 2513 850 2568 in
882 2513 1133 2567 omnibus
1165 2528 1270 2567 non
1302 2513 1607 2581 credamus,
1640 2531 1745 2570 non
1777 2517 1949 2571 solum

365 2606 416 2659 in
473 2605 941 2670 remuneratione,
1018 2603 1114 2659 sed
1161 2605 1416 2659 etiamin
1474 2605 1575 2660 hoc
1627 2607 1743 2674 ipso
1806 2607 1948 2677 quod

364 2699 435 2752 sit
491 2698 664 2762 Deus,
733 2705 959 2766 pereunt
1058 2697 1212 2751 nobis
1272 2697 1491 2751 omnia?
1559 2697 1711 2753 Multi
1774 2711 1949 2754 autem

364 2799 611 2861 quth
631 2789 901 2861 quomodo
929 2789 1219 2846 translatus
1245 2788 1312 2842 sit
1336 2788 1542 2854 Enoch,
1577 2799 1630 2843 et
1650 2805 1745 2844 cur
1767 2799 1948 2844 trans-

367 2883 545 2946 latus,
592 2893 643 2936 et
667 2896 764 2936 cur
807 2895 913 2934 non
961 2889 1202 2934 mortuus
1254 2881 1324 2935 sit
1368 2895 1541 2950 neque
1587 2880 1735 2948 ipse,
1780 2896 1952 2952 neque

367 2974 556 3037 tilias;
584 2981 636 3027 et
678 2972 722 3027 si
760 2972 935 3028 adhuc
990 2972 1210 3040 vivunt,
1255 2970 1525 3042 quomodo
1567 2971 1780 3039 vivant,
1812 2982 1862 3026 et
1894 2972 1947 3027 in

365 3074 476 3126 quo
497 3059 696 3114 habitu.
717 3058 824 3114 Sed
844 3059 1064 3115 omnino
1089 3072 1542 3128 supervacaneum
1565 3066 1647 3111 est
1669 3055 1783 3110 hac
1809 3068 1954 3125 qua:-

367 3166 510 3204 rere.
548 3149 682 3207 Nam
729 3149 872 3222 quod
925 3151 1016 3205 ille
1062 3149 1311 3220 quidem,
1363 3164 1557 3219 nempe
1604 3146 1793 3202 Enoch
1822 3186 1835 3210 ,
1883 3145 1953 3200 sit

367 3241 659 3297 translatus
684 3259 701 3309 ;
755 3243 841 3298 hic
877 3257 1039 3308 vero,
1082 3258 1272 3311 nempe
1296 3241 1440 3296 Elias
1461 3283 1475 3305 ,
1502 3240 1573 3296 sit
1601 3245 1910 3307 assumptus
1936 3276 1952 3300 ,

319 3372 324 3375 -
369 3334 627 3390 dixerunt
673 3333 969 3404 Scriptura:
1003 3352 1017 3390 :
1047 3335 1133 3390 ubi
1176 3345 1353 3388 autem
1395 3334 1541 3401 sint,
1601 3340 1655 3387 et
1684 3330 1956 3400 quomodo

370 3428 501 3493 sint,
531 3443 635 3483 non
654 3428 834 3483 itidem
861 3427 1209 3503 adjecerunt:
1231 3441 1336 3480 non
1355 3425 1582 3494 amplius
1609 3423 1750 3478 enim
1773 3421 1959 3476 dicunt

370 3534 530 3588 quam
557 3537 674 3590 quae
699 3530 824 3574 sunt
851 3519 1172 3574 necessaria.
1196 3516 1328 3572 Nam
1353 3517 1467 3572 haec
1491 3515 1704 3586 quidem
1729 3511 1957 3568 transla-

372 3608 450 3663 tio
491 3609 624 3664 facta
653 3609 754 3664 fuit
797 3610 979 3665 statim
1013 3609 1080 3663 ab
1114 3607 1371 3675 exordio;
1419 3616 1478 3662 ut
1507 3607 1736 3660 humana
1767 3613 1953 3658 natura

373 3714 528 3768 spem
576 3702 883 3772 acciperet,
931 3699 1074 3772 quod
1128 3709 1182 3756 et
1230 3714 1379 3755 mors
1426 3697 1846 3760 dissolveretur,
1905 3704 1961 3749 et

369 3792 570 3846 diaboli
643 3793 883 3864 tyrannis
938 3793 1211 3848 deleretur
1257 3807 1272 3845 :
1313 3789 1492 3861 quod,
1544 3789 1757 3859 inquam
1812 3801 1960 3840 mors

372 3882 762 3937 dissolveretur
812 3899 828 3937 :
894 3882 1187 3938 translatus
1261 3881 1405 3936 enim
1473 3879 1570 3934 fuit
1639 3895 1744 3933 non
1818 3891 1960 3931 mor-

373 3982 533 4037 tuus,
587 3971 684 4027 sed
730 3987 800 4027 ne
852 3973 1058 4027 videret
1101 3979 1348 4026 mortem.
1395 3970 1681 4038 Propterea
1717 3967 1960 4033 addidit,

373 4061 543 4118 Vivus
604 4070 691 4118 est
768 4063 1089 4126 translatus,
1156 4062 1278 4131 quia
1352 4060 1556 4130 placuit
1609 4059 1741 4113 Deo.
1813 4058 1964 4113 Sicut

378 4159 525 4211 enim
555 4166 709 4228 pater
737 4155 998 4227 quispiam
1025 4154 1260 4209 minatus
1284 4152 1393 4207 ﬁlio
1417 4193 1432 4219 ,
1475 4153 1590 4206 vult
1611 4151 1825 4222 quidem
1851 4160 1964 4204 sta-

378 4250 473 4302 tim
502 4249 678 4302 minas
706 4248 987 4304 remittere
1010 4287 1025 4312 ,
1057 4244 1270 4317 quando
1299 4244 1459 4300 fuerit
1487 4245 1752 4308 minatus;
1798 4242 1963 4297 susti:

377 4350 469 4395 net
518 4350 698 4395 autem
755 4351 808 4395 et
845 4349 1155 4396 constanter
1205 4338 1803 4410 perdural,utinlerim
1836 4351 1966 4392 eum

375 4435 602 4504 castiget
631 4441 687 4487 et
713 4433 1036 4501 admoneat,
1077 4433 1300 4489 stabiles
1326 4442 1381 4488 ct
1433 4432 1615 4487 ﬁrmas
1642 4432 1824 4486 sinens
1851 4446 1970 4485 ma-

324 4552 328 4554 »
377 4541 510 4582 nere
537 4525 709 4580 minas
734 4541 750 4592 ;
788 4527 859 4580 ita
889 4525 1052 4582 etiam
1080 4525 1222 4581 Deus
1242 4567 1257 4592 ,
1288 4540 1438 4580 more
1469 4525 1578 4579 fere
1605 4523 1830 4578 dixerim
1861 4523 1964 4576 lm-

377 4635 544 4674 mano
565 4661 580 4682 ,
615 4635 722 4675 non
751 4619 1026 4685 sustinuit,
1055 4619 1150 4674 sed
1176 4618 1356 4672 statim
1387 4615 1618 4672 ostendit
1653 4614 1793 4686 quod
1823 4629 1970 4669 mors

379 4715 450 4767 sit
477 4713 679 4768 soluta.
737 4712 803 4767 Et
832 4713 1062 4782 primum
1104 4712 1234 4766 sinit
1264 4726 1384 4766 esse
1416 4709 1544 4780 justi
1574 4719 1834 4771 mortem,
1876 4724 1971 4777 per

381 4805 552 4869 ﬁlium
579 4804 769 4858 volens
801 4813 1007 4858 terrere
1029 4810 1256 4872 patrem.
1285 4800 1484 4856 Volcus
1512 4801 1654 4854 enim
1681 4799 1969 4853 ostendere
2014 4817 2019 4822 ·

382 4896 527 4965 quod
560 4910 748 4951 revera
777 4903 857 4950 est
887 4896 1038 4948 firma
1081 4902 1136 4950 et
1161 4894 1370 4948 stabilis
1396 4895 1658 4949 sententia
1683 4940 1696 4957 ,
1723 4907 1828 4946 non
1859 4900 1971 4945 sta-

386 4989 480 5042 tim
527 4987 697 5041 malos
723 5027 738 5051 ,
780 4987 872 5041 sed
902 4987 1066 5042 etiam
1109 5001 1232 5042 eum
1259 4987 1348 5056 qui
1379 4985 1481 5055 ipsi
1513 4985 1712 5055 placuit
1743 4984 1973 5053 subjecit

386 5082 688 5152 supplicio,
721 5081 934 5136 beatum
960 5122 973 5144 ,
1001 5081 1217 5151 inquam
1237 5122 1252 5145 ,
1284 5080 1428 5132 illum
1456 5078 1678 5132 Abelem
1715 5095 1728 5130 :
1759 5087 1810 5132 et
1842 5092 1979 5146 pene

388 5157 568 5242 statim
599 5184 718 5244 post
745 5173 896 5228 illum
928 5173 1204 5227 transtulit
1233 5170 1416 5226 Enoeh
1444 5171 1736 5225 viventem.
1777 5170 1842 5223 Et
1874 5186 1978 5224 non

390 5267 538 5320 illum
580 5265 900 5328 suscitavit,
941 5279 1008 5316 ne
1042 5261 1286 5332 protinus
1338 5261 1562 5316 nimium
1614 5259 1980 5324 conﬁderent;

391 5359 484 5413 sed
512 5357 654 5419 hunc
699 5355 972 5410 transtulit
1004 5355 1308 5418 viventem;
1357 5367 1452 5422 per
1495 5351 1716 5408 Abeletn
1757 5351 1978 5422 quidem

395 5460 600 5504 terrens
621 5491 637 5515 ,
689 5464 785 5519 per
815 5448 960 5502 hunc
1002 5458 1180 5502 autem
1217 5446 1352 5500 dans
1379 5447 1557 5502 zelum
1582 5455 1637 5501 et
1680 5447 1984 5501 :enmlatio-

398 5557 519 5596 nem
544 5550 598 5594 ut
639 5541 750 5595 Deo
778 5539 1076 5609 placerent.
1109 5539 1229 5606 Quo
1259 5538 1316 5590 ﬁt
1346 5547 1405 5591 ut
1436 5537 1544 5591 Deo
1569 5553 1674 5590 non
1700 5538 1944 5606 placeant
1969 5580 1984 5603 ,

396 5628 683 5704 euiomnia
716 5645 845 5687 casu
898 5630 982 5701 agi
1036 5638 1089 5686 ct
1144 5628 1269 5693 ferri
1300 5629 1502 5695 dicunt,
1535 5633 1588 5686 ct
1636 5639 1741 5680 non
1787 5633 1978 5691 exspe-

1046 200 1112 257 ΙΝ
1152 200 1369 258 EPIST.
1410 200 1503 257 AD
1543 200 1898 261 "EBRIEOS.
1941 203 2094 262 CAP.
2137 207 2227 264 XI.
2270 210 2501 268 HOMIL
2549 212 2714 270 XXII.

3527 205 3632 264 158

2055 317 2204 366 ctant
2233 322 2757 386 remunerationem,
2808 325 2866 373 ut
2892 325 2946 374 et
2972 327 3182 390 gentes.
3235 318 3304 374 lis
3351 323 3494 375 enim
3543 323 3633 392 qui

2052 401 2224 473 ipsum
2252 404 2526 476 inquirunt
2555 423 2651 478 per
2678 424 2843 481 opera
2873 417 2929 467 et
2953 411 3316 484 cognitionem
3345 423 3428 467 est
3457 429 3635 469 reum-

2055 505 2276 552 ‘nerator
2305 497 2448 574 (ald

2127 590 2184 643 5.
2211 589 2344 645 Cum
2387 605 2515 662 ergo
2542 590 2803 648 habemus
2829 604 3313 662 remuneratorem,
3345 595 3521 650 omnia
3553 593 3634 650 fa-

2055 680 2281 748 ciamus,
2303 695 2371 736 ne
2399 683 2668 752 privemur
2689 685 2932 740 mercede
2949 702 3064 756 quae
3090 687 3246 742 datur
3263 687 3332 741 ob
3350 689 3596 743 virtutem
3618 706 3633 742 :

2052 778 2134 826 est
2160 773 2300 827 enim
2323 771 2501 827 multis
2531 775 2958 846 prosequendum
2996 779 3244 850 lacrymis
3268 779 3426 834 talem
3454 779 3636 849 deSpi-_

2050 879 2175 922 cere
2196 869 2705 925 remunerationem.
2722 868 2794 926 Ut
2814 871 2955 926 enim
2975 871 3038 926 iis
3053 873 3140 942 qui
3167 873 3340 942 ipsum
3359 883 3632 944 quaerunt,

2058 961 2143 1012 est
2187 959 2429 1014 redditor
2454 962 2718 1016 mercedis
2739 1004 2752 1026 ,
2783 963 2852 1016 ita
2883 963 2968 1028 iis,
3008 966 3097 1033 qui
3137 965 3310 1034 ipsum
3344 979 3446 1019 non
3490 980 3634 1034 quae.

2053 1059 2210 1115 runt,
2250 1052 2624 1120 contrarimn;
2704 1053 2965 1121 Quaerite,
3016 1055 3220 1125 inquit,
3276 1065 3324 1109 et
3376 1056 3633 1110 invenietis

2053 1138 2244 1213 (Matlt.
2271 1143 2323 1196 7.
2351 1144 2429 1214 7).
2461 1143 2744 1213 Quomodo
2769 1155 2946 1200 autem
2980 1155 3154 1215 potest
3184 1145 3412 1202 inveniri
3446 1145 3632 1200 Domi-

2051 1235 2187 1290 nus?
2213 1235 2395 1306 Cogita
2425 1237 2698 1308 quomodo
2738 1239 3007 1294 invenitur
3033 1253 3222 1292 aurum
3248 1278 3265 1304 ,
3299 1253 3419 1293 cum
3449 1237 3633 1290 nmltis

2050 1323 2341 1381 laboribus.
2373 1325 2642 1392 Manibus,
2673 1328 2864 1398 inquit,
2895 1329 3019 1382 meis
3047 1337 3194 1382 noctu
3221 1336 3396 1381 contra
3417 1343 3552 1392 eum,
3586 1333 3633 1379 et

2049 1433 2149 1471 non
2176 1433 2288 1471 sum
2316 1415 2552 1487 deceptus
2597 1417 2768 1490 (Psal.
2795 1421 2886 1475 76.
2912 1421 2991 1490 5).
3023 1419 3137 1474 Hoc
3163 1427 3244 1474 est
3266 1460 3282 1485 ,
3314 1419 3454 1473 sicut
3483 1433 3632 1487 quae-

2053 1510 2222 1565 rimus
2249 1508 2391 1580 quod
2421 1511 2598 1580 periit,
2618 1511 2690 1565 ita
2710 1512 2876 1566 Deum
2905 1526 3230 1582 quaeramus.
3252 1513 3441 1565 Annon
3467 1519 3629 1565 totam

2053 1611 2286 1658 mentem
2323 1603 2448 1659 illuc
2475 1604 2880 1660 convertimus?
2921 1620 3098 1660 annon
3129 1619 3319 1659 omnes
3361 1604 3631 1658 examina-

2051 1692 2211 1747 mus?
2235 1708 2414 1747 annon
2436 1708 2659 1764 peregre
2683 1693 3104 1764 proﬁciscimur?
3142 1709 3320 1748 annon
3355 1693 3630 1764 pecuniam

2050 1785 2403 1856 pollicemur?
2453 1786 2517 1842 Ut
2543 1789 2774 1858 exempli
2797 1804 2956 1842 causa
2979 1829 2994 1852 ,
3024 1788 3066 1842 si
3097 1788 3319 1858 perierit
3347 1788 3500 1843 nobis
3529 1789 3630 1842 ali-

2051 1877 2174 1944 quis
2216 1875 2356 1931 ﬁlius
2377 1917 2393 1945 ,
2439 1878 2565 1948 quid
2593 1892 2700 1932 non
2725 1879 2929 1949 agimus
2953 1880 2976 1934 ?
3028 1895 3187 1950 quam
3215 1887 3446 1943 terram,
3489 1877 3630 1947 quod

2054 1987 2204 2027 mare
2231 1987 2338 2027 non
2365 1971 2610 2027 abimus?
2662 1987 2839 2027 annon
2870 1971 3125 2041 pecunias
3147 2013 3162 2038 ,
3217 1980 3271 2026 et
3310 1970 3498 2025 domos
3519 2012 3533 2036 ,
3579 1980 3632 2025 et

2051 2065 2232 2118 omnia
2258 2063 2489 2134 denique
2508 2063 2665 2136 hujus
2693 2063 3003 2119 inventione
3027 2063 3322 2134 posteriora
3347 2061 3633 2116 ducimus?

2051 2165 2108 2214 et
2133 2158 2178 2212 si
2204 2157 2568 2212 invenerimus
2593 2197 2607 2221 ,
2655 2156 2958 2211 detincmus
2981 2196 2996 2220 ,
3039 2154 3457 2223 constringimus
3477 2195 3491 2213 .
3525 2167 3630 2206 non

2052 2248 2424 2318 relinquimus.
2478 2245 2546 2303 Et
2574 2247 2854 2318 qutcsituri
2885 2245 3063 2301 omnia
3111 2246 3348 2316 gerimus
3398 2246 3631 2298 utinvc-

2054 2342 2262 2395 niamus
2286 2340 2336 2394 id
2358 2339 2496 2410 quod
2525 2339 2778 2409 quzeritur
2805 2356 2820 2394 :
2848 2346 3049 2410 quanto
3067 2336 3233 2407 magis
3261 2336 3310 2390 id
3335 2336 3386 2390 in
3418 2337 3526 2390 Deo
3553 2345 3634 2389 est

2053 2434 2382 2501 faciendum,
2411 2449 2532 2488 eum
2579 2431 2871 2504 quaerendo
2907 2441 3172 2499 tamquam
3195 2429 3391 2500 aliquid
3430 2445 3497 2484 ex
3543 2445 3634 2482 ne.

2052 2527 2332 2582 cessariis!
2386 2527 2493 2582 imo
2521 2541 2647 2582 vero
2678 2540 2782 2580 non
2832 2524 2937 2590 ita,
2978 2523 3072 2578 sed
3119 2523 3286 2576 multo
3308 2522 3493 2592 magis.
3529 2521 3632 2576 Sed

2053 2613 2305 2689 quoniam
2341 2633 2527 2672 sumus
2576 2615 2868 2680 imbecilli,
2921 2615 3114 2669 saltem
3166 2613 3307 2667 sicut
3352 2623 3406 2666 tu
3437 2613 3634 2681 qtnrris

2059 2711 2310 2780 pecunias
2344 2719 2461 2765 tuas
2482 2751 2497 2777 ,
2520 2719 2611 2764 aut
2641 2709 2827 2773 ﬁlium,
2861 2722 3041 2777 quaere
3075 2707 3262 2761 Deum.
3318 2705 3421 2760 Pro
3448 2720 3512 2760 eo
3538 2720 3630 2758 an.

2059 2817 2163 2856 non
2197 2801 2590 2873 peregrinaris?
2638 2815 2817 2854 annon
2847 2812 2943 2870 pro
2985 2797 3228 2869 pecuniis
3254 2812 3315 2852 es
3341 2796 3629 2867 aliquando

2061 2900 2285 2956 peregre
2316 2885 2624 2955 profectus?
2649 2901 2828 2941 annon
2874 2886 3053 2939 omnia
3093 2883 3303 2938 curiose
3337 2883 3636 2940 scrutaris?

2058 2991 2236 3031 annon
2277 2976 2491 3046 quando
2543 2976 2809 3031 inveneris
2834 3016 2848 3041 ,
2892 2984 3017 3030 tunc
3057 2970 3320 3029 conﬁdis?
3371 2973 3630 3042 Quini-ite,

2059 3067 2266 3138 inquit,
2319 3077 2367 3121 et
2412 3067 2672 3121 invenietis
2701 3066 2914 3136 (Matth.
2949 3064 3107 3136 7.7).
3156 3065 3287 3118 Nam
3333 3079 3451 3134 quae
3492 3079 3640 3134 quae-

2055 3168 2270 3223 runtur,
2299 3171 2486 3226 magna
2514 3165 2669 3226 egent
2695 3153 3046 3210 sollicitudine
3069 3195 3084 3219 ,
3139 3155 3192 3208 in
3222 3153 3333 3208 Deo
3361 3154 3592 3207 maxime
3617 3171 3630 3206 :

2057 3250 2225 3306 multa
2293 3251 2434 3305 enim
2498 3257 2622 3303 sunt
2691 3263 2810 3318 qua:
2875 3246 3205 3317 prohibent,
3263 3247 3432 3300 multa
3501 3253 3628 3301 sunt

2062 3356 2181 3411 qua:
2223 3339 2503 3396 oﬁ'unduut
2550 3339 2832 3406 tenebras,
2881 3338 3049 3392 multa
3085 3346 3209 3392 sunt
3253 3350 3374 3406 quae
3419 3350 3638 3391 sensum

2063 3442 2304 3489 nostrum
2345 3431 2722 3487 arcent.Sicut
2765 3429 2910 3485 enim
2955 3429 3037 3484 sol
3077 3437 3159 3484 est
3195 3425 3548 3494 manifestus,
3593 3437 3650 3482 et

2064 3526 2311 3582 omnibus
2342 3525 2394 3580 in
2430 3523 2608 3580 medio
2639 3524 2956 3594 proponitur
2975 3564 2989 3589 ,
3017 3537 3118 3578 nec
3158 3536 3292 3593 opus
3319 3530 3406 3578 est
3435 3529 3494 3576 ut
3522 3536 3648 3576 eum

2065 3633 2367 3688 quaeramus
2397 3634 2413 3682 ;
2443 3617 2524 3672 sin
2556 3627 2734 3672 autem
2764 3631 2861 3671 nos
2892 3616 3037 3686 ipsos
3060 3614 3406 3680 infodiamus,
3433 3613 3650 3670 etiamsi

2066 3711 2244 3764 omnia
2276 3710 2639 3774 iuvertamus,
2679 3709 2849 3763 multo
2879 3709 3060 3763 labore
3108 3693 3263 3762 nobis
3301 3722 3435 3777 opus
3474 3717 3556 3762 est
3591 3717 3652 3762 ut

2065 3801 2230 3857 solem
2247 3801 2547 3855 intueamur
2568 3819 2581 3855 :
2599 3801 2670 3854 ita
2699 3799 2783 3854 hic
2807 3813 3038 3869 quoque,
3061 3799 3104 3852 si
3135 3797 3186 3852 in
3213 3797 3473 3867 profundo
3497 3798 3656 3853 mala-

2067 3909 2182 3949 rum
2212 3893 2577 3964 cupiditatum,
2598 3891 2644 3947 si
2671 3892 2722 3946 in
2741 3890 2976 3947 tenebris
3003 3889 3166 3944 animi
3200 3890 3655 3958 perturbationum

2069 3995 2123 4040 et
2149 4000 2324 4040 rerum
2370 4000 2491 4054 quae
2510 3984 2575 4038 ad
2597 3982 2736 4038 hanc
2757 3983 2915 4037 vitam
2947 3983 3214 4052 pertinent
3263 3996 3363 4037 nos
3409 3981 3659 4036 infoderi-

2071 4090 2211 4142 mus,
2244 4075 2330 4130 vix
2351 4090 2559 4130 sursum
2580 4073 2888 4144 aspicimus,
2908 4074 2991 4127 vix
3017 4087 3114 4126 nos
3139 4073 3412 4142 erigimus.
3441 4072 3540 4140 Qui
3571 4081 3653 4126 est

2073 4168 2280 4224 inferne
2306 4167 2556 4233 infossus,
2578 4181 2683 4237 quo
2709 4166 2877 4236 magis
2896 4180 3108 4221 sursum
3137 4165 3428 4234 aspexerit,
3454 4179 3520 4220 eo
3546 4179 3660 4217 ma-

2072 4263 2154 4333 gis
2190 4262 2338 4316 venit
2389 4258 2457 4315 ad
2511 4261 2706 4316 solem.
2754 4259 3037 4314 Pulverem
3085 4271 3214 4327 ergo
3273 4254 3610 4313 excutiamus
3641 4296 3658 4318 ,

2073 4352 2228 4408 nobis
2245 4351 2541 4422 impositam
2570 4351 2846 4421 caliginem
2871 4348 3259 4420 perfringamus
3281 4363 3295 4402 :
3319 4347 3483 4400 densa
3507 4357 3660 4401 estet

2075 4445 2394 4513 constipata,
2420 4452 2474 4500 et
2489 4457 2590 4499 non
2613 4443 2740 4498 sinit
2765 4455 2862 4496 nos
2878 4455 3088 4495 sursum
3105 4438 3366 4506 aspicere.
3384 4436 3662 4502 Quomodo

2077 4546 2286 4598 autem,
2319 4536 2506 4607 inquit,
2537 4533 2882 4604 perlringitur
2927 4545 2989 4586 ea
3019 4528 3222 4583 nubes?
3271 4527 3326 4582 Si
3373 4528 3660 4580 attraxeri-

2077 4645 2199 4686 mus
2225 4627 2402 4683 radios
2449 4626 2701 4697 spiritalis
2729 4625 2859 4679 solis
2885 4665 2900 4691 ,
2951 4621 3082 4677 solis
3113 4618 3356 4690 justitire,
3401 4617 3444 4672 si
3475 4632 3664 4672 manus

2080 4722 2146 4777 ad
2168 4723 2355 4777 cmlum
2386 4720 2692 4774 attollamus
2719 4735 2732 4772 :
2767 4717 3016 4779 Elevatio,
3043 4712 3232 4783 inquit,
3254 4726 3492 4764 manuum
3521 4725 3660 4762 mea-

2081 4831 2195 4869 rum
2231 4811 2535 4881 sacriﬁcium
2585 4808 2915 4878 vespertinum
2955 4804 3128 4876 (Psal.
3161 4801 3287 4858 HO.
3317 4801 3377 4869 2)
3407 4818 3420 4855 :
3449 4800 3493 4854 si
3540 4815 3659 4855 cum

2091 4905 2337 4961 manibus
2382 4910 2612 4957 mentem
2658 4913 2872 4970 quoque
2918 4896 3287 4951 sustollamus.
3332 4892 3495 4948 Scitis
3547 4907 3660 4962 quae

2085 5000 2228 5064 dico,
2278 5011 2375 5050 vos
2403 4995 2489 5065 qui
2530 4992 2797 5062 myStcriis
2827 4989 2955 5044 estis
2991 4986 3179 5042 initiati
3204 5004 3218 5041 :
3248 4984 3471 5040 fortasse
3500 4999 3659 5054 agno-

2083 5091 2235 5147 scitis
2273 5086 2415 5160 quod
2457 5086 2654 5140 dictum
2681 5089 2783 5148 est,
2815 5078 3114 5151 perspicitis
3139 5076 3282 5148 quod
3308 5076 3466 5131 tacite
3494 5075 3660 5128 innni.

2089 5184 2311 5238 Sursum
2340 5178 2582 5234 tollamus
2605 5179 2835 5229 nostram
2853 5169 3248 5240 cogitationem.
3267 5168 3396 5223 Novi
3416 5183 3514 5236 ego
3543 5167 3684 5220 mu!-

2092 5285 2174 5332 tos
2189 5275 2331 5328 viros
2357 5287 2386 5325 a
2407 5283 2542 5326 terra
2559 5267 2670 5323 fere
2687 5264 3001 5338 pendentes,
3015 5272 3069 5318 et
3088 5263 3221 5318 ultra
3243 5260 3458 5318 modum
3482 5271 3671 5312 manus

2093 5365 2468 5426 extendentes,
2513 5371 2568 5416 et
2610 5374 2751 5429 a‘gre
2789 5356 3024 5412 ferentes
3064 5353 3205 5424 quod
3235 5368 3336 5405 non
3366 5349 3530 5420 possit
3562 5344 3676 5402 ficti

2094 5472 2154 5518 ut
2177 5461 2282 5516 sint
2314 5461 2364 5514 in
2399 5471 2523 5512 aere
2555 5453 2800 5517 sublimo,
2848 5457 2904 5505 et
2926 5451 2994 5504 ita
3017 5451 3294 5519 precantes
3328 5458 3450 5497 cum
3471 5457 3660 5509 magna

2168 5560 2239 5622 (τι)
2269 5560 2318 5608 ln
2354 5558 2460 5622 hzee
2483 5557 2632 5606 verba
2668 5551 2848 5622 desinit
2877 5549 3090 5601 homilia.
3129 5548 3190 5600 Et
3220 5545 3438 5613 quzedam
3462 5557 3512 5596 tn
3546 5542 3686 5598 Coll”.

2105 5619 2229 5680 mare
2250 5620 2443 5676 confusa
2469 5628 2515 5670 et
2541 5619 2777 5684 permixta
2801 5623 2932 5672 sunl-
