4088 6204
499 173 603 229 159

503 278 971 334 animialacritate.
989 279 1075 336 Sic
1100 296 1191 337 vo:
1220 284 1341 338 volo
1361 300 1572 355 semper
1599 301 1748 349 esse;
1783 285 1863 338 sin
1898 293 2084 340 autem

501 383 608 423 non
649 384 879 440 seraper,
931 371 1117 427 saltem
1171 376 1456 443 smpezsin
1511 392 1615 430 non
1661 390 1836 444 saepe,
1884 377 2070 430 saltem
2127 399 2140 408 ο

491 469 686 537 rarius,
734 470 923 525 saltem
955 483 1132 535 mane,
1166 469 1354 524 saltem
1384 470 1614 540 vesperi.
1646 468 1777 525 Nam
1810 467 1898 528 die
1925 471 2081 540 mihi,

492 576 688 617 manus
715 578 819 618 non
849 571 1000 631 potes
1046 561 1390 616 extendere?
1439 561 1667 617 extende
1705 573 1963 633 quantum
2002 565 2084 619 vis

493 653 716 709 liberam
766 651 931 706 animi
987 651 1354 716 voluntatem;
1385 667 1504 708 eam
1555 653 1784 709 extende
1815 671 1983 724 usque
2016 655 2082 710 ad

493 743 666 814 ipsum
699 745 888 799 cadum
915 761 932 798 :
960 744 1166 798 etiamsi
1196 745 1325 800 velis
1352 746 1522 815 ipsum
1547 753 1763 816 tangere
1789 746 2080 818 fastigium.

496 849 549 890 et
588 835 837 906 superius
876 836 1183 903 ambulare,
1214 836 1338 891 licet
1379 837 1472 891 tibi
1518 854 1532 890 :
1576 838 1762 908 quavis
1789 839 1934 893 enim
1981 853 2080 894 ave

489 927 659 983 levior
703 935 756 980 et
793 927 955 982 altior
1022 936 1107 982 est
1151 943 1303 982 tnens
1359 939 1561 983 nostra.
1623 929 1846 996 Quando
1894 938 2076 985 autem

485 1021 648 1074 etiam
693 1018 966 1088 acceperit
995 1035 1114 1074 eam
1149 1035 1272 1089 quae
1314 1035 1343 1073 a
1393 1019 1598 1090 Spiritu
1627 1020 1783 1074 datur
1814 1021 2077 1091 gratiam,

489 1128 673 1182 papa),
701 1127 859 1182 quam
892 1121 969 1166 est
1001 1112 1160 1166 Velox
1182 1153 1196 1176 ,
1230 1127 1386 1183 quam
1417 1115 1555 1168 acris
1581 1156 1596 1179 ,
1627 1123 1685 1168 ιιι
1715 1115 1895 1169 omnia
1925 1114 2076 1181 obit,

489 1214 544 1258 ut
591 1220 693 1258 non
745 1203 910 1258 fertur
958 1203 1247 1270 deorsum,
1305 1220 1478 1274 neque
1522 1205 1667 1259 humi
1718 1207 1898 1262 cadit!
1956 1207 2063 1261 llas

488 1312 690 1367 pennas
728 1295 884 1351 nobis
913 1311 1318 1365 comparemus;
1365 1313 1458 1367 per
1487 1313 1582 1352 eas
1613 1299 1910 1368 poterimus
1943 1315 2078 1368 pra:-

487 1388 758 1442 tervolare
792 1388 950 1442 etiam
985 1387 1202 1458 pelagus
1231 1386 1486 1442 fluetuum
1513 1387 1668 1457 hujus
1698 1388 1902 1442 mundi.
1931 1392 2074 1443 Aves

488 1481 878 1551 pernicissima:
904 1489 958 1535 et
998 1489 1209 1535 montes
1259 1489 1314 1534 et
1343 1481 1512 1535 saltus
1540 1490 1594 1535 et
1645 1481 1812 1536 maria
1857 1492 1912 1536 et
1956 1497 2078 1538 sco-

487 1571 640 1638 pulos
662 1572 806 1626 brevi
847 1583 1118 1626 momento
1165 1572 1420 1641 temporis
1465 1573 1643 1627 ilhcsre
1676 1575 2071 1642 prmtervolant.

489 1662 638 1716 Talis
665 1671 748 1717 est
791 1663 952 1717 etiam
983 1678 1134 1717 mens
1167 1680 1180 1715 :
1211 1678 1332 1717 cum
1359 1663 1519 1717 fuerit
1545 1665 1702 1728 alata,
1738 1665 1950 1733 quando
1975 1666 2073 1721 ab-

487 1755 743 1809 scesserit
786 1755 854 1810 ab
884 1755 949 1810 iis
971 1771 1092 1824 qua:
1115 1755 1180 1810 ad
1224 1755 1362 1811 hanc
1386 1759 1546 1811 vitam
1579 1758 1888 1828 pertinent,
1938 1759 2073 1815 nihil

485 1862 603 1901 eam
629 1856 802 1917 potest
822 1847 1260 1917 apprehendere,
1295 1849 1548 1902 omnibus
1588 1860 1671 1905 est
1696 1851 1878 1919 altior,
1907 1852 2072 1907 etiam

488 1938 668 2006 ignitis
693 1938 885 2009 jaculis
912 1939 1130 1993 diaboli.
1180 1940 1295 1995 Non
1327 1950 1431 1996 tam
1468 1952 1611 1998 recte
1641 1945 1801 1999 telum
1849 1945 2075 2016 conjicit

487 2031 753 2096 diabolus,
797 2040 855 2086 ut
911 2033 1078 2102 possit
1106 2033 1245 2088 hanc
1285 2037 1549 2107 attingere
1578 2037 1950 2104 altitudinem;
1976 2039 2072 2096 sed

480 2123 656 2192 jacula
687 2125 900 2192 quidem
947 2125 1178 2190 emittit,
1209 2135 1292 2181 est
1313 2128 1455 2181 enim
1488 2128 1803 2198 impudens:
1834 2147 1941 2186 non
1969 2148 2071 2187 au-

489 2222 594 2266 tetu
633 2214 958 2284 assequitur,
1013 2215 1108 2269 sed
1142 2214 1305 2270 telum
1335 2217 1399 2271 ad
1429 2217 1600 2288 ipsum
1645 2219 1804 2275 inane
1842 2222 2075 2276 reverti-

490 2314 597 2370 tur,
629 2316 682 2360 et
714 2321 817 2359 non
854 2306 1028 2361 solum
1069 2308 1227 2361 inane
1249 2351 1264 2375 ,
1297 2308 1390 2363 sed
1425 2310 1585 2365 etiam
1617 2310 1667 2364 in
1702 2322 1863 2382 caput
1907 2314 2074 2383 ipsius

486 2397 814 2452 revertitur:
850 2397 1002 2452 feriat
1043 2400 1184 2453 enim
1229 2401 1446 2455 omnino
1481 2413 1701 2472 Oportet
1746 2403 1795 2458 id
1827 2405 1966 2475 quod
2007 2407 2075 2461 ah

488 2487 607 2558 ipso
646 2489 892 2543 mittitur.
923 2489 1071 2545 Sicut
1095 2506 1223 2562 ergo
1244 2491 1601 2562 quodjactum
1635 2504 1718 2549 est
1741 2495 1810 2550 ab
1837 2495 2072 2550 homini-

488 2581 604 2646 bus,
628 2589 718 2636 aut
741 2581 861 2637 ferit
885 2597 1008 2638 cum
1036 2582 1299 2639 adversus
1320 2601 1479 2656 quem
1505 2587 1752 2653 mittitur,
1775 2598 1869 2643 aut
1891 2605 2072 2656 avem,

485 2691 578 2736 aut
604 2683 901 2752 parietem,
953 2694 1047 2738 aut
1072 2694 1300 2751 vestem,
1341 2696 1432 2740 aut
1482 2686 1717 2757 lignum,
1760 2699 1852 2742 aut
1890 2689 2062 2758 ipsum

486 2785 633 2830 secat
653 2789 833 2830 aerem
865 2793 877 2828 :
928 2775 1000 2830 ita
1023 2776 1186 2832 etiam
1227 2776 1466 2847 jaculum
1494 2777 1716 2843 diaboli,
1771 2779 1930 2833 feriat
1954 2781 2072 2849 qui-

492 2865 615 2920 dem
642 2871 862 2922 omnino
884 2879 1096 2936 oportet
1122 2887 1136 2935 ;
1176 2872 1218 2924 si
1243 2882 1422 2928 autem
1449 2874 1594 2929 illum
1620 2890 1777 2945 quem
1807 2877 1938 2946 petit
1965 2891 2072 2932 non

487 2959 862 3032 percusserit,
913 2963 1135 3016 omnino
1167 2963 1291 3018 ferit
1329 2981 1451 3020 eum
1505 2967 1594 3037 qui
1638 2969 1853 3023 emittit.
1909 2970 1976 3023 Et
2003 2984 2070 3026 ex

490 3049 674 3103 multis
701 3051 916 3119 quidem
945 3052 1047 3109 hoc
1065 3065 1240 3125 potest
1265 3057 1512 3130 intelligi,
1545 3059 1686 3129 quod
1719 3061 1933 3132 quando
1972 3076 2074 3117 nos

489 3157 598 3196 non
631 3144 887 3200 fuerimus
912 3148 1151 3215 percussi
1179 3189 1195 3213 ,
1223 3149 1312 3204 ille
1339 3153 1560 3205 omnino
1590 3155 1888 3222 percutitur
1918 3170 1929 3207 :
1965 3161 2021 3206 ut
2045 3193 2062 3218 ,

487 3234 720 3304 exempli
745 3251 930 3299 causa.
963 3238 1246 3294 insidiatus
1267 3251 1350 3296 est
1374 3241 1548 3307 Jobo;
1593 3260 1714 3297 eum
1759 3260 1863 3298 non
1899 3241 2065 3309 feriit,

489 3327 582 3380 sed
611 3328 725 3398 ipse
752 3328 852 3382 fuit
879 3330 1017 3385 ictus
1051 3348 1063 3380 :
1090 3331 1369 3388 insidiatus
1393 3343 1471 3388 est
1504 3335 1706 3401 Paulo;
1752 3337 1924 3406 ipsum
1955 3349 2064 3390 non

485 3415 656 3485 feriit,
687 3417 781 3472 sed
811 3419 924 3488 ipse
955 3417 1055 3473 fuit
1094 3420 1386 3476 sauciatus.
1440 3422 1510 3477 Et
1535 3423 1658 3486 hoc,
1703 3424 1748 3479 si
1775 3427 2069 3496 sapiamus,

491 3505 3049 3552 ξ-ῊᾺ-

1238 183 1292 241 S.
1323 186 1606 244 JOANNIS
1635 188 2118 248 CIIRYSOSTOMI
2148 193 2462 254 ARCIIIEP.
2496 200 3042 265 CONSTANTINOP.

3656 205 3757 266 160

2189 287 2314 390 licet
2342 291 2523 347 videre
2547 295 2738 367 nbiqne
2770 299 2904 354 fieri.
2954 305 3178 371 Quando
3218 311 3360 367 enim
3391 323 3758 390 percusserit,

2189 376 2409 446 feritur;
2441 385 2608 438 multo
2634 397 2811 444 autem
2854 395 3054 464 magis,
3085 401 3298 469 quando
3323 376 3578 466 adversus
3607 376 3758 469 illuni

2188 472 2403 528 ensibus
2431 484 2488 531 et
2529 487 2680 533 scuto
2705 481 2826 538 fidei
2848 489 3039 543 armati
3064 501 3116 547 et
3143 497 3370 564 muniti,
3417 510 3556 565 tuto,
3572 519 3765 565 cavea-

2187 578 2308 655 mus
2338 581 2405 620 ne
2447 569 2724 638 capiamur
2759 584 2815 630 et
2860 593 3246 652 rxpugnemnr.
3293 548 3556 648 Jaculum’
3581 606 3759 655 autent

2184 653 2380 710 diaboli
2411 668 2496 712 est
2521 661 2657 714 mala
2686 666 2970 735 cupiditas.
3017 671 3095 728 Ira
3127 680 3360 736 maxime
3381 693 3464 738 est
3491 685 3646 756 ignis,
3675 653 3759 746 est

2182 749 2426 816 flamma,
2455 755 2680 825 arripit,
2706 761 2846 816 tollit
2871 804 2886 827 ,
2941 766 3175 825 incendit
3205 789 3218 825 :
3265 791 3362 832 nos
3387 749 3764 840 vero‘lenitate

2181 848 2236 932 et
2283 843 2535 910 patientia
2579 863 2700 904 eam
2740 856 3165 928 exstinguamus.
3214 865 3284 922 Ut
3329 871 3472 925 enim
3523 875 3759 932 candens

2184 929 2384 988 ferrum
2412 951 2548 1008 aqua
2601 942 2824 999 tinctum
2871 948 3044 1015 ignem
3076 955 3286 1023 perdit:
3317 959 3385 1014 ita
3419 963 3494 1017 ira
3535 967 3581 1020 si
3608 929 3762 1024 inile;

2178 1037 2301 1078 nem
2351 1036 2406 1081 et
2451 1031 2742 1098 patientem
2776 1039 3064 1109 inciderit,
3120 1045 3249 1102 nihil
3295 1065 3416 1105 eum
3445 1053 3628 1122 lirdit,
3668 1060 3761 1114 sed

2176 1118 2344 1188 magis
2377 1121 2551 1190 juvat,
2597 1133 2652 1179 et
2704 1127 2819 1196 ipse
2861 1133 3042 1187 evadit
3077 1136 3234 1209 longe
3269 1140 3482 1200 fortior.
3530 1118 3757 1204 Lenitati

2173 1209 2318 1264 enim
2357 1221 2412 1267 et
2464 1216 2734 1284 patientia:
2786 1221 2915 1277 nihil
2973 1236 3148 1294 potest
3200 1235 3524 1303 :equiparari
3567 1255 3580 1292 :
3633 1257 3754 1297 nam

2173 1301 2264 1400 qui
2318 1313 2401 1400 est
2452 1305 2737 1376 ejusmodi,
2766 1318 3089 1373 contumelia
3139 1301 3433 1394 numquam
3481 1330 3748 1400 afficitur;

2173 1393 2266 1448 sed
2293 1394 2432 1450 sicut
2469 1414 2574 1452 non
2614 1403 2924 1460 sanciantur
2971 1423 3195 1481 corpora
3246 1393 3588 1475 adamantina
3612 1464 3626 1486 ,
3680 1393 3752 1481 ita

2171 1501 2272 1542 nec
2292 1485 2596 1558 bujnsmodi
2638 1495 2834 1551 anima!
2866 1516 2879 1551 :
2909 1511 3037 1556 sunt
3081 1505 3224 1560 enim
3255 1512 3565 1579 superiores
3604 1517 3760 1581 jacu-

2172 1576 2255 1632 lis.
2306 1579 2562 1638 Excelsus
2593 1587 2772 1655 enim,
2819 1598 2873 1644 et
2919 1592 3056 1648 adeo
3081 1576 3335 1656 excelsus
3355 1614 3436 1660 εει
3477 1605 3520 1660 is
3549 1576 3640 1677 qui
3680 1619 3759 1666 est

2171 1669 2310 1768 leuis
2359 1681 2413 1727 et
2469 1676 2713 1744 patiens,
2766 1690 2823 1735 ut
2879 1698 2948 1740 ne
3012 1687 3219 1758 plagam
3263 1693 3477 1762 quidem
3531 1669 3757 1768 a'jictu

2168 1761 2416 1832 accipiat.
2446 1765 2669 1832 Quando
2693 1769 2784 1825 ille
2819 1772 3093 1844 efferatur,
3137 1788 3192 1833 tu
3237 1783 3354 1839 ride
3384 1804 3397 1839 :
3431 1787 3544 1842 ride
3572 1761 3754 1849 autem

2167 1870 2275 1910 non
2337 1871 2553 1928 aperte,
2602 1873 2660 1919 ιιι
2707 1883 2811 1924 non
2874 1873 3089 1944 irritos,
3143 1881 3238 1936 sed
3297 1884 3348 1938 in
3406 1887 3584 1943 anima
3658 1908 3754 1948 seu

2167 1950 2308 2020 apud
2342 1960 2392 2008 te
2435 1955 2552 2011 ride
2592 1969 2810 2029 propter
2853 1973 2924 2021 te.
2973 1967 3186 2026 Etenim
3231 1975 3298 2032 de
3325 1980 3505 2048 pueris
3531 1987 3752 2053 qnando

2165 2055 2266 2094 nos
2288 2057 2410 2098 cum
2441 2061 2514 2098 ira
2548 2053 2909 2116 percusserint
2929 2093 2946 2118 ,
2995 2066 3264 2128 tamquam
3297 2076 3355 2113 se
3387 2063 3708 2115 ulciscentes
3734 2101 3750 2125 ,

2167 2131 2422 2188 ridemus.
2459 2137 2515 2192 Si
2538 2153 2666 2208 ergo
2705 2143 2922 2211 riseris,
2946 2153 3151 2201 tantum
3183 2150 3320 2204 inter
3349 2161 3398 2204 te
3425 2149 3642 2206 etillum
3673 2151 3752 2204 in-

2171 2227 2358 2280 tererit
2380 2269 2395 2293 ,
2425 2242 2680 2298 quantum
2710 2234 2849 2289 inter
2873 2253 3093 2306 puerum
3122 2249 3178 2295 et
3208 2243 3378 2296 virum
3408 2259 3421 2296 :
3462 2244 3542 2297 sin
3570 2251 3751 2296 autem

2169 2316 2431 2383 efferaris,
2455 2322 2622 2379 factus
2652 2340 2710 2379 es
2763 2342 2896 2397 puer
2925 2346 2939 2384 :
2971 2332 3150 2400 pueris
3175 2335 3317 2388 enim
3357 2335 3754 2404 insipientiorcs

2169 2411 2419 2479 suntqui
2472 2413 2796 2472 irascuntur.
2850 2420 2941 2476 Dic
2989 2423 3135 2478 enim
3181 2426 3350 2490 mihi,
3391 2425 3435 2480 si
3489 2426 3751 2497 quispiam

2171 2514 2394 2569 puerum
2435 2504 2629 2561 viderit
2650 2508 2932 2567 efferatum
2952 2555 2967 2580 ,
2991 2531 3172 2571 nonne
3199 2518 3425 2572 irridet?
3457 2518 3566 2573 Hoc
3593 2523 3754 2572 etiam

2171 2591 2224 2645 in
2259 2593 2409 2648 iratis
2436 2596 2756 2656 observatur
2790 2621 2802 2657 :
2831 2606 2964 2660 tales
2995 2619 3118 2661 sunt
3155 2611 3314 2662 etiam
3347 2610 3753 2679 pusillanimes;

2168 2684 2211 2738 si
2246 2695 2423 2742 autem
2451 2692 2818 2759 pusillanimes
2849 2706 2992 2764 sunt,
3034 2701 3182 2754 stulti
3209 2716 3418 2770 quoque
3458 2711 3616 2755 sunt:
3653 2702 3753 2768 ριιε

2169 2781 2333 2823 autem
2355 2776 2546 2841 pusilli,
2569 2779 2755 2848 inquit,
2781 2793 2852 2836 est
2867 2785 3044 2850 animi,
3061 2798 3130 2841 est
3153 2791 3295 2844 valde
3313 2792 3550 2863 insipiens
3569 2794 3755 2867 (Prov.

2173 2860 2258 2957 ιι.
2290 2861 2607 2957 29).Quiest
2630 2869 2786 2938 igitur
2817 2873 3092 2944 insipiens,
3112 2890 3193 2933 est
3223 2860 3420 2936 infans;
3449 2883 3512 2937 Et
3541 2860 3628 2956 qui
3644 2899 3718 2943 est
3739 2934 3755 2957 ,

2167 2949 2356 3021 inqttit,
2374 2961 2588 3026 patiens,
2610 2971 2684 3016 est
2704 2965 2892 3021 multus
2908 2968 2956 3020 in
2972 2970 3260 3039 prudentia.
3283 2974 3426 3032 lianc
3443 2949 3601 3047 igitur
3618 2949 3758 3036 tnui:-

2168 3053 2274 3098 tam
2319 3062 2700 3120 persequamur
2728 3059 3056 3127 patientiam,
3102 3064 3240 3119 unde
3284 3068 3449 3122 multa
3496 3085 3525 3123 a
3579 3072 3754 3141 probis

2167 3136 2298 3192 viris
2324 3143 2615 3211 acquiritur
2639 3150 2929 3218 sagacitas;
2976 3163 3397 3226 utasseqnnmnr
3433 3162 3565 3216 bona
3603 3165 3754 3219 nobis

2170 3231 2428 3297 promissa
2452 3275 2467 3298 ,
2494 3234 2546 3288 in
2572 3237 2788 3294 (Ihristo
2817 3241 2942 3296 Jesu
2977 3245 3204 3302 Domino
3222 3260 3414 3304 nostro
3435 3293 3448 3316 ,
3492 3271 3616 3308 cum
3649 3271 3754 3324 quo

2173 3319 2310 3374 Patri
2341 3339 2440 3377 una
2476 3341 2596 3382 cum
2635 3340 2822 3385 sancto
2851 3334 3054 3403 Spiritu
3084 3339 3251 3409 gloria
3273 3383 3287 3406 ,
3316 3343 3619 3412 imperium,
3649 3346 3750 3399 ho-

2171 3424 2271 3464 nor
2297 3430 2439 3469 nunc
2459 3427 2513 3471 et
2539 3433 2774 3492 semper,
2797 3435 2851 3479 et
2881 3426 2932 3480 in
2955 3431 3149 3483 szecula
3182 3435 3527 3488 s:rculorum.
3559 3439 3748 3493 Amen.

3073 3543 3309 3554 ——

1792 3585 2134 3648 HOMILIA
2183 3592 2424 3656 XXIII.

491 3699 622 3757 CAP.
658 3703 744 3759 11.
776 3719 828 3757 v.
856 3704 909 3760 7.
940 3703 1072 3760 Fide
1112 3703 1248 3772 Noe,
1291 3722 1533 3776 responso
1561 3717 1764 3778 accepto
1791 3709 1854 3762 de
1881 3710 1943 3764 iis
1968 3726 2082 3780 qua:

563 3797 731 3852 adhuc
776 3814 880 3853 non
925 3799 1240 3866 videbantur,
1299 3811 1522 3855 metuens
1575 3806 1768 3872 aptavit
1808 3819 1980 3856 arcam
2028 3804 2082 3857 in

563 3888 778 3944 salutem
805 3890 987 3946 domus
1011 3908 1154 3959 sua;
1197 3909 1286 3962 per
1323 3909 1474 3963 quant
1502 3893 1760 3947 damnavit
1791 3895 2038 3948 mundum
2069 3910 2082 3924 ο

564 3989 612 4031 et
641 3982 869 4044 iustitite,
892 3999 1008 4053 qua:
1033 4000 1123 4054 per
1147 3985 1300 4052 fidem
1325 3994 1419 4050 est,
1445 3985 1586 4039 lieres
1613 3995 1687 4038 est
1713 3986 1991 4040 institutus.

566 4071 620 4122 I.
666 4069 814 4136 Fide,
847 4089 1108 4142 responso,
1135 4076 1322 4144 inquit,
1349 4086 1553 4144 accepto
1582 4075 1715 4130 Noe.
1741 4078 1891 4133 Sicut
1918 4077 2085 4132 Filius

499 4158 592 4212 Dei
622 4158 690 4214 de
719 4173 820 4212 suo
863 4161 1089 4230 loquens
1117 4163 1348 4217 adventu
1377 4165 1611 4230 diccbat,
1649 4165 1718 4220 In
1751 4168 1928 4222 diebus
1971 4167 2086 4222 Noe

495 4251 743 4307 nubebant
773 4262 821 4306 et
849 4261 1060 4325 nuptum
1089 4254 1279 4308 dabant
1314 4255 1466 4326 (Luc.
1500 4259 1587 4311 l7.
1625 4259 1734 4328 27)
1769 4277 1780 4310 :
1816 4259 1884 4314 ita
1917 4269 1968 4314 et
1997 4259 2086 4315 hic

498 4342 651 4398 dicit.
677 4343 869 4401 Merito
893 4345 1183 4416 Apostolus
1204 4363 1417 4418 quoque
1459 4349 1538 4404 eis
1575 4351 1983 4406 convenientem
2032 4353 2084 4407 in

493 4439 804 4494 memoriam
822 4441 1097 4495 revocavit
1109 4441 1738 4498 similitudinemEnocbi
1753 4444 1894 4501 enim
1912 4461 2084 4500 exem-

493 4531 638 4598 plum
656 4540 773 4586 erat
796 4533 969 4586 solum
992 4533 1293 4604 exetnplum
1320 4534 1462 4600 fidei,
1488 4535 1600 4592 Noe
1617 4551 1743 4592 vero
1775 4538 2082 4609 exemplum

491 4621 652 4676 etiam
684 4623 1085 4678 incredulitatis.
1121 4624 1194 4678 Ea
1237 4634 1414 4680 autem
1467 4636 1550 4683 est
1597 4627 1832 4699 perfecta
1888 4645 2085 4686 conso-

494 4714 622 4768 latio
669 4721 725 4770 et
774 4715 1109 4783 exhortatio,
1138 4717 1353 4786 quando
1381 4733 1486 4772 non
1517 4719 1691 4774 solum
1730 4722 1820 4792 qui
1838 4722 2085 4778 credide-

492 4813 620 4859 runt
658 4805 1000 4862 inveniuntur
1032 4807 1242 4878 probari
1274 4818 1329 4864 et
1358 4811 1409 4864 in
1459 4811 1598 4866 bona
1644 4827 1762 4868 esse
1811 4815 2085 4870 existima-

495 4896 642 4952 tione
665 4937 682 4962 ,
721 4897 816 4953 sed
856 4899 1017 4954 etiam
1068 4899 1156 4970 qui
1189 4915 1292 4954 non
1323 4900 1548 4956 credunt
1578 4903 1850 4972 patittntttr
1869 4914 2085 4960 contra-

496 4987 596 5040 ria.
646 4986 782 5054 Quid
823 4991 967 5045 enim
1015 4991 1184 5046 dicit?
1227 4991 1361 5046 Fide
1401 5010 1645 5064 resprnso
1688 5007 1893 5066 accepto
1944 4997 2079 5055 Noe.

497 5075 630 5144 Quid
657 5076 757 5130 hoc
781 5082 903 5133 est?
933 5081 1254 5138 PaL-dictum
1282 5084 1354 5138 illi
1385 5084 1577 5152 fuerat,
1605 5087 1795 5158 inquit.
1833 5089 2082 5160 Respon-

498 5185 611 5222 sum
642 5174 820 5221 autem
853 5169 1117 5238 significat
1147 5171 1480 5244 prophetiam
1515 5192 1527 5226 :
1566 5189 1686 5228 nam
1721 5177 1844 5230 alibi
1871 5192 2084 5248 quoque

498 5262 567 5314 ita
595 5259 727 5316 dicit
756 5258 839 5314 :F
843 5270 982 5314 uerat
1021 5262 1063 5316 ei
1098 5281 1395 5331 responsum
1427 5267 1670 5336 aSpiritu
1715 5278 1888 5324 sancto
1931 5269 2082 5340 (Luc.

499 5356 551 5410 Ξ.
582 5355 654 5410 26
681 5357 738 5425 );
785 5364 840 5410 et
886 5370 1092 5421 rursus,
1147 5356 1208 5410 Et
1243 5359 1367 5427 quid
1404 5357 1526 5412 dicit
1565 5376 1861 5431 responsum
1904 5362 2082 5431 (Rom.

503 5447 591 5501 ll.
619 5448 651 5502 4
673 5445 728 5517 )?
755 5445 922 5502 Vides
953 5462 1131 5516 parem
1173 5446 1433 5505 honorem
1473 5450 1746 5518 Spiritus?
1773 5452 1912 5506 sicut
1939 5454 2082 5508 enim

416 5591 418 5594 ,
507 5542 644 5599 Deus
675 5542 982 5612 respondet,
1011 5543 1080 5598 ita
1112 5543 1270 5599 etiam
1314 5543 1545 5615 Spiritus
1573 5555 1806 5604 sanctus.
1851 5547 1958 5604 Cur
1987 5563 2083 5604 au-

2186 3721 2292 3766 tem
2331 3711 2410 3767 sic
2437 3710 2610 3766 dixit?
2637 3710 2704 3767 Ut
2729 3711 2975 3767 ostendat
3015 3726 3329 3782 reSponsum
3370 3729 3490 3770 esse
3526 3714 3767 3786 prophe-

2187 3804 2334 3858 tiam.
2363 3802 2508 3857 Deiis
2535 3818 2649 3872 qam:
2668 3803 2832 3856 adhuc
2859 3819 2958 3856 non
2985 3802 3293 3867 videbantur,
3315 3803 3512 3874 inquit;
3541 3806 3642 3862 hoc
3661 3818 3766 3877 est,

2185 3896 2254 3950 de
2295 3895 2470 3966 pluvia
2495 3911 2508 3949 :
2531 3895 2732 3950 veritus
2757 3905 2812 3949 et
2853 3894 2954 3950 sibi
2983 3911 3179 3953 cavens
3225 3899 3526 3958 construxit
3564 3913 3766 3956 arcam.

2188 3986 2345 4041 Ratio
2387 3985 2599 4058 quidem
2646 3986 2778 4040 nihil
2826 3986 2929 4042 tale
2979 3986 3242 4058 suggessit
3295 3999 3581 4060 :nuptum
3623 3991 3769 4046 enim

2183 4078 2380 4134 dabant
2406 4085 2460 4134 et
2487 4078 2778 4140 nnbebant,
2809 4093 2902 4132 aer
2917 4087 3033 4133 erat
3059 4094 3245 4148 purus,
3273 4083 3423 4150 signa
3449 4097 3552 4136 non
3579 4092 3767 4149 erant;

2185 4169 2278 4224 sed
2307 4179 2482 4224 tamen
2508 4170 2599 4224 ille
2618 4177 2702 4224 est
2726 4169 2930 4225 veritus
2961 4185 2976 4220 :
3015 4169 3136 4226 ideo
3164 4171 3244 4226 sic
3270 4171 3403 4226 dixit
3434 4190 3448 4226 :
3478 4171 3610 4227 Fide
3635 4172 3764 4238 Noe,

2185 4278 2425 4332 responso
2471 4271 2679 4330 accepto
2723 4263 2786 4316 de
2835 4263 2900 4318 iis
2941 4279 3054 4331 quae
3093 4264 3260 4318 adhuc
3308 4282 3408 4320 non
3454 4266 3770 4332 videbantur,

2185 4364 2426 4416 metuens,
2451 4356 2734 4410 construxit
2761 4373 2933 4409 arcam
2959 4359 3010 4410 in
3037 4358 3250 4413 salutem
3275 4359 3451 4414 domus
3478 4376 3604 4415 sum.
3629 4361 3775 4429 Quo-

2187 4445 2384 4501 modo?
2421 4444 2526 4500 Per
2556 4464 2709 4517 quam
2735 4448 3088 4506 condemnavit
3117 4451 3378 4504 mundum.
3407 4451 3652 4507 Ostendit
3676 4467 3772 4508 eos

2185 4537 2376 4608 dignos
2403 4537 2690 4608 supplicio,
2731 4539 2821 4609 qtti
2863 4555 2962 4594 nec
2990 4554 3087 4610 per
3115 4541 3261 4596 illam
3287 4541 3502 4609 quidem
3525 4553 3775 4598 construe

2184 4629 2415 4683 ctionem
2447 4628 2873 4698 corrigebantur,
2907 4644 3009 4686 nec
3033 4629 3440 4700 resipiscebant.
3476 4632 3541 4688 Et
3554 4635 3776 4703 justitior

2197 4735 2311 4792 qua:
2342 4737 2429 4791 per
2457 4720 2610 4784 [idem
2639 4728 2731 4785 est,
2762 4719 2902 4773 lieres
2927 4728 2998 4773 est
3025 4719 3315 4782 institutus;
3341 4717 3443 4771 hoc
3477 4724 3578 4780 est,
3609 4730 3673 4770 ex
3703 4729 3772 4769 eo

2185 4813 2364 4884 justus
2408 4813 2677 4881 apparuit,
2727 4812 2870 4882 quod
2915 4812 3026 4867 Deo
3066 4810 3312 4866 credidit.
3357 4809 3470 4864 [loc
3505 4808 3648 4862 enim
3687 4816 3774 4860 est

2190 4905 2384 4959 animae
2429 4903 2640 4958 sincere
2669 4903 2718 4957 iu
2749 4916 2870 4958 eum
2903 4901 3130 4967 affectat,
3176 4908 3232 4956 et
3265 4915 3384 4970 qua:
3409 4899 3611 4968 judicat
3639 4896 3774 4960 nihil

2189 5011 2310 5052 esse
2338 4995 2456 5064 ejus
2483 4994 2662 5049 verbis
2691 4990 3024 5056 credibilius,
3071 4992 3210 5047 sicut
3237 4990 3562 5046 contrarium
3597 4989 3774 5044 incre-

2188 5088 2404 5142 dulitas.
2438 5088 2529 5142 Est
2563 5096 2742 5141 autem
2773 5086 3136 5156 perspicuum,
3175 5082 3317 5155 quod
3360 5081 3495 5137 fides
3522 5089 3772 5150 operatur

2185 5180 2466 5250 justitiam.
2494 5179 2644 5234 Sicut
2677 5178 2818 5233 enim
2861 5192 2960 5232 nos
3005 5192 3324 5246 responsum
3369 5173 3678 5243 accepimus
3706 5171 3773 5226 dc

2187 5272 2454 5342 gehenna,
2503 5270 2570 5322 ita
2623 5269 2711 5324 ille
2757 5283 2996 5338 quoque.
3042 5267 3204 5338 Atqui
3255 5275 3380 5322 tunc
3427 5263 3770 5327 irridebatur,

2190 5373 2313 5417 tunc
2354 5361 2563 5432 probris
2603 5359 2938 5415 afficiebatur
2968 5368 3022 5412 et
3061 5359 3526 5420 subsannabatur;
3574 5355 3666 5410 sed
3697 5365 3771 5408 ta-

2189 5471 2309 5509 men
2351 5453 2416 5508 ad
2457 5453 2583 5508 nihil
2631 5452 2818 5507 horum
2876 5451 3088 5521 aSpexit
3117 5468 3133 5507 :
3163 5451 3214 5507 8.
3272 5450 3404 5505 Fide
3442 5450 3529 5520 qni
3567 5461 3768 5503 vocatur

2188 5549 2440 5604 Abraham
2467 5547 2678 5604 ol'edivit
2705 5548 2754 5603 in
2783 5547 2947 5602 locum
2971 5547 3128 5616 (πῖνε,
3155 5563 3305 5618 quem
3334 5554 3636 5617 accepturus
3667 5551 3772 5598 erat
