4082 6212
344 276 447 335 Mli

331 389 550 462 πατέρα
579 389 820 461 Ἕλληνα
853 384 965 462 εἶχε
1003 392 1095 446 καὶ
1129 389 1528 462 εἰδωλολάτρην
1555 431 1570 455 ,
1633 394 1929 463 προφητῶν

332 474 433 526 οὐκ
481 471 750 542 ἠκηκόει,
811 472 935 525 ούδέ
983 471 1100 542 ᾔδει
1157 471 1262 524 ποῦ
1308 473 1532 542 ἤρχετο.
1575 473 1795 544 Ἐπειδὴ
1826 475 1933 544 γὰρ

335 560 413 620 εἰς
459 555 684 618 τούτους
741 555 932 626 ἐώρων
980 556 1030 607 οἰ
1073 555 1134 620 ἐξ
1163 555 1433 625 Ἐϐραίων
1479 558 1930 623 πεπιστευκότες,

333 641 410 703 ῶς
464 639 675 710 μυρίων
724 638 1152 700 ἀπολαύσαντας
1201 637 1426 707 ἀγαθῶν
1454 677 1470 701 ,
1525 639 1802 692 δείκνυσιν
1851 640 1935 692 ὅτι

334 723 510 784 οὐδεὶς
559 721 773 775 οὐδέπω
820 721 974 774 οὐδὲν
1021 719 1351 790 ἐκομίσατο,
1401 721 1539 775 ἀλλά
1569 722 1769 786 πάντες
1794 721 1933 775 εἰσὶν

335 807 655 876 ἀγέραστοι,
688 806 782 856 καὶ
805 804 889 856 ὅτι
934 802 1106 865 οὐδεὶς
1133 803 1347 856 οὐδέπω
1371 805 1592 871 ἐδέξατο
1623 805 1722 868 τὰς
1765 806 1934 874 ἀμοι-

345 889 467 948 ϐάς.
493 887 605 953 Τῆς
639 884 896 954 πατρίδος
935 885 1140 947 ἐκεῖνος
1173 887 1265 938 καὶ
1309 885 1410 953 τῆς
1450 885 1626 947 οἰκίας
1671 884 1923 949 ἐξέπεσε,

345 973 440 1023 καὶ
464 969 686 1038 ἐξῆλθεν
705 971 807 1025 οὐκ
822 969 977 1034 εἰδὼς
993 969 1095 1022 ποῦ
1119 970 1358 1040 ἔρχεται.
1383 972 1490 1024 Kal
1511 971 1564 1022 τί
1581 972 1682 1022 θαυ
1693 968 1919 1039 μαστὸν,

345 1059 393 1108 εἰ
429 1056 609 1123 αὐτὸς,
631 1057 765 1110 ὅπου
809 1073 873 1125 γε
906 1055 1000 1110 καὶ
1040 1055 1100 1108 τὸ
1135 1055 1360 1125 σπέρμα
1393 1054 1561 1108 αὑτοῦ
1601 1053 1745 1107 οὕτω
1789 1070 1929 1108 κατ’

346 1140 602 1211 ᾠκησενς
636 1140 810 1211 Ὁρῶν
851 1139 984 1208 γοῦν
1021 1138 1388 1210 ἐλεγχομένην
1431 1138 1531 1208 τὴν
1565 1136 1924 1206 ἐπαγγελίαν.

335 1224 395 1272 ού
425 1219 856 1290 κατενάρκησεν·
891 1214 1015 1270 εἰπε
1045 1219 1175 1288 γάρ·
1207 1216 1309 1269 Σοί
1331 1215 1502 1268 δώσω
1524 1216 1638 1282 τὴν
1659 1216 1777 1286 γῆν
1797 1218 1938 1272 ταύ-

338 1319 469 1370 την,
502 1300 602 1356 καί
634 1299 712 1366 τῷ
739 1300 1038 1369 σπέρματί
1063 1315 1202 1354 σου.
1232 1296 1355 1352 Είδε
1384 1298 1477 1351 τὸν
1505 1299 1635 1352 Υἰδν
1659 1300 1778 1352 ἐκεῖ
1805 1317 1935 1352 κατ-

334 1386 610 1450 οικοῦντα,
633 1385 728 1437 καὶ
751 1385 779 1437 6
803 1384 1025 1454 ἐκγονος
1052 1383 1214 1436 πάλιν
1239 1379 1377 1436 εἶδεν
1399 1382 1589 1434 ἐαυτὸν
1607 1383 1664 1434 ἐν
1679 1381 1937 1454 ἀλλοτρία

340 1471 743 1536 κατοικοῦντα,
802 1469 897 1524 καὶ
949 1469 1105 1524 οὐδὲν
1159 1466 1488 1540 ἐθορυϐήθη.
1549 1467 1623 1520 Τὸ
1680 1468 1781 1538 μὲν
1826 1468 1939 1538 γὰρ

338 1555 432 1608 τοῦ
489 1553 746 1624 Ἀϐραὰμ
794 1551 1020 1614 εἰκότως
1069 1551 1359 1620 ἐγεγόνει,
1417 1549 1514 1604 ἅτε
1572 1551 1711 1620 μετα
1761 1548 1942 1603 ταῦτα

343 1639 648 1711 μελλούσης
707 1637 806 1708 τῆς
867 1635 1202 1704 ἐπαγγελίας
1262 1637 1343 1697 είς
1393 1633 1554 1704 ἔργον
1607 1632 1940 1703 ἐκϐήσεσθαι

341 1726 422 1786 είς
455 1725 515 1775 τὸ
545 1722 702 1790 γένος
731 1719 920 1774 αὐτοῦ’
954 1719 1132 1773 καίτοι
1161 1736 1225 1788 γε
1253 1719 1350 1771 καὶ
1379 1718 1514 1786 πρὸς
1537 1716 1700 1770 αὐτὸν
1729 1715 1938 1785 εἴρητο,

340 1809 424 1860 ὃτι
477 1805 579 1860 Σοί
611 1805 708 1858 καί
741 1803 821 1868 τῷ
852 1803 1150 1871 σπέρματί
1178 1817 1316 1855 σου*
1353 1802 1414 1852 οὺ
1439 1839 1452 1861 ,
1499 1799 1598 1852 Διά
1645 1797 1740 1851 τοῦ
1771 1799 1943 1869 σπέρ-

346 1891 515 1960 ματός
565 1905 660 1942 σου
711 1888 796 1940 σοὶ
821 1926 836 1951 ,
893 1885 1052 1950 ἀλλά,
1107 1885 1210 1939 Σοί
1241 1883 1337 1940 καί
1369 1881 1446 1948 τῷ
1470 1882 1766 1952 σπέρματί
1793 1895 1940 1937 σου⁶

343 1974 439 2026 καὶ
491 1971 616 2025 οὔτε
663 1971 825 2034 αὐτὸς
850 2012 864 2036 ,
924 1968 1051 2022 οὒτε
1084 1969 1113 2020 6
1152 1967 1368 2033 Ἰσαὰκ,
1399 1965 1523 2019 οὕτε
1553 1968 1582 2019 6
1616 1964 1812 2018 Ἰακὼϐ
1838 1968 1946 2020 ἀπ-

343 2059 589 2125 ήλαυσαν
642 2056 743 2126 τῆς
802 2055 1173 2124 ὑποσχέσεως.
1210 2054 1268 2107 Ὀ
1305 2052 1404 2121 μέν
1433 2051 1540 2122 γάρ
1591 2049 1768 2120 μισθῷ
1795 2049 1947 2102 ἐδού-

346 2141 578 2202 λευσεν,
639 2140 668 2192 6
719 2137 776 2190 δέ
835 2135 1166 2207 ἐξηλαύνετο
1193 2173 1210 2200 ,
1269 2130 1422 2197 οὗτος
1455 2134 1512 2186 δέ
1556 2133 1652 2186 καὶ
1686 2132 1946 2199 ἐξέπιπτε

348 2221 638 2284 δεδοικώς·
679 2222 772 2274 καὶ
807 2220 876 2274 τά
909 2220 1008 2290 μὲν
1038 2215 1151 2271 εἷλε
1179 2217 1424 2287 πολέμῳ,
1454 2217 1523 2269 τά
1546 2216 1624 2284 δὲ,
1657 2217 1706 2269 εἰ
1739 2215 1813 2286 μὴ
1847 2215 1949 2283 τῆς

349 2306 448 2358 τοῦ
499 2304 634 2359 Θεοῦ
687 2304 862 2376 ῥοπῆς
911 2305 1144 2372 ἔτυχεν,
1201 2300 1448 2355 ἀπώλετο
1480 2301 1567 2355 ἀν.
1612 2301 1762 2353 am
1787 2299 1947 2353 τοῦτό

353 2406 543 2459 φησιν,
577 2390 659 2442 ὅτι
692 2387 855 2442 Μετὰ
885 2385 1006 2440 τῶν
1033 2387 1427 2454 κληρονόμων
1454 2383 1564 2451 τῆς
1587 2383 1949 2452 ἐπαγγελίας

347 2474 456 2541 τῆς
502 2472 717 2541 αὐτῆς.
776 2471 914 2540 υύχὶ
971 2471 1136 2531 αὐτὸς
1187 2469 1373 2538 μόνος,
1427 2467 1615 2537 φησὶν,
1669 2467 1805 2520 ἀλλά
1853 2468 1948 2518 καὶ

346 2559 398 2611 οἰ
446 2557 795 2628 κληρονόμοι.
863 2547 999 2606 Εἶτα
1052 2553 1147 2604 καὶ
1191 2551 1376 2621 ἐτερόν
1407 2567 1460 2602 τι
1498 2550 1608 2602 τῶν
1639 2550 1946 2620 εἰρημένων

349 2641 676 2711 τρανότερον
708 2637 956 2708 ἐπήγαγε
985 2635 1181 2702 λέγων’
1219 2633 1381 2687 Κατὰ
1409 2633 1618 2686 πίστιν
1644 2633 1952 2687 ἀπέθανον

349 2723 520 2780 οὗτοι
570 2721 819 2787 πάντες,
868 2718 954 2788 μὴ
997 2715 1390 2786 κομισάμενοι
1429 2717 1534 2782 τὰς
1562 2717 1945 2785 ἐπαγγελίας.

349 2811 454 2862 Δύο
485 2805 720 2860 ἐνταῦθα
747 2805 982 2876 ζητῆσαι
1009 2801 1184 2866 ἀξιον,
1204 2799 1320 2862 πῶς
1347 2797 1539 2864 εἰπὼν,
1558 2799 1642 2852 ὅτι
1664 2797 1949 2868 Μετέθηκε

350 2893 444 2946 τὸν
479 2888 672 2960 Ἑνὼχ,
703 2886 798 2940 τοῦ
835 2885 910 2956 μὴ
941 2885 1071 2938 ἰδεῖν
1102 2882 1357 2946 θάνατον,
1392 2881 1488 2936 καὶ
1516 2883 1614 2952 οὐχ
1640 2881 1947 2952 εὑρίσκετο,

353 2977 503 3043 λέγει
523 2993 536 3004 σ
573 2971 733 3027 Κατὰ
783 2969 996 3023 πίστιν
1019 2965 1328 3022 ἀπέθανον
1352 2960 1519 3021 οὗτοι
1543 2964 1791 3030 πάντες.
1839 2965 1952 3017 Kal

355 3060 516 3114 πάλιν
567 3053 777 3108 εἰπών·
829 3052 926 3121 Μὴ
973 3047 1368 3120 κομισάμενοι
1415 3048 1522 3115 τὰς
1567 3049 1952 3118 ἐπαγγελίας,

355 3144 446 3198 τὸν
495 3140 621 3194 Νῶε
675 3137 949 3192 δείκνυσιν
1001 3133 1282 3204 εἰληφέναι
1321 3131 1511 3202 μισθὸν
1564 3133 1643 3195 εἰς
1675 3131 1953 3203 σωτηρίαν

354 3226 448 3281 τοῦ
479 3226 630 3279 οῖκου
663 3221 833 3277 αὐτοῦ
855 3263 869 3287 ,
930 3220 1024 3275 καί
1053 3219 1146 3273 τὸν
1185 3217 1354 3288 Ἑνὼχ
1387 3215 1825 3286 μετατεθεῖσθαι,
1860 3209 1953 3269 καὶ

355 3313 447 3368 τὸν
478 3310 644 3363 Ἀϐελ
674 3308 754 3361 ἔτι
781 3305 967 3361 λαϐεῖν
993 3345 1008 3372 ,
1068 3303 1164 3358 καὶ
1208 3302 1304 3355 τὸν
1344 3301 1596 3372 Ἀϐραὰμ
1627 3298 1955 3370 ἐπειλῆφθαι

357 3395 456 3464 τῆς
483 3393 587 3463 γῆς
613 3408 628 3423 °
683 3390 776 3445 καί
829 3403 995 3460 φησιο
1032 3385 1193 3442 Κατὰ
1222 3386 1431 3439 πίστιν
1456 3384 1762 3439 ἀπέθανον
1789 3379 1957 3438 οὗτοι

356 3479 581 3543 πάντες
604 3515 620 3541 ,
680 3473 833 3546 [212]
879 3471 966 3541 μὴ
1006 3469 1401 3539 κομισάμενοι
1431 3469 1539 3533 τὰς
1567 3466 1953 3535 ἐπαγγελίας.

359 3562 424 3616 Τί
464 3557 558 3616 οὖν
608 3560 756 3611 ἐστιν
790 3557 818 3609 ὃ
848 3555 1028 3623 λέγει;
1073 3553 1398 3620 ’Λναγκαῖον
1435 3551 1497 3604 τὺ
1527 3550 1744 3625 πρῶτον
1772 3547 1956 3616 λῦσαι,

362 3641 482 3698 εἶτα
525 3643 587 3696 τὸ
634 3639 903 3710 δεύτερον.
963 3634 1125 3692 Κατὰ
1158 3634 1368 3688 πίστιν
1394 3633 1720 3697 ἀπέθανον,
1766 3632 1954 3704 φησὶν,

362 3725 530 3786 οὗτοι
581 3723 828 3791 πάντες.
889 3721 982 3785 Τὸ,
1031 3719 1284 3786 Πάντες,
1343 3718 1580 3773 ἐνταῦθα
1623 3714 1801 3783 εἶπεν,
1858 3717 1956 3769 οὐκ

365 3812 554 3881 ἐπειδὴ
605 3811 806 3872 πάντες
853 3805 1165 3872 ἀπέθανον,
1220 3803 1338 3857 ἀλλ’
1370 3801 1563 3872 ἐπειδὴ
1617 3798 1955 3872 ἐξῃρημένου

363 3898 599 3957 ἐκείνου,
637 3893 909 3947 ἀπέθανον
940 3883 1088 3944 οὗτοι
1120 3889 1342 3952 πάντες,
1379 3885 1475 3949 οὒς
1507 3886 1666 3955 ἴσμεν
1696 3882 1951 3954 τεθνηκό-

361 3999 481 4046 τας.
544 3979 620 4032 Τὸ
667 3979 724 4032 δὲ
755 4019 769 4044 ,
826 3979 923 4044 Μή
977 3973 1370 4044 κομισάμενοι
1425 3970 1531 4036 τὰς
1577 3969 1954 4038 ἐπαγγελίας,

363 4065 563 4136 ἀληθὲς
612 4063 911 4131 τυγχάνεν
973 4060 1036 4112 οὐ
1085 4057 1195 4128 γὰρ
1249 4057 1315 4128 δὴ
1363 4053 1520 4109 τοῦτο
1563 4051 1788 4124 ἔμελλεν
1816 4047 1957 4106 εἶναι

365 4150 401 4219 ἡ
431 4144 736 4213 ἐπαγγελία
767 4142 845 4212 τῷ
872 4141 1020 4195 Νῶε.

441 4325 502 4394 β’.
522 4319 688 4381 Ποίας
708 4317 765 4370 δέ
788 4315 882 4370 καὶ
903 4311 1238 4382 ἐπαγγελίας
1259 4310 1454 4394 φησίν;
1473 4311 1502 4364 6
1525 4309 1623 4394 μέν
1638 4308 1748 4394 γάρ
1772 4308 1958 4394 Ἰσαὰκ

368 4392 466 4464 καὶ
500 4402 696 4460 Ἰακὼϐ
747 4401 940 4454 ἐλαϐον
991 4398 1090 4461 τάς
1127 4393 1460 4463 ἐπαγγελίας
1493 4393 1592 4463 τῆς
1616 4392 1725 4462 γῆς
1749 4407 1763 4421 ⁶
1819 4394 1871 4446 οἰ
1900 4392 1958 4446 δέ

369 4511 435 4545 πε
448 4493 500 4562 pl
548 4487 695 4549 Νῶε,
727 4484 823 4538 καὶ
853 4483 1041 4547 Ἀϐελ,
1077 4481 1169 4534 καὶ
1209 4478 1400 4549 Ἑνὼχ,
1432 4477 1594 4539 ποίας
1626 4475 1958 4562 ἐπαγγελίας

369 4560 597 4638 ἐλάϐον;
623 4571 693 4622 Ἢ
724 4567 904 4620 τοίνυν
936 4566 1066 4636 περὶ
1094 4566 1202 4620 τῶν
1232 4564 1402 4636 τριῶν
1435 4578 1570 4634 φησι
1598 4560 1821 4614 τούτων’
1855 4561 1959 4632 ήεί

369 4658 466 4711 καὶ
497 4655 626 4726 περ)⁸
656 4651 906 4714 ἐκείνων,
938 4649 1000 4701 ού
1031 4647 1191 4700 τοῦτο
1219 4643 1289 4717 ῆν
1319 4648 1353 4716 ή
1383 4643 1706 4713 ἐπαγγελία,
1741 4645 1802 4698 τὸ
1827 4644 1958 4698 θαυ-

373 4739 648 4813 μασθῆναι
680 4736 772 4789 τὸν
803 4733 990 4798 νΛϐξλ,
1024 4730 1146 4784 οὐδὲ
1178 4731 1237 4783 τὸ
1265 4730 1627 4813 μετατεθῆναι
1653 4729 1748 4813 τὸν
1768 4727 1956 4800 Ἑνὼχ,

369 4812 491 4880 ούδέ
539 4822 601 4876 τὸ
647 4817 984 4888 διασωθῆναι
1031 4815 1122 4869 τὸν
1168 4815 1314 4877 Νῶε,
1372 4812 1509 4866 ἀλλὰ
1544 4812 1833 4868 καὶταῦτα
1861 4813 1961 4884 μὲν

373 4910 557 4970 αὐτοῖς
585 4907 672 4960 διὰ
699 4905 797 4976 τῆν
826 4902 1029 4974 ἀρετὴν
1055 4899 1274 4968 ἐγένετο
1299 4937 1314 4960 ,
1371 4898 1626 4968 γεύματα
1655 4898 1711 4952 δέ
1741 4915 1865 4951 τινα
1892 4894 1960 4970 ἦν

373 4993 484 5047 τῶν
511 4989 830 5060 μελλόντων.
847 4988 904 5040 '0
925 4985 1036 5056 γὰρ
1058 4983 1191 5046 Θεὸς
1216 4981 1312 5036 ἀπ’
1336 4981 1514 5052 ἀρχῆς
1543 4980 1698 5045 εἰδὼς
1722 4981 1783 5036 τὸ
1805 4981 1960 5050 γένος

373 5075 435 5131 1:6
450 5071 786 5142 ἀνθρώπινον
803 5070 1006 5140 πολλῆς
1018 5069 1267 5139 δεόμενον
1289 5066 1770 5134 συγκαταϐἀσεως,
1787 5066 1848 5118 οὐ
1874 5066 1963 5134 μό-

376 5176 466 5213 νον
488 5157 555 5209 τά
575 5157 633 5208 ἐν
653 5153 729 5224 τῷ
755 5153 1020 5224 μέλλοντι,
1043 5152 1178 5207 ἀλλά
1201 5151 1296 5205 καὶ
1313 5151 1383 5204 τά
1403 5149 1638 5203 ἐνταῦθα
1659 5151 1792 5220 ἡμῖν
1808 5149 1964 5220 χαρί-

378 5242 550 5306 {star
575 5232 687 5293 οἷον
712 5239 850 5308 ὅπερ
880 5238 975 5290 καὶ
999 5239 1112 5300 τοῖς
1141 5235 1414 5308 μαθηταῖς
1440 5234 1625 5302 ἔλεγεν
1653 5235 1682 5286 6
1706 5235 1750 5286 Χ
1760 5232 1962 5304 ριστόςο

382 5326 592 5390 Ὅστις
637 5320 876 5392 ἀφῆκεν
920 5321 1132 5386 οἰκίας,
1173 5322 1212 5387 ἢ
1243 5317 1571 5388 ἀδελφοὺς,
1603 5318 1641 5385 ἢ
1672 5316 1963 5385 ἀδελφὰς,

382 5409 421 5476 ἢ
471 5407 731 5478 πατέρα,
783 5407 821 5473 ἢ
872 5405 1134 5474 μητέρα,
1198 5401 1802 5457 ἑκατονταπλασίονα
1856 5399 1965 5465 λή-

299 5518 303 5522 ί
383 5497 582 5564 γίνεται,
607 5491 706 5547 καί
731 5490 885 5560 ζωὴν
904 5487 1143 5543 αἰώνιον
1167 5487 1630 5556 κλιιρονομήσειο
1662 5485 1755 5538 καί⁵
1781 5482 1961 5536 πάλινο

446 5776 480 5815 ο
500 5764 690 5816 Videsis
711 5770 875 5816 nolam
897 5762 1304 5828 interpretationi
1325 5761 1510 5814 Latina:
1545 5757 1838 5822 subjectam.

1079 278 1135 334 S.
1173 276 1461 333 JOANNIS
1500 275 1985 335 CHRYSOSTOMI
2024 281 2340 338 ARCIHEP.
2380 280 2930 339 CONSTANTINOP.

3509 255 3616 336 m

2041 396 2282 463 Ζητεῖτε
2306 396 2419 465 τὴν
2435 396 2765 462 βασιλείαν
2780 396 2882 450 τοῦ
2907 393 3074 462 Θεοῦ,
3092 394 3188 450 καί
3213 393 3396 448 ταῦτα
3418 395 3616 448 πάντα

2039 479 2517 547 προστεθήσεται
2545 479 2707 548 ὑμῖν.
2725 479 2886 550 Ὁρᾷς
2911 479 3005 533 καὶ
3030 479 3089 532 ἐν
3112 477 3431 548 προσθήκης
3456 477 3614 551 μέρει

2037 559 2212 614 ταῦτα
2243 562 2375 632 παρ’
2424 563 2592 616 αὐτοῦ
2625 561 2898 633 διδόμενα,
2951 561 3091 615 ὥστε
3143 564 3218 631 μὴ
3266 562 3614 630 ἀποκαμεῖνς

2040 643 2307 715 Καθάπερ
2338 645 2447 714 γάρ
2467 647 2512 698 οἰ
2541 645 2774 717 ἀθληταὶ
2810 643 3144 699 ἀπολαύουσι
3182 643 3282 714 μέν
3321 641 3618 711 θεραπείας
3674 683 3681 700 ρ

2039 728 2136 780 καὶ
2163 729 2292 781 ὅταν
2322 729 2718 796 ἀγωνίζωνται,
2751 728 2892 798 πλὴν
2923 729 3039 782 ἀλλ’
3067 727 3129 780 ού
3160 726 3341 796 πάσης
3363 725 3484 778 τότε
3517 725 3617 794 τῆς
3686 759 3688 762 μ

2038 810 2280 872 ἀνέσεως
2305 811 2694 874 ἀπολαύουσιν,
2735 811 2841 865 ὑπὸ
2872 811 3056 880 νόμοις
3087 809 3307 874 ζῶντες,
3333 805 3471 880 ἀλλά
3510 807 3616 861 πά-

2049 897 2150 951 σης
2181 883 2320 952 μετά
2361 882 2536 937 ταῦτα
2566 879 2965 936 ἀπολαύουσινο
3000 879 3144 935 οὕτω
3191 881 3285 934 καὶ
3318 883 3346 935 6
3389 879 3526 942 Θεὸς
3555 881 3615 933 ού

2047 963 2228 1034 πάσης
2258 965 2490 1020 ἐνταῦθα
2527 965 2710 1018 δίδωσι
2742 964 3064 1034 μεταλαϐεῖν
3093 963 3191 1034 τῆς
3225 963 3464 1026 ἀνέσεως
3484 980 3498 993 ⁸
3535 963 3620 1016 δίο

2045 1047 2177 1102 δωσι
2219 1047 2318 1118 μὲν
2341 1047 2449 1119 γὰρ
2471 1048 2563 1102 καὶ
2588 1048 2842 1109 ἐνταῦθα,
2877 1045 3017 1116 πλὴν
3049 1047 3198 1113 ὅμως
3227 1045 3327 1116 τὴν
3350 1047 3531 1098 πᾶσαν
3560 1048 3620 1098 ἐν

2047 1131 2124 1203 τῷ
2157 1133 2399 1204 μέλλοντι
2428 1132 2740 1202 ἐταμίευσε.
2765 1131 2874 1184 Kal
2903 1132 2985 1184 ὅτι
3013 1129 3170 1184 τοῦτό
3204 1132 3374 1193 ἐστιν,
3411 1127 3624 1199 ἐδήλω-’

2049 1234 2142 1270 σεν
2193 1218 2324 1270 αύτὸ
2375 1217 2470 1270 καὶ
2527 1217 2615 1270 διὰ
2662 1216 2764 1285 τῆς
2803 1215 3132 1285 ἐπαγωγῆς,
3175 1215 3346 1267 εἰπών
3373 1231 3388 1248 ο
3433 1214 3622 1268 Ἀλλά

2048 1301 2353 1368 πόρῤωθεν
2391 1299 2579 1364 αὐτὰς
2619 1298 2852 1364 ἰδόντες
2884 1298 2982 1352 καί
3020 1297 3465 1366 ἀσπασάμενοι.
3505 1299 3623 1350 Ἐν-

2048 1383 2224 1438 ταῦθά
2245 1401 2296 1436 τι
2321 1383 2585 1453 μυστικὸν
2614 1383 2940 1437 αἰνίττεται·
2973 1383 3213 1436 δείκνυσι
3244 1382 3348 1452 γάρ
3375 1383 3458 1435 ὃτι
3491 1400 3623 1450 προ-

2050 1469 2241 1521 έλαϐον
2273 1469 2446 1522 πάντα
2482 1469 2550 1520 τά
2581 1468 2708 1537 περί
2738 1467 2848 1520 τῶν
2889 1466 3192 1536 μελλόντων
3227 1465 3516 1537 εἰρημένα,
3549 1465 3618 1519 τά

2051 1551 2182 1621 περὶ
2212 1551 2578 1614 ἀναστάσεως.
2611 1551 2680 1604 τά
2716 1551 2845 1618 περὶ
2891 1550 3170 1620 βασιλείας
3217 1550 3462 1620 οὐρανῶν
3485 1593 3500 1618 ,
3555 1552 3626 1604 τά

2051 1636 2181 1705 περὶ
2206 1637 2313 1689 τῶν
2342 1627 2630 1702 ἀλλων,ὧν
2655 1635 2826 1688 ἐλθὼν
2855 1636 2882 1688 6
2912 1635 3146 1706 Χριστὸς
3186 1636 3459 1707 ἐκήρυσσε
3483 1651 3496 1664 ’
3526 1638 3626 1700 τάς

2052 1719 2160 1788 γὰρ
2187 1719 2520 1787 ἐπαγγελίας
2543 1718 2748 1783 ταύτας
2786 1719 2971 1788 φησίν.
3003 1721 3073 1772 Ἦ
3103 1719 3264 1772 τοῦτο
3295 1715 3390 1774 οῦν
3437 1737 3626 1789 φησιν,

2049 1801 2086 1871 ή
2111 1802 2192 1856 ὅτι
2220 1803 2320 1855 οὐκ
2367 1802 2562 1856 ἔλαϐον
2599 1803 2703 1872 μὲν
2749 1804 2940 1867 αὐτάς,
2973 1803 3352 1875 θαρρήσαντες
3395 1804 3451 1859 δὲ
3484 1805 3625 1873 ὑπὲρ

2053 1885 2235 1939 αὐτῶν
2257 1886 2496 1954 ἀπῆλθον
2518 1904 2533 1919 ο
2568 1887 2882 1959 ἐθάῤῥησαν
2905 1887 2962 1941 δέ
2999 1892 3065 1958 τῇ
3097 1889 3279 1942 πίστει
3307 1889 3461 1960 μόνῃ.
3485 1889 3631 1960 I166-

2053 1969 2228 2040 ρωθεν
2269 1969 2326 2022 δὲ
2361 1969 2533 2034 αύτάς
2569 1969 2768 2032 ἰδόντες
2804 1966 2948 2035 εἷπε,
2977 1970 3154 2040 δηλῶν
3177 1969 3260 2022 ὅτι
3298 1967 3404 2036 πρὸ
3427 1983 3630 2018 τεσσα-

2053 2073 2164 2123 ρων
2191 2054 2435 2124 γενεῶνο
2474 2054 2613 2124 μετά
2659 2053 2770 2124 γάρ
2817 2055 3087 2116 τοσαύτας
3137 2050 3373 2122 ἀνῆλθον
3425 2049 3484 2113 ἐξ
3528 2051 3628 2108 Αί-

2051 2138 2284 2207 γύπτου.
2326 2137 2432 2192 Καί
2487 2137 2930 2205 ἀσπασάμενοι,
2983 2137 3137 2206 φησὶ,
3187 2133 3282 2189 καί
3316 2133 3628 2200 ἡσθέντες.

2057 2221 2217 2277 Οὕτω
2251 2221 2612 2292 πεπεισμένοι
2641 2216 2782 2291 ἦσαν
2819 2222 2945 2292 περὶ
2980 2219 3130 2291 [9.15]
3181 2218 3384 2284 αὐτῶν,
3416 2218 3492 2280 ῶς
3539 2219 3633 2270 καὶ

2053 2305 2404 2360 ἀσπάσασθαι
2433 2304 2606 2367 αὐτάς
2632 2319 2646 2333 ’
2665 2303 2774 2356 ἀπὸ
2800 2305 3116 2376 μεταφορᾶς
3141 2298 3264 2357 εἶπε
3301 2301 3408 2354 τῶν
3433 2300 3631 2354 πλεόνο

2021 2390 2161 2442 ’των
2187 2388 2282 2441 καὶ
2314 2387 2600 2458 πόρρωθεν
2640 2387 2895 2458 ὁρώντων
2938 2388 3038 2450 τὰς
3079 2387 3262 2449 πόλεις
3304 2386 3401 2448 τὰς
3438 2384 3635 2437 ποθου-

2059 2473 2248 2544 μένας,
2278 2472 2343 2536 ἃς
2370 2472 2556 2543 πρίνή
2598 2471 2866 2524 εἰσελθεῖν
2891 2473 2971 2534 εἰς
3005 2471 3174 2533 αύτάς
3222 2472 3288 2540 τῇ
3322 2470 3632 2540 προσρήσει

2055 2557 2309 2619 λαϐόντες
2334 2555 2507 2618 αύτάς
2531 2553 2878 2608 οἰκειοῦνται.
2917 2553 3302 2623 Ἐξεδέχοντο
3321 2554 3448 2622 γὰρ,
3473 2551 3632 2621 φησί,

2055 2642 2172 2707 τὴν
2205 2639 2346 2705 τοὺς
2371 2639 2685 2708 θεμελίους
2726 2639 2998 2706 ἔχουσαν
3027 2640 3228 2702 πόλιν,
3261 2632 3335 2706 ἧς
3356 2637 3638 2705 τεχνίτης

2055 2723 2154 2777 καί
2197 2721 2550 2792 δημιουργὸς
2580 2724 2612 2776 ό
2645 2722 2810 2782 Θεός.
2853 2721 3019 2792 Ὁρᾷς
3047 2722 3128 2774 ὅτι
3157 2721 3240 2785 τὸ,
3271 2721 3545 2780 Ἕλαϐον,
3573 2720 3634 2771 τὸ

2057 2809 2158 2879 ήδη
2180 2806 2436 2872 δέξασθαί
2483 2807 2601 2859 ἐστι
2649 2807 2744 2860 καὶ
2783 2806 3061 2876 θαρσῆσαι
3102 2806 3242 2876 ὑπὲρ
3294 2805 3514 2870 αύτῶν;
3571 2805 3636 2856 Εἰ

2056 2891 2239 2944 τοίνυν
2267 2891 2327 2944 τὸ
2369 2890 2644 2959 θαρσῆσαι
2682 2889 2871 2942 λαϐεῖν
2911 2891 3091 2952 ἐστιν,
3134 2888 3312 2941 ἔνεστι
3363 2890 3458 2942 καὶ
3507 2887 3638 2957 ὑμῖν

2059 2974 2262 3030 λαϐεῖν,
2295 2969 2453 3028 Οὗτοι
2486 2975 2615 3044 γάρ,
2663 2977 2710 3027 εἰ
2758 2974 2853 3028 καὶ
2909 2975 2986 3046 μὴ
3036 2973 3362 3044 ἀπήλαυσαν
3408 2973 3636 3036 τούτων,

2059 3058 2176 3114 ἀλλ’
2203 3061 2353 3129 ὅμως
2386 3058 2465 3130 τῷ
2517 3058 2668 3129 πόθῳ
2719 3057 2993 3127 ἐθεώρουν
3031 3058 3222 3121 αὑτάς.
3249 3057 3330 3111 Τί
3361 3057 3425 3126 δὴ
3466 3055 3640 3109 ταῦτα

2060 3142 2310 3213 γίνεται;
2359 3142 2479 3196 Ἵνα
2523 3144 2688 3212 ἡμεῖς
2725 3141 3132 3212 αἰσχυνθῶμεν,
3172 3142 3252 3194 ὄτι
3283 3141 3484 3193 ἐκεῖνοι
3517 3139 3636 3210 μὲν,

2061 3227 2158 3280 καὶ
2181 3225 2669 3296 ἐπαγγελλομένων
2709 3225 2892 3288 αὐτοῖς
2924 3224 3033 3277 τῶν
3065 3225 3122 3276 ἐν
3149 3227 3213 3294 τῇ
3250 3226 3346 3294 γῇ,
3377 3223 3438 3276 ού
3469 3238 3639 3292 προσ-

2061 3312 2229 3380 εῖχον,
2288 3309 2423 3363 ἀλλά
2463 3310 2565 3380 τὴν
2594 3307 2897 3378 μέλλουσαν
2939 3309 3092 3359 πόλιν
3127 3306 3355 3376 ἐζήτουν
3385 3323 3399 3336 ο
3429 3307 3559 3374 ἡμῖν
3583 3304 3640 3366 δέ

2061 3393 2174 3446 ἄνω
2191 3393 2285 3446 καὶ
2306 3392 2458 3444 κάτω
2473 3393 2500 3443 6
2515 3391 2649 3454 Θεὸς
2674 3391 2802 3460 περὶ
2825 3391 2922 3462 τῆς
2945 3389 3056 3443 ἀνω
3077 3388 3388 3456 διαλέγεται
3408 3386 3638 3449 πόλεως,

2063 3478 2158 3530 καὶ
2185 3475 2282 3546 τήν
2338 3474 2573 3528 ἐνταῦθα
2605 3473 2896 3545 ζητοῦμεν.
2927 3470 3094 3526 Εἶπεν
3121 3473 3325 3537 αὐτοῖς,
3357 3471 3440 3524 ὅτι
3464 3469 3640 3524 Δώσω

2063 3559 2210 3628 ὑμῖν
2249 3559 2320 3613 τὰ
2347 3559 2418 3613 ἐν
2450 3557 2530 3623 τῷ
2555 3558 2805 3627 παρόντι
2831 3572 2845 3586 ⁶
2887 3556 3150 3628 ἐπειδὴδὲ
3180 3551 3309 3616 εἶδε,
3353 3553 3553 3625 μᾶλλον
3581 3553 3638 3606 δὲ

2063 3642 2252 3714 ἐπειδὴ
2286 3642 2494 3708 ἔδειξαν
2527 3642 2755 3705 ἑαυτοὺς
2787 3642 3052 3712 μειζόνων
3087 3641 3248 3704 ὄντας
3281 3639 3486 3705 ἀξίους,
3516 3637 3636 3690 τότε

2063 3727 2247 3779 ούκέτι
2279 3726 2474 3788 αὐτοὺς
2505 3726 2700 3795 ἀφίησι
2730 3725 2903 3778 ταῦτα
2954 3723 3166 3789 λαϐεῖν,
3213 3723 3326 3778 ἀλλ’
3357 3727 3538 3776 ἐκεῖνα
3570 3723 3640 3775 τὰ

2067 3811 2310 3882 μείζονα,
2345 3810 2668 3882 βουλόμενος
2698 3811 2829 3880 ημῖν
2879 3809 3050 3875 δεῖξαι
3077 3811 3160 3862 ὅτι
3205 3807 3471 3879 μειζόνων
3497 3805 3637 3872 ἄξιοί

2064 3896 2193 3962 εἱσι,
2233 3895 2308 3966 μὴ
2357 3895 2684 3966 θελήσαντες
2736 3893 3096 3966 προσδεοῆναι
3153 3893 3410 3956 τούτοις·
3459 3892 3535 3957 ὼς
3571 3892 3638 3948 ἄν

2063 3996 2146 4042 τις
2174 3978 2380 4050 συνετῷ
2401 3978 2790 4047 ἐπαγγέλλοιτο
2820 3977 3068 4042 παιδικὰ,
3109 3966 3208 4048 ούχ
3243 3977 3332 4030 ἵνα
3357 3977 3498 4048 λάϐῃ
3521 3975 3637 4030 ἀλλ’

2062 4063 2506 4134 ἐπιδεικνύμενος
2557 4063 2724 4116 αὑτοῦ
2785 4065 2886 4134 τῆν
2937 4063 3297 4132 φιλοσοφίαν,
3359 4062 3642 4123 αἰτοῦντος

2063 4148 2275 4202 ἐκείνου
2302 4147 2374 4199 τά
2405 4146 2650 4216 μείζονα.
2685 4147 2728 4198 Τ
2731 4145 2858 4198 οῦτο
2893 4147 3002 4217 γάρ
3042 4148 3160 4199 ἐστι
3189 4145 3525 4211 δεικνύντος,
3558 4145 3641 4198 ὅτι

2068 4231 2206 4301 μετά
2231 4228 2501 4298 τοσαύτης
2533 4229 2772 4298 σπουδῆς
2802 4230 3097 4300 ἀπείχοντο
3133 4230 3234 4300 τῆς
3263 4230 3389 4298 γῆς,
3410 4229 3494 4282 ὅτι
3521 4229 3643 4282 οὐδὲ

2062 4313 2316 4383 διδόμενα
2346 4311 2673 4382 ἐλάμϐανον.
2702 4312 2746 4364 Τ
2749 4314 3010 4384 οιγαροῦν
3041 4313 3130 4366 διὰ
3160 4313 3321 4366 τοῦτο
3342 4314 3394 4365 οἱ
3426 4312 3644 4381 ἔκγονοι

2063 4395 2435 4466 λαμϐάνουσιν
2461 4411 2476 4425 ·
2515 4395 2671 4449 αὐτοὶ
2706 4395 2817 4466 γὰρ
2859 4391 3000 4467 ἦσαν
3053 4395 3155 4466 τῆς
3201 4395 3308 4466 γῆς
3359 4395 3524 4460 ἄξιοι.
3578 4395 3644 4448 Τί

2064 4483 2199 4544 ἐστι,
2238 4481 2360 4550 Τὴν
2390 4480 2534 4547 τοὺς
2577 4483 2893 4549 θεμελίους
2932 4483 3203 4550 ἔχουσαν
3246 4481 3470 4548 πόλιν;
3498 4475 3646 4535 οὗτοι

2065 4567 2174 4638 γὰρ
2193 4566 2294 4619 ούκ
2331 4564 2440 4618 εἰσὶ
2473 4564 2713 4635 θεμέλιοι
2737 4582 2752 4632 ;
2803 4565 2946 4635 Πρὸς
2975 4565 3262 4636 σύγκρισιν
3291 4566 3517 4619 ἐκείνων
3545 4567 3647 4618 οὐκ

2065 4652 2224 4705 εἰσίν.
2254 4645 2371 4716 Ἧς
2390 4651 2668 4718 τεχνίτης
2693 4649 2788 4704 καί
2812 4650 3176 4720 δημιουργὸς
3197 4653 3230 4704 ό
3257 4653 3420 4716 ϐεός.
3449 4649 3643 4713 Βαϐαῖ,

2065 4731 2180 4790 οἷον
2208 4737 2271 4790 τὸ
2303 4733 2582 4806 ἐγκώμιον
2627 4735 2727 4806 τῆς
2763 4735 2972 4798 πόλεως
3021 4734 3237 4805 ἐκείνης
3265 4735 3278 4786 ἰ
3312 4736 3518 4788 Πίστει
3545 4735 3645 4788 καί

2065 4820 2222 4888 αὑτὴ
2259 4821 2480 4890 Σάρῤα.
2521 4819 2927 4891 Ἐντρεπτικῶς
2963 4818 3200 4872 ἐνταῦθα
3240 4817 3464 4889 ήρεατο,
3503 4819 3558 4872 εἰ
3581 4837 3645 4889 γε

2069 4904 2328 4974 γυναικὸς
2351 4903 2793 4974 ὀλιγοψυχότεροι
2822 4905 3060 4971 φανεῖεν.
3096 4901 3238 4955 Ἀλλ’
3271 4903 3417 4956 εἴποι
3452 4903 3519 4956 ἀν
3540 4920 3645 4967 τις·

2071 4990 2196 5053 na;
2225 4987 2391 5058 πιστὴ
2437 4990 2470 5057 ή
2515 4987 2832 5056 γελάσασα;
2870 4987 2930 5040 Ὀ
2960 4985 3060 5056 μὲν
3090 4980 3184 5039 οῦν
3218 4985 3391 5054 γέλως
3421 4986 3481 5051 ἐξ
3518 4988 3647 5041 ἀπι-

2072 5073 2249 5137 στίας,
2271 5074 2300 5126 6
2331 5071 2387 5124 δέ
2414 5071 2580 5138 φόϐος
2613 5070 2719 5123 ἀπὸ
2749 5070 2989 5132 πίστεως
3022 5085 3036 5098 ο
3071 5068 3131 5121 τὸ
3157 5067 3266 5138 γὰρ
3298 5069 3499 5135 εἰπεῖν,
3520 5073 3648 5123 Οὐκ

2069 5156 2353 5226 ἐγέλασα,
2388 5153 2496 5208 ἀπὸ
2518 5153 2753 5215 πίστεως
2782 5153 2998 5220 γέγονε.
3025 5150 3328 5220 Τοιγαροῦν
3359 5152 3450 5205 διά
3467 5153 3646 5219 τοῦτο,

2071 5239 2404 5308 κενωθείσης
2433 5238 2534 5306 τῆς
2565 5235 2847 5299 ἀπιστίας,
2879 5235 3205 5308 ἐπεισῆλθεν
3235 5237 3269 5308 ἡ
3303 5236 3510 5298 πίστις.
3545 5239 3652 5291 Πί-

2071 5340 2202 5377 στει
2240 5322 2337 5376 καί
2393 5319 2546 5388 αὐτὴ
2607 5319 2806 5387 Σάρῤα
2861 5319 3121 5389 δύναμιν
3167 5324 3256 5387 εἰς
3305 5322 3652 5390 καταϐολὴν

2071 5409 2411 5477 σπέρματος
2438 5403 2638 5465 ἔλαϐε.
2671 5403 2768 5457 καί
2790 5407 2950 5473 παρὰ
2975 5405 3185 5474 καιρὸν
3203 5407 3446 5474 ἡλικίας
3461 5407 3647 5461 ἔτεκε.

2073 5495 2140 5547 Τί
2174 5495 2338 5552 ἐστιν,
2372 5490 2475 5553 Εἰς
2515 5487 2857 5556 καταϐολὴν
2884 5487 3266 5558 σπέρματοςς
3320 5491 3414 5552 Εἰς
3461 5491 3521 5544 τὸ
3547 5507 3650 5544 κα·

2073 5577 2294 5646 τασχεῖν
2327 5573 2388 5626 τὸ
2423 5571 2667 5643 σπέρμα,
2715 5575 2793 5636 εἰς
2822 5572 3091 5642 ὑποδοχὴν
3123 5573 3353 5643 δύναμιν
3387 5573 3581 5627 ἐλαϐεν
3616 5575 3648 5640 ἡ

2076 5656 2477 5728 νενεκρωμένη,
2504 5657 2537 5726 ἡ
2571 5657 2780 5726 στεῖρα.
2814 5655 2985 5727 Διπλῆ
3021 5657 3129 5727 γὰρ
3154 5653 3222 5728 ἦν
3255 5657 3585 5728 ηξγπιιπρωσιςν
3619 5658 3651 5722 ἡ

2086 5743 2182 5813 μὲν
2205 5741 2311 5798 ἀπὸ
2335 5739 2424 5794 τοῦ
2456 5740 2669 5808 χρόνον,
2705 5744 3049 5814 γεγηρακυῖα
3073 5741 3182 5814 γὰρ
3204 5735 3271 5814 ἦν
3305 5740 3474 5807 ὅντως
3502 5755 3516 5771 ’
3541 5741 3576 5812 η
3597 5739 3654 5795 δέ
