  <div class='ocr_page' id='page_1' title='image "/cluster/home/n/w/nwhite01/storage/ocr_20150623/63/hvd.32044054112164/168.png"; bbox 0 0 4088 6204; ppageno 0'>
   <div class='ocr_carea' id='block_1_1' title="bbox 345 307 443 366">
    <p class='ocr_par' dir='ltr' id='par_1_1' title="bbox 345 307 443 366">
     <span class='ocr_line' id='line_1_1' title="bbox 345 307 443 366; baseline 0.02 -3"><span class='ocrx_word' id='word_1_1' title='bbox 345 307 443 366; x_wconf 66' lang='lat' dir='ltr'><strong><em>{Gl</em></strong></span> 
     </span>
    </p>
   </div>
   <div class='ocr_carea' id='block_1_2' title="bbox 343 429 1940 503">
    <p class='ocr_par' dir='ltr' id='par_1_2' title="bbox 343 429 1940 503">
     <span class='ocr_line' id='line_1_2' title="bbox 343 429 1940 503; baseline 0.001 -16"><span class='ocrx_word' id='word_1_2' title='bbox 343 435 402 487; x_wconf 88' lang='lat' dir='ltr'><strong><em>in</em></strong></span> <span class='ocrx_word' id='word_1_3' title='bbox 429 429 800 495; x_wconf 66' lang='lat' dir='ltr'><strong><em>hereditatem;</em></strong></span> <span class='ocrx_word' id='word_1_4' title='bbox 844 439 891 485; x_wconf 90' lang='lat' dir='ltr'><strong><em>et</em></strong></span> <span class='ocrx_word' id='word_1_5' title='bbox 928 429 1050 484; x_wconf 75' lang='lat' dir='ltr'><strong><em>exiit</em></strong></span> <span class='ocrx_word' id='word_1_6' title='bbox 1079 431 1306 486; x_wconf 85' lang='lat' dir='ltr'><strong><em>nesciens</em></strong></span> <span class='ocrx_word' id='word_1_7' title='bbox 1329 448 1428 503; x_wconf 84' lang='lat' dir='ltr'><strong><em>quo</em></strong></span> <span class='ocrx_word' id='word_1_8' title='bbox 1452 433 1564 488; x_wconf 87' lang='lat' dir='ltr'><strong><em>iret.</em></strong></span> <span class='ocrx_word' id='word_1_9' title='bbox 1594 434 1649 490; x_wconf 87' lang='lat'><strong><em>9.</em></strong></span> <span class='ocrx_word' id='word_1_10' title='bbox 1691 434 1820 488; x_wconf 82' lang='lat' dir='ltr'><strong><em>Fide</em></strong></span> <span class='ocrx_word' id='word_1_11' title='bbox 1848 435 1940 489; x_wconf 84' lang='lat' dir='ltr'><strong><em>de-</em></strong></span> 
     </span>
    </p>
   </div>
   <div class='ocr_carea' id='block_1_3' title="bbox 340 521 1935 595">
    <p class='ocr_par' dir='ltr' id='par_1_3' title="bbox 340 521 1935 595">
     <span class='ocr_line' id='line_1_3' title="bbox 340 521 1935 595; baseline 0.003 -21"><span class='ocrx_word' id='word_1_12' title='bbox 340 533 574 575; x_wconf 66' lang='lat' dir='ltr'><strong><em>moratus</em></strong></span> <span class='ocrx_word' id='word_1_13' title='bbox 600 532 671 574; x_wconf 71' lang='lat' dir='ltr'><strong><em>est</em></strong></span> <span class='ocrx_word' id='word_1_14' title='bbox 697 521 748 574; x_wconf 87' lang='lat' dir='ltr'><strong><em>in</em></strong></span> <span class='ocrx_word' id='word_1_15' title='bbox 778 531 912 574; x_wconf 86' lang='lat' dir='ltr'><strong><em>terra</em></strong></span> <span class='ocrx_word' id='word_1_16' title='bbox 941 521 1348 591; x_wconf 74' lang='lat' dir='ltr'><strong><em>repromissionis</em></strong></span> <span class='ocrx_word' id='word_1_17' title='bbox 1378 533 1635 595; x_wconf 87' lang='lat' dir='ltr'><strong><em>tamquam</em></strong></span> <span class='ocrx_word' id='word_1_18' title='bbox 1663 526 1714 580; x_wconf 89' lang='lat' dir='ltr'><strong><em>in</em></strong></span> <span class='ocrx_word' id='word_1_19' title='bbox 1746 527 1935 592; x_wconf 87' lang='lat' dir='ltr'><strong><em>aliena,</em></strong></span> 
     </span>
    </p>
   </div>
   <div class='ocr_carea' id='block_1_4' title="bbox 339 611 1932 672">
    <p class='ocr_par' dir='ltr' id='par_1_4' title="bbox 339 611 1932 672">
     <span class='ocr_line' id='line_1_4' title="bbox 339 611 1932 672; baseline 0.004 -7"><span class='ocrx_word' id='word_1_20' title='bbox 339 612 394 666; x_wconf 88' lang='lat' dir='ltr'><strong><em>in</em></strong></span> <span class='ocrx_word' id='word_1_21' title='bbox 424 613 615 666; x_wconf 76' lang='lat' dir='ltr'><strong><em>casulis</em></strong></span> <span class='ocrx_word' id='word_1_22' title='bbox 656 612 931 665; x_wconf 86' lang='lat' dir='ltr'><strong><em>habitando</em></strong></span> <span class='ocrx_word' id='word_1_23' title='bbox 967 629 1082 666; x_wconf 89' lang='lat' dir='ltr'><strong><em>cum</em></strong></span> <span class='ocrx_word' id='word_1_24' title='bbox 1122 611 1275 668; x_wconf 83' lang='lat' dir='ltr'><strong><em>Isaac</em></strong></span> <span class='ocrx_word' id='word_1_25' title='bbox 1311 623 1360 668; x_wconf 86' lang='lat' dir='ltr'><strong><em>et</em></strong></span> <span class='ocrx_word' id='word_1_26' title='bbox 1400 613 1562 669; x_wconf 77' lang='lat' dir='ltr'><strong><em>Iacob</em></strong></span> <span class='ocrx_word' id='word_1_27' title='bbox 1598 617 1932 672; x_wconf 71' lang='lat' dir='ltr'><strong><em>coheredibus</em></strong></span> 
     </span>
    </p>
   </div>
   <div class='ocr_carea' id='block_1_5' title="bbox 337 701 1936 774">
    <p class='ocr_par' dir='ltr' id='par_1_5' title="bbox 337 701 1936 774">
     <span class='ocr_line' id='line_1_5' title="bbox 337 701 1936 774; baseline 0.006 -20"><span class='ocrx_word' id='word_1_28' title='bbox 337 703 752 773; x_wconf 76' lang='lat' dir='ltr'><strong><em>repromissionis</em></strong></span> <span class='ocrx_word' id='word_1_29' title='bbox 777 701 1022 772; x_wconf 84' lang='lat' dir='ltr'><strong><em>ejusdem.</em></strong></span> <span class='ocrx_word' id='word_1_30' title='bbox 1051 703 1220 770; x_wconf 88' lang='lat' dir='ltr'><strong><em>Quem</em></strong></span> <span class='ocrx_word' id='word_1_31' title='bbox 1243 705 1385 759; x_wconf 90' lang='lat' dir='ltr'><strong><em>enim</em></strong></span> <span class='ocrx_word' id='word_1_32' title='bbox 1415 706 1568 773; x_wconf 87' lang='lat' dir='ltr'><strong><em>vidit,</em></strong></span> <span class='ocrx_word' id='word_1_33' title='bbox 1591 705 1678 762; x_wconf 90' lang='lat' dir='ltr'><strong><em>dic</em></strong></span> <span class='ocrx_word' id='word_1_34' title='bbox 1703 708 1853 774; x_wconf 79' lang='lat' dir='ltr'><strong><em>mihi,</em></strong></span> <span class='ocrx_word' id='word_1_35' title='bbox 1878 719 1936 764; x_wconf 89' lang='lat' dir='ltr'><strong><em>ut</em></strong></span> 
     </span>
    </p>
   </div>
   <div class='ocr_carea' id='block_1_6' title="bbox 335 793 1935 866">
    <p class='ocr_par' dir='ltr' id='par_1_6' title="bbox 335 793 1935 866">
     <span class='ocr_line' id='line_1_6' title="bbox 335 793 1935 866; baseline 0.002 -18"><span class='ocrx_word' id='word_1_36' title='bbox 335 811 461 849; x_wconf 85' lang='lat' dir='ltr'><strong><em>eum</em></strong></span> <span class='ocrx_word' id='word_1_37' title='bbox 491 794 881 848; x_wconf 74' lang='lat' dir='ltr'><strong><em>aemularetur?</em></strong></span> <span class='ocrx_word' id='word_1_38' title='bbox 910 804 1114 863; x_wconf 87' lang='lat' dir='ltr'><strong><em>patrem</em></strong></span> <span class='ocrx_word' id='word_1_39' title='bbox 1163 793 1349 850; x_wconf 91' lang='lat' dir='ltr'><strong><em>habuit</em></strong></span> <span class='ocrx_word' id='word_1_40' title='bbox 1387 797 1639 866; x_wconf 82' lang='lat' dir='ltr'><strong><em>gentilem</em></strong></span> <span class='ocrx_word' id='word_1_41' title='bbox 1679 809 1733 853; x_wconf 91' lang='lat' dir='ltr'><strong><em>et</em></strong></span> <span class='ocrx_word' id='word_1_42' title='bbox 1764 798 1935 852; x_wconf 88' lang='lat' dir='ltr'><strong><em>idolo-</em></strong></span> 
     </span>
    </p>
   </div>
   <div class='ocr_carea' id='block_1_7' title="bbox 338 884 1929 960">
    <p class='ocr_par' dir='ltr' id='par_1_7' title="bbox 338 884 1929 960">
     <span class='ocr_line' id='line_1_7' title="bbox 338 884 1929 960; baseline 0.005 -22"><span class='ocrx_word' id='word_1_43' title='bbox 338 886 552 952; x_wconf 82' lang='lat' dir='ltr'><strong><em>latratu,</em></strong></span> <span class='ocrx_word' id='word_1_44' title='bbox 587 901 690 939; x_wconf 92' lang='lat' dir='ltr'><strong><em>non</em></strong></span> <span class='ocrx_word' id='word_1_45' title='bbox 723 885 968 940; x_wconf 79' lang='lat' dir='ltr'><strong><em>audierat</em></strong></span> <span class='ocrx_word' id='word_1_46' title='bbox 1003 884 1313 956; x_wconf 79' lang='lat' dir='ltr'><strong><em>prophetas,</em></strong></span> <span class='ocrx_word' id='word_1_47' title='bbox 1357 888 1632 944; x_wconf 76' lang='lat' dir='ltr'><strong><em>nesciebat</em></strong></span> <span class='ocrx_word' id='word_1_48' title='bbox 1661 903 1766 960; x_wconf 91' lang='lat' dir='ltr'><strong><em>quo</em></strong></span> <span class='ocrx_word' id='word_1_49' title='bbox 1807 889 1929 946; x_wconf 88' lang='lat' dir='ltr'><strong><em>iret.</em></strong></span> 
     </span>
    </p>
   </div>
   <div class='ocr_carea' id='block_1_8' title="bbox 334 976 1930 1049">
    <p class='ocr_par' dir='ltr' id='par_1_8' title="bbox 334 976 1930 1049">
     <span class='ocr_line' id='line_1_8' title="bbox 334 976 1930 1049; baseline 0.003 -17"><span class='ocrx_word' id='word_1_50' title='bbox 334 978 468 1032; x_wconf 77' lang='lat' dir='ltr'><strong><em>Nam</em></strong></span> <span class='ocrx_word' id='word_1_51' title='bbox 497 977 748 1047; x_wconf 89' lang='lat' dir='ltr'><strong><em>quoniam</em></strong></span> <span class='ocrx_word' id='word_1_52' title='bbox 786 976 852 1031; x_wconf 89' lang='lat' dir='ltr'><strong><em>ad</em></strong></span> <span class='ocrx_word' id='word_1_53' title='bbox 888 991 982 1032; x_wconf 92' lang='lat' dir='ltr'><strong><em>eos</em></strong></span> <span class='ocrx_word' id='word_1_54' title='bbox 1007 976 1341 1047; x_wconf 88' lang='lat' dir='ltr'><strong><em>aspiciebant</em></strong></span> <span class='ocrx_word' id='word_1_55' title='bbox 1371 980 1460 1049; x_wconf 87' lang='lat' dir='ltr'><strong><em>qui</em></strong></span> <span class='ocrx_word' id='word_1_56' title='bbox 1492 980 1836 1036; x_wconf 90' lang='lat' dir='ltr'><strong><em>crediderant</em></strong></span> <span class='ocrx_word' id='word_1_57' title='bbox 1864 998 1930 1038; x_wconf 81' lang='lat' dir='ltr'><strong><em>cx</em></strong></span> 
     </span>
    </p>
   </div>
   <div class='ocr_carea' id='block_1_9' title="bbox 335 1068 1925 1140">
    <p class='ocr_par' dir='ltr' id='par_1_9' title="bbox 335 1068 1925 1140">
     <span class='ocr_line' id='line_1_9' title="bbox 335 1068 1925 1140; baseline 0.004 -17"><span class='ocrx_word' id='word_1_58' title='bbox 335 1069 619 1134; x_wconf 67' lang='lat' dir='ltr'><strong><em>[lt-lineis,</em></strong></span> <span class='ocrx_word' id='word_1_59' title='bbox 665 1076 724 1123; x_wconf 89' lang='lat' dir='ltr'><strong><em>ut</em></strong></span> <span class='ocrx_word' id='word_1_60' title='bbox 764 1068 856 1138; x_wconf 88' lang='lat' dir='ltr'><strong><em>qui</em></strong></span> <span class='ocrx_word' id='word_1_61' title='bbox 894 1068 1030 1123; x_wconf 89' lang='lat' dir='ltr'><strong><em>bona</em></strong></span> <span class='ocrx_word' id='word_1_62' title='bbox 1075 1071 1449 1140; x_wconf 89' lang='lat' dir='ltr'><strong><em>percepissent</em></strong></span> <span class='ocrx_word' id='word_1_63' title='bbox 1492 1071 1925 1138; x_wconf 79' lang='lat' dir='ltr'><strong><em>innumerabilia.</em></strong></span> 
     </span>
    </p>
   </div>
   <div class='ocr_carea' id='block_1_10' title="bbox 331 1159 1926 1237">
    <p class='ocr_par' dir='ltr' id='par_1_10' title="bbox 331 1159 1926 1237">
     <span class='ocr_line' id='line_1_10' title="bbox 331 1159 1926 1237; baseline 0.004 -21"><span class='ocrx_word' id='word_1_64' title='bbox 331 1161 574 1216; x_wconf 83' lang='lat' dir='ltr'><strong><em>ostendit</em></strong></span> <span class='ocrx_word' id='word_1_65' title='bbox 607 1159 748 1230; x_wconf 88' lang='lat' dir='ltr'><strong><em>quod</em></strong></span> <span class='ocrx_word' id='word_1_66' title='bbox 776 1161 952 1214; x_wconf 86' lang='lat' dir='ltr'><strong><em>nullus</em></strong></span> <span class='ocrx_word' id='word_1_67' title='bbox 979 1161 1154 1216; x_wconf 89' lang='lat' dir='ltr'><strong><em>adhuc</em></strong></span> <span class='ocrx_word' id='word_1_68' title='bbox 1181 1163 1474 1233; x_wconf 81' lang='lat' dir='ltr'><strong><em>quidquam</em></strong></span> <span class='ocrx_word' id='word_1_69' title='bbox 1503 1166 1789 1237; x_wconf 89' lang='lat' dir='ltr'><strong><em>acceperit,</em></strong></span> <span class='ocrx_word' id='word_1_70' title='bbox 1829 1168 1926 1224; x_wconf 88' lang='lat' dir='ltr'><strong><em>scd</em></strong></span> 
     </span>
    </p>
   </div>
   <div class='ocr_carea' id='block_1_11' title="bbox 331 1252 1927 1323">
    <p class='ocr_par' dir='ltr' id='par_1_11' title="bbox 331 1252 1927 1323">
     <span class='ocr_line' id='line_1_11' title="bbox 331 1252 1927 1323; baseline 0.006 -17"><span class='ocrx_word' id='word_1_71' title='bbox 331 1267 525 1310; x_wconf 84' lang='lat' dir='ltr'><strong><em>omnes</em></strong></span> <span class='ocrx_word' id='word_1_72' title='bbox 568 1253 672 1307; x_wconf 85' lang='lat' dir='ltr'><strong><em>sint</em></strong></span> <span class='ocrx_word' id='word_1_73' title='bbox 700 1268 728 1308; x_wconf 93' lang='lat' dir='ltr'><strong><em>a</em></strong></span> <span class='ocrx_word' id='word_1_74' title='bbox 759 1252 982 1323; x_wconf 64' lang='lat' dir='ltr'><strong><em>praemio</em></strong></span> <span class='ocrx_word' id='word_1_75' title='bbox 1015 1254 1305 1322; x_wconf 89' lang='lat' dir='ltr'><strong><em>immunes,</em></strong></span> <span class='ocrx_word' id='word_1_76' title='bbox 1337 1264 1392 1311; x_wconf 87' lang='lat' dir='ltr'><strong><em>et</em></strong></span> <span class='ocrx_word' id='word_1_77' title='bbox 1429 1257 1609 1312; x_wconf 88' lang='lat' dir='ltr'><strong><em>nullus</em></strong></span> <span class='ocrx_word' id='word_1_78' title='bbox 1637 1259 1813 1315; x_wconf 88' lang='lat' dir='ltr'><strong><em>adhuc</em></strong></span> <span class='ocrx_word' id='word_1_79' title='bbox 1845 1261 1927 1315; x_wconf 86' lang='lat' dir='ltr'><strong><em>ul-</em></strong></span> 
     </span>
    </p>
   </div>
   <div class='ocr_carea' id='block_1_12' title="bbox 331 1344 1926 1422">
    <p class='ocr_par' dir='ltr' id='par_1_12' title="bbox 331 1344 1926 1422">
     <span class='ocr_line' id='line_1_12' title="bbox 331 1344 1926 1422; baseline 0.004 -22"><span class='ocrx_word' id='word_1_80' title='bbox 331 1348 438 1400; x_wconf 83' lang='lat' dir='ltr'><strong><em>lam</em></strong></span> <span class='ocrx_word' id='word_1_81' title='bbox 481 1344 730 1400; x_wconf 85' lang='lat' dir='ltr'><strong><em>habuerit</em></strong></span> <span class='ocrx_word' id='word_1_82' title='bbox 763 1345 1276 1401; x_wconf 87' lang='lat' dir='ltr'><strong><em>remunerationem.</em></strong></span> <span class='ocrx_word' id='word_1_83' title='bbox 1320 1346 1534 1402; x_wconf 78' lang='lat' dir='ltr'><strong><em>Excidit</em></strong></span> <span class='ocrx_word' id='word_1_84' title='bbox 1577 1349 1665 1403; x_wconf 90' lang='lat' dir='ltr'><strong><em>ille</em></strong></span> <span class='ocrx_word' id='word_1_85' title='bbox 1691 1358 1748 1406; x_wconf 90' lang='lat' dir='ltr'><strong><em>et</em></strong></span> <span class='ocrx_word' id='word_1_86' title='bbox 1773 1365 1804 1406; x_wconf 91' lang='lat' dir='ltr'><strong><em>a</em></strong></span> <span class='ocrx_word' id='word_1_87' title='bbox 1832 1367 1926 1422; x_wconf 88' lang='lat' dir='ltr'><strong><em>pa-</em></strong></span> 
     </span>
    </p>
   </div>
   <div class='ocr_carea' id='block_1_13' title="bbox 329 1439 1922 1516">
    <p class='ocr_par' dir='ltr' id='par_1_13' title="bbox 329 1439 1922 1516">
     <span class='ocr_line' id='line_1_13' title="bbox 329 1439 1922 1516; baseline 0.008 -25"><span class='ocrx_word' id='word_1_88' title='bbox 329 1439 433 1493; x_wconf 87' lang='lat' dir='ltr'><strong><em>tria</em></strong></span> <span class='ocrx_word' id='word_1_89' title='bbox 462 1449 517 1493; x_wconf 91' lang='lat' dir='ltr'><strong><em>et</em></strong></span> <span class='ocrx_word' id='word_1_90' title='bbox 545 1457 571 1494; x_wconf 88' lang='lat' dir='ltr'><strong><em>a</em></strong></span> <span class='ocrx_word' id='word_1_91' title='bbox 603 1439 784 1504; x_wconf 90' lang='lat' dir='ltr'><strong><em>domo,</em></strong></span> <span class='ocrx_word' id='word_1_92' title='bbox 831 1448 886 1496; x_wconf 88' lang='lat' dir='ltr'><strong><em>et</em></strong></span> <span class='ocrx_word' id='word_1_93' title='bbox 931 1442 1060 1496; x_wconf 78' lang='lat' dir='ltr'><strong><em>exiit</em></strong></span> <span class='ocrx_word' id='word_1_94' title='bbox 1099 1441 1350 1497; x_wconf 90' lang='lat' dir='ltr'><strong><em>nesciens</em></strong></span> <span class='ocrx_word' id='word_1_95' title='bbox 1388 1458 1494 1512; x_wconf 90' lang='lat' dir='ltr'><strong><em>quo</em></strong></span> <span class='ocrx_word' id='word_1_96' title='bbox 1531 1444 1650 1500; x_wconf 89' lang='lat' dir='ltr'><strong><em>iret.</em></strong></span> <span class='ocrx_word' id='word_1_97' title='bbox 1690 1445 1754 1500; x_wconf 87' lang='lat' dir='ltr'><strong><em>Et</em></strong></span> <span class='ocrx_word' id='word_1_98' title='bbox 1795 1447 1922 1516; x_wconf 87' lang='lat' dir='ltr'><strong><em>quid</em></strong></span> 
     </span>
    </p>
   </div>
   <div class='ocr_carea' id='block_1_14' title="bbox 329 1531 1922 1603">
    <p class='ocr_par' dir='ltr' id='par_1_14' title="bbox 329 1531 1922 1603">
     <span class='ocr_line' id='line_1_14' title="bbox 329 1531 1922 1603; baseline 0.006 -20"><span class='ocrx_word' id='word_1_99' title='bbox 329 1531 524 1584; x_wconf 88' lang='lat' dir='ltr'><strong><em>mirum</em></strong></span> <span class='ocrx_word' id='word_1_100' title='bbox 556 1531 597 1586; x_wconf 91' lang='lat' dir='ltr'><strong><em>si</em></strong></span> <span class='ocrx_word' id='word_1_101' title='bbox 633 1532 766 1601; x_wconf 89' lang='lat' dir='ltr'><strong><em>ipse,</em></strong></span> <span class='ocrx_word' id='word_1_102' title='bbox 799 1546 920 1586; x_wconf 91' lang='lat' dir='ltr'><strong><em>cum</em></strong></span> <span class='ocrx_word' id='word_1_103' title='bbox 945 1532 1059 1597; x_wconf 88' lang='lat' dir='ltr'><strong><em>ejus</em></strong></span> <span class='ocrx_word' id='word_1_104' title='bbox 1084 1548 1300 1603; x_wconf 90' lang='lat' dir='ltr'><strong><em>quoque</em></strong></span> <span class='ocrx_word' id='word_1_105' title='bbox 1324 1547 1507 1588; x_wconf 88' lang='lat' dir='ltr'><strong><em>semen</em></strong></span> <span class='ocrx_word' id='word_1_106' title='bbox 1532 1535 1612 1591; x_wconf 92' lang='lat' dir='ltr'><strong><em>sic</em></strong></span> <span class='ocrx_word' id='word_1_107' title='bbox 1634 1535 1922 1593; x_wconf 81' lang='lat' dir='ltr'><strong><em>habitarit?</em></strong></span> 
     </span>
    </p>
   </div>
   <div class='ocr_carea' id='block_1_15' title="bbox 329 1609 1914 1696">
    <p class='ocr_par' dir='ltr' id='par_1_15' title="bbox 329 1609 1914 1696">
     <span class='ocr_line' id='line_1_15' title="bbox 329 1609 1914 1696; baseline 0.006 -20"><span class='ocrx_word' id='word_1_108' title='bbox 329 1623 530 1678; x_wconf 71' lang='lat' dir='ltr'><strong><em>Videns</em></strong></span> <span class='ocrx_word' id='word_1_109' title='bbox 560 1625 773 1694; x_wconf 87' lang='lat' dir='ltr'><strong><em>quidem</em></strong></span> <span class='ocrx_word' id='word_1_110' title='bbox 804 1636 950 1679; x_wconf 89' lang='lat' dir='ltr'><strong><em>certe</em></strong></span> <span class='ocrx_word' id='word_1_111' title='bbox 981 1609 1084 1679; x_wconf 84' lang='lat' dir='ltr'><strong><em>non</em></strong></span> <span class='ocrx_word' id='word_1_112' title='bbox 1116 1626 1321 1694; x_wconf 89' lang='lat' dir='ltr'><strong><em>impleri</em></strong></span> <span class='ocrx_word' id='word_1_113' title='bbox 1346 1627 1778 1696; x_wconf 85' lang='lat' dir='ltr'><strong><em>promissionem,</em></strong></span> <span class='ocrx_word' id='word_1_114' title='bbox 1809 1645 1914 1686; x_wconf 90' lang='lat' dir='ltr'><strong><em>non</em></strong></span> 
     </span>
    </p>
   </div>
   <div class='ocr_carea' id='block_1_16' title="bbox 326 1716 1918 1786">
    <p class='ocr_par' dir='ltr' id='par_1_16' title="bbox 326 1716 1918 1786">
     <span class='ocr_line' id='line_1_16' title="bbox 326 1716 1918 1786; baseline 0.003 -14"><span class='ocrx_word' id='word_1_115' title='bbox 326 1716 598 1786; x_wconf 79' lang='lat' dir='ltr'><strong><em>elanguit;</em></strong></span> <span class='ocrx_word' id='word_1_116' title='bbox 632 1716 764 1770; x_wconf 81' lang='lat' dir='ltr'><strong><em>dixit</em></strong></span> <span class='ocrx_word' id='word_1_117' title='bbox 794 1717 936 1772; x_wconf 89' lang='lat' dir='ltr'><strong><em>enim</em></strong></span> <span class='ocrx_word' id='word_1_118' title='bbox 971 1734 984 1770; x_wconf 94' lang='lat'><strong>:</strong></span> <span class='ocrx_word' id='word_1_119' title='bbox 1021 1716 1132 1770; x_wconf 84' lang='lat' dir='ltr'><strong><em>Tibi</em></strong></span> <span class='ocrx_word' id='word_1_120' title='bbox 1154 1716 1282 1770; x_wconf 86' lang='lat' dir='ltr'><strong><em>dabo</em></strong></span> <span class='ocrx_word' id='word_1_121' title='bbox 1305 1727 1486 1772; x_wconf 88' lang='lat' dir='ltr'><strong><em>terram</em></strong></span> <span class='ocrx_word' id='word_1_122' title='bbox 1503 1718 1653 1785; x_wconf 90' lang='lat' dir='ltr'><strong><em>hanc,</em></strong></span> <span class='ocrx_word' id='word_1_123' title='bbox 1673 1729 1718 1774; x_wconf 86' lang='lat' dir='ltr'><strong><em>et</em></strong></span> <span class='ocrx_word' id='word_1_124' title='bbox 1737 1722 1918 1776; x_wconf 89' lang='lat' dir='ltr'><strong><em>semini</em></strong></span> 
     </span>
    </p>
   </div>
   <div class='ocr_carea' id='block_1_17' title="bbox 321 1807 1916 1878">
    <p class='ocr_par' dir='ltr' id='par_1_17' title="bbox 321 1807 1916 1878">
     <span class='ocr_line' id='line_1_17' title="bbox 321 1807 1916 1878; baseline 0.002 -14"><span class='ocrx_word' id='word_1_125' title='bbox 321 1822 407 1864; x_wconf 85' lang='lat' dir='ltr'><strong><em>tuo</em></strong></span> <span class='ocrx_word' id='word_1_126' title='bbox 436 1808 588 1878; x_wconf 81' lang='lat' dir='ltr'><strong><em>(Gen.</em></strong></span> <span class='ocrx_word' id='word_1_127' title='bbox 626 1809 710 1864; x_wconf 75' lang='lat'><strong><em>12.</em></strong></span> <span class='ocrx_word' id='word_1_128' title='bbox 734 1809 813 1878; x_wconf 88' lang='lat'><strong><em>7).</em></strong></span> <span class='ocrx_word' id='word_1_129' title='bbox 841 1807 983 1862; x_wconf 82' lang='lat' dir='ltr'><strong><em>Vidit</em></strong></span> <span class='ocrx_word' id='word_1_130' title='bbox 1014 1807 1180 1863; x_wconf 78' lang='lat' dir='ltr'><strong><em>filium</em></strong></span> <span class='ocrx_word' id='word_1_131' title='bbox 1219 1808 1328 1862; x_wconf 89' lang='lat' dir='ltr'><strong><em>illic</em></strong></span> <span class='ocrx_word' id='word_1_132' title='bbox 1353 1807 1705 1877; x_wconf 86' lang='lat' dir='ltr'><strong><em>habitantem,</em></strong></span> <span class='ocrx_word' id='word_1_133' title='bbox 1734 1821 1788 1865; x_wconf 89' lang='lat' dir='ltr'><strong><em>et</em></strong></span> <span class='ocrx_word' id='word_1_134' title='bbox 1818 1825 1916 1867; x_wconf 90' lang='lat' dir='ltr'><strong><em>ne-</em></strong></span> 
     </span>
    </p>
   </div>
   <div class='ocr_carea' id='block_1_18' title="bbox 317 1900 1914 1970">
    <p class='ocr_par' dir='ltr' id='par_1_18' title="bbox 317 1900 1914 1970">
     <span class='ocr_line' id='line_1_18' title="bbox 317 1900 1914 1970; baseline 0.001 -14"><span class='ocrx_word' id='word_1_135' title='bbox 317 1919 417 1970; x_wconf 78' lang='lat' dir='ltr'><strong><em>pos</em></strong></span> <span class='ocrx_word' id='word_1_136' title='bbox 446 1917 632 1957; x_wconf 87' lang='lat' dir='ltr'><strong><em>rursus</em></strong></span> <span class='ocrx_word' id='word_1_137' title='bbox 658 1915 716 1956; x_wconf 90' lang='lat' dir='ltr'><strong><em>se</em></strong></span> <span class='ocrx_word' id='word_1_138' title='bbox 746 1901 877 1956; x_wconf 81' lang='lat' dir='ltr'><strong><em>vidit</em></strong></span> <span class='ocrx_word' id='word_1_139' title='bbox 905 1901 1228 1956; x_wconf 84' lang='lat' dir='ltr'><strong><em>habitantem</em></strong></span> <span class='ocrx_word' id='word_1_140' title='bbox 1275 1900 1328 1954; x_wconf 93' lang='lat' dir='ltr'><strong><em>in</em></strong></span> <span class='ocrx_word' id='word_1_141' title='bbox 1359 1900 1555 1966; x_wconf 85' lang='lat' dir='ltr'><strong><em>aliena,</em></strong></span> <span class='ocrx_word' id='word_1_142' title='bbox 1586 1909 1642 1956; x_wconf 92' lang='lat' dir='ltr'><strong><em>et</em></strong></span> <span class='ocrx_word' id='word_1_143' title='bbox 1693 1916 1798 1957; x_wconf 92' lang='lat' dir='ltr'><strong><em>non</em></strong></span> <span class='ocrx_word' id='word_1_144' title='bbox 1831 1912 1914 1958; x_wconf 92' lang='lat' dir='ltr'><strong><em>est</em></strong></span> 
     </span>
    </p>
   </div>
   <div class='ocr_carea' id='block_1_19' title="bbox 320 1990 1910 2064">
    <p class='ocr_par' dir='ltr' id='par_1_19' title="bbox 320 1990 1910 2064">
     <span class='ocr_line' id='line_1_19' title="bbox 320 1990 1910 2064; baseline 0.002 -18"><span class='ocrx_word' id='word_1_145' title='bbox 320 1995 588 2047; x_wconf 71' lang='lat' dir='ltr'><strong><em>turbatus.</em></strong></span> <span class='ocrx_word' id='word_1_146' title='bbox 628 1993 760 2048; x_wconf 85' lang='lat' dir='ltr'><strong><em>Nam</em></strong></span> <span class='ocrx_word' id='word_1_147' title='bbox 797 1991 941 2064; x_wconf 88' lang='lat' dir='ltr'><strong><em>quod</em></strong></span> <span class='ocrx_word' id='word_1_148' title='bbox 968 1991 1033 2046; x_wconf 90' lang='lat' dir='ltr'><strong><em>ad</em></strong></span> <span class='ocrx_word' id='word_1_149' title='bbox 1059 1990 1334 2046; x_wconf 86' lang='lat' dir='ltr'><strong><em>Abraham</em></strong></span> <span class='ocrx_word' id='word_1_150' title='bbox 1366 1991 1582 2062; x_wconf 86' lang='lat' dir='ltr'><strong><em>quidem</em></strong></span> <span class='ocrx_word' id='word_1_151' title='bbox 1611 1992 1824 2060; x_wconf 86' lang='lat' dir='ltr'><strong><em>attinet,</em></strong></span> <span class='ocrx_word' id='word_1_152' title='bbox 1858 1993 1910 2049; x_wconf 92' lang='lat' dir='ltr'><strong><em>id</em></strong></span> 
     </span>
    </p>
   </div>
   <div class='ocr_carea' id='block_1_20' title="bbox 319 2081 1894 2152">
    <p class='ocr_par' dir='ltr' id='par_1_20' title="bbox 319 2081 1894 2152">
     <span class='ocr_line' id='line_1_20' title="bbox 319 2081 1894 2152; baseline -0.001 -12"><span class='ocrx_word' id='word_1_153' title='bbox 319 2086 414 2140; x_wconf 80' lang='lat' dir='ltr'><strong><em>iuit</em></strong></span> <span class='ocrx_word' id='word_1_154' title='bbox 458 2086 588 2138; x_wconf 88' lang='lat' dir='ltr'><strong><em>satis</em></strong></span> <span class='ocrx_word' id='word_1_155' title='bbox 631 2094 1073 2150; x_wconf 86' lang='lat' dir='ltr'><strong><em>consentaneum,</em></strong></span> <span class='ocrx_word' id='word_1_156' title='bbox 1116 2091 1302 2152; x_wconf 87' lang='lat' dir='ltr'><strong><em>utpote</em></strong></span> <span class='ocrx_word' id='word_1_157' title='bbox 1341 2081 1483 2152; x_wconf 87' lang='lat' dir='ltr'><strong><em>quod</em></strong></span> <span class='ocrx_word' id='word_1_158' title='bbox 1515 2083 1798 2151; x_wconf 87' lang='lat' dir='ltr'><strong><em>promissio</em></strong></span> <span class='ocrx_word' id='word_1_159' title='bbox 1826 2084 1894 2139; x_wconf 88' lang='lat' dir='ltr'><strong><em>ad</em></strong></span> 
     </span>
    </p>
   </div>
   <div class='ocr_carea' id='block_1_21' title="bbox 317 2171 1904 2244">
    <p class='ocr_par' dir='ltr' id='par_1_21' title="bbox 317 2171 1904 2244">
     <span class='ocr_line' id='line_1_21' title="bbox 317 2171 1904 2244; baseline 0.002 -17"><span class='ocrx_word' id='word_1_160' title='bbox 317 2175 563 2228; x_wconf 71' lang='lat' dir='ltr'><strong><em>effectum</em></strong></span> <span class='ocrx_word' id='word_1_161' title='bbox 595 2185 779 2244; x_wconf 90' lang='lat' dir='ltr'><strong><em>postea</em></strong></span> <span class='ocrx_word' id='word_1_162' title='bbox 823 2182 969 2229; x_wconf 84' lang='lat' dir='ltr'><strong><em>esset</em></strong></span> <span class='ocrx_word' id='word_1_163' title='bbox 1014 2171 1330 2228; x_wconf 88' lang='lat' dir='ltr'><strong><em>deducenda</em></strong></span> <span class='ocrx_word' id='word_1_164' title='bbox 1361 2173 1415 2227; x_wconf 91' lang='lat' dir='ltr'><strong><em>in</em></strong></span> <span class='ocrx_word' id='word_1_165' title='bbox 1455 2186 1654 2243; x_wconf 81' lang='lat' dir='ltr'><strong><em>genere</em></strong></span> <span class='ocrx_word' id='word_1_166' title='bbox 1697 2173 1904 2243; x_wconf 87' lang='lat' dir='ltr'><strong><em>ipsius;</em></strong></span> 
     </span>
    </p>
   </div>
   <div class='ocr_carea' id='block_1_22' title="bbox 324 2261 1912 2332">
    <p class='ocr_par' dir='ltr' id='par_1_22' title="bbox 324 2261 1912 2332">
     <span class='ocr_line' id='line_1_22' title="bbox 324 2261 1912 2332; baseline 0.006 -24"><span class='ocrx_word' id='word_1_167' title='bbox 324 2268 649 2328; x_wconf 87' lang='lat' dir='ltr'><strong><em>quamquam</em></strong></span> <span class='ocrx_word' id='word_1_168' title='bbox 689 2261 786 2330; x_wconf 90' lang='lat' dir='ltr'><strong><em>ipsi</em></strong></span> <span class='ocrx_word' id='word_1_169' title='bbox 833 2276 1047 2332; x_wconf 87' lang='lat' dir='ltr'><strong><em>quoque</em></strong></span> <span class='ocrx_word' id='word_1_170' title='bbox 1092 2262 1292 2316; x_wconf 90' lang='lat' dir='ltr'><strong><em>dictum</em></strong></span> <span class='ocrx_word' id='word_1_171' title='bbox 1337 2269 1441 2327; x_wconf 87' lang='lat' dir='ltr'><strong><em>est,</em></strong></span> <span class='ocrx_word' id='word_1_172' title='bbox 1487 2261 1603 2317; x_wconf 81' lang='lat' dir='ltr'><strong><em>Tibi</em></strong></span> <span class='ocrx_word' id='word_1_173' title='bbox 1646 2275 1692 2320; x_wconf 83' lang='lat' dir='ltr'><strong><em>ct</em></strong></span> <span class='ocrx_word' id='word_1_174' title='bbox 1728 2264 1912 2322; x_wconf 83' lang='lat' dir='ltr'><strong><em>semini</em></strong></span> 
     </span>
    </p>
   </div>
   <div class='ocr_carea' id='block_1_23' title="bbox 326 2351 1915 2417">
    <p class='ocr_par' dir='ltr' id='par_1_23' title="bbox 326 2351 1915 2417">
     <span class='ocr_line' id='line_1_23' title="bbox 326 2351 1915 2417; baseline 0.003 -17"><span class='ocrx_word' id='word_1_175' title='bbox 326 2357 407 2401; x_wconf 90' lang='lat' dir='ltr'><strong><em>tuo</em></strong></span> <span class='ocrx_word' id='word_1_176' title='bbox 438 2366 458 2402; x_wconf 89' lang='lat'><strong><em>:</em></strong></span> <span class='ocrx_word' id='word_1_177' title='bbox 485 2365 614 2414; x_wconf 90' lang='lat' dir='ltr'><strong><em>non,</em></strong></span> <span class='ocrx_word' id='word_1_178' title='bbox 649 2351 750 2405; x_wconf 86' lang='lat' dir='ltr'><strong><em>Per</em></strong></span> <span class='ocrx_word' id='word_1_179' title='bbox 779 2367 964 2406; x_wconf 88' lang='lat' dir='ltr'><strong><em>semen</em></strong></span> <span class='ocrx_word' id='word_1_180' title='bbox 997 2361 1141 2406; x_wconf 91' lang='lat' dir='ltr'><strong><em>tuum</em></strong></span> <span class='ocrx_word' id='word_1_181' title='bbox 1174 2351 1290 2416; x_wconf 85' lang='lat' dir='ltr'><strong><em>tibi,</em></strong></span> <span class='ocrx_word' id='word_1_182' title='bbox 1322 2352 1439 2417; x_wconf 88' lang='lat' dir='ltr'><strong><em>sed,</em></strong></span> <span class='ocrx_word' id='word_1_183' title='bbox 1486 2351 1604 2407; x_wconf 89' lang='lat' dir='ltr'><strong><em>Tibi</em></strong></span> <span class='ocrx_word' id='word_1_184' title='bbox 1635 2363 1684 2407; x_wconf 90' lang='lat' dir='ltr'><strong><em>et</em></strong></span> <span class='ocrx_word' id='word_1_185' title='bbox 1729 2352 1915 2406; x_wconf 84' lang='lat' dir='ltr'><strong><em>semini</em></strong></span> 
     </span>
    </p>
   </div>
   <div class='ocr_carea' id='block_1_24' title="bbox 325 2440 1913 2513">
    <p class='ocr_par' dir='ltr' id='par_1_24' title="bbox 325 2440 1913 2513">
     <span class='ocr_line' id='line_1_24' title="bbox 325 2440 1913 2513; baseline 0.001 -20"><span class='ocrx_word' id='word_1_186' title='bbox 325 2451 409 2494; x_wconf 85' lang='lat' dir='ltr'><strong><em>tuo</em></strong></span> <span class='ocrx_word' id='word_1_187' title='bbox 439 2458 458 2495; x_wconf 90' lang='lat'><strong><em>:</em></strong></span> <span class='ocrx_word' id='word_1_188' title='bbox 485 2452 670 2498; x_wconf 89' lang='lat' dir='ltr'><strong><em>etnec</em></strong></span> <span class='ocrx_word' id='word_1_189' title='bbox 708 2442 840 2513; x_wconf 90' lang='lat' dir='ltr'><strong><em>ipse,</em></strong></span> <span class='ocrx_word' id='word_1_190' title='bbox 893 2458 992 2498; x_wconf 89' lang='lat' dir='ltr'><strong><em>nec</em></strong></span> <span class='ocrx_word' id='word_1_191' title='bbox 1035 2443 1199 2509; x_wconf 88' lang='lat' dir='ltr'><strong><em>Isaac,</em></strong></span> <span class='ocrx_word' id='word_1_192' title='bbox 1247 2458 1348 2499; x_wconf 89' lang='lat' dir='ltr'><strong><em>nec</em></strong></span> <span class='ocrx_word' id='word_1_193' title='bbox 1375 2442 1541 2499; x_wconf 77' lang='lat' dir='ltr'><strong><em>Jacob</em></strong></span> <span class='ocrx_word' id='word_1_194' title='bbox 1567 2440 1749 2512; x_wconf 85' lang='lat' dir='ltr'><strong><em>adepti</em></strong></span> <span class='ocrx_word' id='word_1_195' title='bbox 1788 2451 1913 2496; x_wconf 89' lang='lat' dir='ltr'><strong><em>sunt</em></strong></span> 
     </span>
    </p>
   </div>
   <div class='ocr_carea' id='block_1_25' title="bbox 327 2532 1910 2605">
    <p class='ocr_par' dir='ltr' id='par_1_25' title="bbox 327 2532 1910 2605">
     <span class='ocr_line' id='line_1_25' title="bbox 327 2532 1910 2605; baseline -0.002 -17"><span class='ocrx_word' id='word_1_196' title='bbox 327 2534 760 2603; x_wconf 90' lang='lat' dir='ltr'><strong><em>promissionem.</em></strong></span> <span class='ocrx_word' id='word_1_197' title='bbox 813 2535 950 2590; x_wconf 85' lang='lat' dir='ltr'><strong><em>Nam</em></strong></span> <span class='ocrx_word' id='word_1_198' title='bbox 999 2535 1087 2591; x_wconf 89' lang='lat' dir='ltr'><strong><em>hic</em></strong></span> <span class='ocrx_word' id='word_1_199' title='bbox 1131 2534 1346 2605; x_wconf 89' lang='lat' dir='ltr'><strong><em>quidem</em></strong></span> <span class='ocrx_word' id='word_1_200' title='bbox 1401 2533 1652 2590; x_wconf 87' lang='lat' dir='ltr'><strong><em>mercede</em></strong></span> <span class='ocrx_word' id='word_1_201' title='bbox 1705 2532 1910 2595; x_wconf 85' lang='lat' dir='ltr'><strong><em>serviit,</em></strong></span> 
     </span>
    </p>
   </div>
   <div class='ocr_carea' id='block_1_26' title="bbox 325 2625 1911 2699">
    <p class='ocr_par' dir='ltr' id='par_1_26' title="bbox 325 2625 1911 2699">
     <span class='ocr_line' id='line_1_26' title="bbox 325 2625 1911 2699; baseline -0.001 -20"><span class='ocrx_word' id='word_1_202' title='bbox 325 2627 459 2682; x_wconf 79' lang='lat' dir='ltr'><strong><em>alius</em></strong></span> <span class='ocrx_word' id='word_1_203' title='bbox 488 2643 619 2682; x_wconf 87' lang='lat' dir='ltr'><strong><em>vero</em></strong></span> <span class='ocrx_word' id='word_1_204' title='bbox 649 2638 727 2682; x_wconf 88' lang='lat' dir='ltr'><strong><em>est</em></strong></span> <span class='ocrx_word' id='word_1_205' title='bbox 754 2628 1026 2699; x_wconf 78' lang='lat' dir='ltr'><strong><em>expulsus,</em></strong></span> <span class='ocrx_word' id='word_1_206' title='bbox 1061 2627 1197 2683; x_wconf 89' lang='lat' dir='ltr'><strong><em>alius</em></strong></span> <span class='ocrx_word' id='word_1_207' title='bbox 1223 2641 1352 2682; x_wconf 90' lang='lat' dir='ltr'><strong><em>vero</em></strong></span> <span class='ocrx_word' id='word_1_208' title='bbox 1389 2626 1550 2682; x_wconf 88' lang='lat' dir='ltr'><strong><em>etiam</em></strong></span> <span class='ocrx_word' id='word_1_209' title='bbox 1593 2625 1786 2680; x_wconf 89' lang='lat' dir='ltr'><strong><em>timens</em></strong></span> <span class='ocrx_word' id='word_1_210' title='bbox 1813 2638 1911 2678; x_wconf 84' lang='lat' dir='ltr'><strong><em>ex-</em></strong></span> 
     </span>
    </p>
   </div>
   <div class='ocr_carea' id='block_1_27' title="bbox 325 2715 1915 2790">
    <p class='ocr_par' dir='ltr' id='par_1_27' title="bbox 325 2715 1915 2790">
     <span class='ocr_line' id='line_1_27' title="bbox 325 2715 1915 2790; baseline -0.001 -19"><span class='ocrx_word' id='word_1_211' title='bbox 325 2719 453 2772; x_wconf 84' lang='lat' dir='ltr'><strong><em>cidit</em></strong></span> <span class='ocrx_word' id='word_1_212' title='bbox 478 2735 494 2783; x_wconf 91' lang='lat'><strong>;</strong></span> <span class='ocrx_word' id='word_1_213' title='bbox 524 2730 577 2774; x_wconf 89' lang='lat' dir='ltr'><strong><em>et</em></strong></span> <span class='ocrx_word' id='word_1_214' title='bbox 607 2719 708 2773; x_wconf 86' lang='lat' dir='ltr'><strong><em>alia</em></strong></span> <span class='ocrx_word' id='word_1_215' title='bbox 740 2720 956 2790; x_wconf 86' lang='lat' dir='ltr'><strong><em>quidem</em></strong></span> <span class='ocrx_word' id='word_1_216' title='bbox 988 2719 1132 2775; x_wconf 92' lang='lat' dir='ltr'><strong><em>bello</em></strong></span> <span class='ocrx_word' id='word_1_217' title='bbox 1175 2721 1338 2790; x_wconf 88' lang='lat' dir='ltr'><strong><em>cepit,</em></strong></span> <span class='ocrx_word' id='word_1_218' title='bbox 1367 2719 1468 2774; x_wconf 86' lang='lat' dir='ltr'><strong><em>alia</em></strong></span> <span class='ocrx_word' id='word_1_219' title='bbox 1497 2726 1677 2774; x_wconf 88' lang='lat' dir='ltr'><strong><em>autem</em></strong></span> <span class='ocrx_word' id='word_1_220' title='bbox 1720 2715 1915 2787; x_wconf 87' lang='lat' dir='ltr'><strong><em>periis-</em></strong></span> 
     </span>
    </p>
   </div>
   <div class='ocr_carea' id='block_1_28' title="bbox 325 2807 1914 2882">
    <p class='ocr_par' dir='ltr' id='par_1_28' title="bbox 325 2807 1914 2882">
     <span class='ocr_line' id='line_1_28' title="bbox 325 2807 1914 2882; baseline -0.001 -20"><span class='ocrx_word' id='word_1_221' title='bbox 325 2819 468 2874; x_wconf 81' lang='lat' dir='ltr'><strong><em>sent,</em></strong></span> <span class='ocrx_word' id='word_1_222' title='bbox 501 2810 604 2862; x_wconf 90' lang='lat' dir='ltr'><strong><em>nisi</em></strong></span> <span class='ocrx_word' id='word_1_223' title='bbox 647 2810 739 2864; x_wconf 86' lang='lat' dir='ltr'><strong><em>Dei</em></strong></span> <span class='ocrx_word' id='word_1_224' title='bbox 777 2811 876 2880; x_wconf 87' lang='lat' dir='ltr'><strong><em>ipsi</em></strong></span> <span class='ocrx_word' id='word_1_225' title='bbox 923 2810 1182 2866; x_wconf 81' lang='lat' dir='ltr'><strong><em>adfuisset</em></strong></span> <span class='ocrx_word' id='word_1_226' title='bbox 1211 2810 1466 2865; x_wconf 76' lang='lat' dir='ltr'><strong><em>auxilium</em></strong></span> <span class='ocrx_word' id='word_1_227' title='bbox 1495 2807 1592 2882; x_wconf 91' lang='lat' dir='ltr'><strong><em>(a).</em></strong></span> <span class='ocrx_word' id='word_1_228' title='bbox 1623 2809 1914 2878; x_wconf 82' lang='lat' dir='ltr'><strong><em>Propterea</em></strong></span> 
     </span>
    </p>
   </div>
   <div class='ocr_carea' id='block_1_29' title="bbox 325 2898 1912 2972">
    <p class='ocr_par' dir='ltr' id='par_1_29' title="bbox 325 2898 1912 2972">
     <span class='ocr_line' id='line_1_29' title="bbox 325 2898 1912 2972; baseline -0.001 -18"><span class='ocrx_word' id='word_1_229' title='bbox 325 2901 457 2955; x_wconf 87' lang='lat' dir='ltr'><strong><em>dicit</em></strong></span> <span class='ocrx_word' id='word_1_230' title='bbox 490 2921 502 2955; x_wconf 87' lang='lat'><strong>:</strong></span> <span class='ocrx_word' id='word_1_231' title='bbox 537 2902 661 2956; x_wconf 88' lang='lat' dir='ltr'><strong><em>Cum</em></strong></span> <span class='ocrx_word' id='word_1_232' title='bbox 691 2903 960 2956; x_wconf 78' lang='lat' dir='ltr'><strong><em>heredibus</em></strong></span> <span class='ocrx_word' id='word_1_233' title='bbox 982 2903 1206 2971; x_wconf 84' lang='lat' dir='ltr'><strong><em>ejusdem</em></strong></span> <span class='ocrx_word' id='word_1_234' title='bbox 1238 2901 1606 2972; x_wconf 86' lang='lat' dir='ltr'><strong><em>promissionis.</em></strong></span> <span class='ocrx_word' id='word_1_235' title='bbox 1633 2899 1748 2954; x_wconf 87' lang='lat' dir='ltr'><strong><em>Non</em></strong></span> <span class='ocrx_word' id='word_1_236' title='bbox 1775 2898 1912 2968; x_wconf 88' lang='lat' dir='ltr'><strong><em>ipse,</em></strong></span> 
     </span>
    </p>
   </div>
   <div class='ocr_carea' id='block_1_30' title="bbox 327 2990 1913 3066">
    <p class='ocr_par' dir='ltr' id='par_1_30' title="bbox 327 2990 1913 3066">
     <span class='ocr_line' id='line_1_30' title="bbox 327 2990 1913 3066; baseline -0.003 -16"><span class='ocrx_word' id='word_1_237' title='bbox 327 2997 524 3065; x_wconf 84' lang='lat' dir='ltr'><strong><em>inquit,</em></strong></span> <span class='ocrx_word' id='word_1_238' title='bbox 569 2997 731 3062; x_wconf 88' lang='lat' dir='ltr'><strong><em>solus,</em></strong></span> <span class='ocrx_word' id='word_1_239' title='bbox 766 2996 859 3052; x_wconf 90' lang='lat' dir='ltr'><strong><em>sed</em></strong></span> <span class='ocrx_word' id='word_1_240' title='bbox 900 2997 1060 3052; x_wconf 85' lang='lat' dir='ltr'><strong><em>etiam</em></strong></span> <span class='ocrx_word' id='word_1_241' title='bbox 1093 2998 1210 3066; x_wconf 85' lang='lat' dir='ltr'><strong><em>ejus</em></strong></span> <span class='ocrx_word' id='word_1_242' title='bbox 1240 2994 1486 3051; x_wconf 86' lang='lat' dir='ltr'><strong><em>heredes.</em></strong></span> <span class='ocrx_word' id='word_1_243' title='bbox 1531 2992 1734 3049; x_wconf 90' lang='lat' dir='ltr'><strong><em>Deinde</em></strong></span> <span class='ocrx_word' id='word_1_244' title='bbox 1772 2990 1913 3047; x_wconf 87' lang='lat' dir='ltr'><strong><em>aliud</em></strong></span> 
     </span>
    </p>
   </div>
   <div class='ocr_carea' id='block_1_31' title="bbox 326 3083 1914 3154">
    <p class='ocr_par' dir='ltr' id='par_1_31' title="bbox 326 3083 1914 3154">
     <span class='ocr_line' id='line_1_31' title="bbox 326 3083 1914 3154; baseline -0.002 -12"><span class='ocrx_word' id='word_1_245' title='bbox 326 3105 388 3142; x_wconf 79' lang='lat' dir='ltr'><strong><em>ex</em></strong></span> <span class='ocrx_word' id='word_1_246' title='bbox 419 3088 585 3143; x_wconf 84' lang='lat' dir='ltr'><strong><em>dictis</em></strong></span> <span class='ocrx_word' id='word_1_247' title='bbox 623 3088 818 3144; x_wconf 85' lang='lat' dir='ltr'><strong><em>clarius</em></strong></span> <span class='ocrx_word' id='word_1_248' title='bbox 856 3090 1117 3153; x_wconf 86' lang='lat' dir='ltr'><strong><em>enuntiat,</em></strong></span> <span class='ocrx_word' id='word_1_249' title='bbox 1163 3087 1350 3143; x_wconf 90' lang='lat' dir='ltr'><strong><em>dicens</em></strong></span> <span class='ocrx_word' id='word_1_250' title='bbox 1379 3103 1393 3139; x_wconf 90' lang='lat'><strong>:</strong></span> <span class='ocrx_word' id='word_1_251' title='bbox 1421 3085 1584 3140; x_wconf 72' lang='lat' dir='ltr'><strong><em>Juxta</em></strong></span> <span class='ocrx_word' id='word_1_252' title='bbox 1624 3085 1777 3154; x_wconf 80' lang='lat' dir='ltr'><strong><em>ﬁdem</em></strong></span> <span class='ocrx_word' id='word_1_253' title='bbox 1823 3083 1914 3139; x_wconf 86' lang='lat' dir='ltr'><strong><em>de-</em></strong></span> 
     </span>
    </p>
   </div>
   <div class='ocr_carea' id='block_1_32' title="bbox 327 3177 1918 3250">
    <p class='ocr_par' dir='ltr' id='par_1_32' title="bbox 327 3177 1918 3250">
     <span class='ocr_line' id='line_1_32' title="bbox 327 3177 1918 3250; baseline 0 -18"><span class='ocrx_word' id='word_1_254' title='bbox 327 3181 483 3246; x_wconf 77' lang='lat' dir='ltr'><strong><em>functi</em></strong></span> <span class='ocrx_word' id='word_1_255' title='bbox 526 3192 647 3237; x_wconf 89' lang='lat' dir='ltr'><strong><em>sunt</em></strong></span> <span class='ocrx_word' id='word_1_256' title='bbox 692 3199 863 3236; x_wconf 89' lang='lat' dir='ltr'><strong><em>omnes</em></strong></span> <span class='ocrx_word' id='word_1_257' title='bbox 904 3182 989 3236; x_wconf 90' lang='lat' dir='ltr'><strong><em>isti</em></strong></span> <span class='ocrx_word' id='word_1_258' title='bbox 1036 3199 1136 3236; x_wconf 90' lang='lat' dir='ltr'><strong><em>non</em></strong></span> <span class='ocrx_word' id='word_1_259' title='bbox 1182 3180 1402 3250; x_wconf 78' lang='lat' dir='ltr'><strong><em>acceptis</em></strong></span> <span class='ocrx_word' id='word_1_260' title='bbox 1445 3177 1918 3250; x_wconf 83' lang='lat' dir='ltr'><strong><em>repromissionibus</em></strong></span> 
     </span>
    </p>
   </div>
   <div class='ocr_carea' id='block_1_33' title="bbox 329 3272 1921 3343">
    <p class='ocr_par' dir='ltr' id='par_1_33' title="bbox 329 3272 1921 3343">
     <span class='ocr_line' id='line_1_33' title="bbox 329 3272 1921 3343; baseline -0.001 -18"><span class='ocrx_word' id='word_1_261' title='bbox 329 3272 476 3342; x_wconf 79' lang='lat' dir='ltr'><strong><em>(Gen.</em></strong></span> <span class='ocrx_word' id='word_1_262' title='bbox 499 3273 584 3327; x_wconf 74' lang='grc'><strong><em>12.</em></strong></span> <span class='ocrx_word' id='word_1_263' title='bbox 608 3274 696 3343; x_wconf 76' lang='grc'><strong><em>15)</em></strong></span> <span class='ocrx_word' id='word_1_264' title='bbox 712 3273 919 3343; x_wconf 76' lang='lat' dir='ltr'><strong><em>.Opera:</em></strong></span> <span class='ocrx_word' id='word_1_265' title='bbox 943 3275 1168 3343; x_wconf 86' lang='lat' dir='ltr'><strong><em>pretium</em></strong></span> <span class='ocrx_word' id='word_1_266' title='bbox 1180 3285 1263 3330; x_wconf 88' lang='lat' dir='ltr'><strong><em>est</em></strong></span> <span class='ocrx_word' id='word_1_267' title='bbox 1280 3272 1365 3328; x_wconf 91' lang='lat' dir='ltr'><strong><em>hic</em></strong></span> <span class='ocrx_word' id='word_1_268' title='bbox 1385 3272 1491 3328; x_wconf 90' lang='lat' dir='ltr'><strong><em>duo</em></strong></span> <span class='ocrx_word' id='word_1_269' title='bbox 1511 3285 1773 3342; x_wconf 69' lang='lat' dir='ltr'><strong><em>quarrere,</em></strong></span> <span class='ocrx_word' id='word_1_270' title='bbox 1787 3285 1921 3340; x_wconf 82' lang='lat' dir='ltr'><strong><em>quo-</em></strong></span> 
     </span>
    </p>
   </div>
   <div class='ocr_carea' id='block_1_34' title="bbox 331 3362 1920 3437">
    <p class='ocr_par' dir='ltr' id='par_1_34' title="bbox 331 3362 1920 3437">
     <span class='ocr_line' id='line_1_34' title="bbox 331 3362 1920 3437; baseline -0.001 -20"><span class='ocrx_word' id='word_1_271' title='bbox 331 3364 487 3418; x_wconf 88' lang='lat' dir='ltr'><strong><em>modo</em></strong></span> <span class='ocrx_word' id='word_1_272' title='bbox 524 3380 649 3420; x_wconf 89' lang='lat' dir='ltr'><strong><em>cum</em></strong></span> <span class='ocrx_word' id='word_1_273' title='bbox 690 3365 885 3420; x_wconf 81' lang='lat' dir='ltr'><strong><em>dixerit</em></strong></span> <span class='ocrx_word' id='word_1_274' title='bbox 910 3365 1050 3437; x_wconf 92' lang='lat' dir='ltr'><strong><em>quod</em></strong></span> <span class='ocrx_word' id='word_1_275' title='bbox 1084 3365 1353 3421; x_wconf 87' lang='lat' dir='ltr'><strong><em>transtulit</em></strong></span> <span class='ocrx_word' id='word_1_276' title='bbox 1379 3364 1586 3430; x_wconf 88' lang='lat' dir='ltr'><strong><em>Enoch,</em></strong></span> <span class='ocrx_word' id='word_1_277' title='bbox 1618 3373 1676 3418; x_wconf 90' lang='lat' dir='ltr'><strong><em>ut</em></strong></span> <span class='ocrx_word' id='word_1_278' title='bbox 1706 3378 1810 3418; x_wconf 90' lang='lat' dir='ltr'><strong><em>non</em></strong></span> <span class='ocrx_word' id='word_1_279' title='bbox 1840 3362 1920 3416; x_wconf 87' lang='lat' dir='ltr'><strong><em>vi-</em></strong></span> 
     </span>
    </p>
   </div>
   <div class='ocr_carea' id='block_1_35' title="bbox 329 3454 1914 3522">
    <p class='ocr_par' dir='ltr' id='par_1_35' title="bbox 329 3454 1914 3522">
     <span class='ocr_line' id='line_1_35' title="bbox 329 3454 1914 3522; baseline -0.002 -12"><span class='ocrx_word' id='word_1_280' title='bbox 329 3457 479 3511; x_wconf 81' lang='lat' dir='ltr'><strong><em>deret</em></strong></span> <span class='ocrx_word' id='word_1_281' title='bbox 526 3465 780 3521; x_wconf 77' lang='lat' dir='ltr'><strong><em>montem,</em></strong></span> <span class='ocrx_word' id='word_1_282' title='bbox 822 3467 876 3512; x_wconf 90' lang='lat' dir='ltr'><strong><em>et</em></strong></span> <span class='ocrx_word' id='word_1_283' title='bbox 929 3473 1034 3512; x_wconf 92' lang='lat' dir='ltr'><strong><em>non</em></strong></span> <span class='ocrx_word' id='word_1_284' title='bbox 1089 3457 1480 3522; x_wconf 81' lang='lat' dir='ltr'><strong><em>inveniebatur,</em></strong></span> <span class='ocrx_word' id='word_1_285' title='bbox 1537 3455 1669 3512; x_wconf 87' lang='lat' dir='ltr'><strong><em>dicit</em></strong></span> <span class='ocrx_word' id='word_1_286' title='bbox 1707 3454 1914 3509; x_wconf 78' lang='lat' dir='ltr'><strong><em>:Juxta</em></strong></span> 
     </span>
    </p>
   </div>
   <div class='ocr_carea' id='block_1_36' title="bbox 329 3547 1912 3620">
    <p class='ocr_par' dir='ltr' id='par_1_36' title="bbox 329 3547 1912 3620">
     <span class='ocr_line' id='line_1_36' title="bbox 329 3547 1912 3620; baseline -0.001 -18"><span class='ocrx_word' id='word_1_287' title='bbox 329 3551 477 3616; x_wconf 81' lang='lat' dir='ltr'><strong><em>ﬁdem</em></strong></span> <span class='ocrx_word' id='word_1_288' title='bbox 520 3550 747 3620; x_wconf 82' lang='lat' dir='ltr'><strong><em>defuncti</em></strong></span> <span class='ocrx_word' id='word_1_289' title='bbox 789 3561 908 3606; x_wconf 89' lang='lat' dir='ltr'><strong><em>sunt</em></strong></span> <span class='ocrx_word' id='word_1_290' title='bbox 938 3567 1107 3605; x_wconf 90' lang='lat' dir='ltr'><strong><em>omnes</em></strong></span> <span class='ocrx_word' id='word_1_291' title='bbox 1136 3550 1237 3605; x_wconf 85' lang='lat' dir='ltr'><strong><em>isti.</em></strong></span> <span class='ocrx_word' id='word_1_292' title='bbox 1270 3549 1338 3604; x_wconf 84' lang='lat' dir='ltr'><strong><em>Et</em></strong></span> <span class='ocrx_word' id='word_1_293' title='bbox 1367 3564 1574 3613; x_wconf 88' lang='lat' dir='ltr'><strong><em>rursus,</em></strong></span> <span class='ocrx_word' id='word_1_294' title='bbox 1603 3563 1724 3603; x_wconf 90' lang='lat' dir='ltr'><strong><em>cum</em></strong></span> <span class='ocrx_word' id='word_1_295' title='bbox 1763 3547 1912 3602; x_wconf 81' lang='lat' dir='ltr'><strong><em>dixe-</em></strong></span> 
     </span>
    </p>
   </div>
   <div class='ocr_carea' id='block_1_37' title="bbox 328 3638 1916 3712">
    <p class='ocr_par' dir='ltr' id='par_1_37' title="bbox 328 3638 1916 3712">
     <span class='ocr_line' id='line_1_37' title="bbox 328 3638 1916 3712; baseline 0 -18"><span class='ocrx_word' id='word_1_296' title='bbox 328 3643 418 3704; x_wconf 84' lang='lat' dir='ltr'><strong><em>rit,</em></strong></span> <span class='ocrx_word' id='word_1_297' title='bbox 452 3641 575 3696; x_wconf 70' lang='lat' dir='ltr'><strong><em>Non</em></strong></span> <span class='ocrx_word' id='word_1_298' title='bbox 607 3643 827 3711; x_wconf 85' lang='lat' dir='ltr'><strong><em>acceptis</em></strong></span> <span class='ocrx_word' id='word_1_299' title='bbox 860 3641 1295 3712; x_wconf 78' lang='lat' dir='ltr'><strong><em>promissionibus,</em></strong></span> <span class='ocrx_word' id='word_1_300' title='bbox 1338 3640 1466 3695; x_wconf 90' lang='lat' dir='ltr'><strong><em>dicit</em></strong></span> <span class='ocrx_word' id='word_1_301' title='bbox 1493 3640 1605 3695; x_wconf 86' lang='lat' dir='ltr'><strong><em>Noe</em></strong></span> <span class='ocrx_word' id='word_1_302' title='bbox 1644 3638 1916 3708; x_wconf 86' lang='lat' dir='ltr'><strong><em>accepisse</em></strong></span> 
     </span>
    </p>
   </div>
   <div class='ocr_carea' id='block_1_38' title="bbox 331 3732 1918 3795">
    <p class='ocr_par' dir='ltr' id='par_1_38' title="bbox 331 3732 1918 3795">
     <span class='ocr_line' id='line_1_38' title="bbox 331 3732 1918 3795; baseline -0.001 -9"><span class='ocrx_word' id='word_1_303' title='bbox 331 3733 634 3788; x_wconf 82' lang='lat' dir='ltr'><strong><em>mercedem</em></strong></span> <span class='ocrx_word' id='word_1_304' title='bbox 667 3733 892 3788; x_wconf 86' lang='lat' dir='ltr'><strong><em>salutem</em></strong></span> <span class='ocrx_word' id='word_1_305' title='bbox 919 3733 1109 3788; x_wconf 82' lang='lat' dir='ltr'><strong><em>domus</em></strong></span> <span class='ocrx_word' id='word_1_306' title='bbox 1137 3747 1269 3795; x_wconf 70' lang='lat' dir='ltr'><strong><em>sum,</em></strong></span> <span class='ocrx_word' id='word_1_307' title='bbox 1301 3744 1352 3788; x_wconf 92' lang='lat' dir='ltr'><strong><em>et</em></strong></span> <span class='ocrx_word' id='word_1_308' title='bbox 1384 3732 1564 3786; x_wconf 83' lang='lat' dir='ltr'><strong><em>Enoch</em></strong></span> <span class='ocrx_word' id='word_1_309' title='bbox 1595 3745 1715 3786; x_wconf 90' lang='lat' dir='ltr'><strong><em>esse</em></strong></span> <span class='ocrx_word' id='word_1_310' title='bbox 1745 3739 1918 3784; x_wconf 77' lang='lat' dir='ltr'><strong><em>trans-</em></strong></span> 
     </span>
    </p>
   </div>
   <div class='ocr_carea' id='block_1_39' title="bbox 329 3821 1910 3895">
    <p class='ocr_par' dir='ltr' id='par_1_39' title="bbox 329 3821 1910 3895">
     <span class='ocr_line' id='line_1_39' title="bbox 329 3821 1910 3895; baseline 0.001 -19"><span class='ocrx_word' id='word_1_311' title='bbox 329 3825 516 3889; x_wconf 88' lang='lat' dir='ltr'><strong><em>latum,</em></strong></span> <span class='ocrx_word' id='word_1_312' title='bbox 553 3835 608 3879; x_wconf 86' lang='lat' dir='ltr'><strong><em>et</em></strong></span> <span class='ocrx_word' id='word_1_313' title='bbox 649 3825 782 3880; x_wconf 87' lang='lat' dir='ltr'><strong><em>Abel</em></strong></span> <span class='ocrx_word' id='word_1_314' title='bbox 825 3824 1001 3879; x_wconf 89' lang='lat' dir='ltr'><strong><em>adhuc</em></strong></span> <span class='ocrx_word' id='word_1_315' title='bbox 1041 3825 1204 3895; x_wconf 90' lang='lat' dir='ltr'><strong><em>loqui,</em></strong></span> <span class='ocrx_word' id='word_1_316' title='bbox 1248 3833 1302 3880; x_wconf 90' lang='lat' dir='ltr'><strong><em>ct</em></strong></span> <span class='ocrx_word' id='word_1_317' title='bbox 1332 3823 1598 3879; x_wconf 83' lang='lat' dir='ltr'><strong><em>Abraham</em></strong></span> <span class='ocrx_word' id='word_1_318' title='bbox 1633 3821 1910 3891; x_wconf 82' lang='lat' dir='ltr'><strong><em>accepisse</em></strong></span> 
     </span>
    </p>
   </div>
   <div class='ocr_carea' id='block_1_40' title="bbox 331 3915 1916 3986">
    <p class='ocr_par' dir='ltr' id='par_1_40' title="bbox 331 3915 1916 3986">
     <span class='ocr_line' id='line_1_40' title="bbox 331 3915 1916 3986; baseline -0.001 -16"><span class='ocrx_word' id='word_1_319' title='bbox 331 3928 550 3980; x_wconf 77' lang='lat' dir='ltr'><strong><em>terram,</em></strong></span> <span class='ocrx_word' id='word_1_320' title='bbox 606 3926 662 3971; x_wconf 89' lang='lat' dir='ltr'><strong><em>et</em></strong></span> <span class='ocrx_word' id='word_1_321' title='bbox 702 3916 829 3972; x_wconf 90' lang='lat' dir='ltr'><strong><em>dicit</em></strong></span> <span class='ocrx_word' id='word_1_322' title='bbox 862 3935 874 3969; x_wconf 92' lang='lat'><strong>:</strong></span> <span class='ocrx_word' id='word_1_323' title='bbox 907 3916 1069 3970; x_wconf 78' lang='lat' dir='ltr'><strong><em>Juxta</em></strong></span> <span class='ocrx_word' id='word_1_324' title='bbox 1111 3917 1266 3985; x_wconf 83' lang='lat' dir='ltr'><strong><em>ﬁdem</em></strong></span> <span class='ocrx_word' id='word_1_325' title='bbox 1311 3915 1539 3986; x_wconf 82' lang='lat' dir='ltr'><strong><em>defuncti</em></strong></span> <span class='ocrx_word' id='word_1_326' title='bbox 1586 3923 1704 3969; x_wconf 88' lang='lat' dir='ltr'><strong><em>sunt</em></strong></span> <span class='ocrx_word' id='word_1_327' title='bbox 1746 3931 1916 3968; x_wconf 85' lang='lat' dir='ltr'><strong><em>omnes</em></strong></span> 
     </span>
    </p>
   </div>
   <div class='ocr_carea' id='block_1_41' title="bbox 329 4005 1914 4079">
    <p class='ocr_par' dir='ltr' id='par_1_41' title="bbox 329 4005 1914 4079">
     <span class='ocr_line' id='line_1_41' title="bbox 329 4005 1914 4079; baseline -0.002 -18"><span class='ocrx_word' id='word_1_328' title='bbox 329 4011 426 4073; x_wconf 83' lang='lat' dir='ltr'><strong><em>isti,</em></strong></span> <span class='ocrx_word' id='word_1_329' title='bbox 460 4025 562 4062; x_wconf 87' lang='lat' dir='ltr'><strong><em>non</em></strong></span> <span class='ocrx_word' id='word_1_330' title='bbox 598 4010 814 4078; x_wconf 86' lang='lat' dir='ltr'><strong><em>acceptis</em></strong></span> <span class='ocrx_word' id='word_1_331' title='bbox 863 4008 1297 4079; x_wconf 82' lang='lat' dir='ltr'><strong><em>promissionibus.</em></strong></span> <span class='ocrx_word' id='word_1_332' title='bbox 1337 4006 1476 4074; x_wconf 82' lang='lat' dir='ltr'><strong><em>Quid</em></strong></span> <span class='ocrx_word' id='word_1_333' title='bbox 1523 4021 1652 4075; x_wconf 90' lang='lat' dir='ltr'><strong><em>ergo</em></strong></span> <span class='ocrx_word' id='word_1_334' title='bbox 1687 4005 1801 4059; x_wconf 84' lang='lat' dir='ltr'><strong><em>vult.</em></strong></span> <span class='ocrx_word' id='word_1_335' title='bbox 1828 4005 1914 4059; x_wconf 82' lang='lat' dir='ltr'><strong><em>di—</em></strong></span> 
     </span>
    </p>
   </div>
   <div class='ocr_carea' id='block_1_42' title="bbox 328 4094 1913 4167">
    <p class='ocr_par' dir='ltr' id='par_1_42' title="bbox 328 4094 1913 4167">
     <span class='ocr_line' id='line_1_42' title="bbox 328 4094 1913 4167; baseline -0.003 -15"><span class='ocrx_word' id='word_1_336' title='bbox 328 4099 489 4154; x_wconf 78' lang='lat' dir='ltr'><strong><em>cere?</em></strong></span> <span class='ocrx_word' id='word_1_337' title='bbox 511 4099 744 4154; x_wconf 78' lang='lat' dir='ltr'><strong><em>Necesse</em></strong></span> <span class='ocrx_word' id='word_1_338' title='bbox 770 4106 852 4153; x_wconf 91' lang='lat' dir='ltr'><strong><em>cst</em></strong></span> <span class='ocrx_word' id='word_1_339' title='bbox 874 4099 1100 4167; x_wconf 85' lang='lat' dir='ltr'><strong><em>primum</em></strong></span> <span class='ocrx_word' id='word_1_340' title='bbox 1127 4097 1359 4161; x_wconf 89' lang='lat' dir='ltr'><strong><em>solvere,</em></strong></span> <span class='ocrx_word' id='word_1_341' title='bbox 1386 4095 1581 4151; x_wconf 89' lang='lat' dir='ltr'><strong><em>deinde</em></strong></span> <span class='ocrx_word' id='word_1_342' title='bbox 1599 4094 1913 4151; x_wconf 88' lang='lat' dir='ltr'><strong><em>secundum.</em></strong></span> 
     </span>
    </p>
   </div>
   <div class='ocr_carea' id='block_1_43' title="bbox 329 4189 1913 4263">
    <p class='ocr_par' dir='ltr' id='par_1_43' title="bbox 329 4189 1913 4263">
     <span class='ocr_line' id='line_1_43' title="bbox 329 4189 1913 4263; baseline -0.003 -15"><span class='ocrx_word' id='word_1_343' title='bbox 329 4194 486 4250; x_wconf 65' lang='lat' dir='ltr'><strong><em>Juxta</em></strong></span> <span class='ocrx_word' id='word_1_344' title='bbox 528 4195 684 4263; x_wconf 77' lang='lat' dir='ltr'><strong><em>ﬁdem</em></strong></span> <span class='ocrx_word' id='word_1_345' title='bbox 728 4195 912 4247; x_wconf 86' lang='lat' dir='ltr'><strong><em>mortui</em></strong></span> <span class='ocrx_word' id='word_1_346' title='bbox 953 4201 1089 4260; x_wconf 87' lang='lat' dir='ltr'><strong><em>sunt,</em></strong></span> <span class='ocrx_word' id='word_1_347' title='bbox 1124 4192 1316 4263; x_wconf 89' lang='lat' dir='ltr'><strong><em>inquit,</em></strong></span> <span class='ocrx_word' id='word_1_348' title='bbox 1358 4206 1531 4244; x_wconf 86' lang='lat' dir='ltr'><strong><em>omnes</em></strong></span> <span class='ocrx_word' id='word_1_349' title='bbox 1567 4189 1668 4243; x_wconf 89' lang='lat' dir='ltr'><strong><em>isti.</em></strong></span> <span class='ocrx_word' id='word_1_350' title='bbox 1707 4189 1913 4256; x_wconf 83' lang='lat' dir='ltr'><strong><em>Omnes,</em></strong></span> 
     </span>
    </p>
   </div>
   <div class='ocr_carea' id='block_1_44' title="bbox 329 4280 1918 4358">
    <p class='ocr_par' dir='ltr' id='par_1_44' title="bbox 329 4280 1918 4358">
     <span class='ocr_line' id='line_1_44' title="bbox 329 4280 1918 4358; baseline -0.003 -18"><span class='ocrx_word' id='word_1_351' title='bbox 329 4303 429 4342; x_wconf 73' lang='lat' dir='ltr'><strong><em>non</em></strong></span> <span class='ocrx_word' id='word_1_352' title='bbox 460 4287 715 4358; x_wconf 89' lang='lat' dir='ltr'><strong><em>quoniam</em></strong></span> <span class='ocrx_word' id='word_1_353' title='bbox 744 4299 930 4339; x_wconf 89' lang='lat' dir='ltr'><strong><em>omnes</em></strong></span> <span class='ocrx_word' id='word_1_354' title='bbox 975 4293 1098 4339; x_wconf 86' lang='lat' dir='ltr'><strong><em>sunt</em></strong></span> <span class='ocrx_word' id='word_1_355' title='bbox 1129 4283 1344 4347; x_wconf 91' lang='lat' dir='ltr'><strong><em>mortui,</em></strong></span> <span class='ocrx_word' id='word_1_356' title='bbox 1390 4281 1485 4337; x_wconf 89' lang='lat' dir='ltr'><strong><em>sed</em></strong></span> <span class='ocrx_word' id='word_1_357' title='bbox 1530 4281 1780 4351; x_wconf 84' lang='lat' dir='ltr'><strong><em>quoniam</em></strong></span> <span class='ocrx_word' id='word_1_358' title='bbox 1821 4280 1918 4335; x_wconf 91' lang='lat' dir='ltr'><strong><em>illo</em></strong></span> 
     </span>
    </p>
   </div>
   <div class='ocr_carea' id='block_1_45' title="bbox 326 4371 1911 4448">
    <p class='ocr_par' dir='ltr' id='par_1_45' title="bbox 326 4371 1911 4448">
     <span class='ocr_line' id='line_1_45' title="bbox 326 4371 1911 4448; baseline -0.008 -16"><span class='ocrx_word' id='word_1_359' title='bbox 326 4388 550 4448; x_wconf 80' lang='lat' dir='ltr'><strong><em>excepto</em></strong></span> <span class='ocrx_word' id='word_1_360' title='bbox 563 4393 753 4431; x_wconf 85' lang='lat' dir='ltr'><strong><em>omnes</em></strong></span> <span class='ocrx_word' id='word_1_361' title='bbox 772 4377 858 4430; x_wconf 89' lang='lat' dir='ltr'><strong><em>isti</em></strong></span> <span class='ocrx_word' id='word_1_362' title='bbox 884 4386 1008 4430; x_wconf 91' lang='lat' dir='ltr'><strong><em>sunt</em></strong></span> <span class='ocrx_word' id='word_1_363' title='bbox 1025 4376 1244 4439; x_wconf 89' lang='lat' dir='ltr'><strong><em>mortui,</em></strong></span> <span class='ocrx_word' id='word_1_364' title='bbox 1258 4387 1395 4445; x_wconf 87' lang='lat' dir='ltr'><strong><em>quos</em></strong></span> <span class='ocrx_word' id='word_1_365' title='bbox 1408 4371 1613 4427; x_wconf 89' lang='lat' dir='ltr'><strong><em>scimus</em></strong></span> <span class='ocrx_word' id='word_1_366' title='bbox 1629 4382 1748 4423; x_wconf 91' lang='lat' dir='ltr'><strong><em>esse</em></strong></span> <span class='ocrx_word' id='word_1_367' title='bbox 1762 4380 1911 4421; x_wconf 86' lang='lat' dir='ltr'><strong><em>mor-</em></strong></span> 
     </span>
    </p>
   </div>
   <div class='ocr_carea' id='block_1_46' title="bbox 330 4460 1908 4538">
    <p class='ocr_par' dir='ltr' id='par_1_46' title="bbox 330 4460 1908 4538">
     <span class='ocr_line' id='line_1_46' title="bbox 330 4460 1908 4538; baseline -0.006 -15"><span class='ocrx_word' id='word_1_368' title='bbox 330 4479 472 4523; x_wconf 89' lang='lat' dir='ltr'><strong><em>tuos.</em></strong></span> <span class='ocrx_word' id='word_1_369' title='bbox 493 4468 630 4522; x_wconf 87' lang='lat' dir='ltr'><strong><em>Illud</em></strong></span> <span class='ocrx_word' id='word_1_370' title='bbox 653 4468 984 4531; x_wconf 80' lang='lat' dir='ltr'><strong><em>autem,l\&#39;on</em></strong></span> <span class='ocrx_word' id='word_1_371' title='bbox 999 4469 1223 4538; x_wconf 83' lang='lat' dir='ltr'><strong><em>acceptis</em></strong></span> <span class='ocrx_word' id='word_1_372' title='bbox 1246 4460 1798 4534; x_wconf 85' lang='lat' dir='ltr'><strong><em>promissionibus,est</em></strong></span> <span class='ocrx_word' id='word_1_373' title='bbox 1815 4473 1908 4514; x_wconf 81' lang='lat' dir='ltr'><strong><em>ve-</em></strong></span> 
     </span>
    </p>
   </div>
   <div class='ocr_carea' id='block_1_47' title="bbox 325 4550 1912 4625">
    <p class='ocr_par' dir='ltr' id='par_1_47' title="bbox 325 4550 1912 4625">
     <span class='ocr_line' id='line_1_47' title="bbox 325 4550 1912 4625; baseline -0.009 -9"><span class='ocrx_word' id='word_1_374' title='bbox 325 4577 439 4616; x_wconf 89' lang='lat' dir='ltr'><strong><em>rum</em></strong></span> <span class='ocrx_word' id='word_1_375' title='bbox 463 4579 475 4614; x_wconf 92' lang='lat'>:</span> <span class='ocrx_word' id='word_1_376' title='bbox 498 4575 607 4614; x_wconf 87' lang='lat' dir='ltr'><strong><em>non</em></strong></span> <span class='ocrx_word' id='word_1_377' title='bbox 627 4559 725 4613; x_wconf 92' lang='lat' dir='ltr'><strong><em>hoc</em></strong></span> <span class='ocrx_word' id='word_1_378' title='bbox 740 4558 880 4614; x_wconf 90' lang='lat' dir='ltr'><strong><em>enim</em></strong></span> <span class='ocrx_word' id='word_1_379' title='bbox 901 4557 1132 4613; x_wconf 84' lang='lat' dir='ltr'><strong><em>futurum</em></strong></span> <span class='ocrx_word' id='word_1_380' title='bbox 1162 4556 1466 4612; x_wconf 87' lang='lat' dir='ltr'><strong><em>enuntiabat</em></strong></span> <span class='ocrx_word' id='word_1_381' title='bbox 1481 4553 1592 4610; x_wconf 84' lang='lat' dir='ltr'><strong><em>Noe</em></strong></span> <span class='ocrx_word' id='word_1_382' title='bbox 1608 4550 1912 4625; x_wconf 91' lang='lat' dir='ltr'><strong><em>promissio.</em></strong></span> 
     </span>
    </p>
   </div>
   <div class='ocr_carea' id='block_1_48' title="bbox 391 4641 1907 4720">
    <p class='ocr_par' dir='ltr' id='par_1_48' title="bbox 391 4641 1907 4720">
     <span class='ocr_line' id='line_1_48' title="bbox 391 4641 1907 4720; baseline -0.009 -13"><span class='ocrx_word' id='word_1_383' title='bbox 391 4654 446 4707; x_wconf 74' lang='lat'><strong><em>2.</em></strong></span> <span class='ocrx_word' id='word_1_384' title='bbox 493 4653 639 4720; x_wconf 88' lang='lat' dir='ltr'><strong><em>Quas</em></strong></span> <span class='ocrx_word' id='word_1_385' title='bbox 671 4659 845 4704; x_wconf 87' lang='lat' dir='ltr'><strong><em>autem</em></strong></span> <span class='ocrx_word' id='word_1_386' title='bbox 881 4649 1014 4703; x_wconf 88' lang='lat' dir='ltr'><strong><em>dicit</em></strong></span> <span class='ocrx_word' id='word_1_387' title='bbox 1050 4645 1469 4719; x_wconf 85' lang='lat' dir='ltr'><strong><em>promissiones?</em></strong></span> <span class='ocrx_word' id='word_1_388' title='bbox 1511 4645 1658 4700; x_wconf 83' lang='lat' dir='ltr'><strong><em>lsaac</em></strong></span> <span class='ocrx_word' id='word_1_389' title='bbox 1691 4641 1907 4712; x_wconf 88' lang='lat' dir='ltr'><strong><em>quidem</em></strong></span> 
     </span>
    </p>
   </div>
   <div class='ocr_carea' id='block_1_49' title="bbox 321 4734 1911 4810">
    <p class='ocr_par' dir='ltr' id='par_1_49' title="bbox 321 4734 1911 4810">
     <span class='ocr_line' id='line_1_49' title="bbox 321 4734 1911 4810; baseline -0.008 -13"><span class='ocrx_word' id='word_1_390' title='bbox 321 4757 370 4798; x_wconf 84' lang='lat' dir='ltr'><strong><em>et</em></strong></span> <span class='ocrx_word' id='word_1_391' title='bbox 399 4745 568 4800; x_wconf 84' lang='lat' dir='ltr'><strong><em>Jacob</em></strong></span> <span class='ocrx_word' id='word_1_392' title='bbox 601 4749 918 4810; x_wconf 69' lang='lat' dir='ltr'><strong><em>acceperunt</em></strong></span> <span class='ocrx_word' id='word_1_393' title='bbox 945 4749 1098 4794; x_wconf 73' lang='lat' dir='ltr'><strong><em>terra:</em></strong></span> <span class='ocrx_word' id='word_1_394' title='bbox 1121 4736 1541 4808; x_wconf 89' lang='lat' dir='ltr'><strong><em>promissiones;</em></strong></span> <span class='ocrx_word' id='word_1_395' title='bbox 1565 4734 1677 4789; x_wconf 81' lang='lat' dir='ltr'><strong><em>Noe</em></strong></span> <span class='ocrx_word' id='word_1_396' title='bbox 1703 4740 1911 4797; x_wconf 89' lang='lat' dir='ltr'><strong><em>autem,</em></strong></span> 
     </span>
    </p>
   </div>
   <div class='ocr_carea' id='block_1_50' title="bbox 326 4814 1917 4892">
    <p class='ocr_par' dir='ltr' id='par_1_50' title="bbox 326 4814 1917 4892">
     <span class='ocr_line' id='line_1_50' title="bbox 326 4814 1917 4892; baseline -0.005 -15"><span class='ocrx_word' id='word_1_397' title='bbox 326 4826 459 4879; x_wconf 73' lang='lat' dir='ltr'><strong><em>Abel</em></strong></span> <span class='ocrx_word' id='word_1_398' title='bbox 509 4834 563 4877; x_wconf 90' lang='lat' dir='ltr'><strong><em>et</em></strong></span> <span class='ocrx_word' id='word_1_399' title='bbox 597 4822 781 4877; x_wconf 86' lang='lat' dir='ltr'><strong><em>Enoch</em></strong></span> <span class='ocrx_word' id='word_1_400' title='bbox 821 4837 1078 4892; x_wconf 87' lang='lat' dir='ltr'><strong><em>quasnam</em></strong></span> <span class='ocrx_word' id='word_1_401' title='bbox 1121 4829 1444 4889; x_wconf 85' lang='lat' dir='ltr'><strong><em>acceperunt</em></strong></span> <span class='ocrx_word' id='word_1_402' title='bbox 1485 4814 1917 4889; x_wconf 80' lang='lat' dir='ltr'><strong><em>promissiones?</em></strong></span> 
     </span>
    </p>
   </div>
   <div class='ocr_carea' id='block_1_51' title="bbox 327 4908 1913 4987">
    <p class='ocr_par' dir='ltr' id='par_1_51' title="bbox 327 4908 1913 4987">
     <span class='ocr_line' id='line_1_51' title="bbox 327 4908 1913 4987; baseline -0.006 -14"><span class='ocrx_word' id='word_1_403' title='bbox 327 4925 429 4973; x_wconf 77' lang='lat' dir='ltr'><strong><em>Aut</em></strong></span> <span class='ocrx_word' id='word_1_404' title='bbox 455 4931 589 4987; x_wconf 85' lang='lat' dir='ltr'><strong><em>ergo</em></strong></span> <span class='ocrx_word' id='word_1_405' title='bbox 633 4916 762 4969; x_wconf 87' lang='lat' dir='ltr'><strong><em>dicit</em></strong></span> <span class='ocrx_word' id='word_1_406' title='bbox 803 4915 870 4970; x_wconf 88' lang='lat' dir='ltr'><strong><em>de</em></strong></span> <span class='ocrx_word' id='word_1_407' title='bbox 915 4915 998 4969; x_wconf 86' lang='lat' dir='ltr'><strong><em>his</em></strong></span> <span class='ocrx_word' id='word_1_408' title='bbox 1031 4914 1199 4968; x_wconf 88' lang='lat' dir='ltr'><strong><em>trilms</em></strong></span> <span class='ocrx_word' id='word_1_409' title='bbox 1233 4931 1246 4966; x_wconf 91' lang='lat'><strong>:</strong></span> <span class='ocrx_word' id='word_1_410' title='bbox 1279 4923 1368 4967; x_wconf 86' lang='lat' dir='ltr'><strong><em>aut</em></strong></span> <span class='ocrx_word' id='word_1_411' title='bbox 1401 4913 1444 4968; x_wconf 90' lang='lat' dir='ltr'><strong><em>si</em></strong></span> <span class='ocrx_word' id='word_1_412' title='bbox 1477 4913 1640 4968; x_wconf 83' lang='lat' dir='ltr'><strong><em>etiam</em></strong></span> <span class='ocrx_word' id='word_1_413' title='bbox 1679 4911 1747 4966; x_wconf 90' lang='lat' dir='ltr'><strong><em>de</em></strong></span> <span class='ocrx_word' id='word_1_414' title='bbox 1788 4908 1913 4975; x_wconf 86' lang='lat' dir='ltr'><strong><em>illis,</em></strong></span> 
     </span>
    </p>
   </div>
   <div class='ocr_carea' id='block_1_52' title="bbox 329 5002 1914 5076">
    <p class='ocr_par' dir='ltr' id='par_1_52' title="bbox 329 5002 1914 5076">
     <span class='ocr_line' id='line_1_52' title="bbox 329 5002 1914 5076; baseline -0.004 -13"><span class='ocrx_word' id='word_1_415' title='bbox 329 5027 430 5063; x_wconf 87' lang='lat' dir='ltr'><strong><em>non</em></strong></span> <span class='ocrx_word' id='word_1_416' title='bbox 464 5011 568 5063; x_wconf 90' lang='lat' dir='ltr'><strong><em>hoc</em></strong></span> <span class='ocrx_word' id='word_1_417' title='bbox 594 5017 711 5062; x_wconf 89' lang='lat' dir='ltr'><strong><em>erat</em></strong></span> <span class='ocrx_word' id='word_1_418' title='bbox 758 5006 1064 5076; x_wconf 86' lang='lat' dir='ltr'><strong><em>promissio,</em></strong></span> <span class='ocrx_word' id='word_1_419' title='bbox 1113 5005 1256 5074; x_wconf 89' lang='lat' dir='ltr'><strong><em>quod</em></strong></span> <span class='ocrx_word' id='word_1_420' title='bbox 1298 5005 1430 5060; x_wconf 84' lang='lat' dir='ltr'><strong><em>Abel</em></strong></span> <span class='ocrx_word' id='word_1_421' title='bbox 1476 5004 1572 5059; x_wconf 79' lang='lat' dir='ltr'><strong><em>fuit</em></strong></span> <span class='ocrx_word' id='word_1_422' title='bbox 1609 5004 1820 5058; x_wconf 88' lang='lat' dir='ltr'><strong><em>habitus</em></strong></span> <span class='ocrx_word' id='word_1_423' title='bbox 1863 5002 1914 5057; x_wconf 90' lang='lat' dir='ltr'><strong><em>in</em></strong></span> 
     </span>
    </p>
   </div>
   <div class='ocr_carea' id='block_1_53' title="bbox 329 5095 1914 5169">
    <p class='ocr_par' dir='ltr' id='par_1_53' title="bbox 329 5095 1914 5169">
     <span class='ocr_line' id='line_1_53' title="bbox 329 5095 1914 5169; baseline -0.004 -13"><span class='ocrx_word' id='word_1_424' title='bbox 329 5101 718 5161; x_wconf 85' lang='lat' dir='ltr'><strong><em>admiratione.</em></strong></span> <span class='ocrx_word' id='word_1_425' title='bbox 787 5099 931 5169; x_wconf 90' lang='lat' dir='ltr'><strong><em>quod</em></strong></span> <span class='ocrx_word' id='word_1_426' title='bbox 990 5098 1179 5152; x_wconf 83' lang='lat' dir='ltr'><strong><em>Enoch</em></strong></span> <span class='ocrx_word' id='word_1_427' title='bbox 1247 5098 1347 5152; x_wconf 81' lang='lat' dir='ltr'><strong><em>fuit</em></strong></span> <span class='ocrx_word' id='word_1_428' title='bbox 1400 5098 1706 5164; x_wconf 88' lang='lat' dir='ltr'><strong><em>translatus,</em></strong></span> <span class='ocrx_word' id='word_1_429' title='bbox 1772 5095 1914 5166; x_wconf 86' lang='lat' dir='ltr'><strong><em>quod</em></strong></span> 
     </span>
    </p>
   </div>
   <div class='ocr_carea' id='block_1_54' title="bbox 329 5190 1915 5260">
    <p class='ocr_par' dir='ltr' id='par_1_54' title="bbox 329 5190 1915 5260">
     <span class='ocr_line' id='line_1_54' title="bbox 329 5190 1915 5260; baseline -0.004 -12"><span class='ocrx_word' id='word_1_430' title='bbox 329 5204 582 5249; x_wconf 82' lang='lat' dir='ltr'><strong><em>servatus</em></strong></span> <span class='ocrx_word' id='word_1_431' title='bbox 632 5193 727 5245; x_wconf 83' lang='lat' dir='ltr'><strong><em>fuit</em></strong></span> <span class='ocrx_word' id='word_1_432' title='bbox 756 5191 1035 5255; x_wconf 84' lang='lat' dir='ltr'><strong><em>Noc;sed</em></strong></span> <span class='ocrx_word' id='word_1_433' title='bbox 1085 5190 1199 5245; x_wconf 59' lang='lat' dir='ltr'><strong><em>hare</em></strong></span> <span class='ocrx_word' id='word_1_434' title='bbox 1247 5190 1461 5260; x_wconf 88' lang='lat' dir='ltr'><strong><em>quidem</em></strong></span> <span class='ocrx_word' id='word_1_435' title='bbox 1513 5190 1590 5246; x_wconf 89' lang='lat' dir='ltr'><strong><em>eis</em></strong></span> <span class='ocrx_word' id='word_1_436' title='bbox 1621 5197 1915 5246; x_wconf 86' lang='lat' dir='ltr'><strong><em>evenerunt</em></strong></span> 
     </span>
    </p>
   </div>
   <div class='ocr_carea' id='block_1_55' title="bbox 330 5279 1919 5355">
    <p class='ocr_par' dir='ltr' id='par_1_55' title="bbox 330 5279 1919 5355">
     <span class='ocr_line' id='line_1_55' title="bbox 330 5279 1919 5355; baseline -0.004 -17"><span class='ocrx_word' id='word_1_437' title='bbox 330 5295 548 5355; x_wconf 84' lang='lat' dir='ltr'><strong><em>propter</em></strong></span> <span class='ocrx_word' id='word_1_438' title='bbox 567 5285 847 5348; x_wconf 85' lang='lat' dir='ltr'><strong><em>virtutem,</em></strong></span> <span class='ocrx_word' id='word_1_439' title='bbox 879 5291 1033 5336; x_wconf 85' lang='lat' dir='ltr'><strong><em>erant</em></strong></span> <span class='ocrx_word' id='word_1_440' title='bbox 1054 5290 1235 5336; x_wconf 89' lang='lat' dir='ltr'><strong><em>autem</em></strong></span> <span class='ocrx_word' id='word_1_441' title='bbox 1259 5281 1474 5350; x_wconf 89' lang='lat' dir='ltr'><strong><em>quidam</em></strong></span> <span class='ocrx_word' id='word_1_442' title='bbox 1502 5289 1688 5352; x_wconf 77' lang='lat' dir='ltr'><strong><em>gustus</em></strong></span> <span class='ocrx_word' id='word_1_443' title='bbox 1709 5279 1919 5334; x_wconf 81' lang='lat' dir='ltr'><strong><em>futuro-</em></strong></span> 
     </span>
    </p>
   </div>
   <div class='ocr_carea' id='block_1_56' title="bbox 331 5370 1919 5443">
    <p class='ocr_par' dir='ltr' id='par_1_56' title="bbox 331 5370 1919 5443">
     <span class='ocr_line' id='line_1_56' title="bbox 331 5370 1919 5443; baseline -0.003 -12"><span class='ocrx_word' id='word_1_444' title='bbox 331 5391 472 5431; x_wconf 86' lang='lat' dir='ltr'><strong><em>rum.</em></strong></span> <span class='ocrx_word' id='word_1_445' title='bbox 503 5376 648 5431; x_wconf 87' lang='lat' dir='ltr'><strong><em>Deus</em></strong></span> <span class='ocrx_word' id='word_1_446' title='bbox 685 5374 828 5428; x_wconf 91' lang='lat' dir='ltr'><strong><em>enim</em></strong></span> <span class='ocrx_word' id='word_1_447' title='bbox 873 5387 994 5426; x_wconf 90' lang='lat' dir='ltr'><strong><em>cum</em></strong></span> <span class='ocrx_word' id='word_1_448' title='bbox 1029 5373 1235 5428; x_wconf 87' lang='lat' dir='ltr'><strong><em>videret</em></strong></span> <span class='ocrx_word' id='word_1_449' title='bbox 1260 5372 1328 5428; x_wconf 91' lang='lat' dir='ltr'><strong><em>ab</em></strong></span> <span class='ocrx_word' id='word_1_450' title='bbox 1357 5373 1508 5428; x_wconf 90' lang='lat' dir='ltr'><strong><em>initio</em></strong></span> <span class='ocrx_word' id='word_1_451' title='bbox 1535 5370 1919 5443; x_wconf 85' lang='lat' dir='ltr'><strong><em>genushuma-</em></strong></span> 
     </span>
    </p>
   </div>
   <div class='ocr_carea' id='block_1_57' title="bbox 331 5461 1920 5538">
    <p class='ocr_par' dir='ltr' id='par_1_57' title="bbox 331 5461 1920 5538">
     <span class='ocr_line' id='line_1_57' title="bbox 331 5461 1920 5538; baseline -0.004 -16"><span class='ocrx_word' id='word_1_452' title='bbox 331 5485 456 5523; x_wconf 88' lang='lat' dir='ltr'><strong><em>num</em></strong></span> <span class='ocrx_word' id='word_1_453' title='bbox 489 5483 627 5538; x_wconf 86' lang='lat' dir='ltr'><strong><em>opus</em></strong></span> <span class='ocrx_word' id='word_1_454' title='bbox 651 5466 854 5521; x_wconf 89' lang='lat' dir='ltr'><strong><em>habere</em></strong></span> <span class='ocrx_word' id='word_1_455' title='bbox 882 5474 940 5520; x_wconf 91' lang='lat' dir='ltr'><strong><em>ut</em></strong></span> <span class='ocrx_word' id='word_1_456' title='bbox 968 5463 1032 5518; x_wconf 90' lang='lat' dir='ltr'><strong><em>ad</em></strong></span> <span class='ocrx_word' id='word_1_457' title='bbox 1063 5464 1183 5533; x_wconf 85' lang='lat' dir='ltr'><strong><em>ejus</em></strong></span> <span class='ocrx_word' id='word_1_458' title='bbox 1208 5473 1424 5534; x_wconf 87' lang='lat' dir='ltr'><strong><em>captum</em></strong></span> <span class='ocrx_word' id='word_1_459' title='bbox 1453 5477 1512 5518; x_wconf 89' lang='lat' dir='ltr'><strong><em>se</em></strong></span> <span class='ocrx_word' id='word_1_460' title='bbox 1539 5461 1920 5518; x_wconf 85' lang='lat' dir='ltr'><strong><em>accommoda-</em></strong></span> 
     </span>
    </p>
   </div>
   <div class='ocr_carea' id='block_1_58' title="bbox 330 5553 1920 5630">
    <p class='ocr_par' dir='ltr' id='par_1_58' title="bbox 330 5553 1920 5630">
     <span class='ocr_line' id='line_1_58' title="bbox 330 5553 1920 5630; baseline -0.006 -13"><span class='ocrx_word' id='word_1_461' title='bbox 330 5571 434 5630; x_wconf 82' lang='lat' dir='ltr'><strong><em>ret,</em></strong></span> <span class='ocrx_word' id='word_1_462' title='bbox 467 5576 574 5616; x_wconf 89' lang='lat' dir='ltr'><strong><em>non</em></strong></span> <span class='ocrx_word' id='word_1_463' title='bbox 621 5560 794 5614; x_wconf 90' lang='lat' dir='ltr'><strong><em>solum</em></strong></span> <span class='ocrx_word' id='word_1_464' title='bbox 842 5557 1040 5622; x_wconf 77' lang='lat' dir='ltr'><strong><em>futura,</em></strong></span> <span class='ocrx_word' id='word_1_465' title='bbox 1069 5556 1166 5612; x_wconf 89' lang='lat' dir='ltr'><strong><em>sed</em></strong></span> <span class='ocrx_word' id='word_1_466' title='bbox 1212 5565 1267 5612; x_wconf 93' lang='lat' dir='ltr'><strong><em>et</em></strong></span> <span class='ocrx_word' id='word_1_467' title='bbox 1308 5570 1426 5622; x_wconf 76' lang='lat' dir='ltr'><strong><em>utne</em></strong></span> <span class='ocrx_word' id='word_1_468' title='bbox 1469 5553 1556 5610; x_wconf 90' lang='lat' dir='ltr'><strong><em>hic</em></strong></span> <span class='ocrx_word' id='word_1_469' title='bbox 1596 5561 1720 5610; x_wconf 89' lang='lat' dir='ltr'><strong><em>sunt</em></strong></span> <span class='ocrx_word' id='word_1_470' title='bbox 1763 5553 1920 5609; x_wconf 90' lang='lat' dir='ltr'><strong><em>nobis</em></strong></span> 
     </span>
    </p>
   </div>
   <div class='ocr_carea' id='block_1_59' title="bbox 382 5739 1628 5818">
    <p class='ocr_par' dir='ltr' id='par_1_59' title="bbox 382 5739 1628 5818">
     <span class='ocr_line' id='line_1_59' title="bbox 382 5739 1628 5818; baseline -0.016 -11"><span class='ocrx_word' id='word_1_471' title='bbox 382 5758 454 5818; x_wconf 80' lang='grc' dir='ltr'><strong><em>(α)</em></strong></span> <span class='ocrx_word' id='word_1_472' title='bbox 477 5753 569 5806; x_wconf 78' lang='lat' dir='ltr'><strong><em>Hic</em></strong></span> <span class='ocrx_word' id='word_1_473' title='bbox 594 5751 760 5812; x_wconf 84' lang='lat' dir='ltr'><strong><em>incipit</em></strong></span> <span class='ocrx_word' id='word_1_474' title='bbox 782 5745 978 5798; x_wconf 87' lang='lat' dir='ltr'><strong><em>homilia</em></strong></span> <span class='ocrx_word' id='word_1_475' title='bbox 999 5743 1199 5805; x_wconf 75' lang='lat' dir='ltr'><strong><em>xxut,in</em></strong></span> <span class='ocrx_word' id='word_1_476' title='bbox 1223 5741 1396 5793; x_wconf 85' lang='lat' dir='ltr'><strong><em>Codice</em></strong></span> <span class='ocrx_word' id='word_1_477' title='bbox 1414 5739 1547 5792; x_wconf 86' lang='lat' dir='ltr'><strong><em>Colb.</em></strong></span> <span class='ocrx_word' id='word_1_478' title='bbox 1622 5804 1628 5808; x_wconf 26' lang='lat'><em>.</em></span> 
     </span>
    </p>
   </div>
   <div class='ocr_carea' id='block_1_60' title="bbox 1113 291 2808 376">
    <p class='ocr_par' dir='ltr' id='par_1_60' title="bbox 1113 291 2808 376">
     <span class='ocr_line' id='line_1_60' title="bbox 1113 291 2808 376; baseline 0.01 -18"><span class='ocrx_word' id='word_1_479' title='bbox 1113 291 1188 360; x_wconf 54' lang='grc' dir='ltr'><strong><em>ἸΝ</em></strong></span> <span class='ocrx_word' id='word_1_480' title='bbox 1229 304 1438 362; x_wconf 76' lang='lat' dir='ltr'><strong><em>EPIST.</em></strong></span> <span class='ocrx_word' id='word_1_481' title='bbox 1481 301 1571 362; x_wconf 81' lang='lat' dir='ltr'><strong><em>AD</em></strong></span> <span class='ocrx_word' id='word_1_482' title='bbox 1610 307 1970 364; x_wconf 60' lang='lat' dir='ltr'><strong><em>&quot;EBREOS.</em></strong></span> <span class='ocrx_word' id='word_1_483' title='bbox 2014 309 2166 364; x_wconf 69' lang='grc' dir='ltr'><strong><em>(ΣΠ).</em></strong></span> <span class='ocrx_word' id='word_1_484' title='bbox 2211 311 2300 366; x_wconf 73' lang='lat' dir='ltr'><strong><em>XI.</em></strong></span> <span class='ocrx_word' id='word_1_485' title='bbox 2345 313 2576 372; x_wconf 80' lang='lat' dir='ltr'><strong><em>HOMIL.</em></strong></span> <span class='ocrx_word' id='word_1_486' title='bbox 2618 317 2808 376; x_wconf 75' lang='lat' dir='ltr'><strong><em>XXIII.</em></strong></span> 
     </span>
    </p>
   </div>
   <div class='ocr_carea' id='block_1_61' title="bbox 3522 320 3619 378">
    <p class='ocr_par' dir='ltr' id='par_1_61' title="bbox 3522 320 3619 378">
     <span class='ocr_line' id='line_1_61' title="bbox 3522 320 3619 378; baseline 0.041 -4"><span class='ocrx_word' id='word_1_487' title='bbox 3522 320 3619 378; x_wconf 73' lang='lat'><strong><em>“3&#39;2</em></strong></span> 
     </span>
    </p>
   </div>
   <div class='ocr_carea' id='block_1_62' title="bbox 2033 429 3617 503">
    <p class='ocr_par' dir='ltr' id='par_1_62' title="bbox 2033 429 3617 503">
     <span class='ocr_line' id='line_1_62' title="bbox 2033 429 3617 503; baseline 0.003 -19"><span class='ocrx_word' id='word_1_488' title='bbox 2033 429 2243 484; x_wconf 77' lang='lat' dir='ltr'><strong><em>donat:</em></strong></span> <span class='ocrx_word' id='word_1_489' title='bbox 2280 438 2337 483; x_wconf 90' lang='lat' dir='ltr'><strong><em>ut</em></strong></span> <span class='ocrx_word' id='word_1_490' title='bbox 2380 429 2524 498; x_wconf 89' lang='lat' dir='ltr'><strong><em>quod</em></strong></span> <span class='ocrx_word' id='word_1_491' title='bbox 2570 430 2818 486; x_wconf 87' lang='lat' dir='ltr'><strong><em>Christus</em></strong></span> <span class='ocrx_word' id='word_1_492' title='bbox 2863 430 3076 486; x_wconf 81' lang='lat' dir='ltr'><strong><em>dicebat</em></strong></span> <span class='ocrx_word' id='word_1_493' title='bbox 3130 431 3410 502; x_wconf 86' lang='lat' dir='ltr'><strong><em>discipulis</em></strong></span> <span class='ocrx_word' id='word_1_494' title='bbox 3452 452 3463 487; x_wconf 94' lang='lat'><strong>:</strong></span> <span class='ocrx_word' id='word_1_495' title='bbox 3516 436 3617 503; x_wconf 85' lang='lat' dir='ltr'><strong><em>Qui</em></strong></span> 
     </span>
    </p>
   </div>
   <div class='ocr_carea' id='block_1_63' title="bbox 2032 519 3616 596">
    <p class='ocr_par' dir='ltr' id='par_1_63' title="bbox 2032 519 3616 596">
     <span class='ocr_line' id='line_1_63' title="bbox 2032 519 3616 596; baseline 0.004 -24"><span class='ocrx_word' id='word_1_496' title='bbox 2032 521 2224 578; x_wconf 84' lang='lat' dir='ltr'><strong><em>dimisit</em></strong></span> <span class='ocrx_word' id='word_1_497' title='bbox 2263 519 2462 584; x_wconf 83' lang='lat' dir='ltr'><strong><em>domos,</em></strong></span> <span class='ocrx_word' id='word_1_498' title='bbox 2509 530 2598 574; x_wconf 89' lang='lat' dir='ltr'><strong><em>aut</em></strong></span> <span class='ocrx_word' id='word_1_499' title='bbox 2631 525 2837 590; x_wconf 80' lang='lat' dir='ltr'><strong><em>fratres,</em></strong></span> <span class='ocrx_word' id='word_1_500' title='bbox 2884 532 2972 576; x_wconf 87' lang='lat' dir='ltr'><strong><em>aut</em></strong></span> <span class='ocrx_word' id='word_1_501' title='bbox 3012 539 3232 588; x_wconf 86' lang='lat' dir='ltr'><strong><em>sorores,</em></strong></span> <span class='ocrx_word' id='word_1_502' title='bbox 3275 535 3364 578; x_wconf 87' lang='lat' dir='ltr'><strong><em>aut</em></strong></span> <span class='ocrx_word' id='word_1_503' title='bbox 3401 536 3616 596; x_wconf 84' lang='lat' dir='ltr'><strong><em>patrem,</em></strong></span> 
     </span>
    </p>
   </div>
   <div class='ocr_carea' id='block_1_64' title="bbox 2029 612 3615 686">
    <p class='ocr_par' dir='ltr' id='par_1_64' title="bbox 2029 612 3615 686">
     <span class='ocr_line' id='line_1_64' title="bbox 2029 612 3615 686; baseline 0.004 -24"><span class='ocrx_word' id='word_1_504' title='bbox 2029 620 2120 663; x_wconf 81' lang='lat' dir='ltr'><strong><em>aut</em></strong></span> <span class='ocrx_word' id='word_1_505' title='bbox 2145 620 2375 676; x_wconf 86' lang='lat' dir='ltr'><strong><em>matrem,</em></strong></span> <span class='ocrx_word' id='word_1_506' title='bbox 2404 612 2697 680; x_wconf 86' lang='lat' dir='ltr'><strong><em>centupinm</em></strong></span> <span class='ocrx_word' id='word_1_507' title='bbox 2720 613 2946 681; x_wconf 84' lang='lat' dir='ltr'><strong><em>accipiet,</em></strong></span> <span class='ocrx_word' id='word_1_508' title='bbox 2977 626 3023 668; x_wconf 87' lang='lat' dir='ltr'><strong><em>et</em></strong></span> <span class='ocrx_word' id='word_1_509' title='bbox 3051 615 3201 668; x_wconf 77' lang='lat' dir='ltr'><strong><em>vitam</em></strong></span> <span class='ocrx_word' id='word_1_510' title='bbox 3227 626 3466 670; x_wconf 65' lang='lat' dir='ltr'><strong><em>attentam</em></strong></span> <span class='ocrx_word' id='word_1_511' title='bbox 3497 633 3615 686; x_wconf 87' lang='lat' dir='ltr'><strong><em>pos-</em></strong></span> 
     </span>
    </p>
   </div>
   <div class='ocr_carea' id='block_1_65' title="bbox 2029 701 3619 777">
    <p class='ocr_par' dir='ltr' id='par_1_65' title="bbox 2029 701 3619 777">
     <span class='ocr_line' id='line_1_65' title="bbox 2029 701 3619 777; baseline 0.004 -23"><span class='ocrx_word' id='word_1_512' title='bbox 2029 701 2207 754; x_wconf 86' lang='lat' dir='ltr'><strong><em>sidebit</em></strong></span> <span class='ocrx_word' id='word_1_513' title='bbox 2236 701 2451 771; x_wconf 82' lang='lat' dir='ltr'><strong><em>(Matth.</em></strong></span> <span class='ocrx_word' id='word_1_514' title='bbox 2485 702 2573 758; x_wconf 84' lang='lat' dir='ltr'><strong><em>l9.</em></strong></span> <span class='ocrx_word' id='word_1_515' title='bbox 2611 701 2760 772; x_wconf 70' lang='lat'><strong><em>29);</em></strong></span> <span class='ocrx_word' id='word_1_516' title='bbox 2803 712 2860 757; x_wconf 87' lang='lat' dir='ltr'><strong><em>et</em></strong></span> <span class='ocrx_word' id='word_1_517' title='bbox 2888 720 3095 770; x_wconf 83' lang='lat' dir='ltr'><strong><em>rursus,</em></strong></span> <span class='ocrx_word' id='word_1_518' title='bbox 3147 706 3370 772; x_wconf 74' lang='lat' dir='ltr'><strong><em>Qua&#39;rite</em></strong></span> <span class='ocrx_word' id='word_1_519' title='bbox 3408 723 3619 777; x_wconf 84' lang='lat' dir='ltr'><strong><em>regnum</em></strong></span> 
     </span>
    </p>
   </div>
   <div class='ocr_carea' id='block_1_66' title="bbox 2031 791 3615 870">
    <p class='ocr_par' dir='ltr' id='par_1_66' title="bbox 2031 791 3615 870">
     <span class='ocr_line' id='line_1_66' title="bbox 2031 791 3615 870; baseline 0.006 -25"><span class='ocrx_word' id='word_1_520' title='bbox 2031 791 2148 857; x_wconf 72' lang='lat' dir='ltr'><strong><em>Dei,</em></strong></span> <span class='ocrx_word' id='word_1_521' title='bbox 2191 803 2238 846; x_wconf 87' lang='lat' dir='ltr'><strong><em>et</em></strong></span> <span class='ocrx_word' id='word_1_522' title='bbox 2283 795 2390 848; x_wconf 67' lang='lat' dir='ltr'><strong><em>haec</em></strong></span> <span class='ocrx_word' id='word_1_523' title='bbox 2431 796 2603 848; x_wconf 88' lang='lat' dir='ltr'><strong><em>omnia</em></strong></span> <span class='ocrx_word' id='word_1_524' title='bbox 2643 795 2951 865; x_wconf 88' lang='lat' dir='ltr'><strong><em>adjicientur</em></strong></span> <span class='ocrx_word' id='word_1_525' title='bbox 2987 799 3122 853; x_wconf 82' lang='lat' dir='ltr'><strong><em>vobis</em></strong></span> <span class='ocrx_word' id='word_1_526' title='bbox 3160 798 3374 867; x_wconf 79' lang='lat' dir='ltr'><strong><em>(Matth.</em></strong></span> <span class='ocrx_word' id='word_1_527' title='bbox 3404 801 3458 855; x_wconf 83' lang='grc'><strong><em>6.</em></strong></span> <span class='ocrx_word' id='word_1_528' title='bbox 3503 801 3615 870; x_wconf 76' lang='grc'><strong><em>⁸55).</em></strong></span> 
     </span>
    </p>
   </div>
   <div class='ocr_carea' id='block_1_67' title="bbox 2033 885 3614 960">
    <p class='ocr_par' dir='ltr' id='par_1_67' title="bbox 2033 885 3614 960">
     <span class='ocr_line' id='line_1_67' title="bbox 2033 885 3614 960; baseline 0.005 -20"><span class='ocrx_word' id='word_1_529' title='bbox 2033 885 2192 940; x_wconf 74' lang='lat' dir='ltr'><strong><em>Vides</em></strong></span> <span class='ocrx_word' id='word_1_530' title='bbox 2221 885 2334 940; x_wconf 74' lang='lat' dir='ltr'><strong><em>haec</em></strong></span> <span class='ocrx_word' id='word_1_531' title='bbox 2358 887 2517 941; x_wconf 89' lang='lat' dir='ltr'><strong><em>etiam</em></strong></span> <span class='ocrx_word' id='word_1_532' title='bbox 2549 888 2600 942; x_wconf 93' lang='lat' dir='ltr'><strong><em>in</em></strong></span> <span class='ocrx_word' id='word_1_533' title='bbox 2630 897 2778 957; x_wconf 90' lang='lat' dir='ltr'><strong><em>parte</em></strong></span> <span class='ocrx_word' id='word_1_534' title='bbox 2799 891 3125 945; x_wconf 87' lang='lat' dir='ltr'><strong><em>accessionis</em></strong></span> <span class='ocrx_word' id='word_1_535' title='bbox 3149 893 3216 946; x_wconf 87' lang='lat' dir='ltr'><strong><em>ab</em></strong></span> <span class='ocrx_word' id='word_1_536' title='bbox 3237 907 3302 946; x_wconf 90' lang='lat' dir='ltr'><strong><em>eo</em></strong></span> <span class='ocrx_word' id='word_1_537' title='bbox 3329 907 3448 948; x_wconf 69' lang='lat' dir='ltr'><strong><em>esse</em></strong></span> <span class='ocrx_word' id='word_1_538' title='bbox 3471 894 3614 960; x_wconf 86' lang='lat' dir='ltr'><strong><em>data,</em></strong></span> 
     </span>
    </p>
   </div>
   <div class='ocr_carea' id='block_1_68' title="bbox 2033 977 3619 1055">
    <p class='ocr_par' dir='ltr' id='par_1_68' title="bbox 2033 977 3619 1055">
     <span class='ocr_line' id='line_1_68' title="bbox 2033 977 3619 1055; baseline 0.006 -23"><span class='ocrx_word' id='word_1_539' title='bbox 2033 992 2099 1032; x_wconf 91' lang='lat' dir='ltr'><strong><em>ne</em></strong></span> <span class='ocrx_word' id='word_1_540' title='bbox 2137 977 2536 1049; x_wconf 80' lang='lat' dir='ltr'><strong><em>defatigetuur?</em></strong></span> <span class='ocrx_word' id='word_1_541' title='bbox 2565 978 2696 1033; x_wconf 86' lang='lat' dir='ltr'><strong><em>Nam</em></strong></span> <span class='ocrx_word' id='word_1_542' title='bbox 2729 989 2787 1035; x_wconf 86' lang='lat' dir='ltr'><strong><em>ut</em></strong></span> <span class='ocrx_word' id='word_1_543' title='bbox 2815 981 3058 1048; x_wconf 75' lang='lat' dir='ltr'><strong><em>athleta‘,</em></strong></span> <span class='ocrx_word' id='word_1_544' title='bbox 3091 983 3252 1036; x_wconf 82' lang='lat' dir='ltr'><strong><em>etiam</em></strong></span> <span class='ocrx_word' id='word_1_545' title='bbox 3286 986 3500 1055; x_wconf 81' lang='lat' dir='ltr'><strong><em>quando</em></strong></span> <span class='ocrx_word' id='word_1_546' title='bbox 3525 987 3619 1041; x_wconf 81' lang='lat' dir='ltr'><strong><em>de-</em></strong></span> 
     </span>
    </p>
   </div>
   <div class='ocr_carea' id='block_1_69' title="bbox 2031 1072 3618 1142">
    <p class='ocr_par' dir='ltr' id='par_1_69' title="bbox 2031 1072 3618 1142">
     <span class='ocr_line' id='line_1_69' title="bbox 2031 1072 3618 1142; baseline 0.006 -17"><span class='ocrx_word' id='word_1_547' title='bbox 2031 1080 2274 1136; x_wconf 89' lang='lat' dir='ltr'><strong><em>certant,</em></strong></span> <span class='ocrx_word' id='word_1_548' title='bbox 2318 1073 2564 1126; x_wconf 81' lang='lat' dir='ltr'><strong><em>fruuntur</em></strong></span> <span class='ocrx_word' id='word_1_549' title='bbox 2599 1072 2820 1142; x_wconf 90' lang='lat' dir='ltr'><strong><em>quidem</em></strong></span> <span class='ocrx_word' id='word_1_550' title='bbox 2859 1075 3156 1140; x_wconf 89' lang='lat' dir='ltr'><strong><em>curatione,</em></strong></span> <span class='ocrx_word' id='word_1_551' title='bbox 3195 1077 3291 1132; x_wconf 88' lang='lat' dir='ltr'><strong><em>sed</em></strong></span> <span class='ocrx_word' id='word_1_552' title='bbox 3337 1094 3443 1133; x_wconf 92' lang='lat' dir='ltr'><strong><em>non</em></strong></span> <span class='ocrx_word' id='word_1_553' title='bbox 3495 1089 3618 1134; x_wconf 91' lang='lat' dir='ltr'><strong><em>tunc</em></strong></span> 
     </span>
    </p>
   </div>
   <div class='ocr_carea' id='block_1_70' title="bbox 2029 1161 3616 1232">
    <p class='ocr_par' dir='ltr' id='par_1_70' title="bbox 2029 1161 3616 1232">
     <span class='ocr_line' id='line_1_70' title="bbox 2029 1161 3616 1232; baseline 0.006 -17"><span class='ocrx_word' id='word_1_554' title='bbox 2029 1163 2174 1215; x_wconf 90' lang='lat' dir='ltr'><strong><em>omni</em></strong></span> <span class='ocrx_word' id='word_1_555' title='bbox 2233 1161 2418 1230; x_wconf 88' lang='lat' dir='ltr'><strong><em>requie</em></strong></span> <span class='ocrx_word' id='word_1_556' title='bbox 2459 1171 2516 1216; x_wconf 90' lang='lat' dir='ltr'><strong><em>et</em></strong></span> <span class='ocrx_word' id='word_1_557' title='bbox 2560 1162 2888 1218; x_wconf 76' lang='lat' dir='ltr'><strong><em>relaxatione</em></strong></span> <span class='ocrx_word' id='word_1_558' title='bbox 2931 1165 3195 1232; x_wconf 81' lang='lat' dir='ltr'><strong><em>fruuntur,</em></strong></span> <span class='ocrx_word' id='word_1_559' title='bbox 3244 1168 3480 1223; x_wconf 82' lang='lat' dir='ltr'><strong><em>viventes</em></strong></span> <span class='ocrx_word' id='word_1_560' title='bbox 3519 1170 3616 1224; x_wconf 89' lang='lat' dir='ltr'><strong><em>sub</em></strong></span> 
     </span>
    </p>
   </div>
   <div class='ocr_carea' id='block_1_71' title="bbox 2027 1251 3615 1329">
    <p class='ocr_par' dir='ltr' id='par_1_71' title="bbox 2027 1251 3615 1329">
     <span class='ocr_line' id='line_1_71' title="bbox 2027 1251 3615 1329; baseline 0.004 -21"><span class='ocrx_word' id='word_1_561' title='bbox 2027 1254 2164 1321; x_wconf 83' lang='lat' dir='ltr'><strong><em>lege,</em></strong></span> <span class='ocrx_word' id='word_1_562' title='bbox 2197 1251 2290 1307; x_wconf 89' lang='lat' dir='ltr'><strong><em>sed</em></strong></span> <span class='ocrx_word' id='word_1_563' title='bbox 2323 1261 2502 1321; x_wconf 89' lang='lat' dir='ltr'><strong><em>postea</em></strong></span> <span class='ocrx_word' id='word_1_564' title='bbox 2524 1252 2769 1309; x_wconf 79' lang='lat' dir='ltr'><strong><em>fruuntur</em></strong></span> <span class='ocrx_word' id='word_1_565' title='bbox 2795 1256 3038 1312; x_wconf 90' lang='lat' dir='ltr'><strong><em>universa</em></strong></span> <span class='ocrx_word' id='word_1_566' title='bbox 3071 1275 3084 1311; x_wconf 91' lang='lat'>:</span> <span class='ocrx_word' id='word_1_567' title='bbox 3116 1259 3195 1313; x_wconf 90' lang='lat' dir='ltr'><strong><em>sic</em></strong></span> <span class='ocrx_word' id='word_1_568' title='bbox 3229 1259 3368 1314; x_wconf 87' lang='lat' dir='ltr'><strong><em>Deus</em></strong></span> <span class='ocrx_word' id='word_1_569' title='bbox 3407 1272 3615 1329; x_wconf 65' lang='lat' dir='ltr'><strong><em>Quoelue</em></strong></span> 
     </span>
    </p>
   </div>
   <div class='ocr_carea' id='block_1_72' title="bbox 2027 1343 3617 1422">
    <p class='ocr_par' dir='ltr' id='par_1_72' title="bbox 2027 1343 3617 1422">
     <span class='ocr_line' id='line_1_72' title="bbox 2027 1343 3617 1422; baseline 0.005 -24"><span class='ocrx_word' id='word_1_570' title='bbox 2027 1359 2132 1398; x_wconf 91' lang='lat' dir='ltr'><strong><em>non</em></strong></span> <span class='ocrx_word' id='word_1_571' title='bbox 2180 1344 2270 1398; x_wconf 88' lang='lat' dir='ltr'><strong><em>dat</em></strong></span> <span class='ocrx_word' id='word_1_572' title='bbox 2304 1343 2390 1398; x_wconf 92' lang='lat' dir='ltr'><strong><em>hic</em></strong></span> <span class='ocrx_word' id='word_1_573' title='bbox 2438 1352 2494 1398; x_wconf 91' lang='lat' dir='ltr'><strong><em>ut</em></strong></span> <span class='ocrx_word' id='word_1_574' title='bbox 2553 1343 2720 1399; x_wconf 91' lang='lat' dir='ltr'><strong><em>simus</em></strong></span> <span class='ocrx_word' id='word_1_575' title='bbox 2759 1347 3043 1417; x_wconf 88' lang='lat' dir='ltr'><strong><em>participes</em></strong></span> <span class='ocrx_word' id='word_1_576' title='bbox 3086 1351 3260 1405; x_wconf 87' lang='lat' dir='ltr'><strong><em>omnis</em></strong></span> <span class='ocrx_word' id='word_1_577' title='bbox 3312 1351 3506 1422; x_wconf 84' lang='lat' dir='ltr'><strong><em>quietis</em></strong></span> <span class='ocrx_word' id='word_1_578' title='bbox 3563 1360 3617 1406; x_wconf 91' lang='lat' dir='ltr'><strong><em>et</em></strong></span> 
     </span>
    </p>
   </div>
   <div class='ocr_carea' id='block_1_73' title="bbox 2026 1432 3612 1510">
    <p class='ocr_par' dir='ltr' id='par_1_73' title="bbox 2026 1432 3612 1510">
     <span class='ocr_line' id='line_1_73' title="bbox 2026 1432 3612 1510; baseline 0.006 -20"><span class='ocrx_word' id='word_1_579' title='bbox 2026 1435 2390 1490; x_wconf 77' lang='lat' dir='ltr'><strong><em>relaxatiouis.</em></strong></span> <span class='ocrx_word' id='word_1_580' title='bbox 2433 1432 2565 1488; x_wconf 87' lang='lat' dir='ltr'><strong><em>Nam</em></strong></span> <span class='ocrx_word' id='word_1_581' title='bbox 2609 1434 2698 1490; x_wconf 91' lang='lat' dir='ltr'><strong><em>hic</em></strong></span> <span class='ocrx_word' id='word_1_582' title='bbox 2737 1439 2897 1492; x_wconf 89' lang='lat' dir='ltr'><strong><em>etiam</em></strong></span> <span class='ocrx_word' id='word_1_583' title='bbox 2941 1440 3030 1494; x_wconf 87' lang='lat' dir='ltr'><strong><em>dat</em></strong></span> <span class='ocrx_word' id='word_1_584' title='bbox 3081 1441 3316 1510; x_wconf 86' lang='lat' dir='ltr'><strong><em>quidem,</em></strong></span> <span class='ocrx_word' id='word_1_585' title='bbox 3355 1452 3412 1498; x_wconf 88' lang='lat' dir='ltr'><strong><em>at</em></strong></span> <span class='ocrx_word' id='word_1_586' title='bbox 3452 1454 3612 1499; x_wconf 88' lang='lat' dir='ltr'><strong><em>totam</em></strong></span> 
     </span>
    </p>
   </div>
   <div class='ocr_carea' id='block_1_74' title="bbox 2025 1525 3614 1606">
    <p class='ocr_par' dir='ltr' id='par_1_74' title="bbox 2025 1525 3614 1606">
     <span class='ocr_line' id='line_1_74' title="bbox 2025 1525 3614 1606; baseline 0.008 -25"><span class='ocrx_word' id='word_1_587' title='bbox 2025 1528 2434 1598; x_wconf 87' lang='lat' dir='ltr'><strong><em>promissionem</em></strong></span> <span class='ocrx_word' id='word_1_588' title='bbox 2462 1528 2512 1581; x_wconf 92' lang='lat' dir='ltr'><strong><em>in</em></strong></span> <span class='ocrx_word' id='word_1_589' title='bbox 2550 1525 2786 1586; x_wconf 80' lang='lat' dir='ltr'><strong><em>futurum</em></strong></span> <span class='ocrx_word' id='word_1_590' title='bbox 2827 1534 3138 1590; x_wconf 86' lang='lat' dir='ltr'><strong><em>reservavit.</em></strong></span> <span class='ocrx_word' id='word_1_591' title='bbox 3166 1535 3234 1590; x_wconf 90' lang='lat' dir='ltr'><strong><em>Et</em></strong></span> <span class='ocrx_word' id='word_1_592' title='bbox 3259 1537 3399 1606; x_wconf 89' lang='lat' dir='ltr'><strong><em>quod</em></strong></span> <span class='ocrx_word' id='word_1_593' title='bbox 3432 1553 3517 1594; x_wconf 84' lang='lat' dir='ltr'><strong><em>res</em></strong></span> <span class='ocrx_word' id='word_1_594' title='bbox 3544 1539 3614 1594; x_wconf 89' lang='lat' dir='ltr'><strong><em>ita</em></strong></span> 
     </span>
    </p>
   </div>
   <div class='ocr_carea' id='block_1_75' title="bbox 2026 1621 3613 1699">
    <p class='ocr_par' dir='ltr' id='par_1_75' title="bbox 2026 1621 3613 1699">
     <span class='ocr_line' id='line_1_75' title="bbox 2026 1621 3613 1699; baseline 0.008 -25"><span class='ocrx_word' id='word_1_595' title='bbox 2026 1621 2115 1686; x_wconf 88' lang='lat' dir='ltr'><strong><em>sit,</em></strong></span> <span class='ocrx_word' id='word_1_596' title='bbox 2143 1621 2431 1678; x_wconf 84' lang='lat' dir='ltr'><strong><em>declaravit</em></strong></span> <span class='ocrx_word' id='word_1_597' title='bbox 2467 1625 2548 1680; x_wconf 90' lang='lat' dir='ltr'><strong><em>his</em></strong></span> <span class='ocrx_word' id='word_1_598' title='bbox 2576 1627 2790 1683; x_wconf 86' lang='lat' dir='ltr'><strong><em>verbis:</em></strong></span> <span class='ocrx_word' id='word_1_599' title='bbox 2819 1627 2924 1681; x_wconf 87' lang='lat' dir='ltr'><strong><em>Sed</em></strong></span> <span class='ocrx_word' id='word_1_600' title='bbox 2962 1644 3046 1682; x_wconf 88' lang='lat' dir='ltr'><strong><em>eas</em></strong></span> <span class='ocrx_word' id='word_1_601' title='bbox 3074 1644 3105 1680; x_wconf 91' lang='lat' dir='ltr'><strong><em>a</em></strong></span> <span class='ocrx_word' id='word_1_602' title='bbox 3144 1630 3291 1699; x_wconf 80' lang='lat' dir='ltr'><strong><em>longe</em></strong></span> <span class='ocrx_word' id='word_1_603' title='bbox 3321 1633 3613 1699; x_wconf 78' lang='lat' dir='ltr'><strong><em>aspicientes</em></strong></span> 
     </span>
    </p>
   </div>
   <div class='ocr_carea' id='block_1_76' title="bbox 2025 1713 3608 1790">
    <p class='ocr_par' dir='ltr' id='par_1_76' title="bbox 2025 1713 3608 1790">
     <span class='ocr_line' id='line_1_76' title="bbox 2025 1713 3608 1790; baseline 0.009 -27"><span class='ocrx_word' id='word_1_604' title='bbox 2025 1721 2072 1764; x_wconf 85' lang='lat' dir='ltr'><strong><em>et</em></strong></span> <span class='ocrx_word' id='word_1_605' title='bbox 2117 1713 2414 1769; x_wconf 80' lang='lat' dir='ltr'><strong><em>salutantes.</em></strong></span> <span class='ocrx_word' id='word_1_606' title='bbox 2464 1716 2560 1773; x_wconf 86' lang='lat' dir='ltr'><strong><em>llic</em></strong></span> <span class='ocrx_word' id='word_1_607' title='bbox 2613 1720 2895 1790; x_wconf 90' lang='lat' dir='ltr'><strong><em>mysticum</em></strong></span> <span class='ocrx_word' id='word_1_608' title='bbox 2935 1719 3203 1790; x_wconf 85' lang='lat' dir='ltr'><strong><em>quidpiam</em></strong></span> <span class='ocrx_word' id='word_1_609' title='bbox 3261 1722 3559 1779; x_wconf 87' lang='lat' dir='ltr'><strong><em>subindicat</em></strong></span> <span class='ocrx_word' id='word_1_610' title='bbox 3593 1763 3608 1787; x_wconf 93' lang='lat'><strong><em>,</em></strong></span> 
     </span>
    </p>
   </div>
   <div class='ocr_carea' id='block_1_77' title="bbox 2027 1805 3610 1880">
    <p class='ocr_par' dir='ltr' id='par_1_77' title="bbox 2027 1805 3610 1880">
     <span class='ocr_line' id='line_1_77' title="bbox 2027 1805 3610 1880; baseline 0.008 -25"><span class='ocrx_word' id='word_1_611' title='bbox 2027 1817 2221 1872; x_wconf 87' lang='lat' dir='ltr'><strong><em>nempe</em></strong></span> <span class='ocrx_word' id='word_1_612' title='bbox 2248 1805 2386 1874; x_wconf 87' lang='lat' dir='ltr'><strong><em>quod</em></strong></span> <span class='ocrx_word' id='word_1_613' title='bbox 2416 1819 2738 1876; x_wconf 88' lang='lat' dir='ltr'><strong><em>acceperunt</em></strong></span> <span class='ocrx_word' id='word_1_614' title='bbox 2763 1809 2941 1864; x_wconf 88' lang='lat' dir='ltr'><strong><em>omnia</em></strong></span> <span class='ocrx_word' id='word_1_615' title='bbox 2980 1827 3099 1880; x_wconf 67' lang='lat' dir='ltr'><strong><em>qute</em></strong></span> <span class='ocrx_word' id='word_1_616' title='bbox 3137 1812 3206 1866; x_wconf 92' lang='lat' dir='ltr'><strong><em>de</em></strong></span> <span class='ocrx_word' id='word_1_617' title='bbox 3260 1813 3447 1868; x_wconf 78' lang='lat' dir='ltr'><strong><em>futuris</em></strong></span> <span class='ocrx_word' id='word_1_618' title='bbox 3474 1815 3610 1868; x_wconf 87' lang='lat' dir='ltr'><strong><em>dicta</em></strong></span> 
     </span>
    </p>
   </div>
   <div class='ocr_carea' id='block_1_78' title="bbox 2023 1893 3614 1970">
    <p class='ocr_par' dir='ltr' id='par_1_78' title="bbox 2023 1893 3614 1970">
     <span class='ocr_line' id='line_1_78' title="bbox 2023 1893 3614 1970; baseline 0.011 -24"><span class='ocrx_word' id='word_1_619' title='bbox 2023 1902 2166 1956; x_wconf 88' lang='lat' dir='ltr'><strong><em>sunt,</em></strong></span> <span class='ocrx_word' id='word_1_620' title='bbox 2193 1893 2260 1949; x_wconf 91' lang='lat' dir='ltr'><strong><em>de</em></strong></span> <span class='ocrx_word' id='word_1_621' title='bbox 2281 1898 2690 1966; x_wconf 86' lang='lat' dir='ltr'><strong><em>resurrectione,</em></strong></span> <span class='ocrx_word' id='word_1_622' title='bbox 2708 1899 2776 1954; x_wconf 92' lang='lat' dir='ltr'><strong><em>de</em></strong></span> <span class='ocrx_word' id='word_1_623' title='bbox 2800 1915 2961 1970; x_wconf 82' lang='lat' dir='ltr'><strong><em>regno</em></strong></span> <span class='ocrx_word' id='word_1_624' title='bbox 2983 1902 3256 1967; x_wconf 71' lang='lat' dir='ltr'><strong><em>caelorum,</em></strong></span> <span class='ocrx_word' id='word_1_625' title='bbox 3279 1903 3346 1958; x_wconf 91' lang='lat' dir='ltr'><strong><em>dc</em></strong></span> <span class='ocrx_word' id='word_1_626' title='bbox 3375 1904 3513 1968; x_wconf 88' lang='lat' dir='ltr'><strong><em>aliis,</em></strong></span> <span class='ocrx_word' id='word_1_627' title='bbox 3543 1906 3614 1964; x_wconf 83' lang='lat' dir='ltr'><strong><em>de</em></strong></span> 
     </span>
    </p>
   </div>
   <div class='ocr_carea' id='block_1_79' title="bbox 2023 1985 3613 2063">
    <p class='ocr_par' dir='ltr' id='par_1_79' title="bbox 2023 1985 3613 2063">
     <span class='ocr_line' id='line_1_79' title="bbox 2023 1985 3613 2063; baseline 0.012 -26"><span class='ocrx_word' id='word_1_628' title='bbox 2023 1985 2494 2055; x_wconf 85' lang='lat' dir='ltr'><strong><em>quibusChristus,</em></strong></span> <span class='ocrx_word' id='word_1_629' title='bbox 2526 2005 2650 2046; x_wconf 88' lang='lat' dir='ltr'><strong><em>cum</em></strong></span> <span class='ocrx_word' id='word_1_630' title='bbox 2696 1993 2950 2059; x_wconf 89' lang='lat' dir='ltr'><strong><em>venisset,</em></strong></span> <span class='ocrx_word' id='word_1_631' title='bbox 2994 1995 3613 2063; x_wconf 71' lang='lat' dir='ltr'><strong><em>prmdicavitzhascnim</em></strong></span> 
     </span>
    </p>
   </div>
   <div class='ocr_carea' id='block_1_80' title="bbox 2023 2075 3613 2161">
    <p class='ocr_par' dir='ltr' id='par_1_80' title="bbox 2023 2075 3613 2161">
     <span class='ocr_line' id='line_1_80' title="bbox 2023 2075 3613 2161; baseline 0.011 -32"><span class='ocrx_word' id='word_1_632' title='bbox 2023 2075 2150 2130; x_wconf 90' lang='lat' dir='ltr'><strong><em>dicit</em></strong></span> <span class='ocrx_word' id='word_1_633' title='bbox 2181 2078 2584 2146; x_wconf 88' lang='lat' dir='ltr'><strong><em>promissioucs.</em></strong></span> <span class='ocrx_word' id='word_1_634' title='bbox 2625 2082 2732 2136; x_wconf 90' lang='lat' dir='ltr'><strong><em>Aut</em></strong></span> <span class='ocrx_word' id='word_1_635' title='bbox 2759 2081 2862 2136; x_wconf 92' lang='lat' dir='ltr'><strong><em>hoc</em></strong></span> <span class='ocrx_word' id='word_1_636' title='bbox 2887 2083 3034 2148; x_wconf 89' lang='lat' dir='ltr'><strong><em>dicit,</em></strong></span> <span class='ocrx_word' id='word_1_637' title='bbox 3065 2094 3156 2139; x_wconf 91' lang='lat' dir='ltr'><strong><em>aut</em></strong></span> <span class='ocrx_word' id='word_1_638' title='bbox 3193 2087 3334 2155; x_wconf 90' lang='lat' dir='ltr'><strong><em>quod</em></strong></span> <span class='ocrx_word' id='word_1_639' title='bbox 3369 2102 3464 2143; x_wconf 88' lang='lat' dir='ltr'><strong><em>eas</em></strong></span> <span class='ocrx_word' id='word_1_640' title='bbox 3491 2091 3613 2161; x_wconf 80' lang='lat' dir='ltr'><strong><em>qui-</em></strong></span> 
     </span>
    </p>
   </div>
   <div class='ocr_carea' id='block_1_81' title="bbox 2024 2166 3612 2252">
    <p class='ocr_par' dir='ltr' id='par_1_81' title="bbox 2024 2166 3612 2252">
     <span class='ocr_line' id='line_1_81' title="bbox 2024 2166 3612 2252; baseline 0.011 -32"><span class='ocrx_word' id='word_1_641' title='bbox 2024 2166 2147 2222; x_wconf 87' lang='lat' dir='ltr'><strong><em>dem</em></strong></span> <span class='ocrx_word' id='word_1_642' title='bbox 2195 2183 2303 2223; x_wconf 90' lang='lat' dir='ltr'><strong><em>non</em></strong></span> <span class='ocrx_word' id='word_1_643' title='bbox 2349 2182 2690 2240; x_wconf 86' lang='lat' dir='ltr'><strong><em>acceperunt,</em></strong></span> <span class='ocrx_word' id='word_1_644' title='bbox 2729 2183 2878 2229; x_wconf 89' lang='lat' dir='ltr'><strong><em>certa</em></strong></span> <span class='ocrx_word' id='word_1_645' title='bbox 2905 2184 3083 2230; x_wconf 89' lang='lat' dir='ltr'><strong><em>autem</em></strong></span> <span class='ocrx_word' id='word_1_646' title='bbox 3133 2175 3201 2232; x_wconf 90' lang='lat' dir='ltr'><strong><em>de</em></strong></span> <span class='ocrx_word' id='word_1_647' title='bbox 3230 2179 3310 2233; x_wconf 91' lang='lat' dir='ltr'><strong><em>eis</em></strong></span> <span class='ocrx_word' id='word_1_648' title='bbox 3353 2193 3612 2252; x_wconf 85' lang='lat' dir='ltr'><strong><em>concepta</em></strong></span> 
     </span>
    </p>
   </div>
   <div class='ocr_carea' id='block_1_82' title="bbox 2023 2256 3614 2331">
    <p class='ocr_par' dir='ltr' id='par_1_82' title="bbox 2023 2256 3614 2331">
     <span class='ocr_line' id='line_1_82' title="bbox 2023 2256 3614 2331; baseline 0.013 -21"><span class='ocrx_word' id='word_1_649' title='bbox 2023 2256 2216 2314; x_wconf 83' lang='lat' dir='ltr'><strong><em>ﬁducia</em></strong></span> <span class='ocrx_word' id='word_1_650' title='bbox 2269 2274 2652 2330; x_wconf 69' lang='lat' dir='ltr'><strong><em>excesserunt;</em></strong></span> <span class='ocrx_word' id='word_1_651' title='bbox 2701 2265 2815 2320; x_wconf 88' lang='lat' dir='ltr'><strong><em>sola</em></strong></span> <span class='ocrx_word' id='word_1_652' title='bbox 2869 2275 3046 2322; x_wconf 87' lang='lat' dir='ltr'><strong><em>autem</em></strong></span> <span class='ocrx_word' id='word_1_653' title='bbox 3078 2267 3180 2324; x_wconf 82' lang='lat' dir='ltr'><strong><em>title</em></strong></span> <span class='ocrx_word' id='word_1_654' title='bbox 3207 2280 3408 2328; x_wconf 88' lang='lat' dir='ltr'><strong><em>certam</em></strong></span> <span class='ocrx_word' id='word_1_655' title='bbox 3429 2275 3498 2331; x_wconf 88' lang='lat' dir='ltr'><strong><em>de</em></strong></span> <span class='ocrx_word' id='word_1_656' title='bbox 3537 2277 3614 2330; x_wconf 91' lang='lat' dir='ltr'><strong><em>eis</em></strong></span> 
     </span>
    </p>
   </div>
   <div class='ocr_carea' id='block_1_83' title="bbox 2018 2352 3614 2437">
    <p class='ocr_par' dir='ltr' id='par_1_83' title="bbox 2018 2352 3614 2437">
     <span class='ocr_line' id='line_1_83' title="bbox 2018 2352 3614 2437; baseline 0.013 -35"><span class='ocrx_word' id='word_1_657' title='bbox 2018 2361 2394 2419; x_wconf 80' lang='lat' dir='ltr'><strong><em>conceperant</em></strong></span> <span class='ocrx_word' id='word_1_658' title='bbox 2445 2352 2715 2422; x_wconf 82' lang='lat' dir='ltr'><strong><em>ﬁduciam,</em></strong></span> <span class='ocrx_word' id='word_1_659' title='bbox 2774 2357 2962 2425; x_wconf 88' lang='lat' dir='ltr'><strong><em>procul</em></strong></span> <span class='ocrx_word' id='word_1_660' title='bbox 3005 2373 3098 2413; x_wconf 86' lang='lat' dir='ltr'><strong><em>eas</em></strong></span> <span class='ocrx_word' id='word_1_661' title='bbox 3145 2359 3411 2431; x_wconf 87' lang='lat' dir='ltr'><strong><em>videntes,</em></strong></span> <span class='ocrx_word' id='word_1_662' title='bbox 3443 2367 3614 2437; x_wconf 89' lang='lat' dir='ltr'><strong><em>inquit</em></strong></span> 
     </span>
    </p>
   </div>
   <div class='ocr_carea' id='block_1_84' title="bbox 2032 2447 3614 2524">
    <p class='ocr_par' dir='ltr' id='par_1_84' title="bbox 2032 2447 3614 2524">
     <span class='ocr_line' id='line_1_84' title="bbox 2032 2447 3614 2524; baseline 0.013 -35"><span class='ocrx_word' id='word_1_663' title='bbox 2032 2451 2230 2506; x_wconf 88' lang='lat' dir='ltr'><strong><em>nempe</em></strong></span> <span class='ocrx_word' id='word_1_664' title='bbox 2271 2450 2399 2496; x_wconf 90' lang='lat' dir='ltr'><strong><em>ante</em></strong></span> <span class='ocrx_word' id='word_1_665' title='bbox 2449 2452 2678 2511; x_wconf 89' lang='lat' dir='ltr'><strong><em>quatuor</em></strong></span> <span class='ocrx_word' id='word_1_666' title='bbox 2716 2447 3090 2514; x_wconf 88' lang='lat' dir='ltr'><strong><em>generationes</em></strong></span> <span class='ocrx_word' id='word_1_667' title='bbox 3135 2463 3151 2503; x_wconf 76' lang='grc' dir='ltr'>ε</span> <span class='ocrx_word' id='word_1_668' title='bbox 3199 2469 3321 2506; x_wconf 90' lang='lat' dir='ltr'><strong><em>nam</em></strong></span> <span class='ocrx_word' id='word_1_669' title='bbox 3369 2465 3490 2524; x_wconf 74' lang='lat' dir='ltr'><strong><em>post</em></strong></span> <span class='ocrx_word' id='word_1_670' title='bbox 3537 2465 3614 2509; x_wconf 88' lang='lat' dir='ltr'><strong><em>tot</em></strong></span> 
     </span>
    </p>
   </div>
   <div class='ocr_carea' id='block_1_85' title="bbox 2021 2529 3609 2606">
    <p class='ocr_par' dir='ltr' id='par_1_85' title="bbox 2021 2529 3609 2606">
     <span class='ocr_line' id='line_1_85' title="bbox 2021 2529 3609 2606; baseline 0.005 -24"><span class='ocrx_word' id='word_1_671' title='bbox 2021 2529 2394 2596; x_wconf 84' lang='lat' dir='ltr'><strong><em>generationes</em></strong></span> <span class='ocrx_word' id='word_1_672' title='bbox 2431 2531 2785 2588; x_wconf 88' lang='lat' dir='ltr'><strong><em>ascenderunt</em></strong></span> <span class='ocrx_word' id='word_1_673' title='bbox 2817 2548 2885 2588; x_wconf 82' lang='lat' dir='ltr'><strong><em>ex</em></strong></span> <span class='ocrx_word' id='word_1_674' title='bbox 2912 2531 3166 2606; x_wconf 64' lang='lat' dir='ltr'><strong><em>Egypte.</em></strong></span> <span class='ocrx_word' id='word_1_675' title='bbox 3199 2535 3266 2590; x_wconf 82' lang='lat' dir='ltr'><strong><em>Et</em></strong></span> <span class='ocrx_word' id='word_1_676' title='bbox 3293 2539 3574 2592; x_wconf 80' lang='lat' dir='ltr'><strong><em>salutantes</em></strong></span> <span class='ocrx_word' id='word_1_677' title='bbox 3595 2567 3609 2590; x_wconf 83' lang='lat'><strong><em>.</em></strong></span> 
     </span>
    </p>
   </div>
   <div class='ocr_carea' id='block_1_86' title="bbox 2019 2618 3604 2698">
    <p class='ocr_par' dir='ltr' id='par_1_86' title="bbox 2019 2618 3604 2698">
     <span class='ocr_line' id='line_1_86' title="bbox 2019 2618 3604 2698; baseline 0.007 -26"><span class='ocrx_word' id='word_1_678' title='bbox 2019 2618 2210 2689; x_wconf 88' lang='lat' dir='ltr'><strong><em>inquit,</em></strong></span> <span class='ocrx_word' id='word_1_679' title='bbox 2239 2629 2286 2674; x_wconf 90' lang='lat' dir='ltr'><strong><em>et</em></strong></span> <span class='ocrx_word' id='word_1_680' title='bbox 2316 2621 2491 2676; x_wconf 70' lang='lat' dir='ltr'><strong><em>(tutati.</em></strong></span> <span class='ocrx_word' id='word_1_681' title='bbox 2520 2621 2651 2677; x_wconf 86' lang='lat' dir='ltr'><strong><em>Tam</em></strong></span> <span class='ocrx_word' id='word_1_682' title='bbox 2678 2631 2824 2679; x_wconf 91' lang='lat' dir='ltr'><strong><em>ccrta</em></strong></span> <span class='ocrx_word' id='word_1_683' title='bbox 2851 2623 2920 2680; x_wconf 90' lang='lat' dir='ltr'><strong><em>de</em></strong></span> <span class='ocrx_word' id='word_1_684' title='bbox 2961 2621 3094 2694; x_wconf 86' lang='lat' dir='ltr'><strong><em>ipsis</em></strong></span> <span class='ocrx_word' id='word_1_685' title='bbox 3121 2636 3239 2682; x_wconf 88' lang='lat' dir='ltr'><strong><em>erat</em></strong></span> <span class='ocrx_word' id='word_1_686' title='bbox 3266 2627 3352 2683; x_wconf 88' lang='lat' dir='ltr'><strong><em>eis</em></strong></span> <span class='ocrx_word' id='word_1_687' title='bbox 3378 2642 3604 2698; x_wconf 83' lang='lat' dir='ltr'><strong><em>persua-</em></strong></span> 
     </span>
    </p>
   </div>
   <div class='ocr_carea' id='block_1_87' title="bbox 2020 2710 3606 2790">
    <p class='ocr_par' dir='ltr' id='par_1_87' title="bbox 2020 2710 3606 2790">
     <span class='ocr_line' id='line_1_87' title="bbox 2020 2710 3606 2790; baseline 0.006 -26"><span class='ocrx_word' id='word_1_688' title='bbox 2020 2710 2122 2775; x_wconf 90' lang='lat' dir='ltr'><strong><em>sio,</em></strong></span> <span class='ocrx_word' id='word_1_689' title='bbox 2155 2721 2212 2767; x_wconf 92' lang='lat' dir='ltr'><strong><em>ut</em></strong></span> <span class='ocrx_word' id='word_1_690' title='bbox 2239 2727 2333 2768; x_wconf 90' lang='lat' dir='ltr'><strong><em>eas</em></strong></span> <span class='ocrx_word' id='word_1_691' title='bbox 2369 2714 2531 2770; x_wconf 89' lang='lat' dir='ltr'><strong><em>etiam</em></strong></span> <span class='ocrx_word' id='word_1_692' title='bbox 2559 2715 2858 2771; x_wconf 88' lang='lat' dir='ltr'><strong><em>salutarent</em></strong></span> <span class='ocrx_word' id='word_1_693' title='bbox 2891 2733 2906 2770; x_wconf 89' lang='lat'><strong>:</strong></span> <span class='ocrx_word' id='word_1_694' title='bbox 2935 2730 2965 2770; x_wconf 89' lang='lat' dir='ltr'><strong><em>a</em></strong></span> <span class='ocrx_word' id='word_1_695' title='bbox 2996 2718 3308 2788; x_wconf 89' lang='lat' dir='ltr'><strong><em>metaphora</em></strong></span> <span class='ocrx_word' id='word_1_696' title='bbox 3348 2720 3606 2790; x_wconf 82' lang='lat' dir='ltr'><strong><em>navigan-</em></strong></span> 
     </span>
    </p>
   </div>
   <div class='ocr_carea' id='block_1_88' title="bbox 2021 2804 3612 2883">
    <p class='ocr_par' dir='ltr' id='par_1_88' title="bbox 2021 2804 3612 2883">
     <span class='ocr_line' id='line_1_88' title="bbox 2021 2804 3612 2883; baseline 0.007 -26"><span class='ocrx_word' id='word_1_697' title='bbox 2021 2804 2150 2858; x_wconf 92' lang='lat' dir='ltr'><strong><em>tium</em></strong></span> <span class='ocrx_word' id='word_1_698' title='bbox 2181 2805 2328 2871; x_wconf 87' lang='lat' dir='ltr'><strong><em>dicit,</em></strong></span> <span class='ocrx_word' id='word_1_699' title='bbox 2359 2817 2414 2862; x_wconf 88' lang='lat' dir='ltr'><strong><em>et</em></strong></span> <span class='ocrx_word' id='word_1_700' title='bbox 2441 2809 2625 2878; x_wconf 89' lang='lat' dir='ltr'><strong><em>procul</em></strong></span> <span class='ocrx_word' id='word_1_701' title='bbox 2671 2807 2965 2865; x_wconf 83' lang='lat' dir='ltr'><strong><em>videntium</em></strong></span> <span class='ocrx_word' id='word_1_702' title='bbox 3007 2813 3254 2868; x_wconf 85' lang='lat' dir='ltr'><strong><em>civitates</em></strong></span> <span class='ocrx_word' id='word_1_703' title='bbox 3291 2829 3424 2883; x_wconf 87' lang='lat' dir='ltr'><strong><em>quas</em></strong></span> <span class='ocrx_word' id='word_1_704' title='bbox 3469 2814 3612 2869; x_wconf 88' lang='lat' dir='ltr'><strong><em>desi-</em></strong></span> 
     </span>
    </p>
   </div>
   <div class='ocr_carea' id='block_1_89' title="bbox 2020 2894 3608 2973">
    <p class='ocr_par' dir='ltr' id='par_1_89' title="bbox 2020 2894 3608 2973">
     <span class='ocr_line' id='line_1_89' title="bbox 2020 2894 3608 2973; baseline 0.007 -25"><span class='ocrx_word' id='word_1_705' title='bbox 2020 2894 2231 2961; x_wconf 89' lang='lat' dir='ltr'><strong><em>derant,</em></strong></span> <span class='ocrx_word' id='word_1_706' title='bbox 2282 2911 2419 2967; x_wconf 90' lang='lat' dir='ltr'><strong><em>quas</em></strong></span> <span class='ocrx_word' id='word_1_707' title='bbox 2470 2899 2778 2970; x_wconf 88' lang='lat' dir='ltr'><strong><em>priusquam</em></strong></span> <span class='ocrx_word' id='word_1_708' title='bbox 2829 2900 2882 2955; x_wconf 92' lang='lat' dir='ltr'><strong><em>in</em></strong></span> <span class='ocrx_word' id='word_1_709' title='bbox 2932 2902 3076 2972; x_wconf 88' lang='lat' dir='ltr'><strong><em>ipsas</em></strong></span> <span class='ocrx_word' id='word_1_710' title='bbox 3117 2903 3342 2973; x_wconf 83' lang='lat' dir='ltr'><strong><em>ingressi</em></strong></span> <span class='ocrx_word' id='word_1_711' title='bbox 3389 2904 3608 2970; x_wconf 81' lang='lat' dir='ltr'><strong><em>fuerint,</em></strong></span> 
     </span>
    </p>
   </div>
   <div class='ocr_carea' id='block_1_90' title="bbox 2020 2989 3610 3065">
    <p class='ocr_par' dir='ltr' id='par_1_90' title="bbox 2020 2989 3610 3065">
     <span class='ocr_line' id='line_1_90' title="bbox 2020 2989 3610 3065; baseline 0.006 -24"><span class='ocrx_word' id='word_1_712' title='bbox 2020 2999 2137 3042; x_wconf 91' lang='lat' dir='ltr'><strong><em>com</em></strong></span> <span class='ocrx_word' id='word_1_713' title='bbox 2145 2989 2427 3057; x_wconf 87' lang='lat' dir='ltr'><strong><em>pellatione</em></strong></span> <span class='ocrx_word' id='word_1_714' title='bbox 2446 2999 2628 3058; x_wconf 88' lang='lat' dir='ltr'><strong><em>captas</em></strong></span> <span class='ocrx_word' id='word_1_715' title='bbox 2647 2991 2748 3045; x_wconf 91' lang='lat' dir='ltr'><strong><em>sibi</em></strong></span> <span class='ocrx_word' id='word_1_716' title='bbox 2773 2992 3092 3049; x_wconf 89' lang='lat' dir='ltr'><strong><em>attribuunt.</em></strong></span> <span class='ocrx_word' id='word_1_717' title='bbox 3120 2994 3209 3050; x_wconf 70' lang='lat'><strong><em>10.</em></strong></span> <span class='ocrx_word' id='word_1_718' title='bbox 3235 2994 3610 3065; x_wconf 77' lang='lat' dir='ltr'><strong><em>Exspectabam</em></strong></span> 
     </span>
    </p>
   </div>
   <div class='ocr_carea' id='block_1_91' title="bbox 2021 3079 3612 3160">
    <p class='ocr_par' dir='ltr' id='par_1_91' title="bbox 2021 3079 3612 3160">
     <span class='ocr_line' id='line_1_91' title="bbox 2021 3079 3612 3160; baseline 0.008 -26"><span class='ocrx_word' id='word_1_719' title='bbox 2021 3080 2174 3144; x_wconf 88' lang='lat' dir='ltr'><strong><em>cnim,</em></strong></span> <span class='ocrx_word' id='word_1_720' title='bbox 2221 3079 2413 3151; x_wconf 88' lang='lat' dir='ltr'><strong><em>inquit,</em></strong></span> <span class='ocrx_word' id='word_1_721' title='bbox 2461 3082 2793 3153; x_wconf 81' lang='lat' dir='ltr'><strong><em>fundamenta</em></strong></span> <span class='ocrx_word' id='word_1_722' title='bbox 2837 3088 3098 3141; x_wconf 86' lang='lat' dir='ltr'><strong><em>habentem</em></strong></span> <span class='ocrx_word' id='word_1_723' title='bbox 3139 3089 3421 3154; x_wconf 81' lang='lat' dir='ltr'><strong><em>ciuitatem,</em></strong></span> <span class='ocrx_word' id='word_1_724' title='bbox 3463 3091 3612 3160; x_wconf 78' lang='lat' dir='ltr'><strong><em>cujus</em></strong></span> 
     </span>
    </p>
   </div>
   <div class='ocr_carea' id='block_1_92' title="bbox 2020 3172 3608 3249">
    <p class='ocr_par' dir='ltr' id='par_1_92' title="bbox 2020 3172 3608 3249">
     <span class='ocr_line' id='line_1_92' title="bbox 2020 3172 3608 3249; baseline 0.006 -26"><span class='ocrx_word' id='word_1_725' title='bbox 2020 3172 2206 3241; x_wconf 72' lang='lat' dir='ltr'><strong><em>artifex</em></strong></span> <span class='ocrx_word' id='word_1_726' title='bbox 2225 3181 2271 3225; x_wconf 87' lang='lat' dir='ltr'><strong><em>et</em></strong></span> <span class='ocrx_word' id='word_1_727' title='bbox 2291 3173 2524 3226; x_wconf 88' lang='lat' dir='ltr'><strong><em>conditor</em></strong></span> <span class='ocrx_word' id='word_1_728' title='bbox 2550 3172 2713 3228; x_wconf 87' lang='lat' dir='ltr'><strong><em>Deus.</em></strong></span> <span class='ocrx_word' id='word_1_729' title='bbox 2745 3176 2906 3232; x_wconf 85' lang='lat' dir='ltr'><strong><em>Vides</em></strong></span> <span class='ocrx_word' id='word_1_730' title='bbox 2927 3178 3068 3248; x_wconf 87' lang='lat' dir='ltr'><strong><em>quod</em></strong></span> <span class='ocrx_word' id='word_1_731' title='bbox 3096 3178 3246 3242; x_wconf 89' lang='lat' dir='ltr'><strong><em>illud,</em></strong></span> <span class='ocrx_word' id='word_1_732' title='bbox 3270 3180 3608 3249; x_wconf 77' lang='lat' dir='ltr'><strong><em>Acceperunt,</em></strong></span> 
     </span>
    </p>
   </div>
   <div class='ocr_carea' id='block_1_93' title="bbox 2020 3266 3611 3342">
    <p class='ocr_par' dir='ltr' id='par_1_93' title="bbox 2020 3266 3611 3342">
     <span class='ocr_line' id='line_1_93' title="bbox 2020 3266 3611 3342; baseline 0.006 -24"><span class='ocrx_word' id='word_1_733' title='bbox 2020 3273 2102 3318; x_wconf 92' lang='lat' dir='ltr'><strong><em>est</em></strong></span> <span class='ocrx_word' id='word_1_734' title='bbox 2125 3275 2437 3334; x_wconf 73' lang='lat' dir='ltr'><strong><em>exspectare</em></strong></span> <span class='ocrx_word' id='word_1_735' title='bbox 2466 3276 2519 3321; x_wconf 90' lang='lat' dir='ltr'><strong><em>ct</em></strong></span> <span class='ocrx_word' id='word_1_736' title='bbox 2553 3266 2620 3322; x_wconf 90' lang='lat' dir='ltr'><strong><em>de</em></strong></span> <span class='ocrx_word' id='word_1_737' title='bbox 2657 3267 2736 3322; x_wconf 92' lang='lat' dir='ltr'><strong><em>eis</em></strong></span> <span class='ocrx_word' id='word_1_738' title='bbox 2765 3269 3072 3325; x_wconf 80' lang='lat' dir='ltr'><strong><em>conlidere?</em></strong></span> <span class='ocrx_word' id='word_1_739' title='bbox 3099 3270 3154 3326; x_wconf 92' lang='lat' dir='ltr'><strong><em>Si</em></strong></span> <span class='ocrx_word' id='word_1_740' title='bbox 3179 3285 3310 3342; x_wconf 84' lang='lat' dir='ltr'><strong><em>ergo</em></strong></span> <span class='ocrx_word' id='word_1_741' title='bbox 3339 3273 3611 3328; x_wconf 82' lang='lat' dir='ltr'><strong><em>conlidere</em></strong></span> 
     </span>
    </p>
   </div>
   <div class='ocr_carea' id='block_1_94' title="bbox 2019 3356 3608 3432">
    <p class='ocr_par' dir='ltr' id='par_1_94' title="bbox 2019 3356 3608 3432">
     <span class='ocr_line' id='line_1_94' title="bbox 2019 3356 3608 3432; baseline 0.006 -22"><span class='ocrx_word' id='word_1_742' title='bbox 2019 3364 2102 3410; x_wconf 89' lang='lat' dir='ltr'><strong><em>est</em></strong></span> <span class='ocrx_word' id='word_1_743' title='bbox 2127 3356 2418 3426; x_wconf 86' lang='lat' dir='ltr'><strong><em>accepisse,</em></strong></span> <span class='ocrx_word' id='word_1_744' title='bbox 2450 3359 2611 3414; x_wconf 90' lang='lat' dir='ltr'><strong><em>nobis</em></strong></span> <span class='ocrx_word' id='word_1_745' title='bbox 2645 3375 2856 3430; x_wconf 88' lang='lat' dir='ltr'><strong><em>quoque</em></strong></span> <span class='ocrx_word' id='word_1_746' title='bbox 2883 3361 3006 3416; x_wconf 88' lang='lat' dir='ltr'><strong><em>licet</em></strong></span> <span class='ocrx_word' id='word_1_747' title='bbox 3036 3361 3301 3432; x_wconf 88' lang='lat' dir='ltr'><strong><em>accipere.</em></strong></span> <span class='ocrx_word' id='word_1_748' title='bbox 3325 3363 3416 3418; x_wconf 87' lang='lat' dir='ltr'><strong><em>Isti</em></strong></span> <span class='ocrx_word' id='word_1_749' title='bbox 3439 3365 3608 3431; x_wconf 76' lang='lat' dir='ltr'><strong><em>enim,</em></strong></span> 
     </span>
    </p>
   </div>
   <div class='ocr_carea' id='block_1_95' title="bbox 2018 3447 3608 3520">
    <p class='ocr_par' dir='ltr' id='par_1_95' title="bbox 2018 3447 3608 3520">
     <span class='ocr_line' id='line_1_95' title="bbox 2018 3447 3608 3520; baseline 0.005 -18"><span class='ocrx_word' id='word_1_750' title='bbox 2018 3449 2118 3503; x_wconf 90' lang='lat' dir='ltr'><strong><em>etsi</em></strong></span> <span class='ocrx_word' id='word_1_751' title='bbox 2151 3447 2216 3502; x_wconf 89' lang='lat' dir='ltr'><strong><em>iis</em></strong></span> <span class='ocrx_word' id='word_1_752' title='bbox 2241 3465 2348 3503; x_wconf 92' lang='lat' dir='ltr'><strong><em>non</em></strong></span> <span class='ocrx_word' id='word_1_753' title='bbox 2379 3459 2505 3504; x_wconf 88' lang='lat' dir='ltr'><strong><em>sunt</em></strong></span> <span class='ocrx_word' id='word_1_754' title='bbox 2533 3452 2710 3520; x_wconf 90' lang='lat' dir='ltr'><strong><em>potiti,</em></strong></span> <span class='ocrx_word' id='word_1_755' title='bbox 2738 3451 3008 3518; x_wconf 85' lang='lat' dir='ltr'><strong><em>desiderio</em></strong></span> <span class='ocrx_word' id='word_1_756' title='bbox 3037 3463 3212 3508; x_wconf 88' lang='lat' dir='ltr'><strong><em>tamen</em></strong></span> <span class='ocrx_word' id='word_1_757' title='bbox 3245 3469 3336 3509; x_wconf 89' lang='lat' dir='ltr'><strong><em>eas</em></strong></span> <span class='ocrx_word' id='word_1_758' title='bbox 3363 3466 3608 3512; x_wconf 85' lang='lat' dir='ltr'><strong><em>contem-</em></strong></span> 
     </span>
    </p>
   </div>
   <div class='ocr_carea' id='block_1_96' title="bbox 2017 3537 3604 3615">
    <p class='ocr_par' dir='ltr' id='par_1_96' title="bbox 2017 3537 3604 3615">
     <span class='ocr_line' id='line_1_96' title="bbox 2017 3537 3604 3615; baseline 0.006 -24"><span class='ocrx_word' id='word_1_759' title='bbox 2017 3537 2324 3609; x_wconf 88' lang='lat' dir='ltr'><strong><em>plahantur.</em></strong></span> <span class='ocrx_word' id='word_1_760' title='bbox 2366 3538 2476 3594; x_wconf 89' lang='lat' dir='ltr'><strong><em>Cur</em></strong></span> <span class='ocrx_word' id='word_1_761' title='bbox 2523 3550 2703 3596; x_wconf 90' lang='lat' dir='ltr'><strong><em>autem</em></strong></span> <span class='ocrx_word' id='word_1_762' title='bbox 2753 3543 2866 3597; x_wconf 79' lang='lat' dir='ltr'><strong><em>lucc</em></strong></span> <span class='ocrx_word' id='word_1_763' title='bbox 2913 3543 3090 3598; x_wconf 74' lang='lat' dir='ltr'><strong><em>fiunt?</em></strong></span> <span class='ocrx_word' id='word_1_764' title='bbox 3128 3543 3344 3601; x_wconf 69' lang='lat' dir='ltr'><strong><em>Ut&#39;nos</em></strong></span> <span class='ocrx_word' id='word_1_765' title='bbox 3391 3545 3604 3615; x_wconf 85' lang='lat' dir='ltr'><strong><em>pudeat,</em></strong></span> 
     </span>
    </p>
   </div>
   <div class='ocr_carea' id='block_1_97' title="bbox 2017 3630 3604 3705">
    <p class='ocr_par' dir='ltr' id='par_1_97' title="bbox 2017 3630 3604 3705">
     <span class='ocr_line' id='line_1_97' title="bbox 2017 3630 3604 3705; baseline 0.007 -24"><span class='ocrx_word' id='word_1_766' title='bbox 2017 3630 2160 3699; x_wconf 89' lang='lat' dir='ltr'><strong><em>quod</em></strong></span> <span class='ocrx_word' id='word_1_767' title='bbox 2203 3630 2279 3685; x_wconf 90' lang='lat' dir='ltr'><strong><em>illi</em></strong></span> <span class='ocrx_word' id='word_1_768' title='bbox 2324 3631 2563 3701; x_wconf 85' lang='lat' dir='ltr'><strong><em>quidem,</em></strong></span> <span class='ocrx_word' id='word_1_769' title='bbox 2597 3646 2717 3686; x_wconf 91' lang='lat' dir='ltr'><strong><em>cum</em></strong></span> <span class='ocrx_word' id='word_1_770' title='bbox 2750 3634 3195 3703; x_wconf 90' lang='lat' dir='ltr'><strong><em>promitterentur</em></strong></span> <span class='ocrx_word' id='word_1_771' title='bbox 3237 3651 3357 3705; x_wconf 66' lang='lat' dir='ltr'><strong><em>qure</em></strong></span> <span class='ocrx_word' id='word_1_772' title='bbox 3394 3648 3520 3692; x_wconf 87' lang='lat' dir='ltr'><strong><em>sunt</em></strong></span> <span class='ocrx_word' id='word_1_773' title='bbox 3551 3638 3604 3692; x_wconf 93' lang='lat' dir='ltr'><strong><em>in</em></strong></span> 
     </span>
    </p>
   </div>
   <div class='ocr_carea' id='block_1_98' title="bbox 2019 3721 3605 3798">
    <p class='ocr_par' dir='ltr' id='par_1_98' title="bbox 2019 3721 3605 3798">
     <span class='ocr_line' id='line_1_98' title="bbox 2019 3721 3605 3798; baseline 0.006 -25"><span class='ocrx_word' id='word_1_774' title='bbox 2019 3728 2180 3785; x_wconf 86' lang='lat' dir='ltr'><strong><em>terra,</em></strong></span> <span class='ocrx_word' id='word_1_775' title='bbox 2209 3735 2314 3775; x_wconf 92' lang='lat' dir='ltr'><strong><em>non</em></strong></span> <span class='ocrx_word' id='word_1_776' title='bbox 2344 3721 2713 3786; x_wconf 88' lang='lat' dir='ltr'><strong><em>attendebant,</em></strong></span> <span class='ocrx_word' id='word_1_777' title='bbox 2753 3724 2846 3778; x_wconf 88' lang='lat' dir='ltr'><strong><em>sed</em></strong></span> <span class='ocrx_word' id='word_1_778' title='bbox 2878 3722 3109 3778; x_wconf 85' lang='lat' dir='ltr'><strong><em>futuram</em></strong></span> <span class='ocrx_word' id='word_1_779' title='bbox 3147 3726 3418 3782; x_wconf 86' lang='lat' dir='ltr'><strong><em>civitatem</em></strong></span> <span class='ocrx_word' id='word_1_780' title='bbox 3458 3743 3605 3798; x_wconf 41' lang='lat' dir='ltr'><strong><em>quaet</em></strong></span> 
     </span>
    </p>
   </div>
   <div class='ocr_carea' id='block_1_99' title="bbox 2013 3809 3604 3888">
    <p class='ocr_par' dir='ltr' id='par_1_99' title="bbox 2013 3809 3604 3888">
     <span class='ocr_line' id='line_1_99' title="bbox 2013 3809 3604 3888; baseline 0.006 -24"><span class='ocrx_word' id='word_1_781' title='bbox 2013 3809 2207 3865; x_wconf 81' lang='lat' dir='ltr'><strong><em>rebant</em></strong></span> <span class='ocrx_word' id='word_1_782' title='bbox 2236 3827 2250 3864; x_wconf 90' lang='lat'><strong>:</strong></span> <span class='ocrx_word' id='word_1_783' title='bbox 2284 3811 2442 3866; x_wconf 89' lang='lat' dir='ltr'><strong><em>nobis</em></strong></span> <span class='ocrx_word' id='word_1_784' title='bbox 2471 3821 2650 3866; x_wconf 89' lang='lat' dir='ltr'><strong><em>autem</em></strong></span> <span class='ocrx_word' id='word_1_785' title='bbox 2693 3813 2830 3867; x_wconf 89' lang='lat' dir='ltr'><strong><em>Deus</em></strong></span> <span class='ocrx_word' id='word_1_786' title='bbox 2856 3827 3053 3884; x_wconf 87' lang='lat' dir='ltr'><strong><em>susque</em></strong></span> <span class='ocrx_word' id='word_1_787' title='bbox 3073 3814 3248 3887; x_wconf 89' lang='lat' dir='ltr'><strong><em>deque</em></strong></span> <span class='ocrx_word' id='word_1_788' title='bbox 3273 3817 3341 3873; x_wconf 90' lang='lat' dir='ltr'><strong><em>de</em></strong></span> <span class='ocrx_word' id='word_1_789' title='bbox 3370 3834 3604 3888; x_wconf 88' lang='lat' dir='ltr'><strong><em>superna</em></strong></span> 
     </span>
    </p>
   </div>
   <div class='ocr_carea' id='block_1_100' title="bbox 2017 3902 3607 3977">
    <p class='ocr_par' dir='ltr' id='par_1_100' title="bbox 2017 3902 3607 3977">
     <span class='ocr_line' id='line_1_100' title="bbox 2017 3902 3607 3977; baseline 0.003 -19"><span class='ocrx_word' id='word_1_790' title='bbox 2017 3902 2251 3972; x_wconf 92' lang='lat' dir='ltr'><strong><em>loquitur</em></strong></span> <span class='ocrx_word' id='word_1_791' title='bbox 2275 3903 2512 3966; x_wconf 86' lang='lat' dir='ltr'><strong><em>civitate,</em></strong></span> <span class='ocrx_word' id='word_1_792' title='bbox 2543 3911 2598 3957; x_wconf 87' lang='lat' dir='ltr'><strong><em>et</em></strong></span> <span class='ocrx_word' id='word_1_793' title='bbox 2637 3917 2754 3958; x_wconf 90' lang='lat' dir='ltr'><strong><em>eam</em></strong></span> <span class='ocrx_word' id='word_1_794' title='bbox 2791 3917 2912 3972; x_wconf 66' lang='lat' dir='ltr'><strong><em>quae</em></strong></span> <span class='ocrx_word' id='word_1_795' title='bbox 2945 3912 3029 3958; x_wconf 91' lang='lat' dir='ltr'><strong><em>est</em></strong></span> <span class='ocrx_word' id='word_1_796' title='bbox 3053 3903 3140 3960; x_wconf 90' lang='lat' dir='ltr'><strong><em>hic</em></strong></span> <span class='ocrx_word' id='word_1_797' title='bbox 3167 3909 3481 3977; x_wconf 63' lang='lat' dir='ltr'><strong><em>quaarimus.</em></strong></span> <span class='ocrx_word' id='word_1_798' title='bbox 3513 3909 3607 3963; x_wconf 81' lang='lat' dir='ltr'><strong><em>Di-</em></strong></span> 
     </span>
    </p>
   </div>
   <div class='ocr_carea' id='block_1_101' title="bbox 2017 3994 3606 4071">
    <p class='ocr_par' dir='ltr' id='par_1_101' title="bbox 2017 3994 3606 4071">
     <span class='ocr_line' id='line_1_101' title="bbox 2017 3994 3606 4071; baseline 0.005 -22"><span class='ocrx_word' id='word_1_799' title='bbox 2017 3995 2093 4049; x_wconf 83' lang='lat' dir='ltr'><strong><em>xit</em></strong></span> <span class='ocrx_word' id='word_1_800' title='bbox 2134 3995 2212 4050; x_wconf 90' lang='lat' dir='ltr'><strong><em>eis</em></strong></span> <span class='ocrx_word' id='word_1_801' title='bbox 2244 4013 2258 4049; x_wconf 89' lang='lat'><strong>:</strong></span> <span class='ocrx_word' id='word_1_802' title='bbox 2288 3994 2434 4049; x_wconf 88' lang='lat' dir='ltr'><strong><em>Dabo</em></strong></span> <span class='ocrx_word' id='word_1_803' title='bbox 2463 3995 2599 4049; x_wconf 81' lang='lat' dir='ltr'><strong><em>vobis</em></strong></span> <span class='ocrx_word' id='word_1_804' title='bbox 2641 4011 2752 4064; x_wconf 71' lang='lat' dir='ltr'><strong><em>qua:</em></strong></span> <span class='ocrx_word' id='word_1_805' title='bbox 2801 4006 2919 4050; x_wconf 88' lang='lat' dir='ltr'><strong><em>sunt</em></strong></span> <span class='ocrx_word' id='word_1_806' title='bbox 2960 3998 3013 4053; x_wconf 92' lang='lat' dir='ltr'><strong><em>in</em></strong></span> <span class='ocrx_word' id='word_1_807' title='bbox 3046 4001 3280 4068; x_wconf 69' lang='lat' dir='ltr'><strong><em>pra&#39;senti</em></strong></span> <span class='ocrx_word' id='word_1_808' title='bbox 3305 4017 3324 4055; x_wconf 91' lang='lat'><strong><em>:</em></strong></span> <span class='ocrx_word' id='word_1_809' title='bbox 3354 4003 3606 4071; x_wconf 86' lang='lat' dir='ltr'><strong><em>quoniam</em></strong></span> 
     </span>
    </p>
   </div>
   <div class='ocr_carea' id='block_1_102' title="bbox 2016 4088 3609 4161">
    <p class='ocr_par' dir='ltr' id='par_1_102' title="bbox 2016 4088 3609 4161">
     <span class='ocr_line' id='line_1_102' title="bbox 2016 4088 3609 4161; baseline 0.005 -21"><span class='ocrx_word' id='word_1_810' title='bbox 2016 4096 2195 4142; x_wconf 88' lang='lat' dir='ltr'><strong><em>autem</em></strong></span> <span class='ocrx_word' id='word_1_811' title='bbox 2222 4088 2373 4154; x_wconf 90' lang='lat' dir='ltr'><strong><em>vidit,</em></strong></span> <span class='ocrx_word' id='word_1_812' title='bbox 2417 4089 2499 4143; x_wconf 86' lang='lat' dir='ltr'><strong><em>vel</em></strong></span> <span class='ocrx_word' id='word_1_813' title='bbox 2533 4088 2711 4157; x_wconf 90' lang='lat' dir='ltr'><strong><em>potius</em></strong></span> <span class='ocrx_word' id='word_1_814' title='bbox 2739 4089 2994 4159; x_wconf 86' lang='lat' dir='ltr'><strong><em>quoniam</em></strong></span> <span class='ocrx_word' id='word_1_815' title='bbox 3022 4093 3231 4161; x_wconf 89' lang='lat' dir='ltr'><strong><em>seipsos</em></strong></span> <span class='ocrx_word' id='word_1_816' title='bbox 3257 4093 3609 4148; x_wconf 84' lang='lat' dir='ltr'><strong><em>ostenderunt</em></strong></span> 
     </span>
    </p>
   </div>
   <div class='ocr_carea' id='block_1_103' title="bbox 2017 4178 3609 4257">
    <p class='ocr_par' dir='ltr' id='par_1_103' title="bbox 2017 4178 3609 4257">
     <span class='ocr_line' id='line_1_103' title="bbox 2017 4178 3609 4257; baseline 0.006 -25"><span class='ocrx_word' id='word_1_817' title='bbox 2017 4178 2206 4249; x_wconf 85' lang='lat' dir='ltr'><strong><em>dignos</em></strong></span> <span class='ocrx_word' id='word_1_818' title='bbox 2247 4195 2370 4235; x_wconf 89' lang='lat' dir='ltr'><strong><em>esse</em></strong></span> <span class='ocrx_word' id='word_1_819' title='bbox 2412 4180 2728 4250; x_wconf 86' lang='lat' dir='ltr'><strong><em>majoribus,</em></strong></span> <span class='ocrx_word' id='word_1_820' title='bbox 2775 4192 2900 4240; x_wconf 91' lang='lat' dir='ltr'><strong><em>tunc</em></strong></span> <span class='ocrx_word' id='word_1_821' title='bbox 2940 4199 3048 4239; x_wconf 91' lang='lat' dir='ltr'><strong><em>non</em></strong></span> <span class='ocrx_word' id='word_1_822' title='bbox 3081 4187 3309 4257; x_wconf 88' lang='lat' dir='ltr'><strong><em>amplius</em></strong></span> <span class='ocrx_word' id='word_1_823' title='bbox 3339 4187 3467 4242; x_wconf 90' lang='lat' dir='ltr'><strong><em>sinit</em></strong></span> <span class='ocrx_word' id='word_1_824' title='bbox 3494 4187 3609 4242; x_wconf 67' lang='grc' dir='ltr'><strong><em>ιιωο</em></strong></span> 
     </span>
    </p>
   </div>
   <div class='ocr_carea' id='block_1_104' title="bbox 2015 4269 3609 4342">
    <p class='ocr_par' dir='ltr' id='par_1_104' title="bbox 2015 4269 3609 4342">
     <span class='ocr_line' id='line_1_104' title="bbox 2015 4269 3609 4342; baseline 0.006 -20"><span class='ocrx_word' id='word_1_825' title='bbox 2015 4269 2278 4338; x_wconf 87' lang='lat' dir='ltr'><strong><em>accipere,</em></strong></span> <span class='ocrx_word' id='word_1_826' title='bbox 2323 4269 2418 4324; x_wconf 89' lang='lat' dir='ltr'><strong><em>sed</em></strong></span> <span class='ocrx_word' id='word_1_827' title='bbox 2466 4270 2558 4326; x_wconf 86' lang='lat' dir='ltr'><strong><em>illa</em></strong></span> <span class='ocrx_word' id='word_1_828' title='bbox 2604 4272 2847 4342; x_wconf 88' lang='lat' dir='ltr'><strong><em>majora;</em></strong></span> <span class='ocrx_word' id='word_1_829' title='bbox 2900 4275 3090 4330; x_wconf 89' lang='lat' dir='ltr'><strong><em>volens</em></strong></span> <span class='ocrx_word' id='word_1_830' title='bbox 3129 4277 3284 4330; x_wconf 90' lang='lat' dir='ltr'><strong><em>nobis</em></strong></span> <span class='ocrx_word' id='word_1_831' title='bbox 3321 4277 3609 4332; x_wconf 88' lang='lat' dir='ltr'><strong><em>ostendere</em></strong></span> 
     </span>
    </p>
   </div>
   <div class='ocr_carea' id='block_1_105' title="bbox 2015 4359 3610 4434">
    <p class='ocr_par' dir='ltr' id='par_1_105' title="bbox 2015 4359 3610 4434">
     <span class='ocr_line' id='line_1_105' title="bbox 2015 4359 3610 4434; baseline 0.008 -24"><span class='ocrx_word' id='word_1_832' title='bbox 2015 4359 2156 4428; x_wconf 89' lang='lat' dir='ltr'><strong><em>quod</em></strong></span> <span class='ocrx_word' id='word_1_833' title='bbox 2188 4359 2332 4430; x_wconf 83' lang='lat' dir='ltr'><strong><em>digni</em></strong></span> <span class='ocrx_word' id='word_1_834' title='bbox 2365 4369 2492 4417; x_wconf 89' lang='lat' dir='ltr'><strong><em>sunt</em></strong></span> <span class='ocrx_word' id='word_1_835' title='bbox 2515 4363 2828 4433; x_wconf 85' lang='lat' dir='ltr'><strong><em>majoribus,</em></strong></span> <span class='ocrx_word' id='word_1_836' title='bbox 2867 4373 2922 4417; x_wconf 93' lang='lat' dir='ltr'><strong><em>ut</em></strong></span> <span class='ocrx_word' id='word_1_837' title='bbox 2944 4365 3038 4434; x_wconf 91' lang='lat' dir='ltr'><strong><em>qui</em></strong></span> <span class='ocrx_word' id='word_1_838' title='bbox 3068 4365 3338 4420; x_wconf 88' lang='lat' dir='ltr'><strong><em>noluerint</em></strong></span> <span class='ocrx_word' id='word_1_839' title='bbox 3369 4367 3451 4421; x_wconf 90' lang='lat' dir='ltr'><strong><em>his</em></strong></span> <span class='ocrx_word' id='word_1_840' title='bbox 3492 4370 3610 4422; x_wconf 77' lang='lat' dir='ltr'><strong><em>alli-</em></strong></span> 
     </span>
    </p>
   </div>
   <div class='ocr_carea' id='block_1_106' title="bbox 2017 4450 3606 4525">
    <p class='ocr_par' dir='ltr' id='par_1_106' title="bbox 2017 4450 3606 4525">
     <span class='ocr_line' id='line_1_106' title="bbox 2017 4450 3606 4525; baseline 0.009 -25"><span class='ocrx_word' id='word_1_841' title='bbox 2017 4450 2127 4518; x_wconf 78' lang='lat' dir='ltr'><strong><em>gari</em></strong></span> <span class='ocrx_word' id='word_1_842' title='bbox 2163 4465 2176 4500; x_wconf 91' lang='lat'><strong>:</strong></span> <span class='ocrx_word' id='word_1_843' title='bbox 2211 4450 2340 4508; x_wconf 90' lang='lat' dir='ltr'><strong><em>utsi</em></strong></span> <span class='ocrx_word' id='word_1_844' title='bbox 2371 4454 2490 4523; x_wconf 90' lang='lat' dir='ltr'><strong><em>quis</em></strong></span> <span class='ocrx_word' id='word_1_845' title='bbox 2517 4453 2836 4524; x_wconf 88' lang='lat' dir='ltr'><strong><em>intelligenti</em></strong></span> <span class='ocrx_word' id='word_1_846' title='bbox 2866 4454 3210 4522; x_wconf 87' lang='lat' dir='ltr'><strong><em>polliceretur</em></strong></span> <span class='ocrx_word' id='word_1_847' title='bbox 3231 4457 3477 4525; x_wconf 89' lang='lat' dir='ltr'><strong><em>puerilia,</em></strong></span> <span class='ocrx_word' id='word_1_848' title='bbox 3502 4474 3606 4514; x_wconf 88' lang='lat' dir='ltr'><strong><em>non</em></strong></span> 
     </span>
    </p>
   </div>
   <div class='ocr_carea' id='block_1_107' title="bbox 2019 4539 3609 4616">
    <p class='ocr_par' dir='ltr' id='par_1_107' title="bbox 2019 4539 3609 4616">
     <span class='ocr_line' id='line_1_107' title="bbox 2019 4539 3609 4616; baseline 0.006 -24"><span class='ocrx_word' id='word_1_849' title='bbox 2019 4549 2076 4594; x_wconf 89' lang='lat' dir='ltr'><strong><em>ut</em></strong></span> <span class='ocrx_word' id='word_1_850' title='bbox 2123 4539 2369 4613; x_wconf 87' lang='lat' dir='ltr'><strong><em>accipiat,</em></strong></span> <span class='ocrx_word' id='word_1_851' title='bbox 2419 4544 2513 4600; x_wconf 91' lang='lat' dir='ltr'><strong><em>sed</em></strong></span> <span class='ocrx_word' id='word_1_852' title='bbox 2545 4545 2662 4614; x_wconf 91' lang='lat' dir='ltr'><strong><em>ejus</em></strong></span> <span class='ocrx_word' id='word_1_853' title='bbox 2707 4546 3002 4600; x_wconf 87' lang='lat' dir='ltr'><strong><em>ostendens</em></strong></span> <span class='ocrx_word' id='word_1_854' title='bbox 3049 4545 3467 4616; x_wconf 90' lang='lat' dir='ltr'><strong><em>philosophiam,</em></strong></span> <span class='ocrx_word' id='word_1_855' title='bbox 3520 4549 3609 4603; x_wconf 91' lang='lat' dir='ltr'><strong><em>illo</em></strong></span> 
     </span>
    </p>
   </div>
   <div class='ocr_carea' id='block_1_108' title="bbox 2020 4635 3608 4710">
    <p class='ocr_par' dir='ltr' id='par_1_108' title="bbox 2020 4635 3608 4710">
     <span class='ocr_line' id='line_1_108' title="bbox 2020 4635 3608 4710; baseline 0.006 -24"><span class='ocrx_word' id='word_1_856' title='bbox 2020 4643 2234 4701; x_wconf 81' lang='lat' dir='ltr'><strong><em>petente</em></strong></span> <span class='ocrx_word' id='word_1_857' title='bbox 2264 4635 2488 4706; x_wconf 81' lang='lat' dir='ltr'><strong><em>majora.</em></strong></span> <span class='ocrx_word' id='word_1_858' title='bbox 2523 4636 2631 4692; x_wconf 88' lang='lat' dir='ltr'><strong><em>lloc</em></strong></span> <span class='ocrx_word' id='word_1_859' title='bbox 2657 4637 2801 4692; x_wconf 91' lang='lat' dir='ltr'><strong><em>enim</em></strong></span> <span class='ocrx_word' id='word_1_860' title='bbox 2830 4648 2910 4693; x_wconf 86' lang='lat' dir='ltr'><strong><em>est</em></strong></span> <span class='ocrx_word' id='word_1_861' title='bbox 2937 4639 3270 4695; x_wconf 89' lang='lat' dir='ltr'><strong><em>ostendentis</em></strong></span> <span class='ocrx_word' id='word_1_862' title='bbox 3297 4641 3436 4710; x_wconf 89' lang='lat' dir='ltr'><strong><em>quod</em></strong></span> <span class='ocrx_word' id='word_1_863' title='bbox 3463 4651 3608 4697; x_wconf 89' lang='lat' dir='ltr'><strong><em>tanto</em></strong></span> 
     </span>
    </p>
   </div>
   <div class='ocr_carea' id='block_1_109' title="bbox 2016 4725 3610 4800">
    <p class='ocr_par' dir='ltr' id='par_1_109' title="bbox 2016 4725 3610 4800">
     <span class='ocr_line' id='line_1_109' title="bbox 2016 4725 3610 4800; baseline 0.006 -20"><span class='ocrx_word' id='word_1_864' title='bbox 2016 4725 2198 4780; x_wconf 85' lang='lat' dir='ltr'><strong><em>studio</em></strong></span> <span class='ocrx_word' id='word_1_865' title='bbox 2223 4725 2564 4780; x_wconf 85' lang='lat' dir='ltr'><strong><em>abstinebant</em></strong></span> <span class='ocrx_word' id='word_1_866' title='bbox 2591 4741 2620 4780; x_wconf 89' lang='lat' dir='ltr'><strong><em>a</em></strong></span> <span class='ocrx_word' id='word_1_867' title='bbox 2656 4736 2817 4792; x_wconf 86' lang='lat' dir='ltr'><strong><em>terra,</em></strong></span> <span class='ocrx_word' id='word_1_868' title='bbox 2847 4739 2905 4783; x_wconf 90' lang='lat' dir='ltr'><strong><em>ut</em></strong></span> <span class='ocrx_word' id='word_1_869' title='bbox 2936 4745 3034 4784; x_wconf 90' lang='lat' dir='ltr'><strong><em>nec</em></strong></span> <span class='ocrx_word' id='word_1_870' title='bbox 3068 4747 3189 4800; x_wconf 75' lang='lat' dir='ltr'><strong><em>qua:</em></strong></span> <span class='ocrx_word' id='word_1_871' title='bbox 3229 4732 3494 4788; x_wconf 88' lang='lat' dir='ltr'><strong><em>dabantur</em></strong></span> <span class='ocrx_word' id='word_1_872' title='bbox 3521 4749 3610 4789; x_wconf 89' lang='lat' dir='ltr'><strong><em>ac-</em></strong></span> 
     </span>
    </p>
   </div>
   <div class='ocr_carea' id='block_1_110' title="bbox 2007 4818 3608 4896">
    <p class='ocr_par' dir='ltr' id='par_1_110' title="bbox 2007 4818 3608 4896">
     <span class='ocr_line' id='line_1_110' title="bbox 2007 4818 3608 4896; baseline 0.006 -23"><span class='ocrx_word' id='word_1_873' title='bbox 2007 4818 2284 4888; x_wconf 81' lang='lat' dir='ltr'><strong><em>cipereut.</em></strong></span> <span class='ocrx_word' id='word_1_874' title='bbox 2336 4819 2625 4889; x_wconf 89' lang='lat' dir='ltr'><strong><em>Propterea</em></strong></span> <span class='ocrx_word' id='word_1_875' title='bbox 2675 4837 2807 4892; x_wconf 84' lang='lat' dir='ltr'><strong><em>ergo</em></strong></span> <span class='ocrx_word' id='word_1_876' title='bbox 2863 4824 3134 4894; x_wconf 87' lang='lat' dir='ltr'><strong><em>accipiunt</em></strong></span> <span class='ocrx_word' id='word_1_877' title='bbox 3186 4833 3452 4893; x_wconf 89' lang='lat' dir='ltr'><strong><em>nepotes;</em></strong></span> <span class='ocrx_word' id='word_1_878' title='bbox 3509 4827 3608 4896; x_wconf 85' lang='lat' dir='ltr'><strong><em>ipsi</em></strong></span> 
     </span>
    </p>
   </div>
   <div class='ocr_carea' id='block_1_111' title="bbox 2019 4911 3611 4986">
    <p class='ocr_par' dir='ltr' id='par_1_111' title="bbox 2019 4911 3611 4986">
     <span class='ocr_line' id='line_1_111' title="bbox 2019 4911 3611 4986; baseline 0.006 -21"><span class='ocrx_word' id='word_1_879' title='bbox 2019 4911 2162 4965; x_wconf 89' lang='lat' dir='ltr'><strong><em>enim</em></strong></span> <span class='ocrx_word' id='word_1_880' title='bbox 2193 4920 2342 4965; x_wconf 89' lang='lat' dir='ltr'><strong><em>erant</em></strong></span> <span class='ocrx_word' id='word_1_881' title='bbox 2379 4911 2525 4982; x_wconf 85' lang='lat' dir='ltr'><strong><em>digni</em></strong></span> <span class='ocrx_word' id='word_1_882' title='bbox 2551 4923 2713 4968; x_wconf 88' lang='lat' dir='ltr'><strong><em>terra.</em></strong></span> <span class='ocrx_word' id='word_1_883' title='bbox 2740 4915 2875 4981; x_wconf 86' lang='lat' dir='ltr'><strong><em>Quid</em></strong></span> <span class='ocrx_word' id='word_1_884' title='bbox 2903 4926 2986 4970; x_wconf 91' lang='lat' dir='ltr'><strong><em>est</em></strong></span> <span class='ocrx_word' id='word_1_885' title='bbox 3017 4926 3220 4986; x_wconf 87' lang='lat' dir='ltr'><strong><em>autem,</em></strong></span> <span class='ocrx_word' id='word_1_886' title='bbox 3256 4919 3611 4975; x_wconf 81' lang='lat' dir='ltr'><strong><em>Fundamenta</em></strong></span> 
     </span>
    </p>
   </div>
   <div class='ocr_carea' id='block_1_112' title="bbox 2021 5003 3610 5068">
    <p class='ocr_par' dir='ltr' id='par_1_112' title="bbox 2021 5003 3610 5068">
     <span class='ocr_line' id='line_1_112' title="bbox 2021 5003 3610 5068; baseline 0.008 -12"><span class='ocrx_word' id='word_1_887' title='bbox 2021 5004 2280 5058; x_wconf 87' lang='lat' dir='ltr'><strong><em>habentem</em></strong></span> <span class='ocrx_word' id='word_1_888' title='bbox 2308 5004 2556 5057; x_wconf 81' lang='lat' dir='ltr'><strong><em>civitatem</em></strong></span> <span class='ocrx_word' id='word_1_889' title='bbox 2575 5005 2601 5057; x_wconf 88' lang='lat'><strong><em>?</em></strong></span> <span class='ocrx_word' id='word_1_890' title='bbox 2628 5003 2741 5061; x_wconf 65' lang='lat' dir='ltr'><strong><em>hinc</em></strong></span> <span class='ocrx_word' id='word_1_891' title='bbox 2769 5007 2912 5060; x_wconf 90' lang='lat' dir='ltr'><strong><em>enim</em></strong></span> <span class='ocrx_word' id='word_1_892' title='bbox 2940 5023 3044 5062; x_wconf 92' lang='lat' dir='ltr'><strong><em>non</em></strong></span> <span class='ocrx_word' id='word_1_893' title='bbox 3069 5019 3193 5065; x_wconf 89' lang='lat' dir='ltr'><strong><em>sunt</em></strong></span> <span class='ocrx_word' id='word_1_894' title='bbox 3223 5011 3564 5068; x_wconf 82' lang='lat' dir='ltr'><strong><em>fundamenta</em></strong></span> <span class='ocrx_word' id='word_1_895' title='bbox 3587 5015 3610 5068; x_wconf 85' lang='lat'><strong>?</strong></span> 
     </span>
    </p>
   </div>
   <div class='ocr_carea' id='block_1_113' title="bbox 2021 5096 3601 5176">
    <p class='ocr_par' dir='ltr' id='par_1_113' title="bbox 2021 5096 3601 5176">
     <span class='ocr_line' id='line_1_113' title="bbox 2021 5096 3601 5176; baseline 0.006 -26"><span class='ocrx_word' id='word_1_896' title='bbox 2021 5096 2134 5150; x_wconf 79' lang='lat' dir='ltr'><strong><em>Non</em></strong></span> <span class='ocrx_word' id='word_1_897' title='bbox 2177 5105 2299 5150; x_wconf 91' lang='lat' dir='ltr'><strong><em>sunt</em></strong></span> <span class='ocrx_word' id='word_1_898' title='bbox 2341 5097 2385 5150; x_wconf 91' lang='lat' dir='ltr'><strong><em>si</em></strong></span> <span class='ocrx_word' id='word_1_899' title='bbox 2427 5098 2767 5152; x_wconf 78' lang='lat' dir='ltr'><strong><em>conferantur</em></strong></span> <span class='ocrx_word' id='word_1_900' title='bbox 2813 5114 2933 5154; x_wconf 91' lang='lat' dir='ltr'><strong><em>cum</em></strong></span> <span class='ocrx_word' id='word_1_901' title='bbox 2967 5101 3090 5157; x_wconf 89' lang='lat' dir='ltr'><strong><em>illis.</em></strong></span> <span class='ocrx_word' id='word_1_902' title='bbox 3137 5103 3296 5175; x_wconf 88' lang='lat' dir='ltr'><strong><em>Cujus</em></strong></span> <span class='ocrx_word' id='word_1_903' title='bbox 3335 5107 3520 5176; x_wconf 70' lang='lat' dir='ltr'><strong><em>artifex</em></strong></span> <span class='ocrx_word' id='word_1_904' title='bbox 3552 5117 3601 5160; x_wconf 83' lang='lat' dir='ltr'><strong><em>et</em></strong></span> 
     </span>
    </p>
   </div>
   <div class='ocr_carea' id='block_1_114' title="bbox 2019 5187 3611 5261">
    <p class='ocr_par' dir='ltr' id='par_1_114' title="bbox 2019 5187 3611 5261">
     <span class='ocr_line' id='line_1_114' title="bbox 2019 5187 3611 5261; baseline 0.006 -19"><span class='ocrx_word' id='word_1_905' title='bbox 2019 5189 2250 5242; x_wconf 88' lang='lat' dir='ltr'><strong><em>conditor</em></strong></span> <span class='ocrx_word' id='word_1_906' title='bbox 2278 5199 2347 5242; x_wconf 86' lang='lat' dir='ltr'><strong><em>est</em></strong></span> <span class='ocrx_word' id='word_1_907' title='bbox 2399 5187 2552 5243; x_wconf 84' lang='lat' dir='ltr'><strong><em>Deus.</em></strong></span> <span class='ocrx_word' id='word_1_908' title='bbox 2599 5189 2772 5260; x_wconf 67' lang='lat' dir='ltr'><strong><em>Papae,</em></strong></span> <span class='ocrx_word' id='word_1_909' title='bbox 2811 5192 2968 5261; x_wconf 85' lang='lat' dir='ltr'><strong><em>quale</em></strong></span> <span class='ocrx_word' id='word_1_910' title='bbox 3003 5202 3088 5248; x_wconf 86' lang='lat' dir='ltr'><strong><em>est</em></strong></span> <span class='ocrx_word' id='word_1_911' title='bbox 3129 5197 3428 5252; x_wconf 87' lang='lat' dir='ltr'><strong><em>enconn&#39;utn</em></strong></span> <span class='ocrx_word' id='word_1_912' title='bbox 3471 5198 3611 5252; x_wconf 83' lang='lat' dir='ltr'><strong><em>illius</em></strong></span> 
     </span>
    </p>
   </div>
   <div class='ocr_carea' id='block_1_115' title="bbox 2021 5277 3612 5355">
    <p class='ocr_par' dir='ltr' id='par_1_115' title="bbox 2021 5277 3612 5355">
     <span class='ocr_line' id='line_1_115' title="bbox 2021 5277 3612 5355; baseline 0.006 -22"><span class='ocrx_word' id='word_1_913' title='bbox 2021 5277 2287 5333; x_wconf 86' lang='lat' dir='ltr'><strong><em>civitatis?</em></strong></span> <span class='ocrx_word' id='word_1_914' title='bbox 2337 5279 2422 5333; x_wconf 75' lang='lat' dir='ltr'><strong><em>ll.</em></strong></span> <span class='ocrx_word' id='word_1_915' title='bbox 2481 5278 2614 5334; x_wconf 81' lang='lat' dir='ltr'><strong><em>Fide</em></strong></span> <span class='ocrx_word' id='word_1_916' title='bbox 2675 5290 2720 5334; x_wconf 86' lang='lat' dir='ltr'><strong><em>et</em></strong></span> <span class='ocrx_word' id='word_1_917' title='bbox 2764 5287 2878 5350; x_wconf 81' lang='lat' dir='ltr'><strong><em>ipsa</em></strong></span> <span class='ocrx_word' id='word_1_918' title='bbox 2920 5283 3075 5340; x_wconf 84' lang='lat' dir='ltr'><strong><em>Sara.</em></strong></span> <span class='ocrx_word' id='word_1_919' title='bbox 3121 5286 3257 5355; x_wconf 90' lang='lat' dir='ltr'><strong><em>Apte</em></strong></span> <span class='ocrx_word' id='word_1_920' title='bbox 3305 5286 3393 5340; x_wconf 91' lang='lat' dir='ltr'><strong><em>hic</em></strong></span> <span class='ocrx_word' id='word_1_921' title='bbox 3447 5289 3612 5354; x_wconf 59' lang='lat' dir='ltr'><strong><em>carpit</em></strong></span> 
     </span>
    </p>
   </div>
   <div class='ocr_carea' id='block_1_116' title="bbox 2022 5368 3614 5444">
    <p class='ocr_par' dir='ltr' id='par_1_116' title="bbox 2022 5368 3614 5444">
     <span class='ocr_line' id='line_1_116' title="bbox 2022 5368 3614 5444; baseline 0.006 -20"><span class='ocrx_word' id='word_1_922' title='bbox 2022 5369 2088 5424; x_wconf 88' lang='lat' dir='ltr'><strong><em>ad</em></strong></span> <span class='ocrx_word' id='word_1_923' title='bbox 2144 5368 2399 5438; x_wconf 84' lang='lat' dir='ltr'><strong><em>pudorem</em></strong></span> <span class='ocrx_word' id='word_1_924' title='bbox 2461 5369 2916 5438; x_wconf 88' lang='lat' dir='ltr'><strong><em>sull&#39;uudeudum,</em></strong></span> <span class='ocrx_word' id='word_1_925' title='bbox 2964 5374 3224 5443; x_wconf 88' lang='lat' dir='ltr'><strong><em>siquidem</em></strong></span> <span class='ocrx_word' id='word_1_926' title='bbox 3269 5378 3614 5444; x_wconf 88' lang='lat' dir='ltr'><strong><em>apparuerint</em></strong></span> 
     </span>
    </p>
   </div>
   <div class='ocr_carea' id='block_1_117' title="bbox 2017 5459 3596 5533">
    <p class='ocr_par' dir='ltr' id='par_1_117' title="bbox 2017 5459 3596 5533">
     <span class='ocr_line' id='line_1_117' title="bbox 2017 5459 3596 5533; baseline 0.001 -17"><span class='ocrx_word' id='word_1_927' title='bbox 2017 5463 2177 5517; x_wconf 83' lang='lat' dir='ltr'><strong><em>animi</em></strong></span> <span class='ocrx_word' id='word_1_928' title='bbox 2232 5462 2401 5533; x_wconf 82' lang='lat' dir='ltr'><strong><em>magis</em></strong></span> <span class='ocrx_word' id='word_1_929' title='bbox 2463 5460 2636 5532; x_wconf 83' lang='lat' dir='ltr'><strong><em>pusilli</em></strong></span> <span class='ocrx_word' id='word_1_930' title='bbox 2675 5470 2729 5515; x_wconf 90' lang='lat' dir='ltr'><strong><em>et</em></strong></span> <span class='ocrx_word' id='word_1_931' title='bbox 2772 5459 2964 5528; x_wconf 87' lang='lat' dir='ltr'><strong><em>abjecti</em></strong></span> <span class='ocrx_word' id='word_1_932' title='bbox 3019 5475 3176 5530; x_wconf 89' lang='lat' dir='ltr'><strong><em>quam</em></strong></span> <span class='ocrx_word' id='word_1_933' title='bbox 3223 5461 3431 5516; x_wconf 91' lang='lat' dir='ltr'><strong><em>mulier.</em></strong></span> <span class='ocrx_word' id='word_1_934' title='bbox 3487 5462 3596 5518; x_wconf 83' lang='lat' dir='ltr'><strong><em>Sed</em></strong></span> 
     </span>
    </p>
   </div>
   <div class='ocr_carea' id='block_1_118' title="bbox 2019 5553 3595 5624">
    <p class='ocr_par' dir='ltr' id='par_1_118' title="bbox 2019 5553 3595 5624">
     <span class='ocr_line' id='line_1_118' title="bbox 2019 5553 3595 5624; baseline 0.002 -14"><span class='ocrx_word' id='word_1_935' title='bbox 2019 5554 2213 5610; x_wconf 76' lang='lat' dir='ltr'><strong><em>dixerit</em></strong></span> <span class='ocrx_word' id='word_1_936' title='bbox 2256 5553 2848 5624; x_wconf 86' lang='lat' dir='ltr'><strong><em>quispiam:Quomodo</em></strong></span> <span class='ocrx_word' id='word_1_937' title='bbox 2879 5553 3054 5609; x_wconf 83' lang='lat' dir='ltr'><strong><em>ﬁdelis</em></strong></span> <span class='ocrx_word' id='word_1_938' title='bbox 3089 5569 3205 5624; x_wconf 67' lang='lat' dir='ltr'><strong><em>quae</em></strong></span> <span class='ocrx_word' id='word_1_939' title='bbox 3235 5554 3392 5609; x_wconf 88' lang='lat' dir='ltr'><strong><em>risit?</em></strong></span> <span class='ocrx_word' id='word_1_940' title='bbox 3438 5556 3595 5613; x_wconf 77' lang='lat' dir='ltr'><strong><em>Risus</em></strong></span> 
     </span>
    </p>
   </div>
   <div class='ocr_carea' id='block_1_119' title="bbox 2017 5646 3592 5716">
    <p class='ocr_par' dir='ltr' id='par_1_119' title="bbox 2017 5646 3592 5716">
     <span class='ocr_line' id='line_1_119' title="bbox 2017 5646 3592 5716; baseline 0.003 -17"><span class='ocrx_word' id='word_1_941' title='bbox 2017 5647 2229 5716; x_wconf 87' lang='lat' dir='ltr'><strong><em>quidem</em></strong></span> <span class='ocrx_word' id='word_1_942' title='bbox 2279 5658 2426 5704; x_wconf 88' lang='lat' dir='ltr'><strong><em>certe</em></strong></span> <span class='ocrx_word' id='word_1_943' title='bbox 2469 5657 2550 5702; x_wconf 89' lang='lat' dir='ltr'><strong><em>est</em></strong></span> <span class='ocrx_word' id='word_1_944' title='bbox 2592 5663 2656 5702; x_wconf 81' lang='lat' dir='ltr'><strong><em>ex</em></strong></span> <span class='ocrx_word' id='word_1_945' title='bbox 2706 5646 3094 5712; x_wconf 86' lang='lat' dir='ltr'><strong><em>incredulitate,</em></strong></span> <span class='ocrx_word' id='word_1_946' title='bbox 3139 5657 3310 5702; x_wconf 89' lang='lat' dir='ltr'><strong><em>metus</em></strong></span> <span class='ocrx_word' id='word_1_947' title='bbox 3357 5658 3529 5703; x_wconf 84' lang='lat' dir='ltr'><strong><em>autem</em></strong></span> <span class='ocrx_word' id='word_1_948' title='bbox 3563 5665 3592 5705; x_wconf 87' lang='lat' dir='ltr'><strong><em>a</em></strong></span> 
     </span>
    </p>
   </div>
   <div class='ocr_carea' id='block_1_120' title="bbox 2019 5739 3594 5814">
    <p class='ocr_par' dir='ltr' id='par_1_120' title="bbox 2019 5739 3594 5814">
     <span class='ocr_line' id='line_1_120' title="bbox 2019 5739 3594 5814; baseline 0.002 -19"><span class='ocrx_word' id='word_1_949' title='bbox 2019 5739 2122 5796; x_wconf 71' lang='lat' dir='ltr'><strong><em>(ide</em></strong></span> <span class='ocrx_word' id='word_1_950' title='bbox 2151 5757 2163 5793; x_wconf 86' lang='lat'><strong>:</strong></span> <span class='ocrx_word' id='word_1_951' title='bbox 2195 5739 2372 5798; x_wconf 86' lang='lat' dir='ltr'><strong><em>dicere</em></strong></span> <span class='ocrx_word' id='word_1_952' title='bbox 2397 5740 2562 5811; x_wconf 83' lang='lat' dir='ltr'><strong><em>enim,</em></strong></span> <span class='ocrx_word' id='word_1_953' title='bbox 2591 5739 2711 5796; x_wconf 81' lang='lat' dir='ltr'><strong><em>Non</em></strong></span> <span class='ocrx_word' id='word_1_954' title='bbox 2738 5741 2827 5796; x_wconf 86' lang='lat' dir='ltr'><strong><em>risi</em></strong></span> <span class='ocrx_word' id='word_1_955' title='bbox 2857 5739 3009 5814; x_wconf 76' lang='lat' dir='ltr'><strong><em>(Gen.</em></strong></span> <span class='ocrx_word' id='word_1_956' title='bbox 3042 5739 3126 5798; x_wconf 81' lang='grc'><strong><em>18.</em></strong></span> <span class='ocrx_word' id='word_1_957' title='bbox 3156 5741 3262 5812; x_wconf 80' lang='lat' dir='ltr'><strong><em>l5),</em></strong></span> <span class='ocrx_word' id='word_1_958' title='bbox 3296 5740 3487 5798; x_wconf 75' lang='lat' dir='ltr'><strong><em>factum</em></strong></span> <span class='ocrx_word' id='word_1_959' title='bbox 3509 5755 3594 5798; x_wconf 82' lang='lat' dir='ltr'><strong><em>eSt</em></strong></span> 
     </span>
    </p>
   </div>
  </div>
