4088 6204
1610 183 1766 200 α”κ-ι
1810 194 1814 198 .

446 332 545 388 lli?)

448 461 477 498 a
508 442 633 500 fide.
662 439 944 510 t‘ropterea
965 431 1394 505 ergo,esinanita
1415 427 1801 492 incredulitate,
1821 425 2026 495 ingres-

447 550 505 588 sa
546 541 629 588 cst
670 531 820 586 ﬁdes.
839 528 966 583 Fide
993 536 1040 581 et
1065 527 1176 594 ipsa
1202 523 1336 578 Sara
1361 523 1588 574 virtutem
1625 520 1677 572 in
1703 517 2025 586 conceptione

448 627 651 680 seminis
691 623 902 692 accepit,
955 620 1103 672 etiam
1159 625 1340 686 prater
1377 623 1569 684 tempus
1621 611 1785 666 atatis
1815 610 2022 680 peperit.

447 717 585 785 Quid
632 724 732 781 est,
761 713 823 767 In
867 710 1186 780 conceptione
1228 706 1473 760 seminis?
1499 705 1576 759 Ad
1590 719 1776 759 semen
1793 703 2031 757 retinen-

449 811 576 863 dum
607 824 621 865 ;
648 807 713 860 ad
745 800 1135 871 susceptionem
1168 798 1415 852 virtutem
1450 795 1674 865 accepit,
1710 809 1828 862 quae
1858 801 2030 846 morte

450 901 638 953 aﬂccta
688 903 824 960 erat,
855 909 974 964 quae
1020 888 1444 959 stcrilis.Duplex
1466 888 1606 942 enim
1628 894 1744 941 erat
1769 883 2026 943 defectus.

453 1005 590 1043 unus
620 985 832 1057 quidem
855 1000 919 1038 ex
945 993 1217 1052 tempore;
1250 995 1435 1036 revera
1467 978 1607 1032 cnim
1636 985 2028 1039 consenuerat;

454 1081 587 1133 alter
616 1094 643 1132 a
669 1087 891 1138 natura;
931 1083 1050 1130 erat
1075 1073 1217 1128 enim
1259 1070 1479 1126 sterilis.
1524 1067 1610 1122 12.
1657 1067 1874 1136 PrOpter
1897 1063 2031 1135 quod

455 1175 603 1228 etiam
642 1172 703 1226 ab
729 1186 828 1224 uno
866 1169 961 1223 orti
989 1176 1104 1222 sunt
1131 1182 1321 1230 omnes,
1351 1177 1603 1231 tamquam
1640 1161 1809 1216 sidera
1837 1159 1948 1214 cali
1980 1160 2036 1214 in

456 1265 844 1326 multitudinem,
883 1272 929 1315 et
963 1261 1091 1314 sicut
1119 1274 1272 1311 arena
1313 1272 1425 1327 qua:
1468 1264 1541 1310 est
1583 1254 1650 1307 ad
1695 1271 1838 1307 oram
1881 1253 2036 1306 maris

456 1353 850 1409 innumerabilis.
885 1351 1100 1420 PrOpter
1125 1351 1276 1420 quod,
1306 1346 1494 1417 inquit,
1523 1347 1670 1400 etiam
1707 1361 1769 1398 ex
1797 1360 1899 1397 uno
1935 1341 2035 1397 orti

456 1455 572 1500 sunt
596 1460 786 1498 omnes.
814 1441 926 1497 Non
956 1441 1084 1494 dicit
1108 1439 1281 1495 Solum
1312 1453 1430 1492 eam
1465 1437 1714 1507 genuisse
1740 1477 1756 1502 ,
1789 1433 1885 1490 sed
1927 1443 2036 1488 tam

459 1535 746 1590 multorum
779 1533 939 1588 fuisse
979 1540 1224 1595 tnatrem,
1273 1539 1400 1600 quot
1433 1544 1530 1583 nec
1572 1525 1804 1584 facundi
1847 1527 1981 1581 uteri
2020 1543 2048 1580 :-

459 1629 739 1695 Tamquam
765 1625 931 1678 sidera
962 1621 1111 1695 (Gen.
1143 1623 1228 1677 15.
1255 1622 1368 1692 16).
1394 1620 1583 1691 inquit.
1608 1619 1888 1688 Quomodo
1908 1633 2036 1688 ergo

458 1735 554 1774 eos
584 1733 727 1788 saepe
755 1725 1018 1781 numerat,
1065 1714 1273 1769 etiamsi
1316 1713 1508 1768 dixerit
1538 1730 1550 1766 :
1581 1711 2036 1780 Quemadmodum

461 1827 570 1864 non
602 1808 1024 1864 numerabantur
1063 1805 1238 1860 sidera
1278 1806 1394 1859 catli
1425 1822 1439 1858 :
1470 1806 1540 1859 ita
1590 1819 1689 1858 nec
1729 1818 1912 1858 semen
1956 1817 2042 1857 ve-

461 1910 655 1954 strum.
686 1900 793 1953 Attt
823 1897 951 1952 dicit
982 1912 1074 1965 per
1098 1896 1448 1967 hyperbolen,
1476 1905 1568 1948 aut
1599 1904 1814 1964 promer
1837 1909 1930 1948 eos
1951 1893 2039 1963 qui

459 2005 673 2059 semper
687 1989 784 2042 sibi
798 1987 1080 2042 succedunt
1090 1987 1281 2042 .Iinius
1295 1986 1488 2056 quippe
1505 1985 1695 2040 domus
1707 1984 1938 2055 majores
1951 1999 2044 2038 nu.

463 2083 656 2135 tnerari
675 2079 1069 2150 possunt,vcrhi
1091 2079 1255 2148 gratia
1277 2077 1434 2147 hujus
1451 2079 1532 2132 vel
1556 2077 1716 2144 illius;
1737 2077 1824 2134 bic
1838 2086 2037 2145 autem,

470 2173 556 2226 ubi
586 2186 752 2242 genus
773 2171 897 2224 illud
927 2184 1149 2224 numero
1177 2170 1346 2224 stellis
1371 2180 1730 2239 comparatur,
1761 2184 1866 2225 non
1894 2171 2040 2226 item.

530 2263 584 2317 5.
618 2262 774 2316 Tales
803 2273 924 2316 sunt
969 2261 1061 2316 Dei
1105 2261 1551 2331 pollicitatiooes,
1584 2271 1688 2316 tam
1719 2263 1963 2330 espedita
1991 2271 2046 2316 et

463 2361 568 2408 tam
595 2353 659 2415 ad
693 2353 984 2422 parandum
1015 2352 1184 2407 facilia
1216 2365 1338 2408 sunt
1362 2354 1451 2407 Dei
1473 2354 1750 2422 promissa.
1781 2353 1836 2408 Si
1867 2362 2045 2408 autem

459 2459 580 2512 «iure
599 2442 940 2499 additamenti
959 2445 1074 2498 loco
1095 2444 1355 2513 promisit,
1383 2454 1506 2499 sunt
1533 2443 1670 2499 adeo
1687 2443 2044 2512 admirabilia,

462 2534 596 2588 adeo
607 2535 882 2604 magniﬁca
909 2545 962 2590 et
977 2535 1273 2605 splendida,
1292 2535 1588 2606 cujusmodi
1613 2545 1768 2592 erunt
1792 2537 1900 2603 illa,
1920 2537 2048 2607 qui-

465 2626 564 2679 ltus
595 2625 708 2682 haec
736 2637 860 2683 sunt
904 2627 1260 2685 additamenta
1299 2643 1366 2683 ex
1405 2627 1885 2699 superabundautia
1926 2629 2048 2699 (a)?

448 2707 588 2773 Quid
611 2722 738 2776 ergo
759 2709 964 2764 beatius
983 2721 1066 2766 est
1095 2712 1161 2767 iis
1189 2714 1280 2783 qui
1309 2719 1702 2784 assequuntur?
1725 2717 1852 2788 quid
1874 2719 2014 2776 mise

447 2799 561 2854 rius
577 2799 640 2854 iis
656 2800 743 2870 qui
766 2817 871 2856 non
891 2804 1352 2874 assequuntur?Si
1369 2807 1509 2861 enim
1539 2807 1656 2877 ejus
1675 2809 1762 2879 qui
1779 2819 1862 2864 est
1885 2825 1915 2864 e
1937 2827 2034 2879 pa-

451 2891 551 2945 tria
580 2892 780 2960 ejectus
794 2908 982 2948 omnes
1001 2895 1338 2963 miserentur,
1358 2910 1411 2952 et
1439 2898 1528 2968 qui
1554 2898 1733 2953 amisit
1757 2900 2032 2955 ltereditao

451 2991 562 3036 sent
594 2983 802 3038 videtur
819 2986 1068 3041 erunibus
1089 2987 1406 3044 miserabilis
1428 2991 1548 3060 :qui
1569 3005 1599 3044 a
1619 2991 1751 3045 ctelo
1767 2993 2032 3049 exciditet

443 3091 481 3131 2
510 3075 662 3130 bonis
685 3093 806 3146 qua:
833 3078 942 3132 illic
967 3089 1091 3134 sunt
1117 3081 1348 3150 reposita
1375 3123 1390 3146 ,
1427 3098 1585 3152 quam
1616 3084 1795 3138 multis
1827 3084 2023 3152 plorari

443 3165 610 3224 debet
633 3167 885 3240 Iacrymis
900 3169 926 3222 ‘i
955 3171 1062 3225 imo
1084 3187 1212 3228 vero
1241 3187 1339 3228 nec
1366 3174 1598 3244 plorari;
1626 3174 1866 3244 ploratur
1887 3176 2029 3230 enim

446 3257 711 3328 quispiam
739 3261 954 3330 quando
984 3262 1184 3332 aliquid
1215 3264 1264 3318 ei
1292 3264 1570 3330 acciderit,
1598 3266 1751 3335 cujus
1780 3267 1896 3336 ipse
1922 3283 2028 3321 non

447 3359 531 3404 est
556 3365 716 3406 causa
738 3368 754 3416 ;
783 3353 998 3422 quando
1023 3364 1204 3409 autem
1228 3354 1398 3410 libero
1424 3370 1522 3410 suo
1546 3358 1768 3412 arbitrio
1791 3359 2025 3426 seipsutn

450 3440 584 3496 vitio
604 3441 868 3511 quispiam
899 3441 1185 3506 dediderit,
1219 3458 1325 3498 non
1352 3444 1626 3516 lacrymis,
1652 3445 1746 3502 sed
1777 3449 2028 3502 lamenta-

447 3531 683 3587 tionibus
710 3542 872 3602 atque
898 3531 1046 3588 luctu
1075 3541 1202 3588 tunc
1225 3535 1330 3589 erit
1364 3534 1578 3605 dignus.
1605 3535 1739 3593 Nam
1772 3538 2030 3594 Dominus

440 3637 657 3693 quoque
681 3631 864 3677 noster
889 3621 1046 3678 Jesus
1073 3622 1318 3679 Christus
1352 3624 1669 3694 Jerusalem,
1698 3628 1820 3684 licet
1864 3628 2026 3699 impie

445 3730 504 3770 se
528 3726 801 3786 gerentem
821 3757 838 3782 ,
867 3717 1004 3772 lusit
1029 3726 1085 3772 et
1111 3717 1280 3773 ﬂevit.

517 3807 651 3872 Quot
680 3808 919 3879 lacrumis
944 3809 1102 3881 digna
1127 3809 1416 3879 futurorum
1445 3811 1691 3866 bonorum
1718 3811 2032 3866 amissio.—

445 3897 930 3956 lnnutnerabilibus
975 3916 1161 3956 revera
1201 3901 1518 3972 ejulatibus,
1550 3903 2029 3959 innumerabilibus

445 3990 919 4044 lamentationibus
965 3991 1112 4062 digni
1159 4006 1366 4049 sumus.
1421 3993 1477 4049 Si
1538 3995 1818 4049 universus
1877 3994 2027 4049 orbis

446 4087 621 4142 terrae,
654 4088 708 4133 et
735 4079 960 4147 lapides,
989 4091 1042 4136 et
1074 4083 1249 4151 ligna,
1281 4093 1336 4138 et
1372 4084 1590 4139 arbores
1614 4127 1630 4150 ,
1667 4095 1722 4139 et
1766 4083 1896 4139 fera:
1919 4125 1934 4150 ,
1977 4094 2032 4140 et

443 4182 592 4231 aves,
619 4177 691 4233 et,
720 4178 778 4222 ut
804 4170 975 4224 semel
1005 4170 1200 4235 dicam,
1234 4183 1374 4227 totus
1394 4176 1540 4229 orbis
1565 4186 1741 4238 terrm,
1773 4189 1904 4237 voce
1933 4189 2028 4229 ac-

442 4269 598 4330 cepta
637 4275 734 4314 nos
759 4259 954 4316 deﬂeat
998 4262 1089 4332 qui
1119 4279 1152 4317 a
1182 4263 1336 4318 bonis
1364 4266 1468 4319 illis
1495 4267 1793 4322 excidimus
1813 4309 1829 4334 ,
1859 4266 2026 4333 nihil,

445 4361 503 4405 ut
530 4368 627 4422 par
661 4362 745 4406 est
767 4394 782 4416 ,
811 4352 1032 4409 deﬂebit
1074 4355 1159 4410 vel
1199 4354 1601 4411 lamentabilur.
1645 4357 1776 4411 Nam
1798 4373 1917 4427 quae
1942 4359 2026 4412 di-

444 4443 600 4498 cendi
646 4443 906 4510 facultas,
956 4460 1075 4514 quae
1115 4445 1466 4512 intelligentia
1511 4447 1714 4516 poterit
1760 4449 2029 4516 explicare

443 4533 588 4590 illam
630 4536 1014 4590 beatitudinem
1054 4546 1109 4592 et
1137 4538 1387 4592 virtutem
1433 4538 1616 4603 illam,
1655 4539 1986 4609 voluptatem
2012 4581 2026 4605 ,

442 4627 690 4695 gloriam,
724 4628 987 4694 laetitiam,
1013 4629 1380 4698 splendorem.
1413 4630 1538 4697 Qua:
1559 4631 1734 4685 oculus
1755 4648 1853 4686 non
1882 4632 2026 4696 vidit,

446 4717 643 4788 ittquit,
672 4734 787 4788 qua
830 4719 970 4772 euris
1005 4735 1108 4772 non
1147 4720 1338 4773 audivit
1362 4762 1376 4786 ,
1414 4731 1461 4774 et
1489 4721 1541 4774 in
1571 4737 1657 4775 cor
1684 4723 1902 4776 hominis
1928 4739 2030 4776 non

441 4811 800 4876 ascenderunt,
829 4826 945 4880 qui:
971 4812 1276 4882 praeparavit
1300 4811 1434 4869 Deus
1461 4811 1526 4866 iis
1553 4813 1639 4883 qui
1667 4813 1888 4884 diligunt
1915 4830 2029 4868 eum

446 4899 527 4968 (1.
554 4899 675 4955 Cor.
700 4901 756 4955 2.
791 4902 891 4972 9)?
921 4901 1036 4957 Non
1063 4901 1199 4958 dixit
1223 4901 1399 4958 solum
1425 4917 1784 4973 exsuperare,
1813 4904 1906 4960 sed
1928 4919 2030 4960 nec

444 4990 612 5044 ullum
645 5007 894 5059 umquam
934 4995 1264 5052 intellexisse
1289 5011 1409 5066 quae
1438 4997 1576 5052 Deus
1606 5002 1814 5066 paravit
1842 4997 1910 5053 iis
1934 4997 2026 5068 qui

443 5081 620 5150 ipsum
642 5081 888 5152 diligunt.
920 5084 1229 5155 Cujusmodi
1261 5087 1409 5142 enim
1442 5087 1579 5141 bona
1608 5097 2025 5143 consentaneum

444 5183 530 5230 est
555 5188 676 5231 esse
701 5189 763 5229 ea
795 5190 913 5244 qua:
941 5177 1082 5233 Deus
1121 5188 1390 5248 praeparat
1434 5189 1492 5233 et
1521 5177 1776 5234 instruit?
1800 5179 1854 5234 Si
1883 5179 2029 5236 enim

443 5279 568 5320 cum
595 5280 696 5321 nos
727 5265 958 5329 fecisset,
991 5268 1173 5324 statim
1205 5270 1349 5324 nulla
1377 5285 1437 5325 re
1462 5270 1637 5324 adhuc
1673 5285 1705 5323 a
1748 5269 1904 5325 nobis
1927 5285 2024 5340 pe-

447 5366 614 5422 racta,
651 5366 794 5412 tanta
823 5367 906 5413 est
935 5357 1174 5430 largitus,
1202 5362 1531 5431 paradisum,
1563 5378 1682 5418 cum
1711 5363 1829 5431 ipso
1853 5362 2024 5418 collo-

449 5439 802 5507 quutionetn,
865 5435 1320 5492 immortalitatem
1365 5447 1450 5494 est
1509 5440 1816 5508 pollicitus,
1865 5445 2031 5494 vitam

452 5527 662 5582 beatam
691 5537 744 5582 et
771 5541 802 5581 a
837 5527 981 5582 curis
1021 5525 1244 5581 liberant
1273 5545 1286 5581 :
1318 5529 1382 5582 iis
1419 5529 1510 5597 qui
1544 5539 1650 5582 tam
1690 5531 1853 5585 multa
1885 5529 2027 5586 fece-

547 5754 620 5812 (a)
639 5753 732 5805 llic
753 5755 931 5808 desinit
950 5757 1145 5808 hontili:
1170 5759 1402 5812 vicesima
1425 5759 1570 5813 tertia
1597 5759 1642 5808 iu
1665 5759 1840 5812 Pudice
1859 5761 1996 5822 (λιιι).

1183 323 1240 382 S.
1278 317 1554 377 JOANNIS
1592 309 2066 372 CIIRYSOSTOMI
2130 310 2444 368 ARCHIEP.
2485 301 3018 365 CONSTANTINOP.

3614 303 3720 360 164

2136 435 2259 484 runt
2281 467 2298 492 ,
2328 426 2417 498 qui
2439 424 2574 482 adeo
2598 433 2814 481 strenue
2836 423 3187 478 deccrtarunt
3213 427 3266 472 et
3287 432 3381 488 pro
3407 415 3524 486 ipso
3551 417 3716 471 susti-

2136 521 2389 587 nuerunt,
2412 519 2538 590 quid
2561 534 2666 573 non
2705 515 2967 571 donabit?
2997 511 3281 582 Uuigenito
3312 525 3406 579 pro
3433 509 3585 563 nobis
3612 524 3718 564 non

2138 611 2400 682 pepercit,
2427 623 2744 681 germanum
2770 621 2833 661 ac
2862 605 3138 676 preprium
3167 601 3359 656 Filium
3384 611 3602 672 propter
3622 615 3721 656 nos

2137 702 2204 758 ad
2234 712 2462 756 mortem
2493 700 2642 755 dedit
2668 717 2682 752 :
2710 699 2755 754 si
2787 712 2885 753 nos
2912 712 3033 751 cum
3078 694 3282 752 inimici
3308 707 3568 752 essemus,
3604 693 3720 746 ιειιίο

2139 795 2238 848 bus
2261 793 2506 862 dignatus
2527 799 2612 847 est
2651 791 2828 853 bonis,
2855 804 3088 861 quonam
3137 802 3235 842 nos
3281 801 3386 840 non
3416 785 3720 855 dignabitur

2138 884 2226 953 qui
2260 883 2385 947 facti
2429 898 2615 936 smnus
2664 880 2864 936 amici?
2897 893 3142 950 quautam
3188 891 3295 932 non
3342 877 3718 945 impertietur,

2137 991 2261 1030 cum
2303 990 2404 1031 nos
2444 975 2544 1030 sibi
2592 972 2994 1030 reconciliant‘l
3053 971 3146 1026 Est
3183 983 3341 1041 supra
3379 968 3592 1022 modum
3642 967 3722 1024 di-

2137 1082 2253 1136 ves,
2285 1076 2342 1124 et
2380 1067 2652 1124 desiderat
2689 1075 2745 1122 et
2770 1065 2951 1123 studet
2996 1073 3232 1119 nostram
3275 1062 3485 1132 assequi
3530 1061 3719 1116 amici-

2139 1163 2270 1219 tiam
2298 1177 2310 1212 :
2343 1175 2442 1216 nos
2471 1170 2650 1217 autent
2679 1175 2748 1215 ne
2774 1161 2857 1214 vel
2891 1158 3159 1214 tantillum
3190 1155 3467 1213 studemus
3490 1199 3506 1224 ,
3531 1173 3564 1212 ο
3583 1156 3722 1213 dile-

2142 1260 2212 1317 cti
2243 1279 2256 1314 :
2290 1256 2414 1328 quid
2447 1256 2567 1312 dico
2591 1297 2606 1320 ,
2639 1270 2745 1312 non
2777 1254 3099 1311 studemus?
3146 1254 3399 1310 nolumus
3425 1254 3580 1322 plane
3605 1251 3720 1321 ejus

2143 1350 2281 1404 bona
2305 1348 2517 1417 assequi
2542 1390 2558 1413 ,
2603 1360 2662 1402 ut
2687 1347 2798 1402 vult
2849 1349 2985 1417 ipse.
3017 1344 3168 1414 Quod
3211 1354 3388 1400 autem
3430 1342 3718 1398 admodum

2138 1441 2268 1498 velit
2316 1441 2368 1496 id
2411 1439 2554 1510 quod
2600 1438 2729 1494 fecit
2770 1438 3021 1498 ostendit.
3071 1437 3202 1492 Nam
3253 1453 3352 1492 nos
3389 1437 3601 1507 quidem
3627 1451 3722 1507 pro

2140 1534 2294 1588 nobis
2339 1532 2468 1604 ipsis
2516 1532 2601 1586 vix
2647 1546 2833 1601 parum
2869 1532 2982 1586 auri
3032 1530 3392 1600 despicimus;
3449 1530 3562 1598 ipse
3614 1543 3708 1582 au-

2156 1634 2265 1680 tem
2296 1640 2390 1694 pro
2417 1623 2569 1678 nobis
2589 1623 2752 1677 etiam
2795 1636 2954 1676 suum
2982 1620 3129 1675 dedit
3171 1619 3211 1674 F
3217 1620 3386 1675 ilium.
3416 1618 3641 1675 Utamur
3666 1627 3725 1674 ut

2143 1724 2352 1784 Oportet
2379 1714 2474 1770 Dei
2511 1713 2800 1768 dilectione
2826 1752 2840 1776 ,
2875 1712 3115 1767 fruamur
3143 1712 3259 1781 ejus
3303 1710 3537 1766 amicitia
3568 1726 3581 1762 :
3625 1707 3723 1764 Vos

2147 1804 2313 1870 enim,
2344 1804 2548 1874 inquit,
2573 1803 2723 1856 amici
2749 1804 2843 1857 mei
2869 1803 3006 1863 estis,
3032 1803 3076 1856 si
3101 1803 3303 1873 faciatis
3325 1817 3438 1871 quae
3458 1802 3568 1858 dico
3589 1802 3723 1856 vobis

2140 1895 2321 1966 (Joan.
2354 1896 2437 1950 l5.
2474 1895 2581 1965 14).
2617 1895 2775 1964 Papa:
2800 1936 2815 1960 ,
2841 1893 3088 1947 inimicos
3109 1892 3199 1963 qui
3226 1891 3432 1948 infinito
3457 1891 3629 1962 spatio
3657 1891 3724 1956 ab

2140 2004 2205 2045 eo
2233 1998 2389 2046 erant
2410 1988 2682 2058 disjuncti,
2709 2003 2844 2057 quos
2873 1986 3366 2056 incomparabiliter
3393 1986 3444 2039 in
3477 1986 3725 2039 omnibus

2139 2081 2536 2144 antecellebat,
2569 2089 2623 2136 et
2666 2079 2795 2134 fecit
2837 2087 2892 2134 et
2917 2079 3130 2132 vocavit
3158 2077 3407 2133 amicos?
3435 2075 3571 2142 Quid
3597 2092 3725 2145 ergo

2139 2192 2245 2232 non
2275 2183 2360 2230 est
2396 2189 2425 2230 a
2453 2173 2612 2230 nobis
2639 2173 2887 2227 lubenter
2916 2170 3226 2241 patiendum
3270 2186 3369 2241 pro
3415 2170 3514 2225 hac
3541 2171 3724 2225 amici-

2144 2266 2260 2321 tia?
2309 2268 2380 2319 At
2420 2280 2521 2319 nos
2569 2278 2666 2333 pro
2713 2263 2991 2317 hominum
3037 2262 3272 2316 amicitia
3315 2275 3460 2331 satpe
3490 2261 3723 2331 pericula

2139 2358 2386 2422 adimus;
2413 2371 2512 2427 pro
2550 2355 2645 2410 Dei
2675 2363 2852 2408 autem
2879 2353 3114 2409 amicitia
3163 2369 3264 2409 nec
3309 2355 3564 2422 pecunias
3596 2369 3722 2424 pro-

2135 2447 2425 2502 fundimus.
2454 2446 2660 2502 Revera
2687 2445 2831 2499 luctu
2859 2445 3032 2515 digna:
3055 2454 3179 2505 sunt
3205 2458 3294 2501 res
3316 2453 3536 2508 nostrae,
3562 2445 3709 2500 luctu

2142 2549 2197 2593 et
2225 2537 2478 2609 lacryntis
2520 2545 2576 2594 et
2621 2535 3002 2606 ejulationibus
3045 2544 3103 2591 et
3147 2535 3620 2591 lamentationibus
3667 2545 3722 2590 et

2140 2631 2380 2701 planctu.
2410 2631 2453 2684 A
2481 2643 2577 2698 spe
2597 2635 2783 2683 nostra
2805 2625 3104 2682 excidimus
3127 2669 3142 2692 ,
3172 2641 3202 2680 a
3230 2634 3409 2681 nostra
3438 2626 3722 2682 altitudine

2141 2721 2334 2790 dejecti
2365 2733 2570 2782 sumus,
2605 2719 2694 2774 Dei
2720 2718 2924 2772 honore
2952 2716 3154 2786 indigni
3197 2718 3537 2786 apparuimns
3559 2759 3576 2782 ,
3624 2718 3724 2772 iut-

2134 2830 2398 2868 memores
2423 2821 2478 2868 et
2499 2811 2690 2883 ingrati
2715 2812 2981 2867 evasimus
3008 2819 3066 2867 et
3093 2810 3218 2866 mali
3243 2811 3400 2866 etiam
3423 2821 3542 2881 post
3563 2811 3725 2866 benc-

2135 2905 2274 2967 licia,
2302 2904 2455 2960 bonis
2473 2903 2723 2958 omnibus
2745 2919 2844 2958 nos
2864 2902 3112 2971 spoliavit
3136 2901 3378 2957 diabolus
3407 2920 3421 2957 :
3447 2903 3536 2971 qui
3580 2902 3724 2975 digni

2139 2989 2409 3051 fueramus
2428 2990 2591 3045 habiti
2623 2998 2680 3044 ut
2701 3004 2941 3045 essemus
2968 2988 3083 3052 lilii,
3101 2988 3292 3042 fratres
3317 2997 3371 3042 et
3398 2988 3714 3052 coheredes.

2134 3077 2202 3132 ab
2229 3079 2347 3148 ejus
2367 3080 2594 3134 inimicis
2623 3079 2756 3134 nihil
2788 3079 3080 3134 differimus
3104 3119 3120 3145 ,
3148 3079 3235 3149 qui
3282 3078 3453 3148 ipsum
3481 3078 3718 3133 alliciunt

2133 3171 2477 3226 contumelia.
2502 3171 2755 3240 Quaenam
2777 3171 2881 3225 erit
2906 3170 3060 3225 nobis
3080 3169 3147 3225 de
3167 3179 3362 3225 ca-tcro
3381 3171 3676 3224 consolatio
3693 3169 3716 3221 ἲ

2138 3259 2253 3330 Ipse
2275 3277 2372 3316 nos
2400 3263 2608 3316 vocavit
2631 3262 2697 3316 ad
2719 3263 2906 3316 caelum
2931 3279 2946 3326 ;
2977 3277 3074 3318 nos
3117 3262 3362 3332 nosipsos
3387 3260 3718 3316 detruditnus

2137 3352 2190 3405 itt
2213 3351 2537 3420 gehennam.
2561 3354 2867 3410 Exsecratio
2914 3364 2967 3410 et
3015 3355 3370 3420 mendacium,
3423 3353 3623 3409 furtum
3664 3363 3719 3414 et

2135 3441 2452 3498 adulterium
2469 3445 2717 3499 dili'usum
2733 3455 2816 3500 est
2833 3460 2992 3515 super
3005 3455 3197 3500 terram
3215 3465 3228 3500 :
3248 3446 3334 3500 alii
3365 3445 3577 3516 quidem
3592 3460 3718 3499 san-

2137 3537 2349 3607 guinem
2377 3539 2602 3593 miscent
2627 3540 2904 3609 sanguine,
2932 3539 3020 3594 alii
3045 3549 3224 3594 autem
3245 3555 3330 3595 res
3359 3549 3550 3611 gerunt
3573 3540 3720 3594 dete-

2133 3630 2308 3684 -riores
2345 3631 2622 3700 sanguine.
2652 3631 2797 3684 Multi
2827 3647 2897 3688 ex
2939 3631 3005 3686 iis
3034 3631 3123 3702 qui
3155 3631 3344 3701 injuria
3373 3631 3674 3686 afﬁciuntur
3698 3671 3716 3700 ,

2138 3725 2288 3778 tttulti
2331 3726 2422 3796 qui
2444 3740 2540 3795 per
2555 3727 2832 3780 avaritiam
2856 3725 3236 3781 detrimentum
3262 3725 3553 3795 patiuntur,
3574 3724 3722 3779 mille

2135 3827 2340 3873 mortes
2365 3818 2537 3888 magis
2554 3827 2744 3888 optant
2761 3834 2919 3888 quant
2947 3818 3060 3873 haec
3084 3818 3214 3888 pati,
3241 3825 3296 3872 et
3321 3817 3419 3872 nisi
3450 3817 3540 3872 Dei
3565 3818 3724 3871 tintt»

2137 3925 2251 3964 rem
2305 3911 2458 3965 veriti
2483 3919 2684 3977 essent,
2725 3910 2826 3965 sibi
2867 3919 3091 3964 mortem
3136 3908 3541 3971 conscivissent,
3589 3909 3724 3962 adeo

2138 4002 2361 4071 cupiunt
2381 4013 2607 4057 mortem
2633 4001 2732 4055 sibi
2762 4000 2975 4056 afferre.
2997 4003 3186 4056 Annon
3227 4008 3353 4054 sunt
3397 4000 3510 4053 haec
3541 3999 3720 4068 pejora

2129 4094 2426 4164 sanguine?
2476 4093 2578 4150 Hei
2609 4093 2732 4148 mihi
2777 4094 2967 4159 anima,
2990 4091 3407 4146 dicebatdoletts
3437 4091 3720 4160 prepheta.

2141 4186 2289 4253 periit
2304 4185 2380 4238 uir
2404 4186 2518 4253 pius
2543 4203 2574 4237 a
2603 4197 2756 4250 terra,
2773 4195 2822 4238 et
2848 4185 2901 4238 in
2923 4184 3206 4238 hominibus
3231 4198 3332 4236 non
3362 4191 3431 4236 est
3460 4183 3542 4250 qui
3569 4183 3723 4248 faciat

2141 4275 2329 4328 bonum
2351 4273 2538 4344 (Miclt.
2567 4277 2620 4330 7.
2641 4275 2720 4345 2).
2745 4275 2895 4329 Nunc
2908 4285 3084 4328 autem
3103 4288 3200 4328 nos
3221 4287 3430 4342 quoque
3451 4272 3517 4326 de
3539 4271 3722 4325 nobis-

2141 4364 2276 4433 ipsis
2299 4368 2527 4433 primum
2550 4364 2652 4419 hoc
2673 4365 3042 4420 clamabimus.
3066 4363 3172 4420 Sed
3199 4362 3264 4416 ad
3289 4362 3723 4415 lamentationem

2143 4473 2238 4512 vos
2261 4458 2392 4513 mihi
2419 4458 2553 4514 ferte
2580 4474 2759 4529 opem.
2792 4458 3057 4513 Fortassis
3083 4458 3298 4528 quidam
3325 4456 3724 4520 abominantur,

2139 4550 2432 4615 strident;
2474 4560 2693 4622 propter
2740 4550 2844 4606 hoc
2891 4559 3070 4606 autem
3124 4549 3444 4605 intendenda
3497 4556 3581 4609 est
3645 4547 3726 4600 la-

2141 4645 2418 4708 mentatio,
2459 4643 2603 4713 quod
2632 4644 2767 4700 adeo
2795 4645 3020 4698 furimus
3045 4653 3096 4698 et
3128 4643 3422 4712 desipimus
3449 4653 3502 4698 et
3534 4657 3631 4696 nos
3661 4656 3729 4695 ne

2140 4732 2321 4790 furere
2365 4733 2579 4804 quidem
2622 4735 2862 4800 scimus,
2909 4735 3003 4789 sed
3055 4744 3275 4804 promer
3302 4750 3422 4804 qua:
3451 4743 3727 4803 oporteret

2141 4841 2241 4879 nos
2263 4840 2504 4894 gemere,
2529 4826 2788 4881 ridemus.
2823 4825 3096 4878 Revelatur
3116 4867 3131 4891 ,
3161 4841 3192 4878 ο
3223 4825 3394 4888 homo,
3423 4825 3500 4877 ira
3527 4841 3553 4877 ε
3579 4825 3726 4885 ca'lo,

2139 4935 2294 4988 super
2311 4935 2506 4973 onutem
2529 4919 2834 4988 impietatem
2857 4929 2903 4972 et
2927 4918 3230 4989 injustitiam
3255 4918 3517 4977 hominum
3545 4915 3727 4986 (Rom.

2141 5013 2195 5066 1.
2228 5011 2340 5080 18).
2373 5010 2508 5064 Deus
2546 5010 2814 5080 manifeste
2833 5009 3011 5063 veniet.
3037 5007 3180 5077 Ignis
3206 5019 3324 5062 ante
3344 5010 3511 5076 ipsum
3541 5024 3720 5079 prtere-

2142 5101 2224 5155 det
2245 5143 2258 5164 ,
2286 5111 2333 5154 et
2361 5101 2497 5155 circa
2536 5116 2652 5156 eum
2682 5109 2951 5159 tentpestas
2980 5099 3170 5152 valida.
3204 5096 3350 5169 Ignis
3379 5100 3430 5151 in
3457 5108 3727 5166 conspectu

2137 5195 2250 5264 ejus
2291 5193 2486 5246 ardebit
2523 5200 2572 5244 et
2618 5190 2953 5261 inﬂammabit
2991 5191 3046 5243 in
3089 5190 3302 5242 circuitu
3342 5190 3573 5242 inimicos
3616 5189 3728 5256 ejus

2146 5285 2318 5356 (Psal.
2347 5285 2440 5341 49.
2469 5284 2524 5339 5.
2551 5295 2597 5339 et
2623 5284 2712 5340 96.
2742 5281 2820 5354 5).
2854 5283 2978 5339 Dies
2996 5279 3201 5335 Domini
3223 5291 3476 5350 tamquam
3504 5281 3727 5335 clibanus

2140 5381 2326 5434 ardens
2354 5376 2510 5449 (Mal.
2537 5378 2593 5433 4.
2623 5376 2697 5446 1).
2729 5374 2799 5431 Et
2841 5389 3004 5429 nemo
3035 5373 3148 5428 haec
3195 5385 3374 5428 ntcnte
3397 5375 3562 5444 agitat
3587 5415 3603 5439 ,
3633 5372 3726 5427 sed

2141 5471 2311 5541 magis
2339 5484 2500 5540 quam
2554 5467 2746 5524 fabula:
2791 5464 3091 5535 despicatui
3145 5464 3412 5520 habentur
3458 5478 3546 5519 res
3589 5463 3726 5519 adeo

2143 5562 2447 5618 horrendae.
2479 5561 2581 5629 Qui
2611 5558 2811 5623 audiat,
2847 5572 3006 5612 nemo
3035 5565 3154 5617 est;
3186 5556 3277 5625 qui
3321 5565 3500 5610 autem
3549 5554 3726 5610 rident

2141 5667 2197 5713 et
2215 5656 2562 5721 subsannant,
2586 5666 2793 5708 omnes.
2816 5653 3072 5719 Quasnam
3094 5648 3308 5704 dabitur
3327 5649 3483 5705 nobis
3505 5650 3590 5704 via
3621 5664 3724 5718 qua

2147 5765 2249 5810 nos
2309 5746 2693 5822 expediamus?
2730 5745 3011 5806 Undenam
3081 5744 3412 5803 inveniemus
3459 5735 3726 5798 salutent?
