4082 6212
356 324 461 383 165

343 432 629 498 Periimus,
659 428 960 497 consumpti
985 443 1191 493 sumus,
1230 427 1460 483 ludibrio
1485 442 1581 483 nos
1604 427 1799 481 habent
1821 426 1921 480 ini-

338 524 553 590 miei,et
572 537 671 577 nos
690 521 1016 591 subsannant
1036 528 1090 575 et
1114 530 1298 589 gentes
1321 530 1374 574 et
1398 519 1686 573 diemones.

416 615 472 671 ι.
500 615 755 685 Ingentes
775 613 1005 683 spiritus
1025 627 1169 668 nunc
1194 612 1423 682 suscipit
1446 610 1715 675 diabolus,
1732 608 1930 680 gloria-

341 713 435 760 tur
451 715 505 761 et
521 706 839 769 exsultat,et
852 704 1305 760 lactaturJ’udore
1317 714 1369 759 et
1387 703 1604 758 tristitia
1623 702 1932 756 aﬂieiuntur

343 797 523 867 angeli
545 798 746 869 quibus
761 812 860 851 nos
879 796 1272 854 sumuscrediti
1289 814 1304 849 :
1321 802 1573 850 nemoest
1594 794 1685 864 qui
1703 805 1931 847 conver-

344 900 611 950 tatur,om
621 888 705 942 nia
720 897 925 943 temere
943 898 1071 942 sunt
1088 894 1491 958 consumpta,et
1505 902 1604 942 nos
1620 885 1932 942 vobisvide—

344 996 475 1033 mur
496 977 1092 1049 nugari.0pportunum
1110 988 1193 1033 est
1209 992 1354 1033 nunc
1371 992 1587 1048 quoque
1605 990 1801 1031 vocare
1817 988 1932 1031 cce-

345 1066 483 1130 lum,
500 1067 759 1136 quoniam
780 1081 939 1121 nemo
957 1075 1039 1121 est
1057 1067 1147 1137 qui
1182 1067 1388 1131 audiat,
1408 1066 1596 1121 testari
1618 1066 1880 1121 elementa
1908 1083 1927 1124 :

341 1157 501 1224 Audi,
524 1156 727 1223 etclam,
742 1165 786 1210 et
799 1156 1007 1211 auribus
1020 1154 1239 1227 percipe,
1257 1166 1411 1223 terra,
1427 1157 1665 1227 quoniam
1679 1156 1930 1213 Dominus

339 1259 412 1302 est
439 1249 677 1319 loquutus
713 1245 868 1316 (Isai.
917 1249 969 1302 1.
996 1247 1073 1318 9.).
1108 1247 1261 1313 Date,
1309 1248 1561 1318 porrigite
1584 1264 1819 1314 manum,
1839 1252 1931 1320 qui

342 1341 583 1394 nondum
600 1341 727 1395 estis
754 1332 1033 1405 obruti,iis
1046 1340 1134 1410 qui
1156 1340 1425 1410 perierunt
1451 1341 1520 1395 ab
1546 1340 1821 1408 ebrietate,
1840 1345 1930 1414 qui

341 1432 460 1486 sani
490 1432 621 1487 estis
648 1431 1011 1486 laborantibus
1038 1472 1052 1495 ,
1099 1432 1188 1501 qui
1219 1432 1405 1500 sapitis
1452 1432 1751 1487 furentibus
1775 1473 1790 1497 ,
1838 1434 1929 1503 qui

340 1523 499 1578 statis
535 1524 601 1576 iis
636 1523 727 1592 qui
767 1522 1241 1592 circumaguntur:
1274 1535 1462 1588 nemo,
1490 1523 1735 1588 obsecro,
1770 1525 1930 1595 quid-

340 1632 502 1685 quam
544 1614 794 1684 praeferat
822 1615 979 1669 saluti
1019 1614 1177 1668 amici
1204 1632 1218 1669 :
1247 1623 1302 1670 et
1327 1615 1626 1687 objurgatio
1654 1626 1709 1672 et
1741 1632 1926 1687 repre-

341 1708 535 1761 hensio
561 1722 731 1760 unum
762 1706 932 1761 solum
980 1714 1211 1775 spectet,
1256 1721 1452 1776 nempe
1479 1686 1597 1775 eius
1627 1709 1927 1763 utilitatem.

338 1798 569 1866 Quando
590 1798 753 1853 febris
776 1797 990 1862 invasit,
1019 1797 1177 1851 etiam
1207 1799 1345 1851 servi
1376 1800 1655 1867 imperium
1680 1801 1930 1856 obtinent

340 1890 392 1942 in
412 1887 824 1943 dominos.Nam
842 1888 1055 1959 quando
1067 1888 1154 1942 illa
1171 1890 1382 1959 quidem
1403 1901 1552 1960 urget
1569 1891 1797 1947 animum
1811 1909 1934 1948 eon-

342 1982 739 2045 tnrbans,adcst
755 1991 932 2036 autem
953 1996 1138 2050 agmen
1161 1984 1331 2037 manci
1339 1984 1930 2058 piorum,nulluslegem

339 2074 587 2143 agnoscit
601 2073 922 2128 dominicam
952 2074 1003 2127 in
1021 2073 1218 2129 damno
1231 2074 1452 2130 domini.
1468 2075 1931 2147 Nos,qua:so,cou.

340 2174 613 2220 vertamus
640 2182 654 2218 :
680 2164 814 2219 bella
839 2164 1165 2234 quotidiana,
1189 2165 1610 2237 submersiones,
1628 2168 1936 2226 innumera-

342 2255 475 2310 biles
503 2256 851 2311 circumcirca
896 2247 1173 2325 interitus,
1204 2265 1260 2312 et
1303 2258 1379 2313 ira
1424 2259 1517 2313 Dei
1556 2274 1656 2316 nos
1699 2263 1934 2334 undique

342 2346 658 2401 circumdat.
678 2346 785 2402 Nos
799 2358 975 2403 autem
1006 2363 1191 2404 sumus
1215 2363 1406 2405 omnes
1429 2359 1534 2406 tam
1551 2355 1806 2421 securi,et
1824 2366 1931 2410 tam

343 2446 486 2492 metu
507 2440 685 2504 vacui,
718 2454 878 2509 quam
903 2441 949 2495 si
989 2441 1100 2497 Deo
1127 2443 1458 2512 plaeeremus
1486 2461 1500 2496 :
1529 2459 1715 2502 omnes
1743 2465 1933 2504 manus

342 2543 599 2597 paramus
632 2529 700 2584 ad
728 2530 880 2599 plura
920 2531 1164 2588 habenda
1207 2547 1307 2604 per
1337 2532 1641 2600 avaritiam,
1676 2552 1836 2594 nemo
1863 2541 1931 2594 ad

342 2635 495 2687 opem
524 2620 797 2675 ferendam
810 2634 827 2685 ;
839 2632 1029 2676 omnes
1040 2622 1106 2677 ad
1123 2639 1384 2695 rapinam,
1409 2641 1565 2681 nemo
1583 2627 1651 2683 ad
1671 2628 1933 2685 defensio.

345 2726 465 2763 nem
482 2728 495 2764 :
517 2713 883 2782 unusquisque
899 2714 1131 2768 studium
1151 2730 1304 2770 suum
1318 2718 1466 2787 ponit
1485 2720 1753 2788 quomodo
1774 2720 1936 2776 facul-

344 2808 478 2855 tates
493 2815 619 2858 suas
639 2802 827 2857 reddat
840 2805 1146 2873 ampliores,
1164 2821 1319 2863 nemo
1336 2812 1602 2878 quomodo
1626 2828 1782 2884 opem
1798 2816 1935 2872 ferat

342 2905 513 2959 egeno
536 2909 551 2946 :
571 2895 931 2965 unusquisque
954 2906 1036 2951 est
1063 2898 1216 2953 valde
1239 2900 1494 2957 sollicitus
1517 2904 1786 2970 quomodo
1822 2908 1933 2964 suis

342 2984 505 3038 addat
526 2986 782 3054 pecuniis,
806 3002 966 3043 nemo
986 2991 1255 3059 quomodo
1273 3007 1422 3047 suam
1451 3005 1628 3050 servet
1654 2997 1885 3053 animam
1912 3018 1925 3053 :

340 3093 480 3132 unus
499 3093 686 3134 omnes
714 3090 862 3136 tenet
899 3092 1095 3149 metus,
1114 3081 1190 3138 Ne
1218 3084 1405 3154 simus,
1424 3087 1924 3161 inquit,pauperes;

334 3170 403 3254 pe
452 3169 632 3215 autem
664 3163 716 3216 in
746 3167 1044 3235 gehennam
1092 3170 1418 3242 incidamus,
1450 3196 1607 3236 nemo
1632 3186 1847 3254 angitur
1868 3198 1925 3245 et

333 3246 615 3306 horrescit.
650 3253 772 3310 Haec
790 3256 948 3328 digna
976 3272 1099 3317 sunt
1124 3246 1739 3339 lamentationibusﬂmc
1764 3293 1921 3335 accu-

329 3340 557 3407 satione,
581 3343 698 3399 hzec
725 3350 1159 3417 reprehensione.
1192 3355 1295 3412 Sed
1318 3358 1433 3415 hazc
1460 3364 1700 3419 nolebam
1718 3366 1919 3439 dicere,

328 3443 512 3484 verum
553 3433 713 3490 dolor
757 3452 842 3493 me
878 3443 1068 3511 eogit:
1105 3445 1398 3515 ignoscite;
1443 3455 1584 3523 cogit
1623 3472 1709 3511 me
1747 3433 1920 3514 luctus

328 3520 493 3575 multa
524 3522 708 3580 dicere
732 3542 851 3597 qua:
884 3531 1150 3589 nolebam.
1184 3536 1352 3595 Video
1380 3520 1569 3611 graves
1597 3548 1790 3615 minas,
1823 3564 1916 3605 ca-

330 3611 625 3671 lamitatem
656 3620 740 3672 cui
779 3620 955 3705 afferri
992 3641 1099 3680 non
1146 3641 1319 3698 potest
1362 3637 1684 3702 consolatio,
1713 3642 1913 3709 majora

326 3718 423 3793 nos
466 3721 801 3777 occuparunt
842 3718 978 3771 mala
1014 3735 1171 3787 quam
1216 3733 1271 3775 ut
1313 3728 1479 3793 possit
1510 3728 1734 3786 inveniri
1769 3735 1915 3789 sola-

324 3792 489 3857 tium;
527 3799 805 3865 periimus.
834 3802 959 3867 Quis
988 3808 1122 3862 dabit
1154 3814 1310 3881 capiti
1346 3832 1455 3870 meo
1483 3834 1686 3885 aquam,
1718 3833 1766 3876 et
1795 3840 1915 3878 oeu-

410 3888 536 3941 meis
565 3891 756 3958 fontem
785 3896 1128 3966 lacrymarum
1161 3903 1295 3973 (Jer.
1325 3908 1378 3962 9.
1414 3911 1486 3980 1),
1519 3882 1575 3965 ut
1611 3882 1914 3975 Imitentur?

324 3973 592 4044 Fleamus,
623 3998 654 4034 ο
677 3983 878 4052 dilecti,
913 3987 1152 4057 ﬂeamus,
1182 3996 1611 4066 ingemiscnmus.
1643 4006 1779 4061 Sunt
1803 4009 1910 4065 for-

323 4073 463 4171 tasse
482 4070 700 4171 quidam
730 4077 818 4144 qui
837 4077 1031 4171 dicunt
1057 4101 1070 4136 :
1098 4083 1234 4139 Nihil
1257 4089 1400 4143 aliud
1429 4094 1582 4149 nobis
1601 4097 1729 4152 dicit
1748 4117 1907 4171 quam

323 4154 765 4234 lamentationes,
796 4167 1096 4255 nihilaliud
1126 4191 1286 4247 quam
1312 4181 1486 4238 ﬂetus.
1515 4186 1721 4244 Nollem
1743 4154 1904 4256 ,lcre:

331 4388 657 4400 ..Μ

1134 315 1197 372 IN
1235 314 1451 373 EPIST.
1493 315 1584 371 AD
1623 311 1982 370 IIEIlIiA‘IOS.
2026 311 2179 368 ΟΜ).
2224 313 2314 368 XI.
2362 313 2590 370 IlOlIlL.
2635 316 2822 373 XXIV.

3510 333 3611 391 l66

2034 419 2178 488 dite,
2209 422 2405 478 nollem
2428 464 2442 488 .
2472 425 2566 479 sed
2599 426 2782 483 laudes
2812 430 3062 499 persequi
3092 438 3147 487 et
3172 434 3448 501 encomia;
3480 452 3621 494 nunc

2034 524 2211 569 autem
2252 525 2336 571 est
2376 516 2569 571 horum
2602 529 2832 590 tempus.
2863 521 2977 576 Non
3004 533 3087 578 est
3120 539 3316 595 grave,
3346 542 3380 580 ο
3404 527 3614 593 dilecti,

2037 610 2350 677 lamentari,
2379 613 2473 667 sed
2517 612 2692 668 facere
2728 628 2848 684 qua:
2886 624 3011 669 sunt
3036 616 3194 688 digna
3226 618 3620 675 lamentationi-

2036 702 2135 755 bus
2165 721 2178 757 :
2210 718 2316 759 non
2347 716 2430 759 est
2456 706 2809 760 aversandum
2836 706 3057 776 deﬂere,
3087 709 3183 766 sed
3226 726 3289 766 ea
3318 726 3477 782 agere
3502 728 3625 801 qua?

2034 807 2159 849 sunt
2199 797 2356 866 digna
2400 796 2636 852 ﬂetilms.
2676 799 2753 855 Ne
2797 802 3074 871 puniaris,
3100 814 3155 859 et
3193 819 3298 859 non
3331 805 3525 877 lugeo;
3559 796 3626 862 ne

2037 889 2285 943 moriaris
2306 930 2321 954 ,
2364 899 2420 944 et
2459 906 2566 945 nou
2595 890 2789 947 deﬂeo.
2819 893 2924 948 Sed
2952 896 2997 949 si
3022 910 3218 966 corpus
3243 899 3457 969 quidem
3479 900 3626 970 jacet

2037 992 2328 1049 mortuum,
2357 997 2548 1039 omnes
2575 983 2809 1041 hortaris
2836 995 2895 1041 ut
2920 990 3419 1057 commisereantur,
3448 1004 3503 1048 et
3528 1009 3625 1050 eos

2035 1074 2125 1142 qui
2155 1089 2259 1128 non
2290 1075 2472 1145 lugent
2500 1092 2659 1132 vocas
2700 1078 3193 1136 immiSi-ricurdes:
3229 1095 3486 1151 pereunte
3524 1100 3624 1140 an-

2037 1174 2144 1220 tem
2184 1167 2361 1220 auima
2391 1167 2547 1237 jubes
2581 1184 2687 1223 non
2731 1169 2952 1240 lugere?
2983 1171 3086 1228 Sed
3115 1188 3221 1228 non
3262 1188 3478 1246 possum
3505 1194 3627 1236 esse

2038 1268 2186 1328 pater
2220 1258 2265 1312 si
2310 1273 2414 1313 non
2446 1257 2603 1314 ﬂeam
2639 1276 2652 1313 :
2684 1269 2835 1330 pater
2861 1277 2977 1317 sum
3008 1278 3193 1319 amans
3221 1277 3277 1321 et
3307 1268 3622 1327 benevolus.

2035 1349 2231 1404 Audite
2256 1350 2527 1421 quomodo
2552 1351 2748 1406 clamet
2777 1352 2974 1408 Paulus
2998 1396 3012 1418 ,
3046 1345 3225 1411 Filioli
3246 1399 3260 1421 ,
3288 1372 3415 1429 quos
3442 1362 3626 1416 iterum

2036 1442 2266 1510 periurio
2285 1440 2429 1511 (Gal.
2454 1442 2506 1496 4.
2534 1441 2645 1512 l9).
2673 1442 2928 1507 Quaenam
2953 1455 3123 1501 mater
3150 1451 3454 1517 parturiens
3475 1469 3627 1523 mque

2035 1535 2256 1589 acerbas
2286 1550 2445 1591 voces
2470 1536 2630 1590 mittit
2656 1545 2817 1606 atque
2844 1537 2969 1593 ille?
2994 1538 3204 1596 Utinam
3230 1542 3417 1600 liceret
3446 1545 3627 1602 videre

2036 1628 2206 1696 ipsum
2252 1628 2498 1682 ardorem
2542 1630 2734 1683 mentis
2756 1670 2769 1693 ,
2799 1639 2854 1685 et
2884 1630 3096 1688 videres
3130 1634 3273 1704 qttud
3305 1638 3473 1709 magis
3501 1655 3627 1695 uror

2034 1735 2194 1791 quam
2214 1723 2416 1792 qumvis
2436 1723 2641 1787 mulier,
2663 1732 2715 1777 et
2736 1725 2936 1794 qumvis
2958 1727 3129 1796 puella
3148 1743 3266 1799 qum
3289 1731 3625 1788 immaturam

2036 1831 2190 1886 passa
2215 1826 2295 1871 ρει
2316 1817 2649 1871 viduitatem.
2675 1817 2789 1871 Non
2815 1819 2885 1872 ita
2907 1819 3051 1890 luget
3070 1821 3154 1875 illa
3179 1836 3331 1877 suum
3351 1827 3624 1894 maritum,

2038 1923 2212 1978 neque
2240 1917 2391 1978 pater
2418 1908 2585 1962 lilium
2611 1950 2626 1973 ,
2654 1917 2713 1962 ut
2752 1922 2855 1980 ego
2896 1910 3034 1966 hanc
3068 1928 3187 1981 qua:
3223 1923 3306 1968 est
3348 1917 3487 1984 apud
3529 1934 3626 1973 nos

2037 2000 2453 2055 multitudinem.
2475 1999 2583 2054 Nec
2603 1998 2805 2055 nullum
2831 2001 2983 2056 video
3010 2003 3324 2074 profectum,
3349 2018 3627 2065 vertuntur

2037 2094 2215 2148 omnia
2258 2092 2309 2145 in
2355 2082 2652 2146 calumnias
2693 2100 2749 2147 et
2783 2092 3187 2151 criminationes
3220 2114 3234 2151 :
3264 2098 3440 2154 nullus
3469 2118 3623 2155 suum

2049 2195 2195 2250 ducit
2232 2208 2352 2249 esse
2390 2191 2622 2248 ofﬂcium
2659 2202 2716 2245 ut
2753 2191 2864 2246 Deo
2892 2190 3123 2261 placeat;
3154 2190 3250 2246 sed
3277 2191 3344 2246 de
3375 2190 3509 2257 hoc,
3540 2191 3626 2247 iu-

2046 2288 2190 2361 quit,
2221 2294 2277 2341 et
2304 2284 2372 2341 de
2414 2285 2508 2339 illo
2545 2284 2688 2339 male
2716 2283 2955 2339 dicamus
2983 2299 2997 2336 :
3028 2283 3121 2338 ille
3143 2292 3225 2339 est
3259 2283 3508 2354 indignus
3533 2301 3624 2355 qui

2045 2379 2115 2434 sit
2138 2377 2365 2433 clericus
2385 2415 2401 2442 ,
2436 2375 2522 2430 hic
2546 2375 2771 2444 turpiter
2800 2374 2930 2428 vivit
2957 2385 3011 2429 et
3038 2373 3338 2429 inhoneste.
3368 2375 3497 2429 Cum
3528 2376 3626 2432 de-

2042 2471 2295 2522 beremus
2323 2465 2460 2519 mala
2502 2473 2685 2517 nostra
2724 2464 2936 2533 lugere,
2966 2463 3100 2517 alios
3132 2462 3468 2533 iudicamus,
3501 2480 3623 2520 cum

2040 2572 2142 2613 nec
2167 2555 2382 2627 quando
2416 2555 2596 2610 mundi
2629 2569 2812 2608 sumus
2849 2569 2878 2607 a
2918 2557 3151 2624 peccatis
3174 2554 3491 2611 deberemus
3519 2556 3624 2613 hoc

2038 2646 2234 2704 facere.
2269 2646 2393 2715 Quis
2413 2648 2544 2701 enim
2569 2656 2616 2700 te
2634 2646 2910 2700 discernit?
2933 2646 3104 2716 inquit
3127 2661 3141 2706 ;
3169 2646 3294 2713 quid
3319 2646 3469 2702 liabes
3487 2649 3622 2716 quod

2037 2759 2138 2797 non
2165 2741 2440 2812 accepisti?
2464 2741 2509 2795 si
2545 2750 2713 2794 utilem
2753 2740 3025 2808 accepisti,
3054 2739 3177 2810 quid
3204 2741 3441 2811 gloriaris
3474 2744 3622 2812 quasi

2035 2851 2137 2889 non
2163 2834 2413 2903 acceperis
2446 2832 2521 2904 (ι.
2550 2832 2666 2887 (.‘or.
2696 2832 2748 2886 ι.
2780 2827 2879 2902 7)?
2912 2831 2990 2885 Tu
3027 2842 3204 2887 autem
3246 2832 3372 2902 quid
3410 2833 3619 2903 judicas

2033 2928 2251 2981 fratrem
2281 2936 2448 2990 tuum,
2473 2939 2592 2978 eum
2624 2923 2735 2993 ipse
2762 2924 2837 2976 sis
2868 2923 3056 2993 plenus
3081 2923 3233 2978 malis
3258 2923 3619 2981 innumerabi-

2032 3019 2173 3074 libus
2192 3018 2218 3071 ?
2243 3016 2467 3085 Quando
2495 3016 2721 3079 dixeris,
2757 3014 2848 3069 Ille
2878 3024 2957 3069 est
3003 3015 3172 3069 malus
3201 3022 3255 3068 et
3286 3016 3614 3085 perniciosus

2030 3120 2085 3167 et
2109 3111 2422 3173 sceleratus,
2452 3109 2519 3162 de
2543 3117 2594 3162 te
2622 3107 2815 3176 cegita,
2839 3117 2891 3161 et
2915 3117 3000 3161 tua
3022 3107 3303 3176 diligenter
3329 3108 3537 3178 inquire
3559 3119 3614 3162 et

2024 3202 2291 3268 examina,
2319 3211 2372 3256 et
2400 3210 2449 3255 te
2475 3201 2757 3271 paenitebit
2784 3216 2971 3255 eorum
3006 3216 3123 3271 quae
3152 3199 3352 3255 dixisti.
3382 3199 3499 3254 Non
3522 3209 3605 3256 est

2020 3295 2184 3358 enim,
2219 3308 2323 3347 non
2350 3302 2431 3348 est
2467 3293 2569 3347 ulla
2602 3292 2721 3347 talis
2749 3292 3073 3359 adhortatio,
3105 3292 3277 3362 qualis
3303 3301 3386 3346 est
3415 3307 3603 3362 pecea-

2022 3396 2197 3441 torum
2246 3385 2566 3441 recordatio.
2610 3384 2666 3440 Si
2709 3384 2824 3439 haec
2859 3385 2967 3439 duo
2993 3384 3133 3456 apud
3166 3397 3263 3439 nos
3288 3397 3562 3438 versemus
3585 3425 3600 3449 ,

2019 3478 2313 3547 poterimus
2353 3476 2608 3547 consequi
2652 3477 2803 3531 bona
2837 3477 3097 3546 promissa
3122 3517 3138 3542 ,
3179 3473 3472 3545 poterimus
3503 3490 3601 3528 nos

2019 3571 2309 3626 emundare
2351 3582 2404 3626 et
2445 3572 2749 3642 abstergere
2780 3587 2792 3622 :
2821 3570 2992 3624 solum
3033 3570 3083 3623 id
3128 3568 3282 3624 nobis
3321 3568 3498 3621 veniat
3544 3567 3596 3620 in

2018 3671 2284 3739 mentem,
2323 3674 2378 3716 et
2411 3661 2475 3715 de
2511 3661 2608 3716 hac
2643 3676 2701 3715 re
2730 3659 2897 3714 simus
2922 3659 3132 3713 solliciti
3152 3702 3165 3722 ,
3194 3672 3226 3711 ο
3252 3656 3449 3710 dilecti.
3496 3655 3592 3710 llic

2017 3754 2296 3809 doleamus
2321 3755 2519 3816 animo,
2548 3767 2614 3807 ne
2643 3752 2751 3807 illic
2780 3752 3057 3806 doleamus
3084 3749 3363 3819 supplicio,
3387 3747 3480 3801 sed
3506 3746 3594 3800 ho-

2018 3847 2100 3900 nis
2142 3844 2380 3899 fruamur
2422 3844 2670 3909 (uternis,
2716 3843 2803 3895 ubi
2841 3840 2971 3911 fugit
3012 3840 3185 3904 dolor,
3227 3839 3399 3893 luctus
3428 3847 3480 3891 et
3508 3853 3600 3906 ge-

2017 3935 2211 3999 mitus,
2255 3944 2314 3987 ut
2356 3933 2490 3987 bona
2536 3946 2928 4000 consequamur
2965 3938 3163 3984 aterna
3201 3943 3321 3998 quzc
3365 3935 3596 3982 mentem

2016 4034 2338 4095 exsuperant
2382 4023 2700 4087 humanam,
2732 4022 2785 4075 in
2818 4021 3030 4075 Christo
3066 4018 3190 4073 Jesu
3235 4017 3459 4073 Domino
3496 4031 3596 4070 no-

2017 4126 2129 4172 stro
2159 4134 2173 4172 :
2208 4116 2306 4186 ipsi
2333 4116 2402 4169 sit
2431 4114 2599 4185 gloria
2629 4114 2681 4167 in
2710 4112 2904 4168 saecula
2934 4111 3267 4193 smculorum;
3307 4111 3502 4166 Amen.

660 4384 3585 4415 Μ

1649 4423 1995 4487 HOMILIA
2041 4428 2272 4494 XXIV.

326 4548 451 4603 (ΙΑιι.
480 4550 567 4605 Il.
604 4564 657 4602 v.
692 4547 776 4601 I3.
807 4546 971 4600 Juxta
996 4545 1149 4615 ﬁdem
1179 4544 1407 4615 defuncti
1441 4551 1560 4598 sunt
1596 4558 1768 4598 omnes
1797 4545 1901 4611 isti,

393 4661 495 4697 non
525 4643 742 4711 acceptis
769 4638 1258 4710 reprmnissionibus,
1287 4636 1377 4691 sed
1414 4654 1447 4691 a
1475 4638 1624 4708 longe
1649 4654 1736 4691 eas
1762 4639 1904 4707 aspi-

391 4735 579 4786 cientes
631 4741 676 4784 et
721 4732 1014 4794 salutantes,
1065 4738 1112 4783 et
1147 4729 1439 4795 conﬁtentes
1483 4727 1618 4798 quod
1656 4728 1907 4799 peregrini

389 4838 509 4880 sunt
533 4837 580 4878 et
610 4825 829 4895 hospites
854 4838 1006 4893 super
1032 4832 1237 4876 terram.
1280 4821 1365 4875 Η.
1400 4820 1499 4887 Qui
1528 4820 1660 4873 enim
1686 4825 1793 4874 hare
1821 4820 1905 4873 di-

386 4927 524 4981 cunt,
556 4918 847 4987 signiﬁcant
872 4930 926 4969 se
941 4914 1160 4983 patriam
1193 4913 1466 4983 inquirere.
1502 4912 1588 4966 l5.
1624 4910 1691 4965 Et
1719 4913 1763 4966 si
1787 4911 1902 4981 qui-

387 5012 501 5065 dem
537 5010 700 5079 ipsius
731 4992 1071 5060 meminissent
1118 5003 1181 5058 de
1217 5020 1317 5073 qua
1360 5003 1609 5067 exierunt,
1657 5002 1906 5058 [iubebant

386 5102 560 5170 utique
589 5110 787 5165 tempus
810 5094 1088 5149 reuertendi
1107 5110 1126 5148 :
1156 5095 1240 5149 I6.
1276 5111 1410 5147 nunc
1449 5102 1617 5147 autent
1648 5094 1903 5147 meliorem

387 5201 662 5263 appetunt,
717 5191 770 5243 id
821 5198 893 5242 est
937 5188 1203 5242 aculeatam.
1253 5186 1381 5240 Ideo
1425 5203 1524 5239 non
1573 5186 1904 5255 confunditur

386 5287 525 5340 Deus
550 5285 717 5340 uocari
740 5283 880 5336 Deus
897 5297 1072 5335 eorum
1093 5296 1112 5334 :
1140 5281 1334 5349 parauit
1354 5280 1483 5332 enim
1508 5279 1610 5333 illis
1632 5279 1897 5332 civitatem.

386 5382 438 5435 1.
477 5379 554 5449 (o)
595 5377 771 5430 Prima
810 5383 892 5429 est
924 5373 1114 5438 virtus,
1145 5382 1305 5440 atque
1334 5369 1467 5425 adeo
1500 5369 1745 5423 universa
1784 5368 1896 5422 vir-

315 5486 419 5540 tus,
452 5486 575 5527 esse
606 5471 660 5524 in
687 5466 790 5523 hoc
836 5467 1035 5523 mundo
1075 5464 1337 5534 hospitem
1363 5472 1418 5518 et
1446 5464 1811 5534 peregrinum,
1841 5472 1899 5517 et

376 5673 454 5734 (τι)
478 5671 611 5734 lnitii
652 5669 866 5734 homiljze
886 5669 1134 5731 vigesima:
1150 5668 1342 5731 quarta:
1361 5672 1464 5719 tres
1502 5670 1688 5733 pagina
1711 5671 1904 5723 deside-

319 5732 490 5785 mnu:
512 5735 563 5784 in
588 5732 762 5786 Codice
784 5732 922 5782 (‘.olh.

638 5826 912 5885 ΡΑτιιοι.
966 5827 1083 5889 Gn.
1130 5832 1357 5895 LXIII.

2016 4565 2137 4606 cum
2168 4553 2231 4607 iis
2272 4568 2391 4621 qua:
2421 4555 2509 4609 hic
2536 4568 2659 4610 sunt
2687 4557 2848 4611 rebus
2887 4566 2939 4611 et
2970 4558 3196 4627 negotiis
3229 4558 3357 4613 nihil
3401 4559 3597 4613 habere

2012 4657 2317 4710 commune,
2354 4646 2447 4700 sed
2476 4647 2542 4701 ab
2565 4648 2645 4701 eis
2675 4649 2911 4717 pendere
2939 4658 3208 4719 tamquam
3237 4650 3305 4703 ab
3332 4652 3592 4716 exii-ruis,

2012 4736 2150 4790 sicut
2176 4737 2315 4793 beati
2350 4739 2423 4793 illi
2452 4739 2699 4809 discipuli
2741 4739 2808 4795 de
2851 4741 3047 4810 quilms
3076 4742 3204 4807 dicit
3238 4758 3250 4794 :
3279 4740 3596 4795 Circuieranl

2009 4827 2061 4878 in
2081 4827 2295 4891 melotis,
2314 4830 2371 4895 in
2394 4829 2605 4899 pellibus
2622 4832 2865 4899 caprinis,
2891 4841 3108 4901 egentes,
3131 4832 3431 4899 angustiati,
3462 4822 3592 4902 ami-

2009 4918 2096 4979 cti,
2149 4918 2329 4986 quibus
2373 4919 2558 4988 dignus
2599 4936 2698 4973 non
2741 4930 2849 4973 erat
2886 4920 3106 4973 mundus
3133 4919 3318 4989 (Hebr.
3354 4923 3440 4977 Il.
3470 4922 3586 4991 57).

2008 5015 2180 5077 Atque
2208 5007 2282 5061 illi
2309 5009 2527 5077 quidem
2554 5009 2805 5064 dicebant
2848 5025 2906 5063 se
2932 5024 3052 5065 esse
3089 5011 3325 5080 hospites
3350 5021 3405 5066 et
3436 5024 3591 5082 pere~

2008 5099 2188 5170 grinos
2234 5117 2249 5151 :
2307 5099 2504 5154 I’aulus
2551 5111 2728 5155 autem
2772 5099 2900 5156 dicit
2952 5102 3109 5173 longe
3158 5104 3283 5174 quid
3337 5106 3582 5175 amplius.

2008 5190 2121 5246 Non
2165 5191 2305 5245 enim
2369 5208 2428 5247 se
2470 5207 2589 5248 esse
2628 5193 2762 5248 dixit
2812 5194 3072 5265 hospitem
3112 5205 3165 5251 et
3221 5199 3583 5268 peregrinum,

2006 5281 2098 5335 sed
2130 5283 2330 5337 mundo
2360 5294 2651 5350 mortuum,
2685 5295 2740 5339 et
2784 5285 2884 5341 sibi
2927 5288 3223 5344 mundum:
3258 5288 3391 5341 Mihi
3417 5288 3584 5356 enim,

2008 5373 2197 5443 inquit,
2232 5375 2449 5429 mundus
2489 5376 2767 5445 cruciﬁxus
2794 5385 2888 5443 est,
2931 5387 2979 5432 et
3007 5393 3097 5449 ego
3134 5379 3323 5432 mundo
3348 5378 3486 5450 (Gul.
3526 5380 3581 5435 ϐ.

2009 5465 2119 5535 Η).
2149 5465 2255 5520 Sed
2287 5482 2383 5521 nos
2413 5469 2497 5523 hic
2534 5470 2712 5522 omnia
2753 5471 2989 5540 gerimus
3017 5481 3284 5539 tamquam
3330 5470 3496 5537 cives,
3530 5483 3584 5526 et

2011 5559 2164 5627 plane
2192 5560 2430 5613 viventes
2469 5570 2527 5616 ut
2559 5563 2706 5618 cives
2733 5580 2747 5616 :
2778 5560 2999 5633 etquod
3018 5561 3148 5629 justi
3175 5572 3327 5615 erant
3353 5562 3576 5625 mundo,

2005 5666 2199 5720 nempe
2245 5652 2482 5726 hospites
2524 5670 2579 5711 et
2626 5661 2843 5728 mortui,
2885 5674 2984 5717 nos
3018 5661 3120 5716 hoc
3163 5674 3348 5718 sumus
3395 5662 3581 5721 caslor:

2005 5740 2146 5814 quod
2177 5754 2353 5803 autem
2384 5758 2538 5805 erant
2568 5750 2643 5805 illi
2670 5752 2804 5808 calo
2844 5753 3084 5810 viventes
3125 5762 3181 5809 et
3218 5753 3288 5808 ibi
3318 5754 3590 5813 rationem

3155 5858 3217 5926 II
