  <div class='ocr_page' id='page_1' title='image "/cluster/home/n/w/nwhite01/storage/ocr_20150623/63/hvd.32044054112164/173.png"; bbox 0 0 4088 6204; ppageno 0'>
   <div class='ocr_carea' id='block_1_1' title="bbox 401 226 419 259">
    <p class='ocr_par' dir='ltr' id='par_1_1' title="bbox 401 226 419 259">
     <span class='ocr_line' id='line_1_1' title="bbox 401 226 419 259; baseline 0 0"><span class='ocrx_word' id='word_1_1' title='bbox 401 226 419 259; x_wconf 65' lang='grc' dir='ltr'>δ</span> 
     </span>
    </p>
   </div>
   <div class='ocr_carea' id='block_1_2' title="bbox 461 317 554 372">
    <p class='ocr_par' dir='ltr' id='par_1_2' title="bbox 461 317 554 372">
     <span class='ocr_line' id='line_1_2' title="bbox 461 317 554 372; baseline 0.022 -2"><span class='ocrx_word' id='word_1_2' title='bbox 461 317 554 372; x_wconf 80' lang='grc'><strong>167</strong></span> 
     </span>
    </p>
   </div>
   <div class='ocr_carea' id='block_1_3' title="bbox 445 405 2033 476">
    <p class='ocr_par' dir='ltr' id='par_1_3' title="bbox 445 405 2033 476">
     <span class='ocr_line' id='line_1_3' title="bbox 445 405 2033 476; baseline -0.001 -15"><span class='ocrx_word' id='word_1_3' title='bbox 445 409 663 468; x_wconf 82' lang='lat' dir='ltr'><strong>vivendi</strong></span> <span class='ocrx_word' id='word_1_4' title='bbox 712 410 1074 476; x_wconf 90' lang='lat' dir='ltr'><strong>institucntes,</strong></span> <span class='ocrx_word' id='word_1_5' title='bbox 1121 409 1223 463; x_wconf 91' lang='lat' dir='ltr'><strong>hoc</strong></span> <span class='ocrx_word' id='word_1_6' title='bbox 1267 423 1366 464; x_wconf 91' lang='lat' dir='ltr'><strong>nos</strong></span> <span class='ocrx_word' id='word_1_7' title='bbox 1409 422 1594 463; x_wconf 89' lang='lat' dir='ltr'><strong>sumus</strong></span> <span class='ocrx_word' id='word_1_8' title='bbox 1635 405 1855 462; x_wconf 89' lang='lat' dir='ltr'><strong>mundo.</strong></span> <span class='ocrx_word' id='word_1_9' title='bbox 1901 405 2033 461; x_wconf 53' lang='lat' dir='ltr'><strong>Pro.</strong></span> 
     </span>
    </p>
   </div>
   <div class='ocr_carea' id='block_1_4' title="bbox 449 499 2031 573">
    <p class='ocr_par' dir='ltr' id='par_1_4' title="bbox 449 499 2031 573">
     <span class='ocr_line' id='line_1_4' title="bbox 449 499 2031 573; baseline -0.004 -15"><span class='ocrx_word' id='word_1_10' title='bbox 449 513 633 573; x_wconf 85' lang='lat' dir='ltr'><strong>ptcrea</strong></span> <span class='ocrx_word' id='word_1_11' title='bbox 675 504 871 559; x_wconf 99' lang='lat' dir='ltr'><strong>mortui</strong></span> <span class='ocrx_word' id='word_1_12' title='bbox 915 518 1121 567; x_wconf 88' lang='lat' dir='ltr'><strong>sumus,</strong></span> <span class='ocrx_word' id='word_1_13' title='bbox 1154 501 1278 573; x_wconf 90' lang='lat' dir='ltr'><strong>quia</strong></span> <span class='ocrx_word' id='word_1_14' title='bbox 1308 516 1427 557; x_wconf 90' lang='lat' dir='ltr'><strong>eam</strong></span> <span class='ocrx_word' id='word_1_15' title='bbox 1459 516 1585 556; x_wconf 83' lang='lat' dir='ltr'><strong>vere</strong></span> <span class='ocrx_word' id='word_1_16' title='bbox 1611 516 1729 570; x_wconf 72' lang='lat' dir='ltr'><strong>qum</strong></span> <span class='ocrx_word' id='word_1_17' title='bbox 1759 509 1843 555; x_wconf 88' lang='lat' dir='ltr'><strong>est</strong></span> <span class='ocrx_word' id='word_1_18' title='bbox 1868 499 2031 553; x_wconf 90' lang='lat' dir='ltr'><strong>vitam</strong></span> 
     </span>
    </p>
   </div>
   <div class='ocr_carea' id='block_1_5' title="bbox 446 592 2032 667">
    <p class='ocr_par' dir='ltr' id='par_1_5' title="bbox 446 592 2032 667">
     <span class='ocr_line' id='line_1_5' title="bbox 446 592 2032 667; baseline -0.004 -15"><span class='ocrx_word' id='word_1_19' title='bbox 446 596 850 667; x_wconf 84' lang='lat' dir='ltr'><strong>abnegavimus,</strong></span> <span class='ocrx_word' id='word_1_20' title='bbox 900 604 955 650; x_wconf 90' lang='lat' dir='ltr'><strong>et</strong></span> <span class='ocrx_word' id='word_1_21' title='bbox 1003 594 1139 649; x_wconf 91' lang='lat' dir='ltr'><strong>hanc</strong></span> <span class='ocrx_word' id='word_1_22' title='bbox 1178 593 1530 664; x_wconf 80' lang='lat' dir='ltr'><strong>temporalem</strong></span> <span class='ocrx_word' id='word_1_23' title='bbox 1569 592 1826 663; x_wconf 85' lang='lat' dir='ltr'><strong>elegimus</strong></span> <span class='ocrx_word' id='word_1_24' title='bbox 1860 608 1872 646; x_wconf 92' lang='lat'>:</span> <span class='ocrx_word' id='word_1_25' title='bbox 1902 606 2032 661; x_wconf 74' lang='lat' dir='ltr'><strong>pro-</strong></span> 
     </span>
    </p>
   </div>
   <div class='ocr_carea' id='block_1_6' title="bbox 449 684 2032 757">
    <p class='ocr_par' dir='ltr' id='par_1_6' title="bbox 449 684 2032 757">
     <span class='ocr_line' id='line_1_6' title="bbox 449 684 2032 757; baseline -0.004 -15"><span class='ocrx_word' id='word_1_26' title='bbox 449 698 629 757; x_wconf 90' lang='lat' dir='ltr'><strong>pterea</strong></span> <span class='ocrx_word' id='word_1_27' title='bbox 658 688 824 743; x_wconf 88' lang='lat' dir='ltr'><strong>Deum</strong></span> <span class='ocrx_word' id='word_1_28' title='bbox 855 687 1205 751; x_wconf 88' lang='lat' dir='ltr'><strong>irritavimus,</strong></span> <span class='ocrx_word' id='word_1_29' title='bbox 1230 685 1370 755; x_wconf 93' lang='lat' dir='ltr'><strong>quod</strong></span> <span class='ocrx_word' id='word_1_30' title='bbox 1401 699 1520 740; x_wconf 91' lang='lat' dir='ltr'><strong>cum</strong></span> <span class='ocrx_word' id='word_1_31' title='bbox 1553 684 1707 740; x_wconf 90' lang='lat' dir='ltr'><strong>nobis</strong></span> <span class='ocrx_word' id='word_1_32' title='bbox 1735 691 1879 738; x_wconf 91' lang='lat' dir='ltr'><strong>esset</strong></span> <span class='ocrx_word' id='word_1_33' title='bbox 1905 697 2032 752; x_wconf 82' lang='lat' dir='ltr'><strong>pro-</strong></span> 
     </span>
    </p>
   </div>
   <div class='ocr_carea' id='block_1_7' title="bbox 448 773 2031 848">
    <p class='ocr_par' dir='ltr' id='par_1_7' title="bbox 448 773 2031 848">
     <span class='ocr_line' id='line_1_7' title="bbox 448 773 2031 848; baseline -0.003 -15"><span class='ocrx_word' id='word_1_34' title='bbox 448 779 680 848; x_wconf 88' lang='lat' dir='ltr'><strong>positum</strong></span> <span class='ocrx_word' id='word_1_35' title='bbox 710 776 814 832; x_wconf 82' lang='lat' dir='ltr'><strong>frui</strong></span> <span class='ocrx_word' id='word_1_36' title='bbox 851 776 916 830; x_wconf 92' lang='lat' dir='ltr'><strong>iis</strong></span> <span class='ocrx_word' id='word_1_37' title='bbox 943 791 1062 845; x_wconf 81' lang='lat' dir='ltr'><strong>quae</strong></span> <span class='ocrx_word' id='word_1_38' title='bbox 1089 785 1215 829; x_wconf 91' lang='lat' dir='ltr'><strong>sunt</strong></span> <span class='ocrx_word' id='word_1_39' title='bbox 1242 776 1297 831; x_wconf 92' lang='lat' dir='ltr'><strong>in</strong></span> <span class='ocrx_word' id='word_1_40' title='bbox 1335 774 1502 840; x_wconf 85' lang='lat' dir='ltr'><strong>caelis,</strong></span> <span class='ocrx_word' id='word_1_41' title='bbox 1535 790 1602 830; x_wconf 92' lang='lat' dir='ltr'><strong>ne</strong></span> <span class='ocrx_word' id='word_1_42' title='bbox 1630 773 1698 829; x_wconf 92' lang='lat' dir='ltr'><strong>ab</strong></span> <span class='ocrx_word' id='word_1_43' title='bbox 1727 775 1790 829; x_wconf 89' lang='lat' dir='ltr'><strong>iis</strong></span> <span class='ocrx_word' id='word_1_44' title='bbox 1815 773 2031 845; x_wconf 85' lang='lat' dir='ltr'><strong>quidem</strong></span> 
     </span>
    </p>
   </div>
   <div class='ocr_carea' id='block_1_8' title="bbox 444 866 2033 939">
    <p class='ocr_par' dir='ltr' id='par_1_8' title="bbox 444 866 2033 939">
     <span class='ocr_line' id='line_1_8' title="bbox 444 866 2033 939; baseline -0.002 -16"><span class='ocrx_word' id='word_1_45' title='bbox 444 884 567 939; x_wconf 78' lang='lat' dir='ltr'><strong>qua:</strong></span> <span class='ocrx_word' id='word_1_46' title='bbox 593 877 718 923; x_wconf 87' lang='lat' dir='ltr'><strong>sunt</strong></span> <span class='ocrx_word' id='word_1_47' title='bbox 743 868 797 922; x_wconf 93' lang='lat' dir='ltr'><strong>in</strong></span> <span class='ocrx_word' id='word_1_48' title='bbox 830 875 970 922; x_wconf 88' lang='lat' dir='ltr'><strong>terra</strong></span> <span class='ocrx_word' id='word_1_49' title='bbox 1004 867 1250 921; x_wconf 88' lang='lat' dir='ltr'><strong>volumus</strong></span> <span class='ocrx_word' id='word_1_50' title='bbox 1276 866 1589 931; x_wconf 85' lang='lat' dir='ltr'><strong>discedere;</strong></span> <span class='ocrx_word' id='word_1_51' title='bbox 1620 866 1714 921; x_wconf 92' lang='lat' dir='ltr'><strong>sed</strong></span> <span class='ocrx_word' id='word_1_52' title='bbox 1737 882 1844 922; x_wconf 93' lang='lat' dir='ltr'><strong>non</strong></span> <span class='ocrx_word' id='word_1_53' title='bbox 1876 880 2033 921; x_wconf 91' lang='lat' dir='ltr'><strong>secus</strong></span> 
     </span>
    </p>
   </div>
   <div class='ocr_carea' id='block_1_9' title="bbox 445 959 2033 1032">
    <p class='ocr_par' dir='ltr' id='par_1_9' title="bbox 445 959 2033 1032">
     <span class='ocr_line' id='line_1_9' title="bbox 445 959 2033 1032; baseline 0 -16"><span class='ocrx_word' id='word_1_54' title='bbox 445 978 509 1017; x_wconf 87' lang='lat' dir='ltr'><strong>ac</strong></span> <span class='ocrx_word' id='word_1_55' title='bbox 550 960 767 1032; x_wconf 84' lang='lat' dir='ltr'><strong>quidam</strong></span> <span class='ocrx_word' id='word_1_56' title='bbox 801 975 1020 1016; x_wconf 89' lang='lat' dir='ltr'><strong>vermes</strong></span> <span class='ocrx_word' id='word_1_57' title='bbox 1047 976 1077 1013; x_wconf 87' lang='lat' dir='ltr'><strong>a</strong></span> <span class='ocrx_word' id='word_1_58' title='bbox 1123 971 1268 1015; x_wconf 89' lang='lat' dir='ltr'><strong>terra</strong></span> <span class='ocrx_word' id='word_1_59' title='bbox 1296 960 1349 1015; x_wconf 93' lang='lat' dir='ltr'><strong>in</strong></span> <span class='ocrx_word' id='word_1_60' title='bbox 1379 969 1596 1025; x_wconf 90' lang='lat' dir='ltr'><strong>terram,</strong></span> <span class='ocrx_word' id='word_1_61' title='bbox 1643 968 1699 1015; x_wconf 91' lang='lat' dir='ltr'><strong>et</strong></span> <span class='ocrx_word' id='word_1_62' title='bbox 1741 974 1926 1015; x_wconf 83' lang='lat' dir='ltr'><strong>rursus</strong></span> <span class='ocrx_word' id='word_1_63' title='bbox 1965 959 2033 1016; x_wconf 88' lang='lat' dir='ltr'><strong>ab</strong></span> 
     </span>
    </p>
   </div>
   <div class='ocr_carea' id='block_1_10' title="bbox 449 1052 2031 1123">
    <p class='ocr_par' dir='ltr' id='par_1_10' title="bbox 449 1052 2031 1123">
     <span class='ocr_line' id='line_1_10' title="bbox 449 1052 2031 1123; baseline -0.003 -14"><span class='ocrx_word' id='word_1_64' title='bbox 449 1055 551 1111; x_wconf 88' lang='lat' dir='ltr'><strong>hac</strong></span> <span class='ocrx_word' id='word_1_65' title='bbox 577 1055 629 1110; x_wconf 92' lang='lat' dir='ltr'><strong>in</strong></span> <span class='ocrx_word' id='word_1_66' title='bbox 660 1054 803 1110; x_wconf 85' lang='lat' dir='ltr'><strong>illam</strong></span> <span class='ocrx_word' id='word_1_67' title='bbox 836 1052 1287 1123; x_wconf 85' lang='lat' dir='ltr'><strong>circumagimur;</strong></span> <span class='ocrx_word' id='word_1_68' title='bbox 1332 1060 1388 1108; x_wconf 90' lang='lat' dir='ltr'><strong>et</strong></span> <span class='ocrx_word' id='word_1_69' title='bbox 1414 1052 1570 1123; x_wconf 92' lang='lat' dir='ltr'><strong>plane</strong></span> <span class='ocrx_word' id='word_1_70' title='bbox 1599 1067 1666 1107; x_wconf 92' lang='lat' dir='ltr'><strong>ne</strong></span> <span class='ocrx_word' id='word_1_71' title='bbox 1698 1067 1883 1122; x_wconf 89' lang='lat' dir='ltr'><strong>parum</strong></span> <span class='ocrx_word' id='word_1_72' title='bbox 1910 1052 2031 1122; x_wconf 83' lang='lat' dir='ltr'><strong>qui-</strong></span> 
     </span>
    </p>
   </div>
   <div class='ocr_carea' id='block_1_11' title="bbox 445 1144 2033 1216">
    <p class='ocr_par' dir='ltr' id='par_1_11' title="bbox 445 1144 2033 1216">
     <span class='ocr_line' id='line_1_11' title="bbox 445 1144 2033 1216; baseline -0.002 -14"><span class='ocrx_word' id='word_1_73' title='bbox 445 1149 571 1204; x_wconf 77' lang='lat' dir='ltr'><strong>dem</strong></span> <span class='ocrx_word' id='word_1_74' title='bbox 601 1147 849 1202; x_wconf 89' lang='lat' dir='ltr'><strong>volumus</strong></span> <span class='ocrx_word' id='word_1_75' title='bbox 879 1161 1178 1216; x_wconf 83' lang='lat' dir='ltr'><strong>emergere,</strong></span> <span class='ocrx_word' id='word_1_76' title='bbox 1203 1161 1377 1215; x_wconf 90' lang='lat' dir='ltr'><strong>neque</strong></span> <span class='ocrx_word' id='word_1_77' title='bbox 1414 1160 1511 1199; x_wconf 91' lang='lat' dir='ltr'><strong>nos</strong></span> <span class='ocrx_word' id='word_1_78' title='bbox 1538 1160 1567 1198; x_wconf 91' lang='lat' dir='ltr'><strong>a</strong></span> <span class='ocrx_word' id='word_1_79' title='bbox 1598 1145 1757 1212; x_wconf 84' lang='lat' dir='ltr'><strong>rebus</strong></span> <span class='ocrx_word' id='word_1_80' title='bbox 1785 1144 2033 1199; x_wconf 79' lang='lat' dir='ltr'><strong>humanis</strong></span> 
     </span>
    </p>
   </div>
   <div class='ocr_carea' id='block_1_12' title="bbox 446 1236 2034 1307">
    <p class='ocr_par' dir='ltr' id='par_1_12' title="bbox 446 1236 2034 1307">
     <span class='ocr_line' id='line_1_12' title="bbox 446 1236 2034 1307; baseline -0.003 -14"><span class='ocrx_word' id='word_1_81' title='bbox 446 1239 738 1305; x_wconf 84' lang='lat' dir='ltr'><strong>abducere,</strong></span> <span class='ocrx_word' id='word_1_82' title='bbox 771 1236 868 1293; x_wconf 90' lang='lat' dir='ltr'><strong>sed</strong></span> <span class='ocrx_word' id='word_1_83' title='bbox 895 1236 1055 1292; x_wconf 84' lang='lat' dir='ltr'><strong>veluti</strong></span> <span class='ocrx_word' id='word_1_84' title='bbox 1097 1251 1127 1290; x_wconf 91' lang='lat' dir='ltr'><strong>a</strong></span> <span class='ocrx_word' id='word_1_85' title='bbox 1156 1236 1385 1307; x_wconf 87' lang='lat' dir='ltr'><strong>quodam</strong></span> <span class='ocrx_word' id='word_1_86' title='bbox 1412 1246 1635 1290; x_wconf 88' lang='lat' dir='ltr'><strong>veterno</strong></span> <span class='ocrx_word' id='word_1_87' title='bbox 1664 1245 1716 1290; x_wconf 90' lang='lat' dir='ltr'><strong>et</strong></span> <span class='ocrx_word' id='word_1_88' title='bbox 1759 1248 1953 1289; x_wconf 85' lang='lat' dir='ltr'><strong>somno</strong></span> <span class='ocrx_word' id='word_1_89' title='bbox 1978 1243 2034 1289; x_wconf 89' lang='lat' dir='ltr'><strong>et</strong></span> 
     </span>
    </p>
   </div>
   <div class='ocr_carea' id='block_1_13' title="bbox 447 1326 2028 1398">
    <p class='ocr_par' dir='ltr' id='par_1_13' title="bbox 447 1326 2028 1398">
     <span class='ocr_line' id='line_1_13' title="bbox 447 1326 2028 1398; baseline -0.004 -11"><span class='ocrx_word' id='word_1_90' title='bbox 447 1331 709 1387; x_wconf 88' lang='lat' dir='ltr'><strong>ebrietate</strong></span> <span class='ocrx_word' id='word_1_91' title='bbox 731 1329 930 1395; x_wconf 93' lang='lat' dir='ltr'><strong>obruti,</strong></span> <span class='ocrx_word' id='word_1_92' title='bbox 952 1328 1383 1398; x_wconf 89' lang='lat' dir='ltr'><strong>obstupescimus</strong></span> <span class='ocrx_word' id='word_1_93' title='bbox 1403 1328 1513 1382; x_wconf 85' lang='lat' dir='ltr'><strong>visa</strong></span> <span class='ocrx_word' id='word_1_94' title='bbox 1542 1326 2028 1398; x_wconf 77' lang='lat' dir='ltr'><strong>apprehendentes.</strong></span> 
     </span>
    </p>
   </div>
   <div class='ocr_carea' id='block_1_14' title="bbox 449 1421 2037 1492">
    <p class='ocr_par' dir='ltr' id='par_1_14' title="bbox 449 1421 2037 1492">
     <span class='ocr_line' id='line_1_14' title="bbox 449 1421 2037 1492; baseline -0.003 -13"><span class='ocrx_word' id='word_1_95' title='bbox 449 1424 516 1479; x_wconf 85' lang='lat' dir='ltr'><strong>Et</strong></span> <span class='ocrx_word' id='word_1_96' title='bbox 544 1424 683 1479; x_wconf 88' lang='lat' dir='ltr'><strong>sicut</strong></span> <span class='ocrx_word' id='word_1_97' title='bbox 711 1422 744 1476; x_wconf 89' lang='lat' dir='ltr'><strong>ii</strong></span> <span class='ocrx_word' id='word_1_98' title='bbox 770 1423 862 1492; x_wconf 91' lang='lat' dir='ltr'><strong>qui</strong></span> <span class='ocrx_word' id='word_1_99' title='bbox 889 1423 1039 1478; x_wconf 82' lang='lat' dir='ltr'><strong>suavi</strong></span> <span class='ocrx_word' id='word_1_100' title='bbox 1067 1431 1318 1478; x_wconf 89' lang='lat' dir='ltr'><strong>tenentur</strong></span> <span class='ocrx_word' id='word_1_101' title='bbox 1345 1436 1557 1486; x_wconf 90' lang='lat' dir='ltr'><strong>somno,</strong></span> <span class='ocrx_word' id='word_1_102' title='bbox 1599 1437 1707 1476; x_wconf 92' lang='lat' dir='ltr'><strong>non</strong></span> <span class='ocrx_word' id='word_1_103' title='bbox 1733 1421 1908 1476; x_wconf 92' lang='lat' dir='ltr'><strong>solum</strong></span> <span class='ocrx_word' id='word_1_104' title='bbox 1937 1435 2037 1476; x_wconf 84' lang='lat' dir='ltr'><strong>no-</strong></span> 
     </span>
    </p>
   </div>
   <div class='ocr_carea' id='block_1_15' title="bbox 449 1511 2033 1583">
    <p class='ocr_par' dir='ltr' id='par_1_15' title="bbox 449 1511 2033 1583">
     <span class='ocr_line' id='line_1_15' title="bbox 449 1511 2033 1583; baseline 0 -15"><span class='ocrx_word' id='word_1_105' title='bbox 449 1522 560 1582; x_wconf 92' lang='lat' dir='ltr'><strong>ctu,</strong></span> <span class='ocrx_word' id='word_1_106' title='bbox 589 1512 682 1569; x_wconf 90' lang='lat' dir='ltr'><strong>sed</strong></span> <span class='ocrx_word' id='word_1_107' title='bbox 709 1513 869 1568; x_wconf 87' lang='lat' dir='ltr'><strong>etiam</strong></span> <span class='ocrx_word' id='word_1_108' title='bbox 904 1528 1029 1568; x_wconf 90' lang='lat' dir='ltr'><strong>cum</strong></span> <span class='ocrx_word' id='word_1_109' title='bbox 1058 1513 1231 1583; x_wconf 87' lang='lat' dir='ltr'><strong>ipsum</strong></span> <span class='ocrx_word' id='word_1_110' title='bbox 1263 1528 1422 1567; x_wconf 89' lang='lat' dir='ltr'><strong>mane</strong></span> <span class='ocrx_word' id='word_1_111' title='bbox 1448 1511 1747 1578; x_wconf 91' lang='lat' dir='ltr'><strong>advenerit,</strong></span> <span class='ocrx_word' id='word_1_112' title='bbox 1778 1522 1833 1567; x_wconf 91' lang='lat' dir='ltr'><strong>et</strong></span> <span class='ocrx_word' id='word_1_113' title='bbox 1855 1511 2033 1568; x_wconf 90' lang='lat' dir='ltr'><strong>clarus</strong></span> 
     </span>
    </p>
   </div>
   <div class='ocr_carea' id='block_1_16' title="bbox 450 1602 2034 1674">
    <p class='ocr_par' dir='ltr' id='par_1_16' title="bbox 450 1602 2034 1674">
     <span class='ocr_line' id='line_1_16' title="bbox 450 1602 2034 1674; baseline -0.001 -15"><span class='ocrx_word' id='word_1_114' title='bbox 450 1603 611 1661; x_wconf 83' lang='lat' dir='ltr'><strong>fuerit</strong></span> <span class='ocrx_word' id='word_1_115' title='bbox 637 1604 774 1669; x_wconf 91' lang='lat' dir='ltr'><strong>dies,</strong></span> <span class='ocrx_word' id='word_1_116' title='bbox 799 1604 982 1674; x_wconf 90' lang='lat' dir='ltr'><strong>iacent</strong></span> <span class='ocrx_word' id='word_1_117' title='bbox 1006 1603 1060 1660; x_wconf 92' lang='lat' dir='ltr'><strong>in</strong></span> <span class='ocrx_word' id='word_1_118' title='bbox 1092 1604 1272 1667; x_wconf 90' lang='lat' dir='ltr'><strong>lecto;</strong></span> <span class='ocrx_word' id='word_1_119' title='bbox 1306 1617 1406 1658; x_wconf 89' lang='lat' dir='ltr'><strong>nec</strong></span> <span class='ocrx_word' id='word_1_120' title='bbox 1428 1617 1524 1657; x_wconf 91' lang='lat' dir='ltr'><strong>eos</strong></span> <span class='ocrx_word' id='word_1_121' title='bbox 1553 1602 1715 1672; x_wconf 85' lang='lat' dir='ltr'><strong>pudet</strong></span> <span class='ocrx_word' id='word_1_122' title='bbox 1755 1602 2034 1673; x_wconf 89' lang='lat' dir='ltr'><strong>indulgere</strong></span> 
     </span>
    </p>
   </div>
   <div class='ocr_carea' id='block_1_17' title="bbox 448 1693 2034 1766">
    <p class='ocr_par' dir='ltr' id='par_1_17' title="bbox 448 1693 2034 1766">
     <span class='ocr_line' id='line_1_17' title="bbox 448 1693 2034 1766; baseline -0.001 -16"><span class='ocrx_word' id='word_1_123' title='bbox 448 1695 731 1766; x_wconf 80' lang='lat' dir='ltr'><strong>voluptati,</strong></span> <span class='ocrx_word' id='word_1_124' title='bbox 783 1703 837 1750; x_wconf 90' lang='lat' dir='ltr'><strong>et</strong></span> <span class='ocrx_word' id='word_1_125' title='bbox 877 1704 1092 1765; x_wconf 89' lang='lat' dir='ltr'><strong>tempus</strong></span> <span class='ocrx_word' id='word_1_126' title='bbox 1136 1693 1392 1765; x_wconf 90' lang='lat' dir='ltr'><strong>operaudi</strong></span> <span class='ocrx_word' id='word_1_127' title='bbox 1444 1705 1498 1748; x_wconf 92' lang='lat' dir='ltr'><strong>et</strong></span> <span class='ocrx_word' id='word_1_128' title='bbox 1550 1694 1819 1751; x_wconf 45' lang='lat' dir='ltr'><strong>studendi.</strong></span> <span class='ocrx_word' id='word_1_129' title='bbox 1856 1693 2034 1749; x_wconf 86' lang='lat' dir='ltr'><strong>facere</strong></span> 
     </span>
    </p>
   </div>
   <div class='ocr_carea' id='block_1_18' title="bbox 449 1784 2031 1857">
    <p class='ocr_par' dir='ltr' id='par_1_18' title="bbox 449 1784 2031 1857">
     <span class='ocr_line' id='line_1_18' title="bbox 449 1784 2031 1857; baseline -0.003 -14"><span class='ocrx_word' id='word_1_130' title='bbox 449 1795 660 1857; x_wconf 87' lang='lat' dir='ltr'><strong>tempus</strong></span> <span class='ocrx_word' id='word_1_131' title='bbox 686 1785 863 1841; x_wconf 88' lang='lat' dir='ltr'><strong>somni</strong></span> <span class='ocrx_word' id='word_1_132' title='bbox 893 1794 943 1840; x_wconf 91' lang='lat' dir='ltr'><strong>et</strong></span> <span class='ocrx_word' id='word_1_133' title='bbox 964 1785 1170 1841; x_wconf 70' lang='lat' dir='ltr'><strong>inertia:</strong></span> <span class='ocrx_word' id='word_1_134' title='bbox 1196 1800 1257 1839; x_wconf 90' lang='lat' dir='ltr'><strong>ac</strong></span> <span class='ocrx_word' id='word_1_135' title='bbox 1282 1784 1622 1841; x_wconf 90' lang='lat' dir='ltr'><strong>hebetudinis</strong></span> <span class='ocrx_word' id='word_1_136' title='bbox 1646 1803 1660 1840; x_wconf 90' lang='lat'><strong>:</strong></span> <span class='ocrx_word' id='word_1_137' title='bbox 1685 1786 1753 1839; x_wconf 88' lang='lat' dir='ltr'><strong>ita</strong></span> <span class='ocrx_word' id='word_1_138' title='bbox 1776 1800 1874 1839; x_wconf 89' lang='lat' dir='ltr'><strong>nos</strong></span> <span class='ocrx_word' id='word_1_139' title='bbox 1894 1800 2031 1855; x_wconf 86' lang='lat' dir='ltr'><strong>quo-</strong></span> 
     </span>
    </p>
   </div>
   <div class='ocr_carea' id='block_1_19' title="bbox 446 1876 2034 1949">
    <p class='ocr_par' dir='ltr' id='par_1_19' title="bbox 446 1876 2034 1949">
     <span class='ocr_line' id='line_1_19' title="bbox 446 1876 2034 1949; baseline 0 -17"><span class='ocrx_word' id='word_1_140' title='bbox 446 1894 552 1949; x_wconf 90' lang='lat' dir='ltr'><strong>que</strong></span> <span class='ocrx_word' id='word_1_141' title='bbox 580 1878 669 1934; x_wconf 89' lang='lat' dir='ltr'><strong>die</strong></span> <span class='ocrx_word' id='word_1_142' title='bbox 696 1878 1178 1948; x_wconf 84' lang='lat' dir='ltr'><strong>appropinquante,</strong></span> <span class='ocrx_word' id='word_1_143' title='bbox 1211 1886 1368 1932; x_wconf 92' lang='lat' dir='ltr'><strong>nocte</strong></span> <span class='ocrx_word' id='word_1_144' title='bbox 1395 1876 1739 1946; x_wconf 86' lang='lat' dir='ltr'><strong>procedente,</strong></span> <span class='ocrx_word' id='word_1_145' title='bbox 1767 1876 1876 1931; x_wconf 92' lang='lat' dir='ltr'><strong>imo</strong></span> <span class='ocrx_word' id='word_1_146' title='bbox 1906 1891 2034 1933; x_wconf 86' lang='lat' dir='ltr'><strong>vero</strong></span> 
     </span>
    </p>
   </div>
   <div class='ocr_carea' id='block_1_20' title="bbox 448 1966 2031 2041">
    <p class='ocr_par' dir='ltr' id='par_1_20' title="bbox 448 1966 2031 2041">
     <span class='ocr_line' id='line_1_20' title="bbox 448 1966 2031 2041; baseline 0.001 -17"><span class='ocrx_word' id='word_1_147' title='bbox 448 1970 534 2024; x_wconf 90' lang='lat' dir='ltr'><strong>die</strong></span> <span class='ocrx_word' id='word_1_148' title='bbox 561 1967 888 2041; x_wconf 83' lang='lat' dir='ltr'><strong>(Operamini</strong></span> <span class='ocrx_word' id='word_1_149' title='bbox 923 1969 1087 2032; x_wconf 91' lang='lat' dir='ltr'><strong>enim,</strong></span> <span class='ocrx_word' id='word_1_150' title='bbox 1136 1968 1328 2038; x_wconf 84' lang='lat' dir='ltr'><strong>inquit,</strong></span> <span class='ocrx_word' id='word_1_151' title='bbox 1361 1968 1485 2022; x_wconf 84' lang='lat' dir='ltr'><strong>dum</strong></span> <span class='ocrx_word' id='word_1_152' title='bbox 1524 1976 1598 2022; x_wconf 82' lang='lat' dir='ltr'><strong>est</strong></span> <span class='ocrx_word' id='word_1_153' title='bbox 1625 1967 1732 2023; x_wconf 79' lang='lat' dir='ltr'><strong>dies</strong></span> <span class='ocrx_word' id='word_1_154' title='bbox 1764 1966 1945 2041; x_wconf 82' lang='lat' dir='ltr'><strong>[Joan.</strong></span> <span class='ocrx_word' id='word_1_155' title='bbox 1974 1967 2031 2025; x_wconf 87' lang='lat'><strong>9.</strong></span> 
     </span>
    </p>
   </div>
   <div class='ocr_carea' id='block_1_21' title="bbox 445 2057 2030 2132">
    <p class='ocr_par' dir='ltr' id='par_1_21' title="bbox 445 2057 2030 2132">
     <span class='ocr_line' id='line_1_21' title="bbox 445 2057 2030 2132; baseline -0.002 -16"><span class='ocrx_word' id='word_1_156' title='bbox 445 2058 503 2132; x_wconf 68' lang='grc'><strong>4]</strong></span> <span class='ocrx_word' id='word_1_157' title='bbox 524 2060 541 2131; x_wconf 89' lang='grc'><strong>)</strong></span> <span class='ocrx_word' id='word_1_158' title='bbox 562 2101 577 2127; x_wconf 84' lang='grc'><em>,</em></span> <span class='ocrx_word' id='word_1_159' title='bbox 618 2060 798 2116; x_wconf 86' lang='lat' dir='ltr'><strong>omnia</strong></span> <span class='ocrx_word' id='word_1_160' title='bbox 827 2057 1054 2114; x_wconf 81' lang='lat' dir='ltr'><strong>facimus</strong></span> <span class='ocrx_word' id='word_1_161' title='bbox 1089 2074 1208 2129; x_wconf 73' lang='lat' dir='ltr'><strong>qua:</strong></span> <span class='ocrx_word' id='word_1_162' title='bbox 1248 2068 1375 2114; x_wconf 92' lang='lat' dir='ltr'><strong>sunt</strong></span> <span class='ocrx_word' id='word_1_163' title='bbox 1413 2060 1587 2115; x_wconf 90' lang='lat' dir='ltr'><strong>noctis</strong></span> <span class='ocrx_word' id='word_1_164' title='bbox 1612 2100 1628 2124; x_wconf 94' lang='lat'><strong>,</strong></span> <span class='ocrx_word' id='word_1_165' title='bbox 1659 2058 1990 2114; x_wconf 85' lang='lat' dir='ltr'><strong>dormientes</strong></span> <span class='ocrx_word' id='word_1_166' title='bbox 2015 2099 2030 2123; x_wconf 94' lang='lat'><strong>,</strong></span> 
     </span>
    </p>
   </div>
   <div class='ocr_carea' id='block_1_22' title="bbox 448 2149 2035 2219">
    <p class='ocr_par' dir='ltr' id='par_1_22' title="bbox 448 2149 2035 2219">
     <span class='ocr_line' id='line_1_22' title="bbox 448 2149 2035 2219; baseline 0.001 -13"><span class='ocrx_word' id='word_1_167' title='bbox 448 2151 655 2206; x_wconf 90' lang='lat' dir='ltr'><strong>somnia</strong></span> <span class='ocrx_word' id='word_1_168' title='bbox 699 2151 963 2219; x_wconf 82' lang='lat' dir='ltr'><strong>videntes,</strong></span> <span class='ocrx_word' id='word_1_169' title='bbox 1009 2150 1137 2205; x_wconf 86' lang='lat' dir='ltr'><strong>visis</strong></span> <span class='ocrx_word' id='word_1_170' title='bbox 1177 2149 1526 2218; x_wconf 88' lang='lat' dir='ltr'><strong>deliciantes;</strong></span> <span class='ocrx_word' id='word_1_171' title='bbox 1571 2160 1626 2206; x_wconf 88' lang='lat' dir='ltr'><strong>et</strong></span> <span class='ocrx_word' id='word_1_172' title='bbox 1667 2150 1834 2205; x_wconf 89' lang='lat' dir='ltr'><strong>clausi</strong></span> <span class='ocrx_word' id='word_1_173' title='bbox 1880 2151 2035 2207; x_wconf 90' lang='lat' dir='ltr'><strong>nobis</strong></span> 
     </span>
    </p>
   </div>
   <div class='ocr_carea' id='block_1_23' title="bbox 445 2242 2036 2313">
    <p class='ocr_par' dir='ltr' id='par_1_23' title="bbox 445 2242 2036 2313">
     <span class='ocr_line' id='line_1_23' title="bbox 445 2242 2036 2313; baseline -0.001 -16"><span class='ocrx_word' id='word_1_174' title='bbox 445 2253 571 2298; x_wconf 83' lang='lat' dir='ltr'><strong>sunt</strong></span> <span class='ocrx_word' id='word_1_175' title='bbox 598 2244 739 2298; x_wconf 89' lang='lat' dir='ltr'><strong>oculi</strong></span> <span class='ocrx_word' id='word_1_176' title='bbox 768 2242 962 2298; x_wconf 90' lang='lat' dir='ltr'><strong>mentis</strong></span> <span class='ocrx_word' id='word_1_177' title='bbox 1001 2252 1056 2298; x_wconf 89' lang='lat' dir='ltr'><strong>et</strong></span> <span class='ocrx_word' id='word_1_178' title='bbox 1084 2243 1348 2312; x_wconf 81' lang='lat' dir='ltr'><strong>corporis,</strong></span> <span class='ocrx_word' id='word_1_179' title='bbox 1382 2258 1659 2313; x_wconf 84' lang='lat' dir='ltr'><strong>perperam</strong></span> <span class='ocrx_word' id='word_1_180' title='bbox 1688 2243 1957 2313; x_wconf 81' lang='lat' dir='ltr'><strong>loquimur</strong></span> <span class='ocrx_word' id='word_1_181' title='bbox 1980 2253 2036 2300; x_wconf 89' lang='lat' dir='ltr'><strong>et</strong></span> 
     </span>
    </p>
   </div>
   <div class='ocr_carea' id='block_1_24' title="bbox 449 2333 2031 2405">
    <p class='ocr_par' dir='ltr' id='par_1_24' title="bbox 449 2333 2031 2405">
     <span class='ocr_line' id='line_1_24' title="bbox 449 2333 2031 2405; baseline 0.001 -17"><span class='ocrx_word' id='word_1_182' title='bbox 449 2342 650 2390; x_wconf 83' lang='lat' dir='ltr'><strong>temere</strong></span> <span class='ocrx_word' id='word_1_183' title='bbox 674 2335 961 2404; x_wconf 84' lang='lat' dir='ltr'><strong>garrimus,</strong></span> <span class='ocrx_word' id='word_1_184' title='bbox 990 2342 1045 2389; x_wconf 92' lang='lat' dir='ltr'><strong>et</strong></span> <span class='ocrx_word' id='word_1_185' title='bbox 1072 2333 1118 2387; x_wconf 87' lang='lat' dir='ltr'><strong>si</strong></span> <span class='ocrx_word' id='word_1_186' title='bbox 1147 2334 1267 2404; x_wconf 85' lang='lat' dir='ltr'><strong>quis</strong></span> <span class='ocrx_word' id='word_1_187' title='bbox 1298 2333 1615 2403; x_wconf 79' lang='lat' dir='ltr'><strong>profundam</strong></span> <span class='ocrx_word' id='word_1_188' title='bbox 1644 2335 1797 2389; x_wconf 89' lang='lat' dir='ltr'><strong>nobis</strong></span> <span class='ocrx_word' id='word_1_189' title='bbox 1826 2336 2031 2405; x_wconf 79' lang='lat' dir='ltr'><strong>plagam</strong></span> 
     </span>
    </p>
   </div>
   <div class='ocr_carea' id='block_1_25' title="bbox 448 2425 2033 2495">
    <p class='ocr_par' dir='ltr' id='par_1_25' title="bbox 448 2425 2033 2495">
     <span class='ocr_line' id='line_1_25' title="bbox 448 2425 2033 2495; baseline 0.001 -14"><span class='ocrx_word' id='word_1_190' title='bbox 448 2427 719 2493; x_wconf 79' lang='lat' dir='ltr'><strong>inﬂixerit,</strong></span> <span class='ocrx_word' id='word_1_191' title='bbox 741 2441 808 2481; x_wconf 92' lang='lat' dir='ltr'><strong>ne</strong></span> <span class='ocrx_word' id='word_1_192' title='bbox 830 2426 1092 2481; x_wconf 90' lang='lat' dir='ltr'><strong>sentimus</strong></span> <span class='ocrx_word' id='word_1_193' title='bbox 1112 2425 1349 2495; x_wconf 86' lang='lat' dir='ltr'><strong>quidem,</strong></span> <span class='ocrx_word' id='word_1_194' title='bbox 1379 2425 1588 2481; x_wconf 89' lang='lat' dir='ltr'><strong>etiamsi</strong></span> <span class='ocrx_word' id='word_1_195' title='bbox 1616 2434 1826 2480; x_wconf 89' lang='lat' dir='ltr'><strong>nostras</strong></span> <span class='ocrx_word' id='word_1_196' title='bbox 1845 2440 2033 2482; x_wconf 85' lang='lat' dir='ltr'><strong>omnes</strong></span> 
     </span>
    </p>
   </div>
   <div class='ocr_carea' id='block_1_26' title="bbox 446 2517 2029 2592">
    <p class='ocr_par' dir='ltr' id='par_1_26' title="bbox 446 2517 2029 2592">
     <span class='ocr_line' id='line_1_26' title="bbox 446 2517 2029 2592; baseline -0.002 -16"><span class='ocrx_word' id='word_1_197' title='bbox 446 2521 729 2592; x_wconf 88' lang='lat' dir='ltr'><strong>diripuerit</strong></span> <span class='ocrx_word' id='word_1_198' title='bbox 746 2520 1046 2587; x_wconf 80' lang='lat' dir='ltr'><strong>facultates,</strong></span> <span class='ocrx_word' id='word_1_199' title='bbox 1069 2518 1279 2574; x_wconf 82' lang='lat' dir='ltr'><strong>etiamsi</strong></span> <span class='ocrx_word' id='word_1_200' title='bbox 1306 2518 1475 2587; x_wconf 89' lang='lat' dir='ltr'><strong>ipsam</strong></span> <span class='ocrx_word' id='word_1_201' title='bbox 1499 2517 1716 2572; x_wconf 87' lang='lat' dir='ltr'><strong>domum</strong></span> <span class='ocrx_word' id='word_1_202' title='bbox 1730 2520 1995 2573; x_wconf 81' lang='lat' dir='ltr'><strong>exusserit</strong></span> <span class='ocrx_word' id='word_1_203' title='bbox 2015 2537 2029 2573; x_wconf 89' lang='lat'><strong>:</strong></span> 
     </span>
    </p>
   </div>
   <div class='ocr_carea' id='block_1_27' title="bbox 447 2607 2028 2679">
    <p class='ocr_par' dir='ltr' id='par_1_27' title="bbox 447 2607 2028 2679">
     <span class='ocr_line' id='line_1_27' title="bbox 447 2607 2028 2679; baseline -0.001 -13"><span class='ocrx_word' id='word_1_204' title='bbox 447 2612 556 2666; x_wconf 85' lang='lat' dir='ltr'><strong>imo</strong></span> <span class='ocrx_word' id='word_1_205' title='bbox 589 2627 718 2666; x_wconf 90' lang='lat' dir='ltr'><strong>vero</strong></span> <span class='ocrx_word' id='word_1_206' title='bbox 755 2627 823 2666; x_wconf 91' lang='lat' dir='ltr'><strong>ne</strong></span> <span class='ocrx_word' id='word_1_207' title='bbox 848 2619 1220 2679; x_wconf 75' lang='lat' dir='ltr'><strong>exspectamus</strong></span> <span class='ocrx_word' id='word_1_208' title='bbox 1246 2607 1460 2678; x_wconf 88' lang='lat' dir='ltr'><strong>quidem</strong></span> <span class='ocrx_word' id='word_1_209' title='bbox 1489 2620 1545 2663; x_wconf 91' lang='lat' dir='ltr'><strong>ut</strong></span> <span class='ocrx_word' id='word_1_210' title='bbox 1569 2609 1657 2662; x_wconf 88' lang='lat' dir='ltr'><strong>alii</strong></span> <span class='ocrx_word' id='word_1_211' title='bbox 1687 2609 1787 2664; x_wconf 89' lang='lat' dir='ltr'><strong>hoc</strong></span> <span class='ocrx_word' id='word_1_212' title='bbox 1815 2610 2028 2675; x_wconf 78' lang='lat' dir='ltr'><strong>faciant,</strong></span> 
     </span>
    </p>
   </div>
   <div class='ocr_carea' id='block_1_28' title="bbox 449 2694 2033 2773">
    <p class='ocr_par' dir='ltr' id='par_1_28' title="bbox 449 2694 2033 2773">
     <span class='ocr_line' id='line_1_28' title="bbox 449 2694 2033 2773; baseline 0.001 -15"><span class='ocrx_word' id='word_1_213' title='bbox 449 2703 543 2759; x_wconf 84' lang='lat' dir='ltr'><strong>sed</strong></span> <span class='ocrx_word' id='word_1_214' title='bbox 565 2703 666 2773; x_wconf 91' lang='lat' dir='ltr'><strong>ipsi</strong></span> <span class='ocrx_word' id='word_1_215' title='bbox 689 2703 790 2758; x_wconf 91' lang='lat' dir='ltr'><strong>hoc</strong></span> <span class='ocrx_word' id='word_1_216' title='bbox 805 2700 1046 2767; x_wconf 90' lang='lat' dir='ltr'><strong>facimus,</strong></span> <span class='ocrx_word' id='word_1_217' title='bbox 1071 2715 1169 2757; x_wconf 91' lang='lat' dir='ltr'><strong>nos</strong></span> <span class='ocrx_word' id='word_1_218' title='bbox 1197 2701 1432 2771; x_wconf 86' lang='lat' dir='ltr'><strong>quotidie</strong></span> <span class='ocrx_word' id='word_1_219' title='bbox 1457 2694 1751 2772; x_wconf 85' lang='lat' dir='ltr'><strong>pungeotes</strong></span> <span class='ocrx_word' id='word_1_220' title='bbox 1771 2712 1823 2757; x_wconf 92' lang='lat' dir='ltr'><strong>et</strong></span> <span class='ocrx_word' id='word_1_221' title='bbox 1846 2703 2033 2760; x_wconf 76' lang='lat' dir='ltr'><strong>fcrien-</strong></span> 
     </span>
    </p>
   </div>
   <div class='ocr_carea' id='block_1_29' title="bbox 445 2792 2026 2863">
    <p class='ocr_par' dir='ltr' id='par_1_29' title="bbox 445 2792 2026 2863">
     <span class='ocr_line' id='line_1_29' title="bbox 445 2792 2026 2863; baseline 0.006 -20"><span class='ocrx_word' id='word_1_222' title='bbox 445 2798 546 2855; x_wconf 85' lang='lat' dir='ltr'><strong>tes,</strong></span> <span class='ocrx_word' id='word_1_223' title='bbox 572 2792 795 2861; x_wconf 89' lang='lat' dir='ltr'><strong>turpiter</strong></span> <span class='ocrx_word' id='word_1_224' title='bbox 815 2801 872 2848; x_wconf 88' lang='lat' dir='ltr'><strong>et</strong></span> <span class='ocrx_word' id='word_1_225' title='bbox 891 2794 1141 2849; x_wconf 90' lang='lat' dir='ltr'><strong>indecore</strong></span> <span class='ocrx_word' id='word_1_226' title='bbox 1165 2795 1423 2863; x_wconf 84' lang='lat' dir='ltr'><strong>iacentes,</strong></span> <span class='ocrx_word' id='word_1_227' title='bbox 1451 2806 1501 2852; x_wconf 87' lang='lat' dir='ltr'><strong>et</strong></span> <span class='ocrx_word' id='word_1_228' title='bbox 1520 2797 1699 2853; x_wconf 88' lang='lat' dir='ltr'><strong>nudati</strong></span> <span class='ocrx_word' id='word_1_229' title='bbox 1718 2798 1862 2854; x_wconf 91' lang='lat' dir='ltr'><strong>omni</strong></span> <span class='ocrx_word' id='word_1_230' title='bbox 1886 2796 2026 2854; x_wconf 84' lang='lat' dir='ltr'><strong>bona</strong></span> 
     </span>
    </p>
   </div>
   <div class='ocr_carea' id='block_1_30' title="bbox 442 2880 2027 2962">
    <p class='ocr_par' dir='ltr' id='par_1_30' title="bbox 442 2880 2027 2962">
     <span class='ocr_line' id='line_1_30' title="bbox 442 2880 2027 2962; baseline 0.008 -28"><span class='ocrx_word' id='word_1_231' title='bbox 442 2880 860 2947; x_wconf 78' lang='lat' dir='ltr'><strong>existimatione,</strong></span> <span class='ocrx_word' id='word_1_232' title='bbox 886 2892 941 2937; x_wconf 89' lang='lat' dir='ltr'><strong>et</strong></span> <span class='ocrx_word' id='word_1_233' title='bbox 969 2885 1137 2953; x_wconf 85' lang='lat' dir='ltr'><strong>turpia</strong></span> <span class='ocrx_word' id='word_1_234' title='bbox 1170 2895 1349 2941; x_wconf 82' lang='lat' dir='ltr'><strong>nostra</strong></span> <span class='ocrx_word' id='word_1_235' title='bbox 1399 2902 1564 2958; x_wconf 86' lang='lat' dir='ltr'><strong>opera</strong></span> <span class='ocrx_word' id='word_1_236' title='bbox 1609 2906 1782 2961; x_wconf 90' lang='lat' dir='ltr'><strong>neque</strong></span> <span class='ocrx_word' id='word_1_237' title='bbox 1813 2892 1909 2962; x_wconf 91' lang='lat' dir='ltr'><strong>ipsi</strong></span> <span class='ocrx_word' id='word_1_238' title='bbox 1943 2900 2027 2947; x_wconf 88' lang='lat' dir='ltr'><strong>te-</strong></span> 
     </span>
    </p>
   </div>
   <div class='ocr_carea' id='block_1_31' title="bbox 445 2974 2026 3057">
    <p class='ocr_par' dir='ltr' id='par_1_31' title="bbox 445 2974 2026 3057">
     <span class='ocr_line' id='line_1_31' title="bbox 445 2974 2026 3057; baseline 0.009 -32"><span class='ocrx_word' id='word_1_239' title='bbox 445 2978 651 3042; x_wconf 78' lang='lat' dir='ltr'><strong>gentes,</strong></span> <span class='ocrx_word' id='word_1_240' title='bbox 699 2988 869 3043; x_wconf 86' lang='lat' dir='ltr'><strong>neque</strong></span> <span class='ocrx_word' id='word_1_241' title='bbox 900 2974 1021 3030; x_wconf 90' lang='lat' dir='ltr'><strong>aliis</strong></span> <span class='ocrx_word' id='word_1_242' title='bbox 1049 2974 1152 3031; x_wconf 87' lang='lat' dir='ltr'><strong>ltoc</strong></span> <span class='ocrx_word' id='word_1_243' title='bbox 1180 2977 1355 3057; x_wconf 75' lang='lat' dir='ltr'><strong>facere</strong></span> <span class='ocrx_word' id='word_1_244' title='bbox 1395 2982 1797 3050; x_wconf 87' lang='lat' dir='ltr'><strong>permittentes;</strong></span> <span class='ocrx_word' id='word_1_245' title='bbox 1848 2983 1941 3039; x_wconf 89' lang='lat' dir='ltr'><strong>sed</strong></span> <span class='ocrx_word' id='word_1_246' title='bbox 1973 2984 2026 3038; x_wconf 90' lang='lat' dir='ltr'><strong>in</strong></span> 
     </span>
    </p>
   </div>
   <div class='ocr_carea' id='block_1_32' title="bbox 442 3062 2029 3143">
    <p class='ocr_par' dir='ltr' id='par_1_32' title="bbox 442 3062 2029 3143">
     <span class='ocr_line' id='line_1_32' title="bbox 442 3062 2029 3143; baseline 0.009 -28"><span class='ocrx_word' id='word_1_247' title='bbox 442 3062 621 3118; x_wconf 88' lang='lat' dir='ltr'><strong>media</strong></span> <span class='ocrx_word' id='word_1_248' title='bbox 664 3064 994 3134; x_wconf 88' lang='lat' dir='ltr'><strong>turpitudine</strong></span> <span class='ocrx_word' id='word_1_249' title='bbox 1020 3076 1075 3122; x_wconf 89' lang='lat' dir='ltr'><strong>et</strong></span> <span class='ocrx_word' id='word_1_250' title='bbox 1112 3067 1175 3122; x_wconf 91' lang='lat' dir='ltr'><strong>iis</strong></span> <span class='ocrx_word' id='word_1_251' title='bbox 1204 3070 1291 3138; x_wconf 92' lang='lat' dir='ltr'><strong>qui</strong></span> <span class='ocrx_word' id='word_1_252' title='bbox 1324 3070 1524 3137; x_wconf 83' lang='lat' dir='ltr'><strong>vident,</strong></span> <span class='ocrx_word' id='word_1_253' title='bbox 1558 3081 1612 3127; x_wconf 87' lang='lat' dir='ltr'><strong>et</strong></span> <span class='ocrx_word' id='word_1_254' title='bbox 1641 3073 1706 3128; x_wconf 87' lang='lat' dir='ltr'><strong>iis</strong></span> <span class='ocrx_word' id='word_1_255' title='bbox 1748 3075 1836 3143; x_wconf 86' lang='lat' dir='ltr'><strong>qui</strong></span> <span class='ocrx_word' id='word_1_256' title='bbox 1874 3089 2029 3130; x_wconf 78' lang='lat' dir='ltr'><strong>acce-</strong></span> 
     </span>
    </p>
   </div>
   <div class='ocr_carea' id='block_1_33' title="bbox 445 3152 2028 3225">
    <p class='ocr_par' dir='ltr' id='par_1_33' title="bbox 445 3152 2028 3225">
     <span class='ocr_line' id='line_1_33' title="bbox 445 3152 2028 3225; baseline 0.009 -18"><span class='ocrx_word' id='word_1_257' title='bbox 445 3152 582 3209; x_wconf 86' lang='lat' dir='ltr'><strong>dunt</strong></span> <span class='ocrx_word' id='word_1_258' title='bbox 612 3155 868 3225; x_wconf 87' lang='lat' dir='ltr'><strong>propositi</strong></span> <span class='ocrx_word' id='word_1_259' title='bbox 895 3158 962 3213; x_wconf 87' lang='lat' dir='ltr'><strong>ad</strong></span> <span class='ocrx_word' id='word_1_260' title='bbox 989 3159 1153 3215; x_wconf 84' lang='lat' dir='ltr'><strong>risum</strong></span> <span class='ocrx_word' id='word_1_261' title='bbox 1175 3169 1229 3215; x_wconf 89' lang='lat' dir='ltr'><strong>et</strong></span> <span class='ocrx_word' id='word_1_262' title='bbox 1247 3161 1313 3216; x_wconf 88' lang='lat' dir='ltr'><strong>ad</strong></span> <span class='ocrx_word' id='word_1_263' title='bbox 1345 3162 1572 3218; x_wconf 88' lang='lat' dir='ltr'><strong>ludibria</strong></span> <span class='ocrx_word' id='word_1_264' title='bbox 1601 3165 2028 3221; x_wconf 90' lang='lat' dir='ltr'><strong>innumerabilia.</strong></span> 
     </span>
    </p>
   </div>
   <div class='ocr_carea' id='block_1_34' title="bbox 442 3243 2025 3329">
    <p class='ocr_par' dir='ltr' id='par_1_34' title="bbox 442 3243 2025 3329">
     <span class='ocr_line' id='line_1_34' title="bbox 442 3243 2025 3329; baseline 0.009 -32"><span class='ocrx_word' id='word_1_265' title='bbox 442 3243 671 3301; x_wconf 86' lang='lat' dir='ltr'><strong>Nescitis</strong></span> <span class='ocrx_word' id='word_1_266' title='bbox 692 3247 857 3329; x_wconf 49' lang='lat' dir='ltr'><strong>.ipsos</strong></span> <span class='ocrx_word' id='word_1_267' title='bbox 896 3265 1112 3320; x_wconf 88' lang='lat' dir='ltr'><strong>quoque</strong></span> <span class='ocrx_word' id='word_1_268' title='bbox 1162 3252 1333 3307; x_wconf 90' lang='lat' dir='ltr'><strong>malos</strong></span> <span class='ocrx_word' id='word_1_269' title='bbox 1383 3254 1608 3310; x_wconf 87' lang='lat' dir='ltr'><strong>irridere</strong></span> <span class='ocrx_word' id='word_1_270' title='bbox 1652 3272 1746 3311; x_wconf 87' lang='lat' dir='ltr'><strong>eos</strong></span> <span class='ocrx_word' id='word_1_271' title='bbox 1797 3273 2025 3328; x_wconf 91' lang='lat' dir='ltr'><strong>quorum</strong></span> 
     </span>
    </p>
   </div>
   <div class='ocr_carea' id='block_1_35' title="bbox 442 3339 2027 3419">
    <p class='ocr_par' dir='ltr' id='par_1_35' title="bbox 442 3339 2027 3419">
     <span class='ocr_line' id='line_1_35' title="bbox 442 3339 2027 3419; baseline 0.011 -31"><span class='ocrx_word' id='word_1_272' title='bbox 442 3347 567 3392; x_wconf 85' lang='lat' dir='ltr'><strong>sunt</strong></span> <span class='ocrx_word' id='word_1_273' title='bbox 599 3339 758 3394; x_wconf 88' lang='lat' dir='ltr'><strong>iidem</strong></span> <span class='ocrx_word' id='word_1_274' title='bbox 814 3356 1014 3407; x_wconf 88' lang='lat' dir='ltr'><strong>mores,</strong></span> <span class='ocrx_word' id='word_1_275' title='bbox 1059 3352 1115 3397; x_wconf 93' lang='lat' dir='ltr'><strong>et</strong></span> <span class='ocrx_word' id='word_1_276' title='bbox 1156 3359 1251 3398; x_wconf 91' lang='lat' dir='ltr'><strong>eos</strong></span> <span class='ocrx_word' id='word_1_277' title='bbox 1281 3344 1574 3401; x_wconf 89' lang='lat' dir='ltr'><strong>damnare?</strong></span> <span class='ocrx_word' id='word_1_278' title='bbox 1616 3348 1747 3402; x_wconf 88' lang='lat' dir='ltr'><strong>Nam</strong></span> <span class='ocrx_word' id='word_1_279' title='bbox 1776 3353 2027 3419; x_wconf 91' lang='lat' dir='ltr'><strong>quoniam</strong></span> 
     </span>
    </p>
   </div>
   <div class='ocr_carea' id='block_1_36' title="bbox 445 3427 2029 3505">
    <p class='ocr_par' dir='ltr' id='par_1_36' title="bbox 445 3427 2029 3505">
     <span class='ocr_line' id='line_1_36' title="bbox 445 3427 2029 3505; baseline 0.011 -26"><span class='ocrx_word' id='word_1_280' title='bbox 445 3427 589 3483; x_wconf 87' lang='lat' dir='ltr'><strong>Deus</strong></span> <span class='ocrx_word' id='word_1_281' title='bbox 615 3429 803 3485; x_wconf 88' lang='lat' dir='ltr'><strong>indidit</strong></span> <span class='ocrx_word' id='word_1_282' title='bbox 829 3432 1277 3502; x_wconf 83' lang='lat' dir='ltr'><strong>nobisiudieium,</strong></span> <span class='ocrx_word' id='word_1_283' title='bbox 1302 3437 1444 3505; x_wconf 90' lang='lat' dir='ltr'><strong>quod</strong></span> <span class='ocrx_word' id='word_1_284' title='bbox 1464 3438 1772 3494; x_wconf 79' lang='lat' dir='ltr'><strong>labefactari</strong></span> <span class='ocrx_word' id='word_1_285' title='bbox 1800 3450 1855 3495; x_wconf 87' lang='lat' dir='ltr'><strong>et</strong></span> <span class='ocrx_word' id='word_1_286' title='bbox 1877 3459 2029 3496; x_wconf 88' lang='lat' dir='ltr'><strong>num-</strong></span> 
     </span>
    </p>
   </div>
   <div class='ocr_carea' id='block_1_37' title="bbox 443 3522 2026 3596">
    <p class='ocr_par' dir='ltr' id='par_1_37' title="bbox 443 3522 2026 3596">
     <span class='ocr_line' id='line_1_37' title="bbox 443 3522 2026 3596; baseline 0.01 -24"><span class='ocrx_word' id='word_1_287' title='bbox 443 3534 601 3588; x_wconf 83' lang='lat' dir='ltr'><strong>quam</strong></span> <span class='ocrx_word' id='word_1_288' title='bbox 642 3522 913 3589; x_wconf 81' lang='lat' dir='ltr'><strong>corrumpi</strong></span> <span class='ocrx_word' id='word_1_289' title='bbox 948 3533 1145 3590; x_wconf 84' lang='lat' dir='ltr'><strong>potest,</strong></span> <span class='ocrx_word' id='word_1_290' title='bbox 1178 3525 1386 3579; x_wconf 86' lang='lat' dir='ltr'><strong>etiamsi</strong></span> <span class='ocrx_word' id='word_1_291' title='bbox 1429 3526 1652 3596; x_wconf 80' lang='lat' dir='ltr'><strong>ingressi</strong></span> <span class='ocrx_word' id='word_1_292' title='bbox 1686 3530 1939 3586; x_wconf 83' lang='lat' dir='ltr'><strong>fuerimus</strong></span> <span class='ocrx_word' id='word_1_293' title='bbox 1972 3533 2026 3589; x_wconf 87' lang='lat' dir='ltr'><strong>in</strong></span> 
     </span>
    </p>
   </div>
   <div class='ocr_carea' id='block_1_38' title="bbox 450 3610 2029 3693">
    <p class='ocr_par' dir='ltr' id='par_1_38' title="bbox 450 3610 2029 3693">
     <span class='ocr_line' id='line_1_38' title="bbox 450 3610 2029 3693; baseline 0.013 -31"><span class='ocrx_word' id='word_1_294' title='bbox 450 3610 623 3680; x_wconf 80' lang='lat' dir='ltr'><strong>ipsum</strong></span> <span class='ocrx_word' id='word_1_295' title='bbox 678 3611 791 3666; x_wconf 84' lang='lat' dir='ltr'><strong>vitii</strong></span> <span class='ocrx_word' id='word_1_296' title='bbox 845 3611 1165 3682; x_wconf 87' lang='lat' dir='ltr'><strong>profundum</strong></span> <span class='ocrx_word' id='word_1_297' title='bbox 1200 3633 1213 3665; x_wconf 91' lang='lat'><strong>:</strong></span> <span class='ocrx_word' id='word_1_298' title='bbox 1246 3615 1363 3671; x_wconf 88' lang='lat' dir='ltr'><strong>ideo</strong></span> <span class='ocrx_word' id='word_1_299' title='bbox 1405 3627 1458 3672; x_wconf 87' lang='lat' dir='ltr'><strong>et</strong></span> <span class='ocrx_word' id='word_1_300' title='bbox 1506 3620 1603 3688; x_wconf 89' lang='lat' dir='ltr'><strong>ipsi</strong></span> <span class='ocrx_word' id='word_1_301' title='bbox 1652 3623 1774 3676; x_wconf 88' lang='lat' dir='ltr'><strong>mali</strong></span> <span class='ocrx_word' id='word_1_302' title='bbox 1824 3625 2029 3693; x_wconf 86' lang='lat' dir='ltr'><strong>seipsos</strong></span> 
     </span>
    </p>
   </div>
   <div class='ocr_carea' id='block_1_39' title="bbox 443 3702 2029 3782">
    <p class='ocr_par' dir='ltr' id='par_1_39' title="bbox 443 3702 2029 3782">
     <span class='ocr_line' id='line_1_39' title="bbox 443 3702 2029 3782; baseline 0.013 -28"><span class='ocrx_word' id='word_1_303' title='bbox 443 3702 834 3769; x_wconf 84' lang='lat' dir='ltr'><strong>condemnant;</strong></span> <span class='ocrx_word' id='word_1_304' title='bbox 865 3716 919 3760; x_wconf 91' lang='lat' dir='ltr'><strong>et</strong></span> <span class='ocrx_word' id='word_1_305' title='bbox 962 3705 1004 3760; x_wconf 91' lang='lat' dir='ltr'><strong>si</strong></span> <span class='ocrx_word' id='word_1_306' title='bbox 1036 3708 1301 3778; x_wconf 81' lang='lat' dir='ltr'><strong>quiSpiam</strong></span> <span class='ocrx_word' id='word_1_307' title='bbox 1330 3724 1425 3766; x_wconf 90' lang='lat' dir='ltr'><strong>eos</strong></span> <span class='ocrx_word' id='word_1_308' title='bbox 1455 3711 1504 3766; x_wconf 89' lang='lat' dir='ltr'><strong>id</strong></span> <span class='ocrx_word' id='word_1_309' title='bbox 1536 3714 1678 3782; x_wconf 89' lang='lat' dir='ltr'><strong>quod</strong></span> <span class='ocrx_word' id='word_1_310' title='bbox 1720 3726 1844 3771; x_wconf 91' lang='lat' dir='ltr'><strong>sunt</strong></span> <span class='ocrx_word' id='word_1_311' title='bbox 1874 3734 2029 3775; x_wconf 82' lang='lat' dir='ltr'><strong>voca-</strong></span> 
     </span>
    </p>
   </div>
   <div class='ocr_carea' id='block_1_40' title="bbox 447 3794 2032 3869">
    <p class='ocr_par' dir='ltr' id='par_1_40' title="bbox 447 3794 2032 3869">
     <span class='ocr_line' id='line_1_40' title="bbox 447 3794 2032 3869; baseline 0.012 -22"><span class='ocrx_word' id='word_1_312' title='bbox 447 3794 599 3860; x_wconf 81' lang='lat' dir='ltr'><strong>verit,</strong></span> <span class='ocrx_word' id='word_1_313' title='bbox 635 3810 729 3850; x_wconf 86' lang='lat' dir='ltr'><strong>eos</strong></span> <span class='ocrx_word' id='word_1_314' title='bbox 761 3797 941 3867; x_wconf 89' lang='lat' dir='ltr'><strong>pudet,</strong></span> <span class='ocrx_word' id='word_1_315' title='bbox 994 3814 1137 3869; x_wconf 77' lang='lat' dir='ltr'><strong>a-gt&#39;e</strong></span> <span class='ocrx_word' id='word_1_316' title='bbox 1180 3799 1375 3869; x_wconf 87' lang='lat' dir='ltr'><strong>ferunt,</strong></span> <span class='ocrx_word' id='word_1_317' title='bbox 1407 3812 1462 3857; x_wconf 88' lang='lat' dir='ltr'><strong>et</strong></span> <span class='ocrx_word' id='word_1_318' title='bbox 1515 3820 1627 3859; x_wconf 88' lang='lat' dir='ltr'><strong>rem</strong></span> <span class='ocrx_word' id='word_1_319' title='bbox 1679 3819 1808 3862; x_wconf 87' lang='lat' dir='ltr'><strong>eam</strong></span> <span class='ocrx_word' id='word_1_320' title='bbox 1850 3807 2032 3866; x_wconf 90' lang='lat' dir='ltr'><strong>dicunt</strong></span> 
     </span>
    </p>
   </div>
   <div class='ocr_carea' id='block_1_41' title="bbox 444 3890 2031 3964">
    <p class='ocr_par' dir='ltr' id='par_1_41' title="bbox 444 3890 2031 3964">
     <span class='ocr_line' id='line_1_41' title="bbox 444 3890 2031 3964; baseline 0.012 -26"><span class='ocrx_word' id='word_1_321' title='bbox 444 3898 567 3940; x_wconf 91' lang='lat' dir='ltr'><strong>esse</strong></span> <span class='ocrx_word' id='word_1_322' title='bbox 610 3890 1018 3945; x_wconf 77' lang='lat' dir='ltr'><strong>contumeliam.</strong></span> <span class='ocrx_word' id='word_1_323' title='bbox 1066 3892 1161 3957; x_wconf 86' lang='lat' dir='ltr'><strong>ita,</strong></span> <span class='ocrx_word' id='word_1_324' title='bbox 1215 3892 1261 3949; x_wconf 89' lang='lat' dir='ltr'><strong>si</strong></span> <span class='ocrx_word' id='word_1_325' title='bbox 1312 3910 1418 3949; x_wconf 92' lang='lat' dir='ltr'><strong>non</strong></span> <span class='ocrx_word' id='word_1_326' title='bbox 1462 3894 1633 3964; x_wconf 79' lang='lat' dir='ltr'><strong>factis,</strong></span> <span class='ocrx_word' id='word_1_327' title='bbox 1669 3900 1844 3955; x_wconf 80' lang='lat' dir='ltr'><strong>verbis</strong></span> <span class='ocrx_word' id='word_1_328' title='bbox 1886 3914 2031 3958; x_wconf 89' lang='lat' dir='ltr'><strong>certe</strong></span> 
     </span>
    </p>
   </div>
   <div class='ocr_carea' id='block_1_42' title="bbox 444 3978 2030 4058">
    <p class='ocr_par' dir='ltr' id='par_1_42' title="bbox 444 3978 2030 4058">
     <span class='ocr_line' id='line_1_42' title="bbox 444 3978 2030 4058; baseline 0.013 -28"><span class='ocrx_word' id='word_1_329' title='bbox 444 3978 801 4034; x_wconf 89' lang='lat' dir='ltr'><strong>condemnant</strong></span> <span class='ocrx_word' id='word_1_330' title='bbox 830 3998 949 4049; x_wconf 63' lang='lat' dir='ltr'><strong>qua:</strong></span> <span class='ocrx_word' id='word_1_331' title='bbox 980 3983 1179 4039; x_wconf 90' lang='lat' dir='ltr'><strong>faciunt</strong></span> <span class='ocrx_word' id='word_1_332' title='bbox 1209 4002 1303 4056; x_wconf 90' lang='lat' dir='ltr'><strong>per</strong></span> <span class='ocrx_word' id='word_1_333' title='bbox 1328 3992 1732 4058; x_wconf 87' lang='lat' dir='ltr'><strong>conscientiam,</strong></span> <span class='ocrx_word' id='word_1_334' title='bbox 1765 3994 1871 4047; x_wconf 91' lang='lat' dir='ltr'><strong>imo</strong></span> <span class='ocrx_word' id='word_1_335' title='bbox 1901 4011 2030 4050; x_wconf 90' lang='lat' dir='ltr'><strong>vero</strong></span> 
     </span>
    </p>
   </div>
   <div class='ocr_carea' id='block_1_43' title="bbox 446 4064 2031 4141">
    <p class='ocr_par' dir='ltr' id='par_1_43' title="bbox 446 4064 2031 4141">
     <span class='ocr_line' id='line_1_43' title="bbox 446 4064 2031 4141; baseline 0.015 -22"><span class='ocrx_word' id='word_1_336' title='bbox 446 4068 608 4122; x_wconf 88' lang='lat' dir='ltr'><strong>etiam</strong></span> <span class='ocrx_word' id='word_1_337' title='bbox 642 4071 816 4123; x_wconf 88' lang='lat' dir='ltr'><strong>factis.</strong></span> <span class='ocrx_word' id='word_1_338' title='bbox 862 4072 997 4127; x_wconf 90' lang='lat' dir='ltr'><strong>Cum</strong></span> <span class='ocrx_word' id='word_1_339' title='bbox 1024 4076 1172 4128; x_wconf 81' lang='lat' dir='ltr'><strong>enim</strong></span> <span class='ocrx_word' id='word_1_340' title='bbox 1203 4064 1505 4134; x_wconf 90' lang='lat' dir='ltr'><strong>clanculum</strong></span> <span class='ocrx_word' id='word_1_341' title='bbox 1536 4091 1589 4137; x_wconf 86' lang='lat' dir='ltr'><strong>et</strong></span> <span class='ocrx_word' id='word_1_342' title='bbox 1624 4084 1673 4137; x_wconf 91' lang='lat' dir='ltr'><strong>in</strong></span> <span class='ocrx_word' id='word_1_343' title='bbox 1713 4086 1923 4141; x_wconf 84' lang='lat' dir='ltr'><strong>occulto</strong></span> <span class='ocrx_word' id='word_1_344' title='bbox 1951 4086 2031 4141; x_wconf 84' lang='lat' dir='ltr'><strong>fa-</strong></span> 
     </span>
    </p>
   </div>
   <div class='ocr_carea' id='block_1_44' title="bbox 448 4159 2028 4245">
    <p class='ocr_par' dir='ltr' id='par_1_44' title="bbox 448 4159 2028 4245">
     <span class='ocr_line' id='line_1_44' title="bbox 448 4159 2028 4245; baseline 0.013 -34"><span class='ocrx_word' id='word_1_345' title='bbox 448 4159 620 4225; x_wconf 90' lang='lat' dir='ltr'><strong>ciunt,</strong></span> <span class='ocrx_word' id='word_1_346' title='bbox 651 4162 931 4215; x_wconf 71' lang='lat' dir='ltr'><strong>sententiae</strong></span> <span class='ocrx_word' id='word_1_347' title='bbox 950 4178 1105 4233; x_wconf 89' lang='lat' dir='ltr'><strong>quam</strong></span> <span class='ocrx_word' id='word_1_348' title='bbox 1129 4166 1195 4220; x_wconf 91' lang='lat' dir='ltr'><strong>de</strong></span> <span class='ocrx_word' id='word_1_349' title='bbox 1220 4183 1276 4220; x_wconf 90' lang='lat' dir='ltr'><strong>re</strong></span> <span class='ocrx_word' id='word_1_350' title='bbox 1309 4169 1508 4224; x_wconf 83' lang='lat' dir='ltr'><strong>habent</strong></span> <span class='ocrx_word' id='word_1_351' title='bbox 1533 4174 1822 4229; x_wconf 80' lang='lat' dir='ltr'><strong>maximum</strong></span> <span class='ocrx_word' id='word_1_352' title='bbox 1845 4176 2028 4245; x_wconf 84' lang='lat' dir='ltr'><strong>profe-</strong></span> 
     </span>
    </p>
   </div>
   <div class='ocr_carea' id='block_1_45' title="bbox 448 4250 2030 4333">
    <p class='ocr_par' dir='ltr' id='par_1_45' title="bbox 448 4250 2030 4333">
     <span class='ocr_line' id='line_1_45' title="bbox 448 4250 2030 4333; baseline 0.013 -30"><span class='ocrx_word' id='word_1_353' title='bbox 448 4259 574 4304; x_wconf 87' lang='lat' dir='ltr'><strong>runt</strong></span> <span class='ocrx_word' id='word_1_354' title='bbox 596 4250 872 4307; x_wconf 90' lang='lat' dir='ltr'><strong>indicium.</strong></span> <span class='ocrx_word' id='word_1_355' title='bbox 904 4253 1100 4309; x_wconf 67' lang='lat' dir='ltr'><strong>Vitium</strong></span> <span class='ocrx_word' id='word_1_356' title='bbox 1132 4257 1273 4311; x_wconf 91' lang='lat' dir='ltr'><strong>enim</strong></span> <span class='ocrx_word' id='word_1_357' title='bbox 1305 4268 1389 4313; x_wconf 85' lang='lat' dir='ltr'><strong>est</strong></span> <span class='ocrx_word' id='word_1_358' title='bbox 1418 4261 1550 4316; x_wconf 90' lang='lat' dir='ltr'><strong>adeo</strong></span> <span class='ocrx_word' id='word_1_359' title='bbox 1578 4266 1941 4333; x_wconf 86' lang='lat' dir='ltr'><strong>manifestum,</strong></span> <span class='ocrx_word' id='word_1_360' title='bbox 1973 4279 2030 4323; x_wconf 90' lang='lat' dir='ltr'><strong>ut</strong></span> 
     </span>
    </p>
   </div>
   <div class='ocr_carea' id='block_1_46' title="bbox 445 4344 2031 4424">
    <p class='ocr_par' dir='ltr' id='par_1_46' title="bbox 445 4344 2031 4424">
     <span class='ocr_line' id='line_1_46' title="bbox 445 4344 2031 4424; baseline 0.012 -30"><span class='ocrx_word' id='word_1_361' title='bbox 445 4355 633 4396; x_wconf 88' lang='lat' dir='ltr'><strong>omnes</strong></span> <span class='ocrx_word' id='word_1_362' title='bbox 663 4344 780 4413; x_wconf 89' lang='lat' dir='ltr'><strong>ejus</strong></span> <span class='ocrx_word' id='word_1_363' title='bbox 808 4344 914 4398; x_wconf 90' lang='lat' dir='ltr'><strong>sint</strong></span> <span class='ocrx_word' id='word_1_364' title='bbox 941 4355 1298 4414; x_wconf 87' lang='lat' dir='ltr'><strong>accusatores,</strong></span> <span class='ocrx_word' id='word_1_365' title='bbox 1328 4350 1488 4405; x_wconf 91' lang='lat' dir='ltr'><strong>etiam</strong></span> <span class='ocrx_word' id='word_1_366' title='bbox 1512 4354 1543 4405; x_wconf 91' lang='lat' dir='ltr'><strong>ii</strong></span> <span class='ocrx_word' id='word_1_367' title='bbox 1566 4356 1653 4423; x_wconf 91' lang='lat' dir='ltr'><strong>qui</strong></span> <span class='ocrx_word' id='word_1_368' title='bbox 1682 4355 1852 4424; x_wconf 90' lang='lat' dir='ltr'><strong>ipsum</strong></span> <span class='ocrx_word' id='word_1_369' title='bbox 1877 4358 2031 4413; x_wconf 80' lang='lat' dir='ltr'><strong>usur-</strong></span> 
     </span>
    </p>
   </div>
   <div class='ocr_carea' id='block_1_47' title="bbox 447 4441 2029 4507">
    <p class='ocr_par' dir='ltr' id='par_1_47' title="bbox 447 4441 2029 4507">
     <span class='ocr_line' id='line_1_47' title="bbox 447 4441 2029 4507; baseline 0.013 -22"><span class='ocrx_word' id='word_1_370' title='bbox 447 4441 611 4501; x_wconf 89' lang='lat' dir='ltr'><strong>pant:</strong></span> <span class='ocrx_word' id='word_1_371' title='bbox 644 4442 785 4488; x_wconf 88' lang='lat' dir='ltr'><strong>tanta</strong></span> <span class='ocrx_word' id='word_1_372' title='bbox 815 4445 990 4490; x_wconf 89' lang='lat' dir='ltr'><strong>autem</strong></span> <span class='ocrx_word' id='word_1_373' title='bbox 1037 4452 1125 4492; x_wconf 87' lang='lat' dir='ltr'><strong>res</strong></span> <span class='ocrx_word' id='word_1_374' title='bbox 1154 4447 1236 4493; x_wconf 90' lang='lat' dir='ltr'><strong>est</strong></span> <span class='ocrx_word' id='word_1_375' title='bbox 1265 4441 1455 4505; x_wconf 91' lang='lat' dir='ltr'><strong>virtus,</strong></span> <span class='ocrx_word' id='word_1_376' title='bbox 1500 4450 1556 4498; x_wconf 88' lang='lat' dir='ltr'><strong>ut</strong></span> <span class='ocrx_word' id='word_1_377' title='bbox 1595 4444 1646 4498; x_wconf 92' lang='lat' dir='ltr'><strong>in</strong></span> <span class='ocrx_word' id='word_1_378' title='bbox 1675 4446 2029 4507; x_wconf 82' lang='lat' dir='ltr'><strong>admiratione</strong></span> 
     </span>
    </p>
   </div>
   <div class='ocr_carea' id='block_1_48' title="bbox 449 4524 2031 4603">
    <p class='ocr_par' dir='ltr' id='par_1_48' title="bbox 449 4524 2031 4603">
     <span class='ocr_line' id='line_1_48' title="bbox 449 4524 2031 4603; baseline 0.016 -26"><span class='ocrx_word' id='word_1_379' title='bbox 449 4524 704 4581; x_wconf 77' lang='lat' dir='ltr'><strong>habeatur</strong></span> <span class='ocrx_word' id='word_1_380' title='bbox 723 4526 883 4581; x_wconf 89' lang='lat' dir='ltr'><strong>etiam</strong></span> <span class='ocrx_word' id='word_1_381' title='bbox 908 4528 976 4581; x_wconf 87' lang='lat' dir='ltr'><strong>ab</strong></span> <span class='ocrx_word' id='word_1_382' title='bbox 1000 4529 1126 4595; x_wconf 88' lang='lat' dir='ltr'><strong>illis,</strong></span> <span class='ocrx_word' id='word_1_383' title='bbox 1154 4533 1242 4600; x_wconf 89' lang='lat' dir='ltr'><strong>qui</strong></span> <span class='ocrx_word' id='word_1_384' title='bbox 1265 4547 1382 4588; x_wconf 89' lang='lat' dir='ltr'><strong>eam</strong></span> <span class='ocrx_word' id='word_1_385' title='bbox 1406 4551 1511 4591; x_wconf 91' lang='lat' dir='ltr'><strong>non</strong></span> <span class='ocrx_word' id='word_1_386' title='bbox 1534 4539 1873 4596; x_wconf 62' lang='lat' dir='ltr'><strong>aemulantur.</strong></span> <span class='ocrx_word' id='word_1_387' title='bbox 1900 4543 2031 4603; x_wconf 79' lang='lat' dir='ltr'><strong>Nam</strong></span> 
     </span>
    </p>
   </div>
   <div class='ocr_carea' id='block_1_49' title="bbox 445 4617 2024 4703">
    <p class='ocr_par' dir='ltr' id='par_1_49' title="bbox 445 4617 2024 4703">
     <span class='ocr_line' id='line_1_49' title="bbox 445 4617 2024 4703; baseline 0.013 -34"><span class='ocrx_word' id='word_1_388' title='bbox 445 4623 502 4669; x_wconf 84' lang='lat' dir='ltr'><strong>et</strong></span> <span class='ocrx_word' id='word_1_389' title='bbox 523 4625 786 4672; x_wconf 83' lang='lat' dir='ltr'><strong>scortator</strong></span> <span class='ocrx_word' id='word_1_390' title='bbox 817 4617 1053 4674; x_wconf 86' lang='lat' dir='ltr'><strong>laudabit</strong></span> <span class='ocrx_word' id='word_1_391' title='bbox 1078 4625 1485 4691; x_wconf 87' lang='lat' dir='ltr'><strong>temperantiam</strong></span> <span class='ocrx_word' id='word_1_392' title='bbox 1524 4639 1577 4682; x_wconf 91' lang='lat' dir='ltr'><strong>et</strong></span> <span class='ocrx_word' id='word_1_393' title='bbox 1618 4618 2024 4703; x_wconf 62' lang='lat' dir='ltr'><strong>continentiam,</strong></span> 
     </span>
    </p>
   </div>
   <div class='ocr_carea' id='block_1_50' title="bbox 446 4711 2029 4785">
    <p class='ocr_par' dir='ltr' id='par_1_50' title="bbox 446 4711 2029 4785">
     <span class='ocr_line' id='line_1_50' title="bbox 446 4711 2029 4785; baseline 0.013 -22"><span class='ocrx_word' id='word_1_394' title='bbox 446 4717 502 4763; x_wconf 90' lang='lat' dir='ltr'><strong>et</strong></span> <span class='ocrx_word' id='word_1_395' title='bbox 521 4724 712 4765; x_wconf 89' lang='lat' dir='ltr'><strong>avarus</strong></span> <span class='ocrx_word' id='word_1_396' title='bbox 736 4711 1117 4768; x_wconf 83' lang='lat' dir='ltr'><strong>condemnabit</strong></span> <span class='ocrx_word' id='word_1_397' title='bbox 1144 4714 1457 4784; x_wconf 84' lang='lat' dir='ltr'><strong>iniustitiam</strong></span> <span class='ocrx_word' id='word_1_398' title='bbox 1478 4735 1493 4785; x_wconf 90' lang='lat'><strong>;</strong></span> <span class='ocrx_word' id='word_1_399' title='bbox 1518 4730 1591 4776; x_wconf 88' lang='lat' dir='ltr'><strong>-ct</strong></span> <span class='ocrx_word' id='word_1_400' title='bbox 1621 4722 1908 4782; x_wconf 91' lang='lat' dir='ltr'><strong>iracundus</strong></span> <span class='ocrx_word' id='word_1_401' title='bbox 1935 4729 1999 4782; x_wconf 90' lang='lat' dir='ltr'><strong>ad</strong></span> <span class='ocrx_word' id='word_1_402' title='bbox 2023 4764 2029 4769; x_wconf 63' lang='grc' dir='ltr'><strong><em>ο</em></strong></span> 
     </span>
    </p>
   </div>
   <div class='ocr_carea' id='block_1_51' title="bbox 447 4799 2030 4878">
    <p class='ocr_par' dir='ltr' id='par_1_51' title="bbox 447 4799 2030 4878">
     <span class='ocr_line' id='line_1_51' title="bbox 447 4799 2030 4878; baseline 0.013 -25"><span class='ocrx_word' id='word_1_403' title='bbox 447 4799 726 4857; x_wconf 82' lang='lat' dir='ltr'><strong>mirabitur</strong></span> <span class='ocrx_word' id='word_1_404' title='bbox 773 4803 1106 4873; x_wconf 84' lang='lat' dir='ltr'><strong>patientiam,</strong></span> <span class='ocrx_word' id='word_1_405' title='bbox 1150 4815 1205 4860; x_wconf 91' lang='lat' dir='ltr'><strong>et</strong></span> <span class='ocrx_word' id='word_1_406' title='bbox 1250 4808 1572 4878; x_wconf 86' lang='lat' dir='ltr'><strong>vituperabit</strong></span> <span class='ocrx_word' id='word_1_407' title='bbox 1618 4814 1903 4877; x_wconf 87' lang='lat' dir='ltr'><strong>simultatis</strong></span> <span class='ocrx_word' id='word_1_408' title='bbox 1957 4821 2030 4875; x_wconf 83' lang='lat' dir='ltr'><strong>\i-</strong></span> 
     </span>
    </p>
   </div>
   <div class='ocr_carea' id='block_1_52' title="bbox 448 4892 2021 4979">
    <p class='ocr_par' dir='ltr' id='par_1_52' title="bbox 448 4892 2021 4979">
     <span class='ocr_line' id='line_1_52' title="bbox 448 4892 2021 4979; baseline 0.015 -39"><span class='ocrx_word' id='word_1_409' title='bbox 448 4892 599 4979; x_wconf 90' lang='lat' dir='ltr'><strong>tium,</strong></span> <span class='ocrx_word' id='word_1_410' title='bbox 645 4902 700 4946; x_wconf 92' lang='lat' dir='ltr'><strong>ct</strong></span> <span class='ocrx_word' id='word_1_411' title='bbox 729 4892 960 4949; x_wconf 86' lang='lat' dir='ltr'><strong>lascivus</strong></span> <span class='ocrx_word' id='word_1_412' title='bbox 1003 4896 1295 4953; x_wconf 86' lang='lat' dir='ltr'><strong>lasciviam.</strong></span> <span class='ocrx_word' id='word_1_413' title='bbox 1328 4900 1607 4966; x_wconf 82' lang='lat' dir='ltr'><strong>Quomodo</strong></span> <span class='ocrx_word' id='word_1_414' title='bbox 1646 4919 1797 4976; x_wconf 83' lang='lat' dir='ltr'><strong>ergo.</strong></span> <span class='ocrx_word' id='word_1_415' title='bbox 1831 4907 2021 4979; x_wconf 88' lang='lat' dir='ltr'><strong>inquit,</strong></span> 
     </span>
    </p>
   </div>
   <div class='ocr_carea' id='block_1_53' title="bbox 451 4978 2026 5057">
    <p class='ocr_par' dir='ltr' id='par_1_53' title="bbox 451 4978 2026 5057">
     <span class='ocr_line' id='line_1_53' title="bbox 451 4978 2026 5057; baseline 0.017 -26"><span class='ocrx_word' id='word_1_416' title='bbox 451 4978 567 5032; x_wconf 78' lang='lat' dir='ltr'><strong>hmc</strong></span> <span class='ocrx_word' id='word_1_417' title='bbox 610 4984 873 5050; x_wconf 84' lang='lat' dir='ltr'><strong>usurpat?</strong></span> <span class='ocrx_word' id='word_1_418' title='bbox 902 4984 978 5039; x_wconf 78' lang='lat' dir='ltr'><strong>Ex</strong></span> <span class='ocrx_word' id='word_1_419' title='bbox 1024 4988 1189 5043; x_wconf 92' lang='lat' dir='ltr'><strong>multa</strong></span> <span class='ocrx_word' id='word_1_420' title='bbox 1238 4991 1504 5057; x_wconf 89' lang='lat' dir='ltr'><strong>socordia,</strong></span> <span class='ocrx_word' id='word_1_421' title='bbox 1535 5008 1657 5048; x_wconf 87' lang='lat' dir='ltr'><strong>cum</strong></span> <span class='ocrx_word' id='word_1_422' title='bbox 1702 4978 2026 5057; x_wconf 79' lang='lat' dir='ltr'><strong>tamennon</strong></span> 
     </span>
    </p>
   </div>
   <div class='ocr_carea' id='block_1_54' title="bbox 445 5070 2029 5165">
    <p class='ocr_par' dir='ltr' id='par_1_54' title="bbox 445 5070 2029 5165">
     <span class='ocr_line' id='line_1_54' title="bbox 445 5070 2029 5165; baseline 0.016 -42"><span class='ocrx_word' id='word_1_423' title='bbox 445 5084 566 5125; x_wconf 89' lang='lat' dir='ltr'><strong>esse</strong></span> <span class='ocrx_word' id='word_1_424' title='bbox 592 5070 788 5127; x_wconf 91' lang='lat' dir='ltr'><strong>bonum</strong></span> <span class='ocrx_word' id='word_1_425' title='bbox 814 5075 1133 5142; x_wconf 88' lang='lat' dir='ltr'><strong>iudicaverit</strong></span> <span class='ocrx_word' id='word_1_426' title='bbox 1165 5098 1178 5133; x_wconf 93' lang='lat'><strong>:</strong></span> <span class='ocrx_word' id='word_1_427' title='bbox 1207 5079 1404 5152; x_wconf 87' lang='lat' dir='ltr'><strong>alioqui</strong></span> <span class='ocrx_word' id='word_1_428' title='bbox 1428 5098 1550 5139; x_wconf 91' lang='lat' dir='ltr'><strong>eum</strong></span> <span class='ocrx_word' id='word_1_429' title='bbox 1577 5086 1653 5141; x_wconf 91' lang='lat' dir='ltr'><strong>rei</strong></span> <span class='ocrx_word' id='word_1_430' title='bbox 1681 5103 1783 5143; x_wconf 90' lang='lat' dir='ltr'><strong>non</strong></span> <span class='ocrx_word' id='word_1_431' title='bbox 1811 5092 2029 5165; x_wconf 84' lang='lat' dir='ltr'><strong>puduis-</strong></span> 
     </span>
    </p>
   </div>
   <div class='ocr_carea' id='block_1_55' title="bbox 444 5170 2002 5253">
    <p class='ocr_par' dir='ltr' id='par_1_55' title="bbox 444 5170 2002 5253">
     <span class='ocr_line' id='line_1_55' title="bbox 444 5170 2002 5253; baseline 0.016 -40"><span class='ocrx_word' id='word_1_432' title='bbox 444 5170 548 5223; x_wconf 83' lang='lat' dir='ltr'><strong>set,</strong></span> <span class='ocrx_word' id='word_1_433' title='bbox 580 5177 757 5232; x_wconf 90' lang='lat' dir='ltr'><strong>neque</strong></span> <span class='ocrx_word' id='word_1_434' title='bbox 782 5177 1030 5236; x_wconf 81' lang='lat' dir='ltr'><strong>negasset</strong></span> <span class='ocrx_word' id='word_1_435' title='bbox 1056 5171 1161 5226; x_wconf 92' lang='lat' dir='ltr'><strong>alio</strong></span> <span class='ocrx_word' id='word_1_436' title='bbox 1187 5184 1491 5231; x_wconf 85' lang='lat' dir='ltr'><strong>accusante.</strong></span> <span class='ocrx_word' id='word_1_437' title='bbox 1523 5177 1671 5233; x_wconf 82' lang='lat' dir='ltr'><strong>Multi</strong></span> <span class='ocrx_word' id='word_1_438' title='bbox 1698 5181 1859 5237; x_wconf 90' lang='lat' dir='ltr'><strong>etiam</strong></span> <span class='ocrx_word' id='word_1_439' title='bbox 1893 5200 2002 5253; x_wconf 73' lang='lat' dir='ltr'><strong>pra:</strong></span> 
     </span>
    </p>
   </div>
   <div class='ocr_carea' id='block_1_56' title="bbox 443 5255 2021 5333">
    <p class='ocr_par' dir='ltr' id='par_1_56' title="bbox 443 5255 2021 5333">
     <span class='ocr_line' id='line_1_56' title="bbox 443 5255 2021 5333; baseline 0.015 -26"><span class='ocrx_word' id='word_1_440' title='bbox 443 5255 708 5324; x_wconf 86' lang='lat' dir='ltr'><strong>occupati,</strong></span> <span class='ocrx_word' id='word_1_441' title='bbox 741 5269 865 5312; x_wconf 90' lang='lat' dir='ltr'><strong>cum</strong></span> <span class='ocrx_word' id='word_1_442' title='bbox 893 5257 1129 5318; x_wconf 87' lang='lat' dir='ltr'><strong>dedecus</strong></span> <span class='ocrx_word' id='word_1_443' title='bbox 1154 5279 1261 5319; x_wconf 89' lang='lat' dir='ltr'><strong>non</strong></span> <span class='ocrx_word' id='word_1_444' title='bbox 1304 5265 1524 5333; x_wconf 91' lang='lat' dir='ltr'><strong>ferrent,</strong></span> <span class='ocrx_word' id='word_1_445' title='bbox 1558 5282 1618 5324; x_wconf 88' lang='lat' dir='ltr'><strong>se</strong></span> <span class='ocrx_word' id='word_1_446' title='bbox 1642 5270 1974 5330; x_wconf 84' lang='lat' dir='ltr'><strong>suffoearunt</strong></span> <span class='ocrx_word' id='word_1_447' title='bbox 2009 5296 2021 5331; x_wconf 92' lang='lat'><strong>:</strong></span> 
     </span>
    </p>
   </div>
   <div class='ocr_carea' id='block_1_57' title="bbox 443 5351 2024 5425">
    <p class='ocr_par' dir='ltr' id='par_1_57' title="bbox 443 5351 2024 5425">
     <span class='ocr_line' id='line_1_57' title="bbox 443 5351 2024 5425; baseline 0.011 -18"><span class='ocrx_word' id='word_1_448' title='bbox 443 5360 647 5408; x_wconf 83' lang='lat' dir='ltr'><strong>tantum</strong></span> <span class='ocrx_word' id='word_1_449' title='bbox 671 5351 825 5408; x_wconf 89' lang='lat' dir='ltr'><strong>nobis</strong></span> <span class='ocrx_word' id='word_1_450' title='bbox 852 5352 991 5408; x_wconf 87' lang='lat' dir='ltr'><strong>inest</strong></span> <span class='ocrx_word' id='word_1_451' title='bbox 1021 5353 1230 5413; x_wconf 81' lang='lat' dir='ltr'><strong>honesti</strong></span> <span class='ocrx_word' id='word_1_452' title='bbox 1257 5369 1312 5414; x_wconf 90' lang='lat' dir='ltr'><strong>et</strong></span> <span class='ocrx_word' id='word_1_453' title='bbox 1334 5360 1514 5417; x_wconf 90' lang='lat' dir='ltr'><strong>decori</strong></span> <span class='ocrx_word' id='word_1_454' title='bbox 1539 5365 1923 5422; x_wconf 90' lang='lat' dir='ltr'><strong>testimonium.</strong></span> <span class='ocrx_word' id='word_1_455' title='bbox 1950 5369 2024 5425; x_wconf 90' lang='lat' dir='ltr'><strong>lta</strong></span> 
     </span>
    </p>
   </div>
   <div class='ocr_carea' id='block_1_58' title="bbox 438 5443 2024 5528">
    <p class='ocr_par' dir='ltr' id='par_1_58' title="bbox 438 5443 2024 5528">
     <span class='ocr_line' id='line_1_58' title="bbox 438 5443 2024 5528; baseline 0.013 -32"><span class='ocrx_word' id='word_1_456' title='bbox 438 5458 557 5513; x_wconf 75' lang='lat' dir='ltr'><strong>qua:</strong></span> <span class='ocrx_word' id='word_1_457' title='bbox 592 5444 729 5500; x_wconf 88' lang='lat' dir='ltr'><strong>bona</strong></span> <span class='ocrx_word' id='word_1_458' title='bbox 760 5452 904 5510; x_wconf 89' lang='lat' dir='ltr'><strong>sunt,</strong></span> <span class='ocrx_word' id='word_1_459' title='bbox 937 5443 1053 5514; x_wconf 86' lang='lat' dir='ltr'><strong>ipso</strong></span> <span class='ocrx_word' id='word_1_460' title='bbox 1081 5447 1622 5521; x_wconf 45' lang='lat' dir='ltr'><strong>sole‘splendidiora,</strong></span> <span class='ocrx_word' id='word_1_461' title='bbox 1668 5466 1722 5511; x_wconf 93' lang='lat' dir='ltr'><strong>et</strong></span> <span class='ocrx_word' id='word_1_462' title='bbox 1748 5473 1870 5528; x_wconf 68' lang='lat' dir='ltr'><strong>qua:</strong></span> <span class='ocrx_word' id='word_1_463' title='bbox 1899 5471 2024 5517; x_wconf 86' lang='lat' dir='ltr'><strong>sunt</strong></span> 
     </span>
    </p>
   </div>
   <div class='ocr_carea' id='block_1_59' title="bbox 436 5535 1589 5601">
    <p class='ocr_par' dir='ltr' id='par_1_59' title="bbox 436 5535 1589 5601">
     <span class='ocr_line' id='line_1_59' title="bbox 436 5535 1589 5601; baseline 0.01 -12"><span class='ocrx_word' id='word_1_464' title='bbox 436 5535 515 5590; x_wconf 82' lang='lat' dir='ltr'><strong>eis</strong></span> <span class='ocrx_word' id='word_1_465' title='bbox 541 5537 832 5601; x_wconf 86' lang='lat' dir='ltr'><strong>contraria,</strong></span> <span class='ocrx_word' id='word_1_466' title='bbox 855 5547 981 5593; x_wconf 86' lang='lat' dir='ltr'><strong>sunt</strong></span> <span class='ocrx_word' id='word_1_467' title='bbox 1007 5539 1245 5594; x_wconf 90' lang='lat' dir='ltr'><strong>omnium</strong></span> <span class='ocrx_word' id='word_1_468' title='bbox 1276 5539 1589 5601; x_wconf 72' lang='lat' dir='ltr'><strong>fmdissima.</strong></span> 
     </span>
    </p>
   </div>
   <div class='ocr_carea' id='block_1_60' title="bbox 503 5626 2014 5711">
    <p class='ocr_par' dir='ltr' id='par_1_60' title="bbox 503 5626 2014 5711">
     <span class='ocr_line' id='line_1_60' title="bbox 503 5626 2014 5711; baseline 0.012 -32"><span class='ocrx_word' id='word_1_469' title='bbox 503 5626 817 5697; x_wconf 70' lang='lat' dir='ltr'><strong>2.llospites</strong></span> <span class='ocrx_word' id='word_1_470' title='bbox 834 5637 889 5685; x_wconf 88' lang='lat' dir='ltr'><strong>et</strong></span> <span class='ocrx_word' id='word_1_471' title='bbox 906 5631 1171 5701; x_wconf 78' lang='lat' dir='ltr'><strong>peregrini</strong></span> <span class='ocrx_word' id='word_1_472' title='bbox 1186 5643 1336 5687; x_wconf 89' lang='lat' dir='ltr'><strong>erant</strong></span> <span class='ocrx_word' id='word_1_473' title='bbox 1350 5636 1536 5691; x_wconf 91' lang='lat' dir='ltr'><strong>sancti.</strong></span> <span class='ocrx_word' id='word_1_474' title='bbox 1556 5636 1837 5705; x_wconf 84' lang='lat' dir='ltr'><strong>Quomodo</strong></span> <span class='ocrx_word' id='word_1_475' title='bbox 1848 5651 1900 5697; x_wconf 91' lang='lat' dir='ltr'><strong>et</strong></span> <span class='ocrx_word' id='word_1_476' title='bbox 1912 5658 2014 5711; x_wconf 88' lang='lat' dir='ltr'><strong>qua</strong></span> 
     </span>
    </p>
   </div>
   <div class='ocr_carea' id='block_1_61' title="bbox 432 5718 2014 5804">
    <p class='ocr_par' dir='ltr' id='par_1_61' title="bbox 432 5718 2014 5804">
     <span class='ocr_line' id='line_1_61' title="bbox 432 5718 2014 5804; baseline 0.012 -31"><span class='ocrx_word' id='word_1_477' title='bbox 432 5718 677 5775; x_wconf 79' lang='lat' dir='ltr'><strong>ratione?</strong></span> <span class='ocrx_word' id='word_1_478' title='bbox 706 5720 791 5781; x_wconf 83' lang='lat' dir='ltr'><strong>ubi</strong></span> <span class='ocrx_word' id='word_1_479' title='bbox 820 5723 1103 5780; x_wconf 82' lang='lat' dir='ltr'><strong>conﬁtetur</strong></span> <span class='ocrx_word' id='word_1_480' title='bbox 1132 5725 1399 5783; x_wconf 83' lang='lat' dir='ltr'><strong>Abraham</strong></span> <span class='ocrx_word' id='word_1_481' title='bbox 1441 5743 1499 5786; x_wconf 90' lang='lat' dir='ltr'><strong>se</strong></span> <span class='ocrx_word' id='word_1_482' title='bbox 1534 5744 1652 5788; x_wconf 81' lang='lat' dir='ltr'><strong>esse</strong></span> <span class='ocrx_word' id='word_1_483' title='bbox 1679 5732 1940 5804; x_wconf 87' lang='lat' dir='ltr'><strong>hospitem</strong></span> <span class='ocrx_word' id='word_1_484' title='bbox 1958 5743 2014 5792; x_wconf 86' lang='lat' dir='ltr'><strong>et</strong></span> 
     </span>
    </p>
   </div>
   <div class='ocr_carea' id='block_1_62' title="bbox 1177 295 2961 373">
    <p class='ocr_par' dir='ltr' id='par_1_62' title="bbox 1177 295 2961 373">
     <span class='ocr_line' id='line_1_62' title="bbox 1177 295 2961 373; baseline -0.013 0"><span class='ocrx_word' id='word_1_485' title='bbox 1177 319 1232 373; x_wconf 86' lang='lat' dir='ltr'><strong>S.</strong></span> <span class='ocrx_word' id='word_1_486' title='bbox 1270 311 1545 370; x_wconf 78' lang='lat' dir='ltr'><strong>JOANNIS</strong></span> <span class='ocrx_word' id='word_1_487' title='bbox 1579 306 2045 364; x_wconf 64' lang='lat' dir='ltr'><strong>Clllﬁ&#39;SOSTOMI</strong></span> <span class='ocrx_word' id='word_1_488' title='bbox 2082 302 2392 361; x_wconf 63' lang='lat' dir='ltr'><strong>ARCIIIEP.</strong></span> <span class='ocrx_word' id='word_1_489' title='bbox 2433 295 2961 356; x_wconf 72' lang='lat' dir='ltr'><strong>CONSTANTINOP.</strong></span> 
     </span>
    </p>
   </div>
   <div class='ocr_carea' id='block_1_63' title="bbox 3619 290 3725 348">
    <p class='ocr_par' dir='ltr' id='par_1_63' title="bbox 3619 290 3725 348">
     <span class='ocr_line' id='line_1_63' title="bbox 3619 290 3725 348; baseline 0 -2"><span class='ocrx_word' id='word_1_490' title='bbox 3619 290 3725 348; x_wconf 65' lang='grc'><strong>168</strong></span> 
     </span>
    </p>
   </div>
   <div class='ocr_carea' id='block_1_64' title="bbox 2158 390 3738 473">
    <p class='ocr_par' dir='ltr' id='par_1_64' title="bbox 2158 390 3738 473">
     <span class='ocr_line' id='line_1_64' title="bbox 2158 390 3738 473; baseline -0.008 -18"><span class='ocrx_word' id='word_1_491' title='bbox 2158 398 2531 473; x_wconf 78' lang='lat' dir='ltr'><strong>peregrinum?</strong></span> <span class='ocrx_word' id='word_1_492' title='bbox 2552 396 2800 452; x_wconf 84' lang='lat' dir='ltr'><strong>Fortasse</strong></span> <span class='ocrx_word' id='word_1_493' title='bbox 2829 391 3041 463; x_wconf 88' lang='lat' dir='ltr'><strong>quidem</strong></span> <span class='ocrx_word' id='word_1_494' title='bbox 3066 390 3179 461; x_wconf 90' lang='lat' dir='ltr'><strong>ipse</strong></span> <span class='ocrx_word' id='word_1_495' title='bbox 3205 402 3413 459; x_wconf 87' lang='lat' dir='ltr'><strong>quoque</strong></span> <span class='ocrx_word' id='word_1_496' title='bbox 3428 396 3509 443; x_wconf 86' lang='lat' dir='ltr'><strong>est</strong></span> <span class='ocrx_word' id='word_1_497' title='bbox 3532 391 3738 443; x_wconf 77' lang='lat' dir='ltr'><strong>confes-</strong></span> 
     </span>
    </p>
   </div>
   <div class='ocr_carea' id='block_1_65' title="bbox 2152 481 3739 565">
    <p class='ocr_par' dir='ltr' id='par_1_65' title="bbox 2152 481 3739 565">
     <span class='ocr_line' id='line_1_65' title="bbox 2152 481 3739 565; baseline -0.009 -14"><span class='ocrx_word' id='word_1_498' title='bbox 2152 510 2284 561; x_wconf 89' lang='lat' dir='ltr'><strong>sus;</strong></span> <span class='ocrx_word' id='word_1_499' title='bbox 2316 495 2488 565; x_wconf 87' lang='lat' dir='ltr'><strong>palam</strong></span> <span class='ocrx_word' id='word_1_500' title='bbox 2519 490 2572 546; x_wconf 87' lang='lat' dir='ltr'><strong>id</strong></span> <span class='ocrx_word' id='word_1_501' title='bbox 2621 487 2899 544; x_wconf 88' lang='lat' dir='ltr'><strong>confessus</strong></span> <span class='ocrx_word' id='word_1_502' title='bbox 2943 494 3026 541; x_wconf 89' lang='lat' dir='ltr'><strong>est</strong></span> <span class='ocrx_word' id='word_1_503' title='bbox 3053 493 3227 539; x_wconf 89' lang='lat' dir='ltr'><strong>autem</strong></span> <span class='ocrx_word' id='word_1_504' title='bbox 3254 481 3432 547; x_wconf 89' lang='lat' dir='ltr'><strong>David,</strong></span> <span class='ocrx_word' id='word_1_505' title='bbox 3484 490 3541 535; x_wconf 90' lang='lat' dir='ltr'><strong>ut</strong></span> <span class='ocrx_word' id='word_1_506' title='bbox 3567 481 3739 550; x_wconf 86' lang='lat' dir='ltr'><strong>quivis</strong></span> 
     </span>
    </p>
   </div>
   <div class='ocr_carea' id='block_1_66' title="bbox 2153 574 3736 645">
    <p class='ocr_par' dir='ltr' id='par_1_66' title="bbox 2153 574 3736 645">
     <span class='ocr_line' id='line_1_66' title="bbox 2153 574 3736 645; baseline -0.012 0"><span class='ocrx_word' id='word_1_507' title='bbox 2153 589 2300 645; x_wconf 89' lang='lat' dir='ltr'><strong>novit</strong></span> <span class='ocrx_word' id='word_1_508' title='bbox 2329 605 2344 642; x_wconf 90' lang='lat'><strong>:</strong></span> <span class='ocrx_word' id='word_1_509' title='bbox 2376 584 2499 640; x_wconf 89' lang='lat' dir='ltr'><strong>audi</strong></span> <span class='ocrx_word' id='word_1_510' title='bbox 2526 583 2673 638; x_wconf 90' lang='lat' dir='ltr'><strong>illum</strong></span> <span class='ocrx_word' id='word_1_511' title='bbox 2703 579 2967 641; x_wconf 85' lang='lat' dir='ltr'><strong>dicentem</strong></span> <span class='ocrx_word' id='word_1_512' title='bbox 3000 594 3013 630; x_wconf 94' lang='lat'><strong>:</strong></span> <span class='ocrx_word' id='word_1_513' title='bbox 3041 575 3296 643; x_wconf 80' lang='lat' dir='ltr'><strong>Quoniam</strong></span> <span class='ocrx_word' id='word_1_514' title='bbox 3319 574 3516 628; x_wconf 83' lang='lat' dir='ltr'><strong>advena</strong></span> <span class='ocrx_word' id='word_1_515' title='bbox 3543 588 3654 627; x_wconf 76' lang='lat' dir='ltr'><strong>sunt</strong></span> <span class='ocrx_word' id='word_1_516' title='bbox 3687 583 3736 628; x_wconf 79' lang='lat' dir='ltr'><strong>et</strong></span> 
     </span>
    </p>
   </div>
   <div class='ocr_carea' id='block_1_67' title="bbox 2148 663 3734 753">
    <p class='ocr_par' dir='ltr' id='par_1_67' title="bbox 2148 663 3734 753">
     <span class='ocr_line' id='line_1_67' title="bbox 2148 663 3734 753; baseline -0.012 -16"><span class='ocrx_word' id='word_1_517' title='bbox 2148 681 2466 753; x_wconf 82' lang='lat' dir='ltr'><strong>peregrinus,</strong></span> <span class='ocrx_word' id='word_1_518' title='bbox 2491 676 2622 731; x_wconf 80' lang='lat' dir='ltr'><strong>sicut</strong></span> <span class='ocrx_word' id='word_1_519' title='bbox 2646 687 2818 728; x_wconf 82' lang='lat' dir='ltr'><strong>omnes</strong></span> <span class='ocrx_word' id='word_1_520' title='bbox 2845 680 3012 741; x_wconf 80' lang='lat' dir='ltr'><strong>patres</strong></span> <span class='ocrx_word' id='word_1_521' title='bbox 3050 669 3145 721; x_wconf 86' lang='lat' dir='ltr'><strong>mei</strong></span> <span class='ocrx_word' id='word_1_522' title='bbox 3168 665 3287 738; x_wconf 79' lang='lat' dir='ltr'><strong>(Ps.</strong></span> <span class='ocrx_word' id='word_1_523' title='bbox 3331 665 3420 720; x_wconf 76' lang='lat'><strong>58.</strong></span> <span class='ocrx_word' id='word_1_524' title='bbox 3453 665 3568 734; x_wconf 76' lang='grc'><strong>15).</strong></span> <span class='ocrx_word' id='word_1_525' title='bbox 3600 663 3734 735; x_wconf 83' lang='lat' dir='ltr'><strong>Nam</strong></span> 
     </span>
    </p>
   </div>
   <div class='ocr_carea' id='block_1_68' title="bbox 2146 754 3731 843">
    <p class='ocr_par' dir='ltr' id='par_1_68' title="bbox 2146 754 3731 843">
     <span class='ocr_line' id='line_1_68' title="bbox 2146 754 3731 843; baseline -0.012 -15"><span class='ocrx_word' id='word_1_526' title='bbox 2146 773 2237 843; x_wconf 87' lang='lat' dir='ltr'><strong>qui</strong></span> <span class='ocrx_word' id='word_1_527' title='bbox 2259 770 2569 825; x_wconf 85' lang='lat' dir='ltr'><strong>habitabant</strong></span> <span class='ocrx_word' id='word_1_528' title='bbox 2586 759 3038 825; x_wconf 87' lang='lat' dir='ltr'><strong>intabernaculis,</strong></span> <span class='ocrx_word' id='word_1_529' title='bbox 3060 756 3149 830; x_wconf 91' lang='lat' dir='ltr'><strong>qui</strong></span> <span class='ocrx_word' id='word_1_530' title='bbox 3170 757 3393 829; x_wconf 87' lang='lat' dir='ltr'><strong>pecunia</strong></span> <span class='ocrx_word' id='word_1_531' title='bbox 3411 754 3570 811; x_wconf 89' lang='lat' dir='ltr'><strong>etiam</strong></span> <span class='ocrx_word' id='word_1_532' title='bbox 3587 770 3731 812; x_wconf 82' lang='lat' dir='ltr'><strong>eme-</strong></span> 
     </span>
    </p>
   </div>
   <div class='ocr_carea' id='block_1_69' title="bbox 2145 848 3732 932">
    <p class='ocr_par' dir='ltr' id='par_1_69' title="bbox 2145 848 3732 932">
     <span class='ocr_line' id='line_1_69' title="bbox 2145 848 3732 932; baseline -0.011 -11"><span class='ocrx_word' id='word_1_533' title='bbox 2145 868 2275 921; x_wconf 83' lang='lat' dir='ltr'><strong>bant</strong></span> <span class='ocrx_word' id='word_1_534' title='bbox 2298 861 2566 932; x_wconf 90' lang='lat' dir='ltr'><strong>sepulcra,</strong></span> <span class='ocrx_word' id='word_1_535' title='bbox 2594 856 2832 926; x_wconf 88' lang='lat' dir='ltr'><strong>hospites</strong></span> <span class='ocrx_word' id='word_1_536' title='bbox 2871 854 3051 922; x_wconf 91' lang='lat' dir='ltr'><strong>utique</strong></span> <span class='ocrx_word' id='word_1_537' title='bbox 3088 858 3143 905; x_wconf 91' lang='lat' dir='ltr'><strong>et</strong></span> <span class='ocrx_word' id='word_1_538' title='bbox 3171 848 3435 919; x_wconf 86' lang='lat' dir='ltr'><strong>peregrini</strong></span> <span class='ocrx_word' id='word_1_539' title='bbox 3463 856 3638 913; x_wconf 90' lang='lat' dir='ltr'><strong>erant,</strong></span> <span class='ocrx_word' id='word_1_540' title='bbox 3674 856 3732 903; x_wconf 88' lang='lat' dir='ltr'><strong>ut</strong></span> 
     </span>
    </p>
   </div>
   <div class='ocr_carea' id='block_1_70' title="bbox 2144 939 3728 1031">
    <p class='ocr_par' dir='ltr' id='par_1_70' title="bbox 2144 939 3728 1031">
     <span class='ocr_line' id='line_1_70' title="bbox 2144 939 3728 1031; baseline -0.015 -16"><span class='ocrx_word' id='word_1_541' title='bbox 2144 959 2234 1031; x_wconf 89' lang='lat' dir='ltr'><strong>qui</strong></span> <span class='ocrx_word' id='word_1_542' title='bbox 2280 972 2350 1013; x_wconf 90' lang='lat' dir='ltr'><strong>ne</strong></span> <span class='ocrx_word' id='word_1_543' title='bbox 2390 953 2651 1008; x_wconf 89' lang='lat' dir='ltr'><strong>haberent</strong></span> <span class='ocrx_word' id='word_1_544' title='bbox 2676 947 2891 1017; x_wconf 92' lang='lat' dir='ltr'><strong>quidem</strong></span> <span class='ocrx_word' id='word_1_545' title='bbox 2936 944 3025 1000; x_wconf 91' lang='lat' dir='ltr'><strong>ubi</strong></span> <span class='ocrx_word' id='word_1_546' title='bbox 3069 955 3196 997; x_wconf 80' lang='lat' dir='ltr'><strong>Suos</strong></span> <span class='ocrx_word' id='word_1_547' title='bbox 3235 939 3728 1031; x_wconf 32' lang='lat' dir='ltr'><strong>sepelirentaQuid</strong></span> 
     </span>
    </p>
   </div>
   <div class='ocr_carea' id='block_1_71' title="bbox 2144 1029 3725 1122">
    <p class='ocr_par' dir='ltr' id='par_1_71' title="bbox 2144 1029 3725 1122">
     <span class='ocr_line' id='line_1_71' title="bbox 2144 1029 3725 1122; baseline -0.016 -13"><span class='ocrx_word' id='word_1_548' title='bbox 2144 1029 2310 1122; x_wconf 81' lang='lat' dir='ltr'><strong>ergo?</strong></span> <span class='ocrx_word' id='word_1_549' title='bbox 2337 1044 2655 1103; x_wconf 88' lang='lat' dir='ltr'><strong>dicebantne</strong></span> <span class='ocrx_word' id='word_1_550' title='bbox 2698 1055 2757 1096; x_wconf 90' lang='lat' dir='ltr'><strong>se</strong></span> <span class='ocrx_word' id='word_1_551' title='bbox 2802 1052 2923 1093; x_wconf 89' lang='lat' dir='ltr'><strong>esse</strong></span> <span class='ocrx_word' id='word_1_552' title='bbox 2952 1033 3190 1105; x_wconf 88' lang='lat' dir='ltr'><strong>hospites</strong></span> <span class='ocrx_word' id='word_1_553' title='bbox 3220 1039 3426 1087; x_wconf 90' lang='lat' dir='ltr'><strong>tantum</strong></span> <span class='ocrx_word' id='word_1_554' title='bbox 3468 1030 3520 1085; x_wconf 93' lang='lat' dir='ltr'><strong>in</strong></span> <span class='ocrx_word' id='word_1_555' title='bbox 3550 1029 3725 1086; x_wconf 79' lang='lat' dir='ltr'><strong>Palu:-</strong></span> 
     </span>
    </p>
   </div>
   <div class='ocr_carea' id='block_1_72' title="bbox 2141 1122 3725 1208">
    <p class='ocr_par' dir='ltr' id='par_1_72' title="bbox 2141 1122 3725 1208">
     <span class='ocr_line' id='line_1_72' title="bbox 2141 1122 3725 1208; baseline -0.015 -9"><span class='ocrx_word' id='word_1_556' title='bbox 2141 1141 2325 1201; x_wconf 88' lang='lat' dir='ltr'><strong>stina?</strong></span> <span class='ocrx_word' id='word_1_557' title='bbox 2353 1139 2720 1208; x_wconf 85' lang='lat' dir='ltr'><strong>Nequaquam.</strong></span> <span class='ocrx_word' id='word_1_558' title='bbox 2749 1129 2845 1187; x_wconf 88' lang='lat' dir='ltr'><strong>sed</strong></span> <span class='ocrx_word' id='word_1_559' title='bbox 2870 1130 2925 1183; x_wconf 91' lang='lat' dir='ltr'><strong>in</strong></span> <span class='ocrx_word' id='word_1_560' title='bbox 2958 1137 3068 1182; x_wconf 91' lang='lat' dir='ltr'><strong>toto</strong></span> <span class='ocrx_word' id='word_1_561' title='bbox 3093 1125 3262 1189; x_wconf 87' lang='lat' dir='ltr'><strong>orbe;</strong></span> <span class='ocrx_word' id='word_1_562' title='bbox 3304 1132 3359 1179; x_wconf 90' lang='lat' dir='ltr'><strong>et</strong></span> <span class='ocrx_word' id='word_1_563' title='bbox 3386 1122 3600 1178; x_wconf 92' lang='lat' dir='ltr'><strong>merito.</strong></span> <span class='ocrx_word' id='word_1_564' title='bbox 3629 1122 3725 1176; x_wconf 83' lang='lat' dir='ltr'><strong>Ni-</strong></span> 
     </span>
    </p>
   </div>
   <div class='ocr_carea' id='block_1_73' title="bbox 2142 1214 3726 1292">
    <p class='ocr_par' dir='ltr' id='par_1_73' title="bbox 2142 1214 3726 1292">
     <span class='ocr_line' id='line_1_73' title="bbox 2142 1214 3726 1292; baseline -0.021 -1"><span class='ocrx_word' id='word_1_565' title='bbox 2142 1236 2217 1292; x_wconf 88' lang='lat' dir='ltr'><strong>hil</strong></span> <span class='ocrx_word' id='word_1_566' title='bbox 2237 1233 2381 1289; x_wconf 88' lang='lat' dir='ltr'><strong>enim</strong></span> <span class='ocrx_word' id='word_1_567' title='bbox 2408 1230 2460 1284; x_wconf 93' lang='lat' dir='ltr'><strong>in</strong></span> <span class='ocrx_word' id='word_1_568' title='bbox 2488 1244 2554 1284; x_wconf 91' lang='lat' dir='ltr'><strong>eo</strong></span> <span class='ocrx_word' id='word_1_569' title='bbox 2580 1224 2830 1281; x_wconf 86' lang='lat' dir='ltr'><strong>videbant</strong></span> <span class='ocrx_word' id='word_1_570' title='bbox 2858 1235 3045 1276; x_wconf 89' lang='lat' dir='ltr'><strong>eorum</strong></span> <span class='ocrx_word' id='word_1_571' title='bbox 3066 1232 3185 1289; x_wconf 72' lang='lat' dir='ltr'><strong>qua:</strong></span> <span class='ocrx_word' id='word_1_572' title='bbox 3206 1216 3487 1281; x_wconf 89' lang='lat' dir='ltr'><strong>volebant,</strong></span> <span class='ocrx_word' id='word_1_573' title='bbox 3515 1214 3611 1271; x_wconf 88' lang='lat' dir='ltr'><strong>sed</strong></span> <span class='ocrx_word' id='word_1_574' title='bbox 3632 1230 3726 1271; x_wconf 73' lang='lat' dir='ltr'><strong>ex.</strong></span> 
     </span>
    </p>
   </div>
   <div class='ocr_carea' id='block_1_74' title="bbox 2142 1306 3721 1382">
    <p class='ocr_par' dir='ltr' id='par_1_74' title="bbox 2142 1306 3721 1382">
     <span class='ocr_line' id='line_1_74' title="bbox 2142 1306 3721 1382; baseline -0.014 0"><span class='ocrx_word' id='word_1_575' title='bbox 2142 1336 2292 1382; x_wconf 88' lang='lat' dir='ltr'><strong>terna</strong></span> <span class='ocrx_word' id='word_1_576' title='bbox 2324 1320 2503 1377; x_wconf 89' lang='lat' dir='ltr'><strong>omnia</strong></span> <span class='ocrx_word' id='word_1_577' title='bbox 2534 1328 2587 1373; x_wconf 90' lang='lat' dir='ltr'><strong>et</strong></span> <span class='ocrx_word' id='word_1_578' title='bbox 2615 1316 2810 1371; x_wconf 88' lang='lat' dir='ltr'><strong>aliena.</strong></span> <span class='ocrx_word' id='word_1_579' title='bbox 2844 1311 2948 1382; x_wconf 87' lang='lat' dir='ltr'><strong>ipsi</strong></span> <span class='ocrx_word' id='word_1_580' title='bbox 2992 1310 3151 1380; x_wconf 91' lang='lat' dir='ltr'><strong>igitur</strong></span> <span class='ocrx_word' id='word_1_581' title='bbox 3177 1306 3428 1362; x_wconf 88' lang='lat' dir='ltr'><strong>volebant</strong></span> <span class='ocrx_word' id='word_1_582' title='bbox 3465 1319 3721 1361; x_wconf 80' lang='lat' dir='ltr'><strong>exercere</strong></span> 
     </span>
    </p>
   </div>
   <div class='ocr_carea' id='block_1_75' title="bbox 2143 1395 3722 1476">
    <p class='ocr_par' dir='ltr' id='par_1_75' title="bbox 2143 1395 3722 1476">
     <span class='ocr_line' id='line_1_75' title="bbox 2143 1395 3722 1476; baseline -0.014 -6"><span class='ocrx_word' id='word_1_583' title='bbox 2143 1418 2394 1473; x_wconf 83' lang='lat' dir='ltr'><strong>virtutem</strong></span> <span class='ocrx_word' id='word_1_584' title='bbox 2418 1429 2434 1476; x_wconf 92' lang='lat'><strong>;</strong></span> <span class='ocrx_word' id='word_1_585' title='bbox 2464 1411 2550 1464; x_wconf 91' lang='lat' dir='ltr'><strong>hic</strong></span> <span class='ocrx_word' id='word_1_586' title='bbox 2573 1416 2752 1463; x_wconf 86' lang='lat' dir='ltr'><strong>autem</strong></span> <span class='ocrx_word' id='word_1_587' title='bbox 2779 1401 3133 1460; x_wconf 87' lang='lat' dir='ltr'><strong>eratmultum</strong></span> <span class='ocrx_word' id='word_1_588' title='bbox 3160 1397 3367 1463; x_wconf 91' lang='lat' dir='ltr'><strong>vitium,</strong></span> <span class='ocrx_word' id='word_1_589' title='bbox 3399 1395 3608 1467; x_wconf 86' lang='lat' dir='ltr'><strong>etapud</strong></span> <span class='ocrx_word' id='word_1_590' title='bbox 3626 1410 3722 1451; x_wconf 89' lang='lat' dir='ltr'><strong>eos</strong></span> 
     </span>
    </p>
   </div>
   <div class='ocr_carea' id='block_1_76' title="bbox 2138 1489 3721 1567">
    <p class='ocr_par' dir='ltr' id='par_1_76' title="bbox 2138 1489 3721 1567">
     <span class='ocr_line' id='line_1_76' title="bbox 2138 1489 3721 1567; baseline -0.015 0"><span class='ocrx_word' id='word_1_591' title='bbox 2138 1518 2294 1567; x_wconf 87' lang='lat' dir='ltr'><strong>erant</strong></span> <span class='ocrx_word' id='word_1_592' title='bbox 2310 1522 2395 1563; x_wconf 88' lang='lat' dir='ltr'><strong>res</strong></span> <span class='ocrx_word' id='word_1_593' title='bbox 2411 1518 2599 1561; x_wconf 88' lang='lat' dir='ltr'><strong>omnes</strong></span> <span class='ocrx_word' id='word_1_594' title='bbox 2619 1508 2856 1556; x_wconf 56' lang='lat' dir='ltr'><strong>externas</strong></span> <span class='ocrx_word' id='word_1_595' title='bbox 2880 1504 2936 1552; x_wconf 94' lang='lat' dir='ltr'><strong>et</strong></span> <span class='ocrx_word' id='word_1_596' title='bbox 2954 1495 3164 1549; x_wconf 75' lang='lat' dir='ltr'><strong>alienae.</strong></span> <span class='ocrx_word' id='word_1_597' title='bbox 3205 1490 3416 1547; x_wconf 80' lang='lat' dir='ltr'><strong>Nullum</strong></span> <span class='ocrx_word' id='word_1_598' title='bbox 3456 1489 3721 1545; x_wconf 88' lang='lat' dir='ltr'><strong>habebant</strong></span> 
     </span>
    </p>
   </div>
   <div class='ocr_carea' id='block_1_77' title="bbox 2133 1581 3718 1663">
    <p class='ocr_par' dir='ltr' id='par_1_77' title="bbox 2133 1581 3718 1663">
     <span class='ocr_line' id='line_1_77' title="bbox 2133 1581 3718 1663; baseline -0.016 -3"><span class='ocrx_word' id='word_1_599' title='bbox 2133 1604 2410 1663; x_wconf 90' lang='lat' dir='ltr'><strong>amicum,</strong></span> <span class='ocrx_word' id='word_1_600' title='bbox 2453 1595 2656 1651; x_wconf 89' lang='lat' dir='ltr'><strong>nullum</strong></span> <span class='ocrx_word' id='word_1_601' title='bbox 2698 1585 3097 1646; x_wconf 84' lang='lat' dir='ltr'><strong>necessitudine</strong></span> <span class='ocrx_word' id='word_1_602' title='bbox 3143 1581 3488 1653; x_wconf 88' lang='lat' dir='ltr'><strong>coniunctum</strong></span> <span class='ocrx_word' id='word_1_603' title='bbox 3524 1592 3718 1650; x_wconf 68' lang='lat' dir='ltr'><strong>praater</strong></span> 
     </span>
    </p>
   </div>
   <div class='ocr_carea' id='block_1_78' title="bbox 2145 1672 3719 1766">
    <p class='ocr_par' dir='ltr' id='par_1_78' title="bbox 2145 1672 3719 1766">
     <span class='ocr_line' id='line_1_78' title="bbox 2145 1672 3719 1766; baseline -0.017 -15"><span class='ocrx_word' id='word_1_604' title='bbox 2145 1706 2362 1766; x_wconf 89' lang='lat' dir='ltr'><strong>paucos.</strong></span> <span class='ocrx_word' id='word_1_605' title='bbox 2383 1684 2662 1758; x_wconf 86' lang='lat' dir='ltr'><strong>Quomodo</strong></span> <span class='ocrx_word' id='word_1_606' title='bbox 2706 1691 2881 1737; x_wconf 87' lang='lat' dir='ltr'><strong>autem</strong></span> <span class='ocrx_word' id='word_1_607' title='bbox 2915 1685 3065 1733; x_wconf 89' lang='lat' dir='ltr'><strong>erant</strong></span> <span class='ocrx_word' id='word_1_608' title='bbox 3084 1672 3356 1766; x_wconf 81' lang='lat' dir='ltr'><strong>hospites?</strong></span> <span class='ocrx_word' id='word_1_609' title='bbox 3383 1672 3719 1766; x_wconf 78' lang='lat' dir='ltr'><strong>Eorumquze</strong></span> 
     </span>
    </p>
   </div>
   <div class='ocr_carea' id='block_1_79' title="bbox 2137 1763 3718 1845">
    <p class='ocr_par' dir='ltr' id='par_1_79' title="bbox 2137 1763 3718 1845">
     <span class='ocr_line' id='line_1_79' title="bbox 2137 1763 3718 1845; baseline -0.016 -2"><span class='ocrx_word' id='word_1_610' title='bbox 2137 1763 2226 1843; x_wconf 82' lang='lat' dir='ltr'><strong>hic</strong></span> <span class='ocrx_word' id='word_1_611' title='bbox 2265 1792 2390 1839; x_wconf 90' lang='lat' dir='ltr'><strong>sunt</strong></span> <span class='ocrx_word' id='word_1_612' title='bbox 2424 1778 2623 1835; x_wconf 90' lang='lat' dir='ltr'><strong>nullam</strong></span> <span class='ocrx_word' id='word_1_613' title='bbox 2647 1773 2903 1845; x_wconf 81' lang='lat' dir='ltr'><strong>gerebant</strong></span> <span class='ocrx_word' id='word_1_614' title='bbox 2930 1784 3147 1832; x_wconf 89' lang='lat' dir='ltr'><strong>curam;</strong></span> <span class='ocrx_word' id='word_1_615' title='bbox 3181 1765 3339 1835; x_wconf 87' lang='lat' dir='ltr'><strong>idque</strong></span> <span class='ocrx_word' id='word_1_616' title='bbox 3363 1763 3718 1818; x_wconf 86' lang='lat' dir='ltr'><strong>ostendebant</strong></span> 
     </span>
    </p>
   </div>
   <div class='ocr_carea' id='block_1_80' title="bbox 2140 1855 3719 1937">
    <p class='ocr_par' dir='ltr' id='par_1_80' title="bbox 2140 1855 3719 1937">
     <span class='ocr_line' id='line_1_80' title="bbox 2140 1855 3719 1937; baseline -0.017 -3"><span class='ocrx_word' id='word_1_617' title='bbox 2140 1893 2246 1934; x_wconf 92' lang='lat' dir='ltr'><strong>non</strong></span> <span class='ocrx_word' id='word_1_618' title='bbox 2263 1874 2457 1937; x_wconf 90' lang='lat' dir='ltr'><strong>verbis,</strong></span> <span class='ocrx_word' id='word_1_619' title='bbox 2471 1868 2565 1924; x_wconf 90' lang='lat' dir='ltr'><strong>sed</strong></span> <span class='ocrx_word' id='word_1_620' title='bbox 2584 1866 2741 1922; x_wconf 90' lang='lat' dir='ltr'><strong>rebus</strong></span> <span class='ocrx_word' id='word_1_621' title='bbox 2753 1863 2898 1934; x_wconf 91' lang='lat' dir='ltr'><strong>ipsis.</strong></span> <span class='ocrx_word' id='word_1_622' title='bbox 2917 1857 3231 1929; x_wconf 83' lang='lat' dir='ltr'><strong>Quomodo?</strong></span> <span class='ocrx_word' id='word_1_623' title='bbox 3248 1856 3387 1912; x_wconf 83' lang='lat' dir='ltr'><strong>Dixit</strong></span> <span class='ocrx_word' id='word_1_624' title='bbox 3399 1856 3537 1911; x_wconf 90' lang='lat' dir='ltr'><strong>Deus</strong></span> <span class='ocrx_word' id='word_1_625' title='bbox 3557 1855 3719 1910; x_wconf 83' lang='lat' dir='ltr'><strong>Abra-</strong></span> 
     </span>
    </p>
   </div>
   <div class='ocr_carea' id='block_1_81' title="bbox 2137 1947 3713 2034">
    <p class='ocr_par' dir='ltr' id='par_1_81' title="bbox 2137 1947 3713 2034">
     <span class='ocr_line' id='line_1_81' title="bbox 2137 1947 3713 2034; baseline -0.015 -9"><span class='ocrx_word' id='word_1_626' title='bbox 2137 1971 2317 2034; x_wconf 89' lang='lat' dir='ltr'><strong>hamo,</strong></span> <span class='ocrx_word' id='word_1_627' title='bbox 2349 1964 2564 2020; x_wconf 89' lang='lat' dir='ltr'><strong>Dimitte</strong></span> <span class='ocrx_word' id='word_1_628' title='bbox 2601 1974 2718 2014; x_wconf 86' lang='lat' dir='ltr'><strong>eam</strong></span> <span class='ocrx_word' id='word_1_629' title='bbox 2763 1970 2881 2027; x_wconf 74' lang='lat' dir='ltr'><strong>qua:</strong></span> <span class='ocrx_word' id='word_1_630' title='bbox 2912 1952 3123 2034; x_wconf 85' lang='lat' dir='ltr'><strong>videtur</strong></span> <span class='ocrx_word' id='word_1_631' title='bbox 3148 1950 3393 2021; x_wconf 89' lang='lat' dir='ltr'><strong>patriam,</strong></span> <span class='ocrx_word' id='word_1_632' title='bbox 3424 1958 3479 2003; x_wconf 89' lang='lat' dir='ltr'><strong>et</strong></span> <span class='ocrx_word' id='word_1_633' title='bbox 3500 1947 3618 2003; x_wconf 89' lang='lat' dir='ltr'><strong>veni</strong></span> <span class='ocrx_word' id='word_1_634' title='bbox 3646 1947 3713 2002; x_wconf 89' lang='lat' dir='ltr'><strong>ad</strong></span> 
     </span>
    </p>
   </div>
   <div class='ocr_carea' id='block_1_82' title="bbox 2130 2041 3710 2125">
    <p class='ocr_par' dir='ltr' id='par_1_82' title="bbox 2130 2041 3710 2125">
     <span class='ocr_line' id='line_1_82' title="bbox 2130 2041 3710 2125; baseline -0.016 -8"><span class='ocrx_word' id='word_1_635' title='bbox 2130 2062 2357 2117; x_wconf 87' lang='lat' dir='ltr'><strong>alienam</strong></span> <span class='ocrx_word' id='word_1_636' title='bbox 2380 2054 2532 2125; x_wconf 80' lang='lat' dir='ltr'><strong>(Gen.</strong></span> <span class='ocrx_word' id='word_1_637' title='bbox 2571 2051 2655 2107; x_wconf 71' lang='grc'><strong>12.</strong></span> <span class='ocrx_word' id='word_1_638' title='bbox 2681 2051 2769 2120; x_wconf 79' lang='lat' dir='ltr'><strong>l);</strong></span> <span class='ocrx_word' id='word_1_639' title='bbox 2795 2058 3121 2114; x_wconf 90' lang='lat' dir='ltr'><strong>suorumque</strong></span> <span class='ocrx_word' id='word_1_640' title='bbox 3150 2041 3565 2097; x_wconf 88' lang='lat' dir='ltr'><strong>domesticorum</strong></span> <span class='ocrx_word' id='word_1_641' title='bbox 3605 2054 3710 2105; x_wconf 80' lang='lat' dir='ltr'><strong>non</strong></span> 
     </span>
    </p>
   </div>
   <div class='ocr_carea' id='block_1_83' title="bbox 2127 2129 3708 2216">
    <p class='ocr_par' dir='ltr' id='par_1_83' title="bbox 2127 2129 3708 2216">
     <span class='ocr_line' id='line_1_83' title="bbox 2127 2129 3708 2216; baseline -0.017 -6"><span class='ocrx_word' id='word_1_642' title='bbox 2127 2162 2213 2210; x_wconf 88' lang='lat' dir='ltr'><strong>est</strong></span> <span class='ocrx_word' id='word_1_643' title='bbox 2235 2163 2419 2207; x_wconf 89' lang='lat' dir='ltr'><strong>amore</strong></span> <span class='ocrx_word' id='word_1_644' title='bbox 2445 2144 2751 2216; x_wconf 89' lang='lat' dir='ltr'><strong>impeditus,</strong></span> <span class='ocrx_word' id='word_1_645' title='bbox 2781 2138 2876 2194; x_wconf 92' lang='lat' dir='ltr'><strong>sed</strong></span> <span class='ocrx_word' id='word_1_646' title='bbox 2900 2152 2967 2193; x_wconf 89' lang='lat' dir='ltr'><strong>eo</strong></span> <span class='ocrx_word' id='word_1_647' title='bbox 2983 2135 3176 2191; x_wconf 73' lang='lat' dir='ltr'><strong>affectu</strong></span> <span class='ocrx_word' id='word_1_648' title='bbox 3197 2149 3315 2190; x_wconf 89' lang='lat' dir='ltr'><strong>eam</strong></span> <span class='ocrx_word' id='word_1_649' title='bbox 3345 2130 3549 2187; x_wconf 89' lang='lat' dir='ltr'><strong>dimisit</strong></span> <span class='ocrx_word' id='word_1_650' title='bbox 3568 2137 3628 2185; x_wconf 84' lang='lat' dir='ltr'><strong>ut</strong></span> <span class='ocrx_word' id='word_1_651' title='bbox 3663 2129 3708 2185; x_wconf 89' lang='lat' dir='ltr'><strong>si</strong></span> 
     </span>
    </p>
   </div>
   <div class='ocr_carea' id='block_1_84' title="bbox 2126 2220 3711 2302">
    <p class='ocr_par' dir='ltr' id='par_1_84' title="bbox 2126 2220 3711 2302">
     <span class='ocr_line' id='line_1_84' title="bbox 2126 2220 3711 2302; baseline -0.018 0"><span class='ocrx_word' id='word_1_652' title='bbox 2126 2253 2274 2302; x_wconf 83' lang='lat' dir='ltr'><strong>esset</strong></span> <span class='ocrx_word' id='word_1_653' title='bbox 2300 2241 2620 2298; x_wconf 89' lang='lat' dir='ltr'><strong>dimissurus</strong></span> <span class='ocrx_word' id='word_1_654' title='bbox 2645 2234 2899 2288; x_wconf 90' lang='lat' dir='ltr'><strong>alienam.</strong></span> <span class='ocrx_word' id='word_1_655' title='bbox 2927 2228 3067 2283; x_wconf 80' lang='lat' dir='ltr'><strong>Dixit</strong></span> <span class='ocrx_word' id='word_1_656' title='bbox 3102 2226 3173 2293; x_wconf 91' lang='lat' dir='ltr'><strong>el,</strong></span> <span class='ocrx_word' id='word_1_657' title='bbox 3218 2223 3363 2280; x_wconf 79' lang='lat' dir='ltr'><strong>Oﬂ&#39;er</strong></span> <span class='ocrx_word' id='word_1_658' title='bbox 3390 2222 3519 2278; x_wconf 89' lang='lat' dir='ltr'><strong>mihi</strong></span> <span class='ocrx_word' id='word_1_659' title='bbox 3547 2220 3711 2275; x_wconf 88' lang='lat' dir='ltr'><strong>filium</strong></span> 
     </span>
    </p>
   </div>
   <div class='ocr_carea' id='block_1_85' title="bbox 2127 2323 3709 2408">
    <p class='ocr_par' dir='ltr' id='par_1_85' title="bbox 2127 2323 3709 2408">
     <span class='ocr_line' id='line_1_85' title="bbox 2127 2323 3709 2408; baseline -0.01 -17"><span class='ocrx_word' id='word_1_660' title='bbox 2127 2335 2279 2408; x_wconf 78' lang='lat' dir='ltr'><strong>(Gen.</strong></span> <span class='ocrx_word' id='word_1_661' title='bbox 2309 2336 2399 2391; x_wconf 67' lang='lat'><strong>22.</strong></span> <span class='ocrx_word' id='word_1_662' title='bbox 2425 2335 2523 2406; x_wconf 75' lang='lat'><strong>2);</strong></span> <span class='ocrx_word' id='word_1_663' title='bbox 2566 2343 2620 2390; x_wconf 85' lang='lat' dir='ltr'><strong>et</strong></span> <span class='ocrx_word' id='word_1_664' title='bbox 2648 2349 2769 2388; x_wconf 89' lang='lat' dir='ltr'><strong>eum</strong></span> <span class='ocrx_word' id='word_1_665' title='bbox 2828 2330 3052 2403; x_wconf 88' lang='lat' dir='ltr'><strong>perinde</strong></span> <span class='ocrx_word' id='word_1_666' title='bbox 3081 2328 3271 2385; x_wconf 82' lang='lat' dir='ltr'><strong>obtulit</strong></span> <span class='ocrx_word' id='word_1_667' title='bbox 3311 2335 3471 2396; x_wconf 85' lang='lat' dir='ltr'><strong>atque</strong></span> <span class='ocrx_word' id='word_1_668' title='bbox 3509 2323 3554 2379; x_wconf 88' lang='lat' dir='ltr'><strong>si</strong></span> <span class='ocrx_word' id='word_1_669' title='bbox 3601 2336 3709 2377; x_wconf 87' lang='lat' dir='ltr'><strong>non</strong></span> 
     </span>
    </p>
   </div>
   <div class='ocr_carea' id='block_1_86' title="bbox 2126 2414 3706 2491">
    <p class='ocr_par' dir='ltr' id='par_1_86' title="bbox 2126 2414 3706 2491">
     <span class='ocr_line' id='line_1_86' title="bbox 2126 2414 3706 2491; baseline -0.01 -7"><span class='ocrx_word' id='word_1_670' title='bbox 2126 2429 2351 2484; x_wconf 86' lang='lat' dir='ltr'><strong>haberet</strong></span> <span class='ocrx_word' id='word_1_671' title='bbox 2393 2427 2584 2491; x_wconf 84' lang='lat' dir='ltr'><strong>ﬁlium,</strong></span> <span class='ocrx_word' id='word_1_672' title='bbox 2617 2434 2672 2480; x_wconf 90' lang='lat' dir='ltr'><strong>et</strong></span> <span class='ocrx_word' id='word_1_673' title='bbox 2697 2440 2759 2479; x_wconf 87' lang='lat' dir='ltr'><strong>ac</strong></span> <span class='ocrx_word' id='word_1_674' title='bbox 2787 2424 2831 2478; x_wconf 90' lang='lat' dir='ltr'><strong>si</strong></span> <span class='ocrx_word' id='word_1_675' title='bbox 2852 2431 3039 2479; x_wconf 89' lang='lat' dir='ltr'><strong>natura</strong></span> <span class='ocrx_word' id='word_1_676' title='bbox 3071 2436 3177 2476; x_wconf 92' lang='lat' dir='ltr'><strong>non</strong></span> <span class='ocrx_word' id='word_1_677' title='bbox 3208 2418 3422 2475; x_wconf 88' lang='lat' dir='ltr'><strong>indutus</strong></span> <span class='ocrx_word' id='word_1_678' title='bbox 3442 2424 3605 2481; x_wconf 80' lang='lat' dir='ltr'><strong>esset,</strong></span> <span class='ocrx_word' id='word_1_679' title='bbox 3637 2414 3706 2469; x_wconf 89' lang='lat' dir='ltr'><strong>ita</strong></span> 
     </span>
    </p>
   </div>
   <div class='ocr_carea' id='block_1_87' title="bbox 2126 2509 3709 2588">
    <p class='ocr_par' dir='ltr' id='par_1_87' title="bbox 2126 2509 3709 2588">
     <span class='ocr_line' id='line_1_87' title="bbox 2126 2509 3709 2588; baseline -0.01 -12"><span class='ocrx_word' id='word_1_680' title='bbox 2126 2521 2337 2575; x_wconf 88' lang='lat' dir='ltr'><strong>obtulit.</strong></span> <span class='ocrx_word' id='word_1_681' title='bbox 2369 2518 2683 2574; x_wconf 86' lang='lat' dir='ltr'><strong>Possidebat</strong></span> <span class='ocrx_word' id='word_1_682' title='bbox 2711 2516 2966 2588; x_wconf 90' lang='lat' dir='ltr'><strong>pecunias</strong></span> <span class='ocrx_word' id='word_1_683' title='bbox 3007 2527 3317 2568; x_wconf 85' lang='lat' dir='ltr'><strong>communes</strong></span> <span class='ocrx_word' id='word_1_684' title='bbox 3345 2509 3590 2566; x_wconf 88' lang='lat' dir='ltr'><strong>omnibus</strong></span> <span class='ocrx_word' id='word_1_685' title='bbox 3615 2520 3709 2560; x_wconf 87' lang='lat' dir='ltr'><strong>ac-</strong></span> 
     </span>
    </p>
   </div>
   <div class='ocr_carea' id='block_1_88' title="bbox 2124 2597 3710 2677">
    <p class='ocr_par' dir='ltr' id='par_1_88' title="bbox 2124 2597 3710 2677">
     <span class='ocr_line' id='line_1_88' title="bbox 2124 2597 3710 2677; baseline -0.014 -8"><span class='ocrx_word' id='word_1_686' title='bbox 2124 2612 2455 2677; x_wconf 85' lang='lat' dir='ltr'><strong>cedentibus,</strong></span> <span class='ocrx_word' id='word_1_687' title='bbox 2480 2620 2527 2666; x_wconf 93' lang='lat' dir='ltr'><strong>et</strong></span> <span class='ocrx_word' id='word_1_688' title='bbox 2554 2625 2664 2665; x_wconf 91' lang='lat' dir='ltr'><strong>rem</strong></span> <span class='ocrx_word' id='word_1_689' title='bbox 2694 2608 2840 2663; x_wconf 90' lang='lat' dir='ltr'><strong>nihili</strong></span> <span class='ocrx_word' id='word_1_690' title='bbox 2864 2606 3201 2662; x_wconf 77' lang='lat' dir='ltr'><strong>existimabat</strong></span> <span class='ocrx_word' id='word_1_691' title='bbox 3229 2623 3242 2657; x_wconf 89' lang='lat'><strong>:</strong></span> <span class='ocrx_word' id='word_1_692' title='bbox 3273 2604 3468 2673; x_wconf 88' lang='lat' dir='ltr'><strong>primas</strong></span> <span class='ocrx_word' id='word_1_693' title='bbox 3487 2597 3710 2654; x_wconf 88' lang='lat' dir='ltr'><strong>cedebat</strong></span> 
     </span>
    </p>
   </div>
   <div class='ocr_carea' id='block_1_89' title="bbox 2126 2690 3711 2774">
    <p class='ocr_par' dir='ltr' id='par_1_89' title="bbox 2126 2690 3711 2774">
     <span class='ocr_line' id='line_1_89' title="bbox 2126 2690 3711 2774; baseline -0.013 -15"><span class='ocrx_word' id='word_1_694' title='bbox 2126 2707 2264 2769; x_wconf 86' lang='lat' dir='ltr'><strong>aliis,</strong></span> <span class='ocrx_word' id='word_1_695' title='bbox 2318 2706 2369 2758; x_wconf 94' lang='lat' dir='ltr'><strong>in</strong></span> <span class='ocrx_word' id='word_1_696' title='bbox 2422 2703 2658 2774; x_wconf 89' lang='lat' dir='ltr'><strong>pericula</strong></span> <span class='ocrx_word' id='word_1_697' title='bbox 2712 2716 2772 2755; x_wconf 90' lang='lat' dir='ltr'><strong>se</strong></span> <span class='ocrx_word' id='word_1_698' title='bbox 2799 2701 2970 2769; x_wconf 90' lang='lat' dir='ltr'><strong>ipsum</strong></span> <span class='ocrx_word' id='word_1_699' title='bbox 3015 2694 3351 2765; x_wconf 85' lang='lat' dir='ltr'><strong>conjiciebat,</strong></span> <span class='ocrx_word' id='word_1_700' title='bbox 3409 2690 3711 2761; x_wconf 87' lang='lat' dir='ltr'><strong>patiebatur</strong></span> 
     </span>
    </p>
   </div>
   <div class='ocr_carea' id='block_1_90' title="bbox 2137 2778 3712 2852">
    <p class='ocr_par' dir='ltr' id='par_1_90' title="bbox 2137 2778 3712 2852">
     <span class='ocr_line' id='line_1_90' title="bbox 2137 2778 3712 2852; baseline -0.013 -1"><span class='ocrx_word' id='word_1_701' title='bbox 2137 2798 2274 2852; x_wconf 90' lang='lat' dir='ltr'><strong>mala</strong></span> <span class='ocrx_word' id='word_1_702' title='bbox 2300 2797 2575 2850; x_wconf 89' lang='lat' dir='ltr'><strong>innumera</strong></span> <span class='ocrx_word' id='word_1_703' title='bbox 2597 2807 2731 2846; x_wconf 85' lang='lat' dir='ltr'><strong>:nun</strong></span> <span class='ocrx_word' id='word_1_704' title='bbox 2753 2788 3053 2844; x_wconf 60' lang='lat' dir='ltr'><strong>aedificabat</strong></span> <span class='ocrx_word' id='word_1_705' title='bbox 3071 2787 3258 2841; x_wconf 88' lang='lat' dir='ltr'><strong>domos</strong></span> <span class='ocrx_word' id='word_1_706' title='bbox 3283 2778 3712 2850; x_wconf 82' lang='lat' dir='ltr'><strong>sp!endidas,ne-</strong></span> 
     </span>
    </p>
   </div>
   <div class='ocr_carea' id='block_1_91' title="bbox 2126 2869 3709 2961">
    <p class='ocr_par' dir='ltr' id='par_1_91' title="bbox 2126 2869 3709 2961">
     <span class='ocr_line' id='line_1_91' title="bbox 2126 2869 3709 2961; baseline -0.015 -19"><span class='ocrx_word' id='word_1_707' title='bbox 2126 2906 2233 2961; x_wconf 91' lang='lat' dir='ltr'><strong>que</strong></span> <span class='ocrx_word' id='word_1_708' title='bbox 2263 2886 2561 2957; x_wconf 87' lang='lat' dir='ltr'><strong>indulgebat</strong></span> <span class='ocrx_word' id='word_1_709' title='bbox 2586 2882 2809 2947; x_wconf 88' lang='lat' dir='ltr'><strong>deliciis,</strong></span> <span class='ocrx_word' id='word_1_710' title='bbox 2837 2894 3008 2950; x_wconf 90' lang='lat' dir='ltr'><strong>neque</strong></span> <span class='ocrx_word' id='word_1_711' title='bbox 3032 2892 3211 2932; x_wconf 89' lang='lat' dir='ltr'><strong>curam</strong></span> <span class='ocrx_word' id='word_1_712' title='bbox 3233 2872 3447 2944; x_wconf 77' lang='lat' dir='ltr'><strong>gerebat</strong></span> <span class='ocrx_word' id='word_1_713' title='bbox 3482 2869 3709 2922; x_wconf 85' lang='lat' dir='ltr'><strong>vestium</strong></span> 
     </span>
    </p>
   </div>
   <div class='ocr_carea' id='block_1_92' title="bbox 2127 2958 3710 3051">
    <p class='ocr_par' dir='ltr' id='par_1_92' title="bbox 2127 2958 3710 3051">
     <span class='ocr_line' id='line_1_92' title="bbox 2127 2958 3710 3051; baseline -0.017 -15"><span class='ocrx_word' id='word_1_714' title='bbox 2127 2958 2302 3051; x_wconf 82' lang='lat' dir='ltr'><strong>neque</strong></span> <span class='ocrx_word' id='word_1_715' title='bbox 2317 2978 2543 3034; x_wconf 84' lang='lat' dir='ltr'><strong>aliarum</strong></span> <span class='ocrx_word' id='word_1_716' title='bbox 2565 2974 2897 3030; x_wconf 77' lang='lat' dir='ltr'><strong>saecularium</strong></span> <span class='ocrx_word' id='word_1_717' title='bbox 2920 2985 3093 3024; x_wconf 88' lang='lat' dir='ltr'><strong>rerum</strong></span> <span class='ocrx_word' id='word_1_718' title='bbox 3116 2968 3139 3022; x_wconf 90' lang='lat'><strong>?</strong></span> <span class='ocrx_word' id='word_1_719' title='bbox 3166 2967 3267 3023; x_wconf 88' lang='lat' dir='ltr'><strong>Sed</strong></span> <span class='ocrx_word' id='word_1_720' title='bbox 3287 2964 3462 3019; x_wconf 87' lang='lat' dir='ltr'><strong>omnia</strong></span> <span class='ocrx_word' id='word_1_721' title='bbox 3492 2958 3710 3031; x_wconf 83' lang='lat' dir='ltr'><strong>gerebat</strong></span> 
     </span>
    </p>
   </div>
   <div class='ocr_carea' id='block_1_93' title="bbox 2127 3052 3711 3143">
    <p class='ocr_par' dir='ltr' id='par_1_93' title="bbox 2127 3052 3711 3143">
     <span class='ocr_line' id='line_1_93' title="bbox 2127 3052 3711 3143; baseline -0.015 -17"><span class='ocrx_word' id='word_1_722' title='bbox 2127 3087 2244 3143; x_wconf 63' lang='lat' dir='ltr'><strong>qua!</strong></span> <span class='ocrx_word' id='word_1_723' title='bbox 2264 3071 2534 3141; x_wconf 90' lang='lat' dir='ltr'><strong>pertinent</strong></span> <span class='ocrx_word' id='word_1_724' title='bbox 2549 3067 2612 3120; x_wconf 90' lang='lat' dir='ltr'><strong>ad</strong></span> <span class='ocrx_word' id='word_1_725' title='bbox 2632 3081 2746 3120; x_wconf 86' lang='lat' dir='ltr'><strong>eam</strong></span> <span class='ocrx_word' id='word_1_726' title='bbox 2762 3080 2881 3135; x_wconf 73' lang='lat' dir='ltr'><strong>qua:</strong></span> <span class='ocrx_word' id='word_1_727' title='bbox 2899 3063 3007 3116; x_wconf 77' lang='lat' dir='ltr'><strong>illic</strong></span> <span class='ocrx_word' id='word_1_728' title='bbox 3027 3071 3130 3125; x_wconf 85' lang='lat' dir='ltr'><strong>est,</strong></span> <span class='ocrx_word' id='word_1_729' title='bbox 3149 3059 3440 3113; x_wconf 87' lang='lat' dir='ltr'><strong>civitatem.</strong></span> <span class='ocrx_word' id='word_1_730' title='bbox 3465 3052 3711 3118; x_wconf 78' lang='lat' dir='ltr'><strong>lloSpita-</strong></span> 
     </span>
    </p>
   </div>
   <div class='ocr_carea' id='block_1_94' title="bbox 2125 3143 3710 3223">
    <p class='ocr_par' dir='ltr' id='par_1_94' title="bbox 2125 3143 3710 3223">
     <span class='ocr_line' id='line_1_94' title="bbox 2125 3143 3710 3223; baseline -0.018 -3"><span class='ocrx_word' id='word_1_731' title='bbox 2125 3165 2323 3220; x_wconf 90' lang='lat' dir='ltr'><strong>litatem</strong></span> <span class='ocrx_word' id='word_1_732' title='bbox 2361 3159 2659 3223; x_wconf 85' lang='lat' dir='ltr'><strong>exercebat,</strong></span> <span class='ocrx_word' id='word_1_733' title='bbox 2679 3154 3013 3212; x_wconf 86' lang='lat' dir='ltr'><strong>dilectionem</strong></span> <span class='ocrx_word' id='word_1_734' title='bbox 3045 3152 3096 3206; x_wconf 90' lang='lat' dir='ltr'><strong>in</strong></span> <span class='ocrx_word' id='word_1_735' title='bbox 3133 3150 3373 3213; x_wconf 77' lang='lat' dir='ltr'><strong>fratrem,</strong></span> <span class='ocrx_word' id='word_1_736' title='bbox 3402 3143 3710 3199; x_wconf 73' lang='lat' dir='ltr'><strong>misericor-</strong></span> 
     </span>
    </p>
   </div>
   <div class='ocr_carea' id='block_1_95' title="bbox 2124 3232 3709 3323">
    <p class='ocr_par' dir='ltr' id='par_1_95' title="bbox 2124 3232 3709 3323">
     <span class='ocr_line' id='line_1_95' title="bbox 2124 3232 3709 3323; baseline -0.017 -12"><span class='ocrx_word' id='word_1_737' title='bbox 2124 3257 2288 3322; x_wconf 86' lang='lat' dir='ltr'><strong>diam,</strong></span> <span class='ocrx_word' id='word_1_738' title='bbox 2318 3252 2648 3323; x_wconf 84' lang='lat' dir='ltr'><strong>patientiam,</strong></span> <span class='ocrx_word' id='word_1_739' title='bbox 2703 3246 2937 3317; x_wconf 66' lang='lat' dir='ltr'><strong>pecuniae</strong></span> <span class='ocrx_word' id='word_1_740' title='bbox 2993 3241 3392 3310; x_wconf 79' lang='lat' dir='ltr'><strong>despicientiam</strong></span> <span class='ocrx_word' id='word_1_741' title='bbox 3448 3246 3496 3287; x_wconf 79' lang='lat' dir='ltr'><strong>et</strong></span> <span class='ocrx_word' id='word_1_742' title='bbox 3528 3232 3709 3303; x_wconf 69' lang='lat' dir='ltr'><strong>gloria:</strong></span> 
     </span>
    </p>
   </div>
   <div class='ocr_carea' id='block_1_96' title="bbox 2127 3326 3709 3418">
    <p class='ocr_par' dir='ltr' id='par_1_96' title="bbox 2127 3326 3709 3418">
     <span class='ocr_line' id='line_1_96' title="bbox 2127 3326 3709 3418; baseline -0.015 -18"><span class='ocrx_word' id='word_1_743' title='bbox 2127 3335 2404 3418; x_wconf 57' lang='lat' dir='ltr'><strong>pri-sentis</strong></span> <span class='ocrx_word' id='word_1_744' title='bbox 2431 3353 2484 3398; x_wconf 88' lang='lat' dir='ltr'><strong>et</strong></span> <span class='ocrx_word' id='word_1_745' title='bbox 2510 3342 2733 3395; x_wconf 89' lang='lat' dir='ltr'><strong>aliorum</strong></span> <span class='ocrx_word' id='word_1_746' title='bbox 2760 3333 3195 3393; x_wconf 86' lang='lat' dir='ltr'><strong>omnium.Filins</strong></span> <span class='ocrx_word' id='word_1_747' title='bbox 3219 3341 3429 3400; x_wconf 87' lang='lat' dir='ltr'><strong>quoque</strong></span> <span class='ocrx_word' id='word_1_748' title='bbox 3456 3326 3567 3395; x_wconf 78' lang='lat' dir='ltr'><strong>eius</strong></span> <span class='ocrx_word' id='word_1_749' title='bbox 3593 3332 3709 3418; x_wconf 75' lang='lat' dir='ltr'><strong>erat</strong></span> 
     </span>
    </p>
   </div>
   <div class='ocr_carea' id='block_1_97' title="bbox 2128 3412 3709 3508">
    <p class='ocr_par' dir='ltr' id='par_1_97' title="bbox 2128 3412 3709 3508">
     <span class='ocr_line' id='line_1_97' title="bbox 2128 3412 3709 3508; baseline -0.017 -15"><span class='ocrx_word' id='word_1_750' title='bbox 2128 3412 2429 3508; x_wconf 81' lang='lat' dir='ltr'><strong>huiusmodi</strong></span> <span class='ocrx_word' id='word_1_751' title='bbox 2454 3452 2467 3487; x_wconf 84' lang='lat'><strong>:</strong></span> <span class='ocrx_word' id='word_1_752' title='bbox 2495 3447 2614 3488; x_wconf 91' lang='lat' dir='ltr'><strong>cum</strong></span> <span class='ocrx_word' id='word_1_753' title='bbox 2642 3431 2952 3499; x_wconf 83' lang='lat' dir='ltr'><strong>agitaretur,</strong></span> <span class='ocrx_word' id='word_1_754' title='bbox 2973 3423 3113 3480; x_wconf 89' lang='lat' dir='ltr'><strong>bello</strong></span> <span class='ocrx_word' id='word_1_755' title='bbox 3154 3424 3518 3508; x_wconf 82' lang='lat' dir='ltr'><strong>impcteretur,</strong></span> <span class='ocrx_word' id='word_1_756' title='bbox 3558 3412 3709 3508; x_wconf 81' lang='lat' dir='ltr'><strong>cede-</strong></span> 
     </span>
    </p>
   </div>
   <div class='ocr_carea' id='block_1_98' title="bbox 2127 3504 3708 3589">
    <p class='ocr_par' dir='ltr' id='par_1_98' title="bbox 2127 3504 3708 3589">
     <span class='ocr_line' id='line_1_98' title="bbox 2127 3504 3708 3589; baseline -0.02 -2"><span class='ocrx_word' id='word_1_757' title='bbox 2127 3504 2215 3586; x_wconf 75' lang='lat' dir='ltr'><strong>bat</strong></span> <span class='ocrx_word' id='word_1_758' title='bbox 2240 3540 2293 3585; x_wconf 89' lang='lat' dir='ltr'><strong>et</strong></span> <span class='ocrx_word' id='word_1_759' title='bbox 2314 3529 2487 3582; x_wconf 90' lang='lat' dir='ltr'><strong>locum</strong></span> <span class='ocrx_word' id='word_1_760' title='bbox 2514 3523 2696 3587; x_wconf 84' lang='lat' dir='ltr'><strong>dabat,</strong></span> <span class='ocrx_word' id='word_1_761' title='bbox 2722 3529 2777 3574; x_wconf 89' lang='lat' dir='ltr'><strong>ut</strong></span> <span class='ocrx_word' id='word_1_762' title='bbox 2821 3519 2909 3589; x_wconf 92' lang='lat' dir='ltr'><strong>qui</strong></span> <span class='ocrx_word' id='word_1_763' title='bbox 2951 3524 3095 3569; x_wconf 85' lang='lat' dir='ltr'><strong>esset</strong></span> <span class='ocrx_word' id='word_1_764' title='bbox 3147 3513 3197 3566; x_wconf 91' lang='lat' dir='ltr'><strong>in</strong></span> <span class='ocrx_word' id='word_1_765' title='bbox 3233 3511 3440 3565; x_wconf 85' lang='lat' dir='ltr'><strong>aliena:</strong></span> <span class='ocrx_word' id='word_1_766' title='bbox 3474 3504 3708 3574; x_wconf 90' lang='lat' dir='ltr'><strong>hospites</strong></span> 
     </span>
    </p>
   </div>
   <div class='ocr_carea' id='block_1_99' title="bbox 2127 3600 3708 3685">
    <p class='ocr_par' dir='ltr' id='par_1_99' title="bbox 2127 3600 3708 3685">
     <span class='ocr_line' id='line_1_99' title="bbox 2127 3600 3708 3685; baseline -0.018 -6"><span class='ocrx_word' id='word_1_767' title='bbox 2127 3626 2268 3680; x_wconf 88' lang='lat' dir='ltr'><strong>enim</strong></span> <span class='ocrx_word' id='word_1_768' title='bbox 2328 3619 2509 3673; x_wconf 89' lang='lat' dir='ltr'><strong>omnia</strong></span> <span class='ocrx_word' id='word_1_769' title='bbox 2571 3616 2861 3685; x_wconf 89' lang='lat' dir='ltr'><strong>patiuntur,</strong></span> <span class='ocrx_word' id='word_1_770' title='bbox 2905 3608 3062 3663; x_wconf 86' lang='lat' dir='ltr'><strong>veluti</strong></span> <span class='ocrx_word' id='word_1_771' title='bbox 3093 3605 3184 3677; x_wconf 89' lang='lat' dir='ltr'><strong>qui</strong></span> <span class='ocrx_word' id='word_1_772' title='bbox 3229 3620 3332 3658; x_wconf 91' lang='lat' dir='ltr'><strong>non</strong></span> <span class='ocrx_word' id='word_1_773' title='bbox 3374 3602 3479 3656; x_wconf 89' lang='lat' dir='ltr'><strong>sint</strong></span> <span class='ocrx_word' id='word_1_774' title='bbox 3508 3600 3559 3654; x_wconf 91' lang='lat' dir='ltr'><strong>iu</strong></span> <span class='ocrx_word' id='word_1_775' title='bbox 3612 3613 3708 3667; x_wconf 79' lang='lat' dir='ltr'><strong>pa—</strong></span> 
     </span>
    </p>
   </div>
   <div class='ocr_carea' id='block_1_100' title="bbox 2130 3687 3710 3771">
    <p class='ocr_par' dir='ltr' id='par_1_100' title="bbox 2130 3687 3710 3771">
     <span class='ocr_line' id='line_1_100' title="bbox 2130 3687 3710 3771; baseline -0.019 0"><span class='ocrx_word' id='word_1_776' title='bbox 2130 3719 2248 3771; x_wconf 84' lang='lat' dir='ltr'><strong>tria.</strong></span> <span class='ocrx_word' id='word_1_777' title='bbox 2309 3714 2374 3769; x_wconf 86' lang='lat' dir='ltr'><strong>Et</strong></span> <span class='ocrx_word' id='word_1_778' title='bbox 2426 3725 2545 3765; x_wconf 86' lang='lat' dir='ltr'><strong>eum</strong></span> <span class='ocrx_word' id='word_1_779' title='bbox 2599 3704 2901 3760; x_wconf 82' lang='lat' dir='ltr'><strong>auferretur</strong></span> <span class='ocrx_word' id='word_1_780' title='bbox 2952 3713 3105 3763; x_wconf 84' lang='lat' dir='ltr'><strong>uxor,</strong></span> <span class='ocrx_word' id='word_1_781' title='bbox 3151 3696 3252 3750; x_wconf 88' lang='lat' dir='ltr'><strong>hoc</strong></span> <span class='ocrx_word' id='word_1_782' title='bbox 3303 3706 3514 3764; x_wconf 89' lang='lat' dir='ltr'><strong>quoque</strong></span> <span class='ocrx_word' id='word_1_783' title='bbox 3564 3687 3710 3743; x_wconf 82' lang='lat' dir='ltr'><strong>fere-</strong></span> 
     </span>
    </p>
   </div>
   <div class='ocr_carea' id='block_1_101' title="bbox 2128 3790 3709 3876">
    <p class='ocr_par' dir='ltr' id='par_1_101' title="bbox 2128 3790 3709 3876">
     <span class='ocr_line' id='line_1_101' title="bbox 2128 3790 3709 3876; baseline -0.021 -10"><span class='ocrx_word' id='word_1_784' title='bbox 2128 3813 2219 3868; x_wconf 86' lang='lat' dir='ltr'><strong>bat</strong></span> <span class='ocrx_word' id='word_1_785' title='bbox 2252 3818 2519 3876; x_wconf 89' lang='lat' dir='ltr'><strong>tamquam</strong></span> <span class='ocrx_word' id='word_1_786' title='bbox 2545 3799 2854 3871; x_wconf 78' lang='lat' dir='ltr'><strong>peregrinus</strong></span> <span class='ocrx_word' id='word_1_787' title='bbox 2887 3814 2898 3851; x_wconf 87' lang='lat'><strong>:</strong></span> <span class='ocrx_word' id='word_1_788' title='bbox 2929 3807 3046 3862; x_wconf 68' lang='lat' dir='ltr'><strong>qua:</strong></span> <span class='ocrx_word' id='word_1_789' title='bbox 3088 3803 3316 3859; x_wconf 89' lang='lat' dir='ltr'><strong>superna</strong></span> <span class='ocrx_word' id='word_1_790' title='bbox 3364 3792 3542 3839; x_wconf 89' lang='lat' dir='ltr'><strong>autem</strong></span> <span class='ocrx_word' id='word_1_791' title='bbox 3582 3790 3709 3835; x_wconf 88' lang='lat' dir='ltr'><strong>sunt</strong></span> 
     </span>
    </p>
   </div>
   <div class='ocr_carea' id='block_1_102' title="bbox 2128 3880 3710 3962">
    <p class='ocr_par' dir='ltr' id='par_1_102' title="bbox 2128 3880 3710 3962">
     <span class='ocr_line' id='line_1_102' title="bbox 2128 3880 3710 3962; baseline -0.02 -3"><span class='ocrx_word' id='word_1_792' title='bbox 2128 3904 2350 3959; x_wconf 90' lang='lat' dir='ltr'><strong>curabat</strong></span> <span class='ocrx_word' id='word_1_793' title='bbox 2379 3895 2579 3962; x_wconf 85' lang='lat' dir='ltr'><strong>omnia,</strong></span> <span class='ocrx_word' id='word_1_794' title='bbox 2624 3889 2944 3948; x_wconf 84' lang='lat' dir='ltr'><strong>modestiam</strong></span> <span class='ocrx_word' id='word_1_795' title='bbox 2986 3883 3300 3945; x_wconf 71' lang='lat' dir='ltr'><strong>ostendens,</strong></span> <span class='ocrx_word' id='word_1_796' title='bbox 3347 3880 3710 3932; x_wconf 87' lang='lat' dir='ltr'><strong>honestatem-</strong></span> 
     </span>
    </p>
   </div>
   <div class='ocr_carea' id='block_1_103' title="bbox 2128 3970 3710 4067">
    <p class='ocr_par' dir='ltr' id='par_1_103' title="bbox 2128 3970 3710 4067">
     <span class='ocr_line' id='line_1_103' title="bbox 2128 3970 3710 4067; baseline -0.02 -18"><span class='ocrx_word' id='word_1_797' title='bbox 2128 4011 2232 4067; x_wconf 88' lang='lat' dir='ltr'><strong>que</strong></span> <span class='ocrx_word' id='word_1_798' title='bbox 2278 4000 2334 4047; x_wconf 90' lang='lat' dir='ltr'><strong>et</strong></span> <span class='ocrx_word' id='word_1_799' title='bbox 2377 3984 2743 4044; x_wconf 85' lang='lat' dir='ltr'><strong>omnimodam</strong></span> <span class='ocrx_word' id='word_1_800' title='bbox 2789 3975 3221 4048; x_wconf 81' lang='lat' dir='ltr'><strong>temperantiam.</strong></span> <span class='ocrx_word' id='word_1_801' title='bbox 3266 3970 3398 4026; x_wconf 88' lang='lat' dir='ltr'><strong>Nam</strong></span> <span class='ocrx_word' id='word_1_802' title='bbox 3430 3977 3710 4067; x_wconf 77' lang='lat' dir='ltr'><strong>postquam</strong></span> 
     </span>
    </p>
   </div>
   <div class='ocr_carea' id='block_1_104' title="bbox 2132 4060 3711 4159">
    <p class='ocr_par' dir='ltr' id='par_1_104' title="bbox 2132 4060 3711 4159">
     <span class='ocr_line' id='line_1_104' title="bbox 2132 4060 3711 4159; baseline -0.018 -20"><span class='ocrx_word' id='word_1_803' title='bbox 2132 4060 2639 4159; x_wconf 68' lang='lat' dir='ltr'><strong>procreavitfilium,</strong></span> <span class='ocrx_word' id='word_1_804' title='bbox 2664 4090 2769 4130; x_wconf 91' lang='lat' dir='ltr'><strong>non</strong></span> <span class='ocrx_word' id='word_1_805' title='bbox 2799 4071 2985 4127; x_wconf 87' lang='lat' dir='ltr'><strong>habuit</strong></span> <span class='ocrx_word' id='word_1_806' title='bbox 3005 4067 3234 4135; x_wconf 88' lang='lat' dir='ltr'><strong>amplius</strong></span> <span class='ocrx_word' id='word_1_807' title='bbox 3263 4060 3711 4118; x_wconf 90' lang='lat' dir='ltr'><strong>consuetudinem</strong></span> 
     </span>
    </p>
   </div>
   <div class='ocr_carea' id='block_1_105' title="bbox 2130 4152 3714 4237">
    <p class='ocr_par' dir='ltr' id='par_1_105' title="bbox 2130 4152 3714 4237">
     <span class='ocr_line' id='line_1_105' title="bbox 2130 4152 3714 4237; baseline -0.02 -4"><span class='ocrx_word' id='word_1_808' title='bbox 2130 4152 2250 4233; x_wconf 77' lang='lat' dir='ltr'><strong>cum</strong></span> <span class='ocrx_word' id='word_1_809' title='bbox 2281 4189 2447 4229; x_wconf 82' lang='lat' dir='ltr'><strong>uxore</strong></span> <span class='ocrx_word' id='word_1_810' title='bbox 2469 4190 2481 4225; x_wconf 90' lang='lat'><strong>:</strong></span> <span class='ocrx_word' id='word_1_811' title='bbox 2505 4180 2698 4226; x_wconf 90' lang='lat' dir='ltr'><strong>etcum</strong></span> <span class='ocrx_word' id='word_1_812' title='bbox 2716 4163 3062 4237; x_wconf 72' lang='lat' dir='ltr'><strong>prmteriisset</strong></span> <span class='ocrx_word' id='word_1_813' title='bbox 3081 4159 3230 4227; x_wconf 78' lang='lat' dir='ltr'><strong>vigor</strong></span> <span class='ocrx_word' id='word_1_814' title='bbox 3247 4152 3562 4225; x_wconf 87' lang='lat' dir='ltr'><strong>iuventutis,</strong></span> <span class='ocrx_word' id='word_1_815' title='bbox 3587 4159 3714 4203; x_wconf 90' lang='lat' dir='ltr'><strong>tunc</strong></span> 
     </span>
    </p>
   </div>
   <div class='ocr_carea' id='block_1_106' title="bbox 2131 4240 3717 4331">
    <p class='ocr_par' dir='ltr' id='par_1_106' title="bbox 2131 4240 3717 4331">
     <span class='ocr_line' id='line_1_106' title="bbox 2131 4240 3717 4331; baseline -0.021 -5"><span class='ocrx_word' id='word_1_816' title='bbox 2131 4287 2247 4327; x_wconf 90' lang='lat' dir='ltr'><strong>eam</strong></span> <span class='ocrx_word' id='word_1_817' title='bbox 2269 4267 2437 4331; x_wconf 78' lang='lat' dir='ltr'><strong>duxit,</strong></span> <span class='ocrx_word' id='word_1_818' title='bbox 2456 4261 2741 4318; x_wconf 84' lang='lat' dir='ltr'><strong>ostendens</strong></span> <span class='ocrx_word' id='word_1_819' title='bbox 2758 4272 2815 4311; x_wconf 91' lang='lat' dir='ltr'><strong>se</strong></span> <span class='ocrx_word' id='word_1_820' title='bbox 2836 4271 2940 4310; x_wconf 90' lang='lat' dir='ltr'><strong>non</strong></span> <span class='ocrx_word' id='word_1_821' title='bbox 2968 4253 3069 4307; x_wconf 90' lang='lat' dir='ltr'><strong>hoc</strong></span> <span class='ocrx_word' id='word_1_822' title='bbox 3096 4250 3270 4304; x_wconf 83' lang='lat' dir='ltr'><strong>facere</strong></span> <span class='ocrx_word' id='word_1_823' title='bbox 3300 4253 3512 4316; x_wconf 82' lang='lat' dir='ltr'><strong>propter</strong></span> <span class='ocrx_word' id='word_1_824' title='bbox 3541 4240 3717 4331; x_wconf 86' lang='lat' dir='ltr'><strong>libidi-</strong></span> 
     </span>
    </p>
   </div>
   <div class='ocr_carea' id='block_1_107' title="bbox 2132 4330 3715 4427">
    <p class='ocr_par' dir='ltr' id='par_1_107' title="bbox 2132 4330 3715 4427">
     <span class='ocr_line' id='line_1_107' title="bbox 2132 4330 3715 4427; baseline -0.023 -8"><span class='ocrx_word' id='word_1_825' title='bbox 2132 4377 2280 4427; x_wconf 90' lang='lat' dir='ltr'><strong>nem,</strong></span> <span class='ocrx_word' id='word_1_826' title='bbox 2296 4357 2390 4414; x_wconf 89' lang='lat' dir='ltr'><strong>sed</strong></span> <span class='ocrx_word' id='word_1_827' title='bbox 2412 4330 2469 4411; x_wconf 87' lang='lat' dir='ltr'><strong>ut</strong></span> <span class='ocrx_word' id='word_1_828' title='bbox 2496 4352 2589 4408; x_wconf 90' lang='lat' dir='ltr'><strong>Dei</strong></span> <span class='ocrx_word' id='word_1_829' title='bbox 2613 4346 2950 4422; x_wconf 87' lang='lat' dir='ltr'><strong>promissioni</strong></span> <span class='ocrx_word' id='word_1_830' title='bbox 2965 4337 3349 4406; x_wconf 84' lang='lat' dir='ltr'><strong>serviret.Quid</strong></span> <span class='ocrx_word' id='word_1_831' title='bbox 3374 4348 3502 4390; x_wconf 87' lang='lat' dir='ltr'><strong>vero</strong></span> <span class='ocrx_word' id='word_1_832' title='bbox 3513 4330 3715 4388; x_wconf 79' lang='lat' dir='ltr'><strong>Jacob?</strong></span> 
     </span>
    </p>
   </div>
   <div class='ocr_carea' id='block_1_108' title="bbox 2132 4425 3717 4521">
    <p class='ocr_par' dir='ltr' id='par_1_108' title="bbox 2132 4425 3717 4521">
     <span class='ocr_line' id='line_1_108' title="bbox 2132 4425 3717 4521; baseline -0.022 -10"><span class='ocrx_word' id='word_1_833' title='bbox 2132 4425 2310 4511; x_wconf 87' lang='lat' dir='ltr'><strong>annon</strong></span> <span class='ocrx_word' id='word_1_834' title='bbox 2353 4448 2623 4521; x_wconf 70' lang='lat' dir='ltr'><strong>quzcrebat</strong></span> <span class='ocrx_word' id='word_1_835' title='bbox 2676 4442 2846 4498; x_wconf 89' lang='lat' dir='ltr'><strong>solum</strong></span> <span class='ocrx_word' id='word_1_836' title='bbox 2873 4451 3062 4509; x_wconf 87' lang='lat' dir='ltr'><strong>panem</strong></span> <span class='ocrx_word' id='word_1_837' title='bbox 3087 4443 3141 4488; x_wconf 92' lang='lat' dir='ltr'><strong>et</strong></span> <span class='ocrx_word' id='word_1_838' title='bbox 3160 4442 3383 4495; x_wconf 89' lang='lat' dir='ltr'><strong>vestem,</strong></span> <span class='ocrx_word' id='word_1_839' title='bbox 3404 4441 3529 4521; x_wconf 68' lang='lat' dir='ltr'><strong>qua:</strong></span> <span class='ocrx_word' id='word_1_840' title='bbox 3560 4425 3717 4494; x_wconf 87' lang='lat' dir='ltr'><strong>plane</strong></span> 
     </span>
    </p>
   </div>
   <div class='ocr_carea' id='block_1_109' title="bbox 2134 4518 3718 4611">
    <p class='ocr_par' dir='ltr' id='par_1_109' title="bbox 2134 4518 3718 4611">
     <span class='ocr_line' id='line_1_109' title="bbox 2134 4518 3718 4611; baseline -0.023 -7"><span class='ocrx_word' id='word_1_841' title='bbox 2134 4556 2259 4604; x_wconf 86' lang='lat' dir='ltr'><strong>sunt</strong></span> <span class='ocrx_word' id='word_1_842' title='bbox 2286 4518 2552 4611; x_wconf 82' lang='lat' dir='ltr'><strong>hospitum</strong></span> <span class='ocrx_word' id='word_1_843' title='bbox 2582 4531 2845 4591; x_wconf 88' lang='lat' dir='ltr'><strong>desideria</strong></span> <span class='ocrx_word' id='word_1_844' title='bbox 2871 4528 2962 4599; x_wconf 91' lang='lat' dir='ltr'><strong>qui</strong></span> <span class='ocrx_word' id='word_1_845' title='bbox 2986 4525 3052 4581; x_wconf 90' lang='lat' dir='ltr'><strong>ad</strong></span> <span class='ocrx_word' id='word_1_846' title='bbox 3070 4534 3360 4580; x_wconf 64' lang='lat' dir='ltr'><strong>enremam</strong></span> <span class='ocrx_word' id='word_1_847' title='bbox 3388 4518 3718 4611; x_wconf 82' lang='lat' dir='ltr'><strong>devenerunt</strong></span> 
     </span>
    </p>
   </div>
   <div class='ocr_carea' id='block_1_110' title="bbox 2135 4608 3718 4709">
    <p class='ocr_par' dir='ltr' id='par_1_110' title="bbox 2135 4608 3718 4709">
     <span class='ocr_line' id='line_1_110' title="bbox 2135 4608 3718 4709; baseline -0.023 -15"><span class='ocrx_word' id='word_1_848' title='bbox 2135 4608 2540 4709; x_wconf 72' lang='lat' dir='ltr'><strong>paupertatem?</strong></span> <span class='ocrx_word' id='word_1_849' title='bbox 2580 4640 2756 4681; x_wconf 89' lang='lat' dir='ltr'><strong>annon</strong></span> <span class='ocrx_word' id='word_1_850' title='bbox 2797 4620 2981 4684; x_wconf 83' lang='lat' dir='ltr'><strong>pulsus</strong></span> <span class='ocrx_word' id='word_1_851' title='bbox 3011 4625 3065 4671; x_wconf 91' lang='lat' dir='ltr'><strong>et</strong></span> <span class='ocrx_word' id='word_1_852' title='bbox 3080 4615 3309 4684; x_wconf 87' lang='lat' dir='ltr'><strong>agitatus</strong></span> <span class='ocrx_word' id='word_1_853' title='bbox 3328 4608 3557 4708; x_wconf 37' lang='lat' dir='ltr'><strong>cedebat.</strong></span> <span class='ocrx_word' id='word_1_854' title='bbox 3578 4615 3718 4660; x_wconf 84' lang='lat' dir='ltr'><strong>tam-</strong></span> 
     </span>
    </p>
   </div>
   <div class='ocr_carea' id='block_1_111' title="bbox 2129 4702 3701 4799">
    <p class='ocr_par' dir='ltr' id='par_1_111' title="bbox 2129 4702 3701 4799">
     <span class='ocr_line' id='line_1_111' title="bbox 2129 4702 3701 4799; baseline -0.022 -18"><span class='ocrx_word' id='word_1_855' title='bbox 2129 4702 2289 4799; x_wconf 80' lang='lat' dir='ltr'><strong>quam</strong></span> <span class='ocrx_word' id='word_1_856' title='bbox 2318 4721 2552 4791; x_wconf 85' lang='lat' dir='ltr'><strong>hospes?</strong></span> <span class='ocrx_word' id='word_1_857' title='bbox 2576 4733 2752 4774; x_wconf 87' lang='lat' dir='ltr'><strong>annon</strong></span> <span class='ocrx_word' id='word_1_858' title='bbox 2779 4725 2892 4772; x_wconf 89' lang='lat' dir='ltr'><strong>erat</strong></span> <span class='ocrx_word' id='word_1_859' title='bbox 2921 4706 3312 4767; x_wconf 87' lang='lat' dir='ltr'><strong>mercenarius?</strong></span> <span class='ocrx_word' id='word_1_860' title='bbox 3338 4718 3514 4759; x_wconf 90' lang='lat' dir='ltr'><strong>annon</strong></span> <span class='ocrx_word' id='word_1_861' title='bbox 3546 4702 3701 4754; x_wconf 83' lang='lat' dir='ltr'><strong>innu-</strong></span> 
     </span>
    </p>
   </div>
   <div class='ocr_carea' id='block_1_112' title="bbox 2133 4792 3711 4883">
    <p class='ocr_par' dir='ltr' id='par_1_112' title="bbox 2133 4792 3711 4883">
     <span class='ocr_line' id='line_1_112' title="bbox 2133 4792 3711 4883; baseline -0.02 -8"><span class='ocrx_word' id='word_1_862' title='bbox 2133 4792 2407 4875; x_wconf 77' lang='lat' dir='ltr'><strong>merabilia</strong></span> <span class='ocrx_word' id='word_1_863' title='bbox 2433 4812 2629 4881; x_wconf 88' lang='lat' dir='ltr'><strong>ubique</strong></span> <span class='ocrx_word' id='word_1_864' title='bbox 2666 4808 2963 4879; x_wconf 88' lang='lat' dir='ltr'><strong>patiebatur</strong></span> <span class='ocrx_word' id='word_1_865' title='bbox 2982 4800 3141 4866; x_wconf 89' lang='lat' dir='ltr'><strong>mala,</strong></span> <span class='ocrx_word' id='word_1_866' title='bbox 3175 4792 3711 4883; x_wconf 50' lang='lat' dir='ltr'><strong>ubique’circumieus</strong></span> 
     </span>
    </p>
   </div>
   <div class='ocr_carea' id='block_1_113' title="bbox 2134 4884 3731 4978">
    <p class='ocr_par' dir='ltr' id='par_1_113' title="bbox 2134 4884 3731 4978">
     <span class='ocr_line' id='line_1_113' title="bbox 2134 4884 3731 4978; baseline -0.019 -15"><span class='ocrx_word' id='word_1_867' title='bbox 2134 4919 2399 4978; x_wconf 88' lang='lat' dir='ltr'><strong>tamquam</strong></span> <span class='ocrx_word' id='word_1_868' title='bbox 2422 4903 2617 4974; x_wconf 85' lang='lat' dir='ltr'><strong>hospes</strong></span> <span class='ocrx_word' id='word_1_869' title='bbox 2632 4900 2790 4955; x_wconf 68' lang='lat' dir='ltr'><strong>ﬂiam</strong></span> <span class='ocrx_word' id='word_1_870' title='bbox 2808 4905 2983 4951; x_wconf 88' lang='lat' dir='ltr'><strong>autem</strong></span> <span class='ocrx_word' id='word_1_871' title='bbox 3003 4892 3280 4963; x_wconf 86' lang='lat' dir='ltr'><strong>patientes,</strong></span> <span class='ocrx_word' id='word_1_872' title='bbox 3301 4884 3731 4978; x_wconf 77' lang='lat' dir='ltr'><strong>ostendebantse</strong></span> 
     </span>
    </p>
   </div>
   <div class='ocr_carea' id='block_1_114' title="bbox 2134 4972 3707 5068">
    <p class='ocr_par' dir='ltr' id='par_1_114' title="bbox 2134 4972 3707 5068">
     <span class='ocr_line' id='line_1_114' title="bbox 2134 4972 3707 5068; baseline -0.02 -12"><span class='ocrx_word' id='word_1_873' title='bbox 2134 4972 2293 5057; x_wconf 80' lang='lat' dir='ltr'><strong>aliam</strong></span> <span class='ocrx_word' id='word_1_874' title='bbox 2333 4972 2575 5068; x_wconf 64' lang='lat' dir='ltr'><strong>quierere</strong></span> <span class='ocrx_word' id='word_1_875' title='bbox 2615 4993 2860 5062; x_wconf 89' lang='lat' dir='ltr'><strong>patriam.</strong></span> <span class='ocrx_word' id='word_1_876' title='bbox 2908 4987 3088 5052; x_wconf 65' lang='lat' dir='ltr'><strong>Papae,</strong></span> <span class='ocrx_word' id='word_1_877' title='bbox 3127 4990 3324 5052; x_wconf 87' lang='lat' dir='ltr'><strong>quanta</strong></span> <span class='ocrx_word' id='word_1_878' title='bbox 3369 4972 3707 5068; x_wconf 77' lang='lat' dir='ltr'><strong>differentia!</strong></span> 
     </span>
    </p>
   </div>
   <div class='ocr_carea' id='block_1_115' title="bbox 2136 5064 3715 5162">
    <p class='ocr_par' dir='ltr' id='par_1_115' title="bbox 2136 5064 3715 5162">
     <span class='ocr_line' id='line_1_115' title="bbox 2136 5064 3715 5162; baseline -0.02 -14"><span class='ocrx_word' id='word_1_879' title='bbox 2136 5092 2211 5148; x_wconf 89' lang='lat' dir='ltr'><strong>illi</strong></span> <span class='ocrx_word' id='word_1_880' title='bbox 2239 5064 2452 5162; x_wconf 80' lang='lat' dir='ltr'><strong>quidem</strong></span> <span class='ocrx_word' id='word_1_881' title='bbox 2478 5084 2717 5157; x_wconf 89' lang='lat' dir='ltr'><strong>quotidie</strong></span> <span class='ocrx_word' id='word_1_882' title='bbox 2762 5077 3144 5151; x_wconf 85' lang='lat' dir='ltr'><strong>parturiebant,</strong></span> <span class='ocrx_word' id='word_1_883' title='bbox 3175 5073 3415 5127; x_wconf 80' lang='lat' dir='ltr'><strong>volentes</strong></span> <span class='ocrx_word' id='word_1_884' title='bbox 3444 5068 3568 5122; x_wconf 89' lang='lat' dir='ltr'><strong>hinc</strong></span> <span class='ocrx_word' id='word_1_885' title='bbox 3602 5064 3715 5119; x_wconf 86' lang='lat' dir='ltr'><strong>dis-</strong></span> 
     </span>
    </p>
   </div>
   <div class='ocr_carea' id='block_1_116' title="bbox 2136 5164 3712 5247">
    <p class='ocr_par' dir='ltr' id='par_1_116' title="bbox 2136 5164 3712 5247">
     <span class='ocr_line' id='line_1_116' title="bbox 2136 5164 3712 5247; baseline -0.02 -8"><span class='ocrx_word' id='word_1_886' title='bbox 2136 5182 2367 5247; x_wconf 86' lang='lat' dir='ltr'><strong>cedere,</strong></span> <span class='ocrx_word' id='word_1_887' title='bbox 2420 5188 2475 5233; x_wconf 90' lang='lat' dir='ltr'><strong>et</strong></span> <span class='ocrx_word' id='word_1_888' title='bbox 2522 5174 2700 5231; x_wconf 88' lang='lat' dir='ltr'><strong>redire</strong></span> <span class='ocrx_word' id='word_1_889' title='bbox 2755 5172 2821 5226; x_wconf 86' lang='lat' dir='ltr'><strong>ad</strong></span> <span class='ocrx_word' id='word_1_890' title='bbox 2875 5183 3027 5224; x_wconf 88' lang='lat' dir='ltr'><strong>suam</strong></span> <span class='ocrx_word' id='word_1_891' title='bbox 3079 5164 3352 5235; x_wconf 86' lang='lat' dir='ltr'><strong>patriam:</strong></span> <span class='ocrx_word' id='word_1_892' title='bbox 3387 5175 3484 5214; x_wconf 91' lang='lat' dir='ltr'><strong>nos</strong></span> <span class='ocrx_word' id='word_1_893' title='bbox 3533 5165 3712 5210; x_wconf 89' lang='lat' dir='ltr'><strong>autem</strong></span> 
     </span>
    </p>
   </div>
   <div class='ocr_carea' id='block_1_117' title="bbox 2137 5257 3716 5339">
    <p class='ocr_par' dir='ltr' id='par_1_117' title="bbox 2137 5257 3716 5339">
     <span class='ocr_line' id='line_1_117' title="bbox 2137 5257 3716 5339; baseline -0.018 -8"><span class='ocrx_word' id='word_1_894' title='bbox 2137 5286 2345 5339; x_wconf 87' lang='lat' dir='ltr'><strong>contra,</strong></span> <span class='ocrx_word' id='word_1_895' title='bbox 2378 5273 2421 5326; x_wconf 86' lang='lat' dir='ltr'><strong>si</strong></span> <span class='ocrx_word' id='word_1_896' title='bbox 2450 5269 2609 5326; x_wconf 86' lang='lat' dir='ltr'><strong>febris</strong></span> <span class='ocrx_word' id='word_1_897' title='bbox 2632 5266 2867 5331; x_wconf 87' lang='lat' dir='ltr'><strong>irruerit,</strong></span> <span class='ocrx_word' id='word_1_898' title='bbox 2891 5263 3136 5318; x_wconf 90' lang='lat' dir='ltr'><strong>omnibus</strong></span> <span class='ocrx_word' id='word_1_899' title='bbox 3161 5257 3416 5315; x_wconf 88' lang='lat' dir='ltr'><strong>dimissis.</strong></span> <span class='ocrx_word' id='word_1_900' title='bbox 3442 5263 3716 5321; x_wconf 89' lang='lat' dir='ltr'><strong>tamquam</strong></span> 
     </span>
    </p>
   </div>
   <div class='ocr_carea' id='block_1_118' title="bbox 2141 5346 3714 5439">
    <p class='ocr_par' dir='ltr' id='par_1_118' title="bbox 2141 5346 3714 5439">
     <span class='ocr_line' id='line_1_118' title="bbox 2141 5346 3714 5439; baseline -0.018 -16"><span class='ocrx_word' id='word_1_901' title='bbox 2141 5366 2350 5439; x_wconf 88' lang='lat' dir='ltr'><strong>parvuli</strong></span> <span class='ocrx_word' id='word_1_902' title='bbox 2376 5363 2609 5420; x_wconf 86' lang='lat' dir='ltr'><strong>infantes</strong></span> <span class='ocrx_word' id='word_1_903' title='bbox 2635 5356 2955 5430; x_wconf 87' lang='lat' dir='ltr'><strong>plorabundi</strong></span> <span class='ocrx_word' id='word_1_904' title='bbox 2994 5363 3218 5408; x_wconf 91' lang='lat' dir='ltr'><strong>mortem</strong></span> <span class='ocrx_word' id='word_1_905' title='bbox 3248 5346 3673 5420; x_wconf 89' lang='lat' dir='ltr'><strong>pertimescimus</strong></span> <span class='ocrx_word' id='word_1_906' title='bbox 3698 5359 3714 5395; x_wconf 85' lang='lat'><strong>:</strong></span> 
     </span>
    </p>
   </div>
   <div class='ocr_carea' id='block_1_119' title="bbox 2138 5441 3720 5513">
    <p class='ocr_par' dir='ltr' id='par_1_119' title="bbox 2138 5441 3720 5513">
     <span class='ocr_line' id='line_1_119' title="bbox 2138 5441 3720 5513; baseline -0.017 1"><span class='ocrx_word' id='word_1_907' title='bbox 2138 5467 2190 5513; x_wconf 87' lang='lat' dir='ltr'><strong>et</strong></span> <span class='ocrx_word' id='word_1_908' title='bbox 2219 5454 2411 5512; x_wconf 88' lang='lat' dir='ltr'><strong>merito</strong></span> <span class='ocrx_word' id='word_1_909' title='bbox 2438 5454 2592 5510; x_wconf 91' lang='lat' dir='ltr'><strong>nobis</strong></span> <span class='ocrx_word' id='word_1_910' title='bbox 2639 5452 2740 5505; x_wconf 91' lang='lat' dir='ltr'><strong>hoc</strong></span> <span class='ocrx_word' id='word_1_911' title='bbox 2765 5447 2975 5504; x_wconf 90' lang='lat' dir='ltr'><strong>accidit.</strong></span> <span class='ocrx_word' id='word_1_912' title='bbox 3002 5444 3132 5499; x_wconf 86' lang='lat' dir='ltr'><strong>Nam</strong></span> <span class='ocrx_word' id='word_1_913' title='bbox 3164 5441 3414 5513; x_wconf 83' lang='lat' dir='ltr'><strong>quoniam</strong></span> <span class='ocrx_word' id='word_1_914' title='bbox 3447 5451 3551 5492; x_wconf 87' lang='lat' dir='ltr'><strong>non</strong></span> <span class='ocrx_word' id='word_1_915' title='bbox 3581 5444 3720 5488; x_wconf 82' lang='lat' dir='ltr'><strong>tam-</strong></span> 
     </span>
    </p>
   </div>
   <div class='ocr_carea' id='block_1_120' title="bbox 2138 5526 3719 5621">
    <p class='ocr_par' dir='ltr' id='par_1_120' title="bbox 2138 5526 3719 5621">
     <span class='ocr_line' id='line_1_120' title="bbox 2138 5526 3719 5621; baseline -0.015 -19"><span class='ocrx_word' id='word_1_916' title='bbox 2138 5566 2296 5621; x_wconf 85' lang='lat' dir='ltr'><strong>quam</strong></span> <span class='ocrx_word' id='word_1_917' title='bbox 2323 5548 2564 5615; x_wconf 87' lang='lat' dir='ltr'><strong>hospites</strong></span> <span class='ocrx_word' id='word_1_918' title='bbox 2598 5544 2686 5600; x_wconf 89' lang='lat' dir='ltr'><strong>hic</strong></span> <span class='ocrx_word' id='word_1_919' title='bbox 2711 5541 2972 5612; x_wconf 89' lang='lat' dir='ltr'><strong>degimus,</strong></span> <span class='ocrx_word' id='word_1_920' title='bbox 3000 5546 3054 5591; x_wconf 93' lang='lat' dir='ltr'><strong>et</strong></span> <span class='ocrx_word' id='word_1_921' title='bbox 3083 5551 3187 5591; x_wconf 91' lang='lat' dir='ltr'><strong>non</strong></span> <span class='ocrx_word' id='word_1_922' title='bbox 3224 5526 3591 5621; x_wconf 35' lang='lat' dir='ltr'><strong>tamquam-ad</strong></span> <span class='ocrx_word' id='word_1_923' title='bbox 3624 5540 3719 5596; x_wconf 84' lang='lat' dir='ltr'><strong>pa-</strong></span> 
     </span>
    </p>
   </div>
   <div class='ocr_carea' id='block_1_121' title="bbox 2142 5617 3719 5702">
    <p class='ocr_par' dir='ltr' id='par_1_121' title="bbox 2142 5617 3719 5702">
     <span class='ocr_line' id='line_1_121' title="bbox 2142 5617 3719 5702; baseline -0.015 -9"><span class='ocrx_word' id='word_1_924' title='bbox 2142 5617 2649 5702; x_wconf 28' lang='lat' dir='ltr'><strong>t‘riamfestinamus,</strong></span> <span class='ocrx_word' id='word_1_925' title='bbox 2673 5631 2765 5688; x_wconf 90' lang='lat' dir='ltr'><strong>sed</strong></span> <span class='ocrx_word' id='word_1_926' title='bbox 2785 5640 3050 5700; x_wconf 87' lang='lat' dir='ltr'><strong>tamquam</strong></span> <span class='ocrx_word' id='word_1_927' title='bbox 3068 5634 3256 5682; x_wconf 88' lang='lat' dir='ltr'><strong>euntes</strong></span> <span class='ocrx_word' id='word_1_928' title='bbox 3275 5620 3341 5676; x_wconf 91' lang='lat' dir='ltr'><strong>ad</strong></span> <span class='ocrx_word' id='word_1_929' title='bbox 3362 5617 3683 5688; x_wconf 88' lang='lat' dir='ltr'><strong>supplicium</strong></span> <span class='ocrx_word' id='word_1_930' title='bbox 3705 5633 3719 5669; x_wconf 92' lang='lat'><strong>:</strong></span> 
     </span>
    </p>
   </div>
   <div class='ocr_carea' id='block_1_122' title="bbox 2142 5707 3720 5805">
    <p class='ocr_par' dir='ltr' id='par_1_122' title="bbox 2142 5707 3720 5805">
     <span class='ocr_line' id='line_1_122' title="bbox 2142 5707 3720 5805; baseline -0.017 -17"><span class='ocrx_word' id='word_1_931' title='bbox 2142 5741 2422 5805; x_wconf 81' lang='lat' dir='ltr'><strong>propterea</strong></span> <span class='ocrx_word' id='word_1_932' title='bbox 2451 5727 2713 5792; x_wconf 87' lang='lat' dir='ltr'><strong>dolemus,</strong></span> <span class='ocrx_word' id='word_1_933' title='bbox 2747 5720 2888 5794; x_wconf 87' lang='lat' dir='ltr'><strong>quod</strong></span> <span class='ocrx_word' id='word_1_934' title='bbox 2919 5717 3080 5775; x_wconf 88' lang='lat' dir='ltr'><strong>rebus</strong></span> <span class='ocrx_word' id='word_1_935' title='bbox 3118 5730 3222 5772; x_wconf 90' lang='lat' dir='ltr'><strong>non</strong></span> <span class='ocrx_word' id='word_1_936' title='bbox 3261 5721 3318 5769; x_wconf 92' lang='lat' dir='ltr'><strong>ut</strong></span> <span class='ocrx_word' id='word_1_937' title='bbox 3360 5709 3596 5780; x_wconf 85' lang='lat' dir='ltr'><strong>oportuit</strong></span> <span class='ocrx_word' id='word_1_938' title='bbox 3640 5707 3720 5762; x_wconf 88' lang='lat' dir='ltr'><strong>usi</strong></span> 
     </span>
    </p>
   </div>
  </div>
