4082 6212
419 293 519 348 ῖυί)

414 413 554 479 δέον,
614 411 751 466 ἀλλά
810 409 911 483 τὴν
965 408 1117 473 τάξιν
1164 405 1644 477 ἀντεστρέψαμεν·
1703 405 1795 459 διὰ
1829 403 1989 458 τοῦτο

415 497 753 570 ὀδυρόμεθα,
778 496 865 549 ὅτε
897 495 1106 564 χαίρειν
1137 492 1325 562 ἐχρῆν,
1363 490 1453 543 διὰ
1484 488 1641 542 τοῦτο
1672 489 1987 561 φρίττομεν,

415 581 667 651 καθάπερ
695 581 840 641 τινὲς
876 576 1188 647 ἀνδροφόνοι
1224 575 1313 627 καὶ
1349 571 1668 644 λῄσταρχοι,
1703 571 1989 640 μέλλοντες

412 664 751 735 δικαστηρίῳ
823 658 1231 731 παρίστασθαι,
1315 655 1410 708 καὶ
1465 654 1645 708 πάντα
1704 653 1990 724 λογιζόμε-

414 767 494 802 νοι
529 749 674 819 ειπερ
727 743 992 816 ἔπραξαν,
1059 743 1153 795 καὶ
1209 740 1299 794 διὰ
1332 738 1493 792 τοῦτο
1540 737 1841 802 δεδοικότες
1894 737 1989 790 καὶ

409 834 726 905 τρέμοντες.
798 827 941 880 Ἀλλ’
1023 827 1124 881 οὐκ
1216 826 1414 878 ἐκεῖνοι
1502 821 1735 875 τοιοῦτοι
1774 862 1789 887 ,
1871 822 1987 876 ἀλλ’

408 916 729 989 ἠπείγοντοο
772 915 800 966 ὁ
839 912 898 966 δὲ
946 910 1161 974 Παῦλος
1209 907 1305 962 καὶ
1356 906 1633 971 ἐστέναξε.
1690 907 1799 989 Καὶ
1823 905 1986 989 ἄκουε

408 987 576 1055 αὑτοῦ
643 998 935 1066 λέγοντος,
1015 993 1125 1048 Καὶ
1194 990 1364 1046 αὐτοὶ
1421 993 1475 1045 οἱ
1520 991 1589 1044 ὲν
1639 987 1722 1054 τῷ
1773 988 1986 1058 σκήνει

408 1085 602 1150 ὄντες,
653 1077 1021 1147 στενάζομεν
1068 1076 1458 1147 βαρούμενοι.
1536 1072 1780 1126 Τοιοῦτοι
1847 1067 1988 1143 ἦσαν

406 1169 455 1220 ot
512 1167 641 1236 περὶ
668 1164 760 1218 τὸν
823 1160 1147 1233 Ἀϐραάμι·
1215 1158 1379 1225 ξένοι,
1444 1157 1634 1228 φησιν,
1689 1150 1831 1226 ἦσαν
1886 1153 1989 1225 τῆς

378 1248 741 1319 οἰκουμένης
772 1246 1012 1315 ἁπάσης,
1040 1244 1131 1297 καὶ
1167 1240 1403 1311 πατρίδα
1435 1240 1680 1313 ἐζήτουν.
1711 1237 1877 1292 Ποίαν
1920 1236 1986 1308 δὴ

405 1334 646 1403 ταύτην;
679 1327 789 1402 ἆρα
818 1330 883 1399 ῆν
921 1326 1143 1391 εῖασανς
1182 1323 1452 1393 Οὐδαμῶς
1474 1338 1488 1352 ’
1522 1321 1576 1375 τί
1605 1322 1713 1393 γὰρ
1748 1319 1986 1375 ἐκώλυεν

405 1416 630 1480 αὐτοὺς,
691 1414 744 1468 ετ
794 1429 858 1481 γε
911 1410 1226 1474 ἐϐούλοντο,
1277 1406 1614 1476 ὑποστρέψαι
1657 1406 1839 1471 πάλιν,
1889 1405 1985 1459 καὶ

405 1499 666 1570 γενέσθαι
699 1497 955 1560 πολίταις
987 1493 1102 1548 ἀλλ’
1129 1492 1346 1562 ἐκείνην
1379 1490 1609 1561 ἐζήτουν
1643 1489 1742 1560 τὴν
1771 1490 1829 1543 ἐν
1871 1492 1986 1552 τοῖς

405 1585 678 1656 οὐρανοῖς.
718 1580 877 1634 Οὕτω
918 1579 1057 1651 πρὸς
1110 1578 1210 1647 τὴν
1262 1575 1573 1646 ἀποδημίαν
1625 1575 1723 1645 τὴν
1769 1574 1984 1628 ἐνθένδε

406 1667 690 1731 ἔσπευδον,
722 1666 817 1719 καὶ
861 1662 1037 1727 οὕτως
1082 1663 1320 1733 ἤρεσκον
1352 1658 1507 1729 Θεῷ·
1537 1659 1620 1713 διὸ
1669 1660 1769 1712 οὐκ
1820 1658 1984 1713 ἐπαι-

406 1752 662 1822 σχύνεται
699 1747 898 1811 αὐτοὺς
923 1749 951 1800 0
983 1745 1116 1808 Θεὸς
1141 1744 1275 1808 Θεὸς
1304 1742 1592 1803 καλεῖσθαι
1637 1742 1839 1797 αὐτῶν.
1878 1742 1983 1796 Βα-

405 1837 521 1900 ϐαῖ,
553 1836 677 1888 ὅσον
723 1829 979 1902 ἀξίωμαί
1025 1828 1161 1891 Θεὸς
1206 1825 1491 1881 καλεῖσθαι
1549 1824 1729 1879 αὐτῶν
1765 1825 1984 1878 κατεδέ-

405 1922 555 1986 ξατο.
588 1918 651 1971 Τί
680 1915 891 1983 λέγεις;
937 1913 1070 1972 Θεὸς
1115 1912 1213 1983 τῆς
1260 1911 1365 1981 γῆς
1412 1908 1680 1974 καλεῖται,
1724 1910 1819 1964 καὶ⁵
1850 1908 1984 1972 Θεὸς

403 2004 498 2058 τοῦ
529 2000 782 2074 οὐρανοῦ,
815 1998 911 2052 καὶ
953 1997 1027 2058 ὼς
1055 1995 1197 2066 μέγα
1229 2011 1283 2047 τι
1316 1992 1572 2058 τέθεικας
1592 1994 1652 2048 τὸ
1680 1993 1780 2047 οὐκ
1821 1995 1982 2047 ἐπαι-

406 2087 696 2159 σχύνεσθαι
719 2083 852 2145 Θεὸς
872 2079 1157 2159 καλεῖσθαι
1196 2077 1412 2144 αὑτῶν;
1469 2079 1653 2147 Μέγα,
1694 2078 1790 2131 καὶ
1813 2077 1983 2141 ὅντως

408 2155 573 2243 μέγα,
634 2169 730 2223 καὶ
764 2155 1409 2237 πολλῆς“μακαριότητος
1439 2161 1601 2214 τοῦτο
1654 2161 1979 2231 τεκμήριον.

406 2255 562 2319 Πῶς;
596 2254 715 2307 Ὅτι
746 2253 850 2322 γῆς
884 2249 983 2319 μὲν
1001 2247 1094 2302 καὶ
1114 2243 1347 2315 ούρανοῦ
1371 2244 1513 2298 οὓτω
1545 2245 1793 2297 καλεῖται
1824 2243 1978 2306 Θεὸς,

403 2339 479 2403 ὡς
501 2338 597 2391 καὶ
629 2336 922 2404 Ἑλλήνων,
954 2333 1048 2385 καὶ
1076 2327 1308 2401 ούρανοῦ
1353 2329 1450 2400 μὲν
1487 2328 1580 2381 καὶ
1612 2330 1715 2397 γῆς
1756 2327 1910 2393 Θεὸς,

404 2422 586 2475 ἔκτισε
618 2420 714 2474 καὶ
739 2415 1171 2488 ἐδημιούργησεν
1196 2411 1369 2465 αίιτόι⁸
1398 2411 1508 2463 τῶν
1538 2411 1596 2463 δὲ
1630 2411 1803 2479 ἁγίων
1835 2410 1980 2463 ἐκεί-

404 2522 511 2557 νων
542 2504 641 2572 οὐχ
670 2499 865 2563 οὕτως,
900 2498 1015 2552 ἀλλ’
1045 2497 1120 2561 ὡς
1148 2494 1301 2565 φίλος
1351 2510 1436 2557 τις
1478 2494 1720 2562 γνήσιος.
1770 2493 1893 2572 ⁸ῖεῖπὶ
1923 2492 1979 2546 δὲ

406 2570 813 2653 ὑποδείγίματος
847 2583 975 2651 ύμῖν
1020 2578 1151 2632 αὐτὸ
1188 2577 1400 2647 ποιήσω
1441 2575 1694 2645 φανερόν.
1732 2570 1857 2628 Οἵον
1888 2575 1982 2629 ἐπὶ

403 2670 510 2724 τῶν
538 2670 598 2721 ἐν
625 2669 747 2730 ταῖς
785 2665 1050 2736 μεγάλαις
1078 2662 1298 2725 οἰκίαις,
1323 2662 1451 2714 ὃταν
1481 2659 1627 2722 τινες
1648 2657 1980 2728 εὐδοκιμῶσι

362 2784 369 2792 -
402 2754 512 2808 τῶν
537 2749 955 2824 προεστηκότων
1003 2749 1103 2818 τῆς
1146 2744 1346 2807 οίκίας,
1378 2742 1472 2795 καὶ
1534 2742 1739 2812 σφόδρα
1770 2742 1981 2796 εὐδοκι-

407 2837 571 2909 μῶσι,
601 2835 697 2889 καὶ
737 2833 915 2887 πάντα
947 2830 1100 2885 αὐτοὶ
1143 2829 1390 2891 διέπωσι,
1445 2826 1540 2879 καὶ
1570 2826 1707 2897 πρὸς
1737 2827 1863 2889 τοὺς
1890 2826 1981 2879 δε-

402 2921 611 2987 σπότας
643 2915 843 2987 πολλὴν
869 2914 967 2984 τὴν
1010 2910 1325 2985 παρρησίαν
1365 2909 1581 2979 έχωσιν,
1610 2911 1705 2963 ἀπ’
1741 2909 1921 2963 αὐτῶν
1952 2910 1981 2962 ὁ

400 3002 669 3070 δεσπότης
696 3000 975 3053 καλεῖται⁹
1018 2996 1114 3049 καὶ
1145 2992 1372 3057 πολλοὺς
1410 2991 1476 3046 ἄν
1524 3008 1607 3056 τις
1657 2990 1807 3063 εὖροι
1838 2990 1981 3047 οὕτω

402 3085 791 3155 καλουμένους.
827 3083 892 3135 Τί
923 3082 977 3135 δὲ
998 3080 1142 3148 λέγω
1168 3095 1182 3144 ;
1216 3076 1407 3141 ὥσπερ
1427 3071 1496 3147 ἦν
1528 3077 1796 3140 είπεῖν,’0
1824 3075 1979 3155 Θεὸς,

402 3172 503 3241 οὐχ
528 3171 556 3221 0
584 3154 697 3221 τῶν
728 3166 918 3226 ἐθνῶν,
950 3162 1066 3221 ἀλλ’
1094 3164 1123 3217 0
1166 3163 1266 3233 τῆς
1320 3158 1647 3229 οίκουμένης
1667 3174 1678 3187 ·
1715 3159 1888 3239 οὕτως
1911 3154 1980 3229 ἦν

402 3257 578 3308 εἰπεῖν
617 3253 675 3306 'O
703 3252 835 3315 Θεὸς
878 3247 1149 3319 Ἀϐραάμ.
1186 3244 1328 3298 Ἀλλ’
1361 3244 1464 3297 οὐκ
1487 3244 1599 3295 ίστε
1623 3242 1747 3295 ὅσον
1777 3242 1893 3295 ἐστί
1919 3242 1981 3295 τὸ

398 3338 619 3407 ἀξίωμα
650 3337 829 3398 τοῦτο,
868 3333 988 3387 ἐπεὶ
1023 3329 1158 3401 μηδέ
1180 3328 1522 3397 τυγχάνομεν
1552 3323 1738 3378 αὐτοῦ.
1768 3325 1981 3394 ’Ὥσπερ

401 3422 514 3491 γὰρ
542 3420 635 3474 νῦν
675 3423 702 3473 0
732 3419 934 3490 Κύριος
972 3415 1081 3468 τῶν
1108 3411 1450 3480 Χριστιανῶν
1477 3410 1732 3463 ἁπάντων
1760 3408 1980 3476 λέγεται

401 3505 560 3570 Θεὸς,
591 3504 687 3558 καὶ
729 3504 880 3574 ὅμως
928 3498 1249 3570 ὑπερϐαίνει
1284 3496 1343 3561 τὸ
1367 3494 1537 3565 ὄνομα
1566 3495 1665 3564 τὴν
1704 3495 1979 3564 ἡμετέραν

403 3589 594 3654 ἀξίαν⁸
629 3588 679 3641 εί
712 3586 769 3640 δέ
799 3585 917 3647 ἐνὸς
966 3582 1193 3651 κληθείη
1226 3579 1380 3642 Θεὸς,
1412 3578 1666 3646 ἐννόησον
1689 3575 1980 3648 [225}050v

402 3672 465 3724 τὸ
499 3670 747 3740 μέγεθος.
781 3669 848 3722 Ὀ
878 3667 979 3737 τῆς
1003 3663 1331 3735 οἰκουμένης
1361 3661 1495 3725 Θεὸς
1524 3661 1626 3714 οὐκ
1658 3660 1982 3730 ἐπαισχύνε-

402 3773 494 3809 ται
522 3754 691 3826 τριῶν
730 3752 1016 3807 καλεῖσθαι
1039 3749 1192 3813 Θεὸς,
1250 3747 1478 3809 εἰκότως
1500 3762 1515 3776 ’
1548 3745 1607 3798 οὐ
1637 3745 1747 3816 γάρ
1776 3746 1874 3814 τῆς
1901 3747 1981 3798 οἱ-

405 3839 697 3909 κουμένης,
727 3836 864 3892 ἀλλά
895 3834 1102 3905 μυρίων
1137 3831 1395 3885 τοιούτων
1426 3830 1565 3883 εἰσὶν
1591 3830 1908 3900 ἀντίρροποι
1930 3830 1978 3882 οί

403 3921 573 3990 ἅγιοι.
595 3922 882 3988 Κρείττων
920 3918 1029 3988 γὰρ
1052 3912 1141 3983 εἷς
1184 3913 1372 3969 ποιῶν
1391 3914 1457 3968 τὸ
1483 3911 1716 3982 θέλημα
1733 3914 1977 3981 Κυρίου,

402 4005 442 4073 ἦ
472 4008 676 4074 μυρίοι
703 4002 1055 4071 παράνομοι.
1104 4002 1226 4054 ’Ότι
1262 3998 1319 4052 δὲ
1341 3998 1515 4061 οὕτως
1541 3997 1767 4060 ἑαυτοὺς
1797 3996 1980 4061 ξένους

404 4087 657 4147 ἐκάλουν,
712 4084 890 4152 δῆλον.
957 4085 1139 4135 Ἔστω
1202 4081 1283 4147 δὲ,
1335 4076 1480 4134 οὗτοι
1530 4080 1617 4132 διὰ
1674 4079 1772 4148 τὴν
1823 4079 1979 4149 ξένην

403 4169 591 4235 ελεγον
618 4163 757 4219 εἶναι
778 4163 919 4229 ξένοι
944 4180 957 4191 ·
988 4165 1041 4215 τί
1072 4163 1162 4215 δαὶ
1186 4165 1281 4214 καῖ
1304 4165 1333 4214 0
1358 4161 1552 4227 Δαυῖδ;
1581 4160 1701 4231 οὐχί⁵
1726 4159 1979 4229 βασιλεὺς

402 4248 506 4323 ἧν;
539 4249 658 4319 οὐχὶ
687 4247 1012 4319 προφήτης;
1046 4244 1168 4314 οὐχὶ
1224 4246 1282 4296 ἐν
1314 4246 1380 4313 τῇ
1416 4243 1595 4313 οἰκείᾳ
1640 4243 1863 4314 πατρίδι
1903 4242 1980 4296 δι-

401 4333 620 4404 έτριϐες
648 4332 793 4395 τίνος
810 4330 903 4384 οὖν
927 4327 1115 4383 ἕνεκέν
1142 4343 1295 4398 φησι,
1316 4326 1500 4393 Ξένος
1528 4326 1626 4379 καί
1653 4326 1979 4395 παρεπίδη-

401 4422 515 4491 μός
542 4422 657 4488 ειμι
675 4434 695 4483 ;
730 4415 853 4479 Πῶς
880 4409 932 4468 εῐ
965 4412 1113 4478 ξένος
1140 4427 1156 4477 ;
1193 4408 1422 4476 Καθὼς,
1466 4409 1633 4491 φησὶ,
1662 4408 1885 4476 πάντες
1923 4412 1978 4464 οἱ

402 4490 654 4572 πατέρες
679 4518 819 4573 μου.
859 4499 1026 4570 Ὀρᾷς
1057 4497 1139 4551 ὅτι
1173 4495 1415 4549 κάκεῖνοι
1441 4492 1581 4560 ξένοι
1606 4490 1779 4565 ἧσαν;
1816 4495 1977 4564 Ἐχο-

407 4604 507 4658 μεν
554 4585 810 4657 πατρίδα,
864 4582 1050 4652 φησὶν,
1088 4578 1204 4632 ἀλλ’
1244 4578 1303 4632 οὐ
1338 4576 1437 4647 τὴν
1486 4576 1656 4640 ὅντως
1718 4578 1973 4648 πατρίδα.

404 4668 527 4733 Πῶς
579 4668 638 4721 δέ
674 4669 738 4721 σὺ
779 4664 965 4733 ξένος;
1012 4663 1125 4734 Τῆς
1178 4658 1303 4730 γῆς.
1355 4658 1571 4713 Οὐκοῦν
1604 4661 1845 4713 κάκεῖνοι
1875 4660 1977 4730 τῆς

403 4755 507 4823 γῆς
528 4769 543 4785 θ
580 4749 764 4813 καθὼς
798 4748 906 4819 γὰρ
937 4749 1158 4813 ἐκεῖνοι,
1182 4743 1324 4798 οὕτω
1346 4744 1441 4799 καὶ
1463 4736 1641 4809 οὗτος,
1671 4745 1764 4797 καὶ
1793 4744 1976 4809 καθὼς

402 4829 575 4896 οὗτος,
610 4832 755 4887 οὕτω
786 4834 1029 4885 κάκεῖνοι
1063 4829 1114 4883 ι’.

472 4916 541 4982 γ’.
561 4915 852 4985 Γενώμεθα
870 4914 1049 4967 τοίνυν
1071 4912 1213 4978 ξένοι
1227 4911 1332 4966 κᾶν
1348 4910 1443 4966 νῦν
1468 4912 1562 4964 καὶ
1582 4914 1763 4982 ἡμεῖς,
1789 4912 1874 4964 ἵνα
1901 4910 1975 4983 μὴ

404 4999 747 5067 ἐπαισχυνθῇ
776 5000 924 5069 ἡμᾶς
955 5001 983 5051 0
1012 4996 1168 5060 Θεὸς,
1196 4995 1327 5058 Θεὸς
1361 4994 1739 5049 ἐπικαλεῖσθαι
1791 4994 1969 5065 ἡμῶν.

405 5081 641 5153 Αἰσχύνη
673 5081 780 5151 γὰρ
807 5082 976 5152 αὐτῷ,
1018 5081 1145 5133 ὅταν
1176 5079 1388 5150 ἀνδρῶν
1438 5079 1693 5150 πονηρῶν
1742 5079 1976 5149 καλῆται

402 5169 553 5230 Θεὸς,
587 5168 681 5218 καὶ
707 5164 1091 5234 ἐπαισχύνεται
1113 5163 1309 5227 αὐτοὺς
1334 5165 1429 5217 καὶ
1462 5164 1647 5228 αὐτὸς,
1688 5163 1974 5236 ὡσπεροῦν

400 5249 704 5315 δοξάζεται,
723 5248 851 5301 ὅταν
879 5247 1099 5314 ἀγαθῶν
1195 5247 1288 5301 καὶ
1318 5247 1577 5319 χρηστῶν
1612 5249 1709 5300 καὶ
1737 5249 1973 5301 ἀσκούν-

399 5352 507 5386 των
547 5333 775 5403 ἀρετήν.
801 5331 862 5384 Εἰ
894 5330 1003 5398 γὰρ
1031 5333 1193 5400 ἡμεῖς
1242 5330 1657 5403 παραιτούμεθα
1692 5331 1972 5385 καλεῖσθαι

401 5418 655 5470 δεσπόται
675 5415 923 5484 πονηρῶν
942 5414 1099 5484 ἡμῶν
1123 5413 1346 5478 δούλων,
1370 5415 1464 5467 καὶ
1486 5416 1719 5485 ἀφίεμεν
1741 5413 1935 5475 αὐτούς
1955 5430 1969 5447 ’

464 5611 644 5689 "(1011)..
659 5612 908 5689 pgmiliam
943 5611 1118 5675 incipit
1162 5616 1240 5666 his
1295 5612 1477 5675 verbis,
1522 5611 1744 5665 Τοιοῦτοι
1780 5613 1904 5675 ᾖσαν
1927 5618 1970 5664 οῖ

404 5678 505 5737 περὶ
525 5678 604 5721 τὸν
633 5678 864 5735 Ἀϐραάμ.

467 5746 492 5778 ιι
515 5732 649 5795 Finis
667 5733 881 5786 humilia:
905 5739 954 5786 in
986 5735 1127 5788 Colb.

1165 287 1225 341 ε.
1260 282 1553 340 JOANMS
1588 283 1981 365 (ξιξξιγδοετε

2118 284 2442 342 ARCHIEP.
2492 286 3050 346 CONSTANTINOP.

3556 298 3660 354 170

2095 403 2197 458 κᾶν
2221 405 2349 477 εἴπῃ
2374 424 2455 469 τις
2495 406 2830 479 προσελθὼν,
2877 408 2934 461 Ὀ
2961 409 3107 463 δεῖνα
3158 411 3328 485 μυρία
3379 412 3669 484 ἐργάζεται

2093 493 2259 555 κακὰ,
2294 487 2404 562 ἆρα
2437 491 2529 555 σὸς
2552 490 2739 555 δοῦλός
2770 493 2955 557 ἐστινς
2985 493 3187 559 εὐθέως
3225 496 3430 565 φαμὲν,
3465 500 3546 553 ὅτι
3574 502 3667 554 οὺ-

2092 573 2736 646 δαμῶς,ἁποτριϐόμενοι
2755 574 2814 628 τὸ
2841 574 3044 641 ὄνειδος
3063 594 3077 608 ’
3109 578 3292 650 σχέσις
3316 580 3426 650 γάρ
3456 582 3570 636 ἐστι
3592 584 3669 653 τῷ

2089 655 2261 728 δούλῳ
2295 658 2431 728 πρὸς
2456 657 2548 711 τὸν
2572 658 2860 728 δεσπότην,
2889 660 2984 713 καὶ
2999 659 3261 718 διαϐαίνει
3291 666 3325 735 ἡ
3360 664 3547 729 ἀδοξία
3576 670 3668 721 καὶ

2090 741 2169 803 εἰς
2193 740 2379 795 τοῦτον
2413 742 2509 794 ἀπ’
2552 742 2765 796 ἐκείνου
2792 758 2806 772 ’
2847 742 3030 814 πολλῷ
3063 746 3262 816 μᾶλλον
3289 751 3317 802 0
3339 748 3494 811 Θεός.
3529 749 3683 802 Ἄλλη

2090 825 2287 878 ἐκεῖνοι
2304 824 2476 890 οὕτως
2492 821 2634 897 ἦσαν
2668 827 2932 896 λαμπροὶ,
2954 828 3099 884 οὕτω
3123 830 3435 904 παρρησίας
3457 834 3666 901 μεστοὶ,

2088 905 2162 970 ὡς
2200 906 2275 978 μὴ
2317 908 2479 977 μόνον
2520 909 2687 963 αὐτὸν
2719 910 2795 982 μὴ
2839 911 3265 983 ἐπαισχύνεσθαι
3288 916 3418 984 παρ’
3446 912 3669 967 ἐκείνων

2091 991 2451 1064 καλούμενον,
2469 993 2604 1047 ἀλλὰ
2634 996 2729 1047 καὶ
2753 997 2947 1052 ἐαυτὸν
2961 998 3166 1067 λέγειν,
3191 997 3273 1051 ὃτι
3302 997 3443 1068 Ἐγὼ
3471 1000 3503 1052 ό
3526 999 3671 1064 Θεὸς

2102 1074 2378 1144 Ἀϐραὰμ,
2411 1076 2508 1130 καί
2539 1080 2571 1131 ό
2597 1077 2741 1145 Θεὸς
2782 1079 3012 1142 Ἰσαὰκ.
3050 1080 3151 1134 καί
3181 1083 3214 1134 ὁ
3245 1079 3391 1146 Θεὸς
3449 1080 3666 1135 Ἰακώϐ.

2088 1156 2383 1228 Γενώμεθα
2418 1159 2515 1213 καὶ⁵
2541 1162 2728 1232 ἡμεῖς,
2763 1163 3064 1236 ἀγαπητοὶ,
3091 1164 3255 1231 ξένοι,
3288 1165 3378 1219 ἵνα
3411 1165 3485 1236 μὴ
3515 1168 3670 1219 ἐπαιο

2097 1242 2303 1314 σχυνθῇ
2336 1245 2485 1316 ἡμᾶς
2532 1247 2560 1298 0
2597 1244 2750 1311 Θεὸς,
2795 1247 2883 1301 ἴνα
2936 1249 3012 1319 μὴ
3057 1248 3416 1319 ἐπαισχυνθῇ,
3445 1249 3539 1301 καῖ
3600 1251 3669 1319 τῇ

2086 1325 2282 1398 γεέννῃ
2314 1327 2565 1399 παραδῷ.
2613 1329 2863 1384 Τοιοῦτοι
2893 1327 3037 1403 ἦσαν
3071 1334 3268 1386 ἐκεῖνοι
3312 1333 3363 1385 οἱ
3392 1332 3666 1400 λέγοντες,

2087 1409 2285 1476 Κύριε,
2313 1413 2386 1463 οὐ
2415 1410 2495 1476 τῷ
2527 1411 2618 1477 σῷ
2666 1413 2913 1483 ὀνόματι
2959 1415 3518 1483 προεφητεύσαμεν,
3570 1414 3667 1467 καὶ

2085 1490 2166 1556 τῷ
2194 1491 2285 1557 σῷ
2333 1494 2580 1562 ὀνόματι
2636 1494 2927 1565 δυνάμεις
2969 1499 3209 1563 πολλὰς
3262 1496 3667 1566 ἐποιήσαμεν-ς

2098 1575 2236 1629 Ἀλλ’
2259 1579 2424 1648 ὁρᾶτε
2447 1579 2501 1633 τί
2519 1580 2815 1649 φθέγγεται
2834 1582 2971 1653 πρὸς
2993 1582 3189 1644 αὐτοὺς
3216 1584 3244 1635 0
3259 1581 3494 1653 Χριστός
3510 1599 3525 1613 θ
3546 1585 3667 1635 Οὐκ

2083 1656 2216 1714 οἴδα
2244 1660 2397 1730 ὑμᾶς
2416 1678 2430 1691 ·
2448 1664 2586 1734 ὅπερ
2611 1664 2678 1716 ἂν
2704 1665 2991 1735 ποιήσειαν
3022 1665 3285 1719 δεσπόται
3310 1665 3539 1719 οἰκετῶν
3566 1681 3666 1718 πο-

2083 1744 2264 1817 νηρῶν
2297 1746 2745 1816 προστρεχόντων
2769 1750 2976 1811 αὐτοῖς,
3020 1748 3339 1820 βουλόμενοι
3374 1749 3434 1802 τὸ
3463 1747 3666 1811 ὄνειδος

2084 1827 2510 1899 ἀποτρίψασθαι.
2546 1832 2669 1883 Οὐκ
2696 1827 2828 1885 οῖδα
2872 1830 3050 1900 ὑμᾶς,
3086 1832 3241 1903 φησί.
3292 1832 3414 1896 Πῶς
3454 1830 3550 1885 οὖν
3577 1849 3667 1885 κο-

2082 1910 2287 1976 λάζεις,
2321 1911 2415 1976 οὓς
2463 1913 2565 1965 οὐκ
2609 1907 2800 1980 οἷδαςς
2836 1914 2950 1967 Οὐκ
2978 1911 3129 1981 οῖδα,
3182 1916 3386 1987 ἐτέρως
3437 1912 3590 1968 εἷπον
3614 1923 3665 1969 ο.

2082 1994 2350 2059 τουτέστι,
2381 1994 2678 2066 Ἀρνοῦμαι
2699 1996 2843 2067 ὑμᾶς
2870 1999 2964 2051 καὶ
2990 1998 3385 2069 παραιτοῦμαι.
3406 1997 3567 2051 Ἀλλὰ
3589 2000 3671 2068 μὴ

2082 2078 2294 2145 γένοιτο
2313 2078 2519 2149 ταύτην
2549 2080 2697 2149 ἡμᾶς
2713 2079 2945 2133 ἀκοῦσαι
2966 2080 3063 2150 τὴν
3085 2081 3272 2154 φωνὴν
3291 2084 3391 2152 τὴν
3413 2082 3667 2153 ὀλεθρίαν

2084 2157 2234 2231 [224]
2268 2161 2363 2212 καῖ
2389 2159 2659 2232 φρικώδη.
2699 2162 2762 2214 El
2805 2161 2914 2234 γὰρ
2938 2164 2989 2215 οῖ
3035 2163 3293 2233 δαίμοιας
3319 2164 3666 2228 ἐκϐαλόντες,

2084 2244 2177 2296 καὶ
2202 2243 2540 2314 προφητείας
2576 2244 2965 2314 ἐργασάμενοι,
2998 2247 3187 2317 ἐπειδὴ
3223 2246 3338 2316 βίον
3369 2248 3471 2300 οὐκ
3506 2246 3670 2316 ἔσχον

2087 2325 2455 2395 συμϐαίνοντα
2482 2328 2595 2390 τοῖς
2625 2326 2828 2394 λόγοις,
2858 2328 3178 2401 ἠρνήθησαν
3200 2344 3215 2359 ·
3274 2331 3428 2400 πόσῳ
3461 2331 3667 2400 μᾶλλον

2087 2411 2284 2479 ἡμεῖς;
2318 2409 2430 2462 Καὶ
2457 2407 2596 2471 πῶς,
2653 2412 2843 2481 φησὶν,
2884 2411 2963 2465 ἐνι
3014 2412 3351 2483 προφητείας
3388 2412 3662 2481 ἐπιδειξαο

2084 2491 2304 2560 μὼθους,
2337 2493 2431 2544 καὶ
2453 2494 2657 2561 σημεῖα
2678 2494 3073 2562 πεποιηκότας,
3097 2495 3192 2549 καὶ
3215 2495 3476 2565 δαιμόνια
3502 2495 3668 2548 ἐκϐαυ

2082 2572 2298 2637 λόντας,
2332 2573 2636 2644 ἀρνηθῆναι
2666 2591 2679 2639 ;
2717 2575 2880 2637 Εἰκὸς
2918 2575 3116 2634 αὐτοὺς
3152 2576 3382 2648 ὕστερον
3427 2580 3665 2648 μεταϐε-

2080 2656 2332 2727 ϐλῆσθαι,
2390 2659 2485 2711 καὶ
2517 2657 2844 2728 γεγενῆσθαι
2866 2660 3170 2731 πονηρούς⁹
3199 2661 3323 2714 ὅθεν
3356 2662 3507 2715 οὐδὲν
3547 2663 3663 2714 ἀπ-

2080 2740 2286 2793 ώναντο
2310 2740 2431 2793 οὐδὲ
2464 2743 2563 2811 τῆς
2598 2741 2868 2812 προτέρας
2887 2743 3108 2813 ἀρετῆς.
3135 2744 3209 2797 Οὐ
3244 2744 3351 2814 γὰρ
3372 2745 3440 2797 τὰ
3470 2745 3662 2816 προοί-

2084 2841 2182 2893 μια
2212 2824 2289 2877 δεῖ
2314 2825 2473 2894 μόνον
2506 2826 2652 2894 ἔχειν
2691 2828 2941 2897 λαμπρὰ,
2972 2828 3109 2881 ἀλλὰ
3136 2829 3229 2882 καὶ
3251 2829 3311 2882 τὸ
3338 2829 3490 2893 τέλος
3515 2830 3661 2900 λαμ-

2081 2908 2369 2979 πρότερον.
2423 2909 2560 2962 Εἰπὲ
2587 2908 2695 2979 γάρ
2733 2928 2846 2980 μοι,
2895 2913 2924 2965 0
2972 2914 3156 2983 ῥήτωρ
3211 2912 3334 2982 οὐχὶ
3386 2912 3457 2966 τὰ
3485 2913 3545 2967 ἐν
3581 2914 3666 2984 τῷ

2079 2992 2221 3045 τέλει
2256 2992 2349 3045 τοῦ
2377 2992 2532 3060 λόγου
2557 2992 2850 3058 σπουδάζει
2872 2999 3046 3049 ποιεῖν
3076 2996 3325 3067 λαμπρὰ,
3358 2995 3499 3050 ὥστε
3520 3000 3661 3068 μετὰ

2081 3076 2294 3147 κρότων
2328 3077 2670 3148 ἀναχωρεῖν;
2710 3080 2739 3131 0
2769 3078 2827 3132 δὲ
2854 3078 3188 3151 λειτουργῶν
3237 3080 3412 3145 πόλει,
3443 3083 3565 3153 οὐχὶ
3588 3102 3661 3137 τα

2081 3160 2170 3212 ἐπ’
2197 3159 2363 3230 ἐξόδῳ
2384 3160 2484 3230 τῆς
2514 3161 2858 3235 λειτουργίας
2878 3162 3245 3236 ’λαμπρότερα
3261 3165 3622 3220 ἐπιδείκνυται
3642 3187 3662 3228 ς

2090 3242 2152 3295 '0
2182 3242 2421 3313 ἀθλητὴς
2462 3243 2556 3297 ἐὰν
2613 3244 2688 3315 μὴ
2720 3247 2906 3300 ἐκεῖνα
2936 3246 3089 3318 δείξῃ
3140 3246 3519 3318 λαμπρότερα,
3564 3253 3662 3303 καὶ
3723 3268 3741 3277 π

2084 3326 2247 3397 μέχρι
2306 3327 2492 3390 τέλους
2544 3327 2896 3400 νικήσῃ,κᾶν
2940 3329 3150 3393 πάντας
3197 3335 3427 3401 νικήσας
3461 3332 3660 3403 νικηθῇ

2082 3411 2189 3462 ὑπὸ
2217 3409 2311 3461 τοῦ
2372 3409 2708 3475 τελευταίου,
2744 3412 2865 3481 ούχῖ
2893 3413 3073 3469 πάντα
3127 3413 3276 3484 αύτῷ
3321 3413 3591 3486 ἀνόνητα;
3628 3417 3659 3469 0

2081 3492 2423 3561 κυϐερνήτης
2450 3492 2516 3544 ἂν
2552 3493 2697 3547 ἅπαν
2723 3493 2783 3546 τὸ
2810 3494 3050 3563 πέλαγος
3078 3494 3373 3560 διαϐαλὼν,
3415 3497 3553 3568 πρὸς
3580 3496 3662 3568 τῷ

2080 3575 2256 3644 λιμένι
2277 3575 2595 3646 καταρράξῃ
2620 3576 2681 3629 τὸ
2705 3577 2932 3647 σκάφος,
2952 3579 3077 3649 οὐχὶ
3094 3580 3272 3634 πάντα
3301 3578 3548 3633 ἀπώλεσε
3564 3581 3661 3634 τὸν

2078 3656 2387 3728 ἔμπροσθεν
2406 3660 2599 3724 π-ὀνον;
2623 3658 2688 3711 Τί
2715 3658 2772 3711 δὲ
2798 3662 2826 3713 0
2858 3661 3059 3730 ίατρός;
3090 3662 3214 3715 Ἐὰν
3227 3661 3536 3729 ἀπαλλάξας
3558 3663 3660 3734 τῆς

2081 3740 2236 3793 νόσου
2267 3741 2358 3802 τὸν
2385 3740 2682 3809 κάμνοντα,
2710 3743 2838 3796 ὅταν
2866 3743 3035 3817 μέλλῃ
3061 3745 3250 3797 τέλεον
3273 3745 3654 3811 ἀπαλλάττειν,

2082 3823 2204 3876 τότε
2242 3821 2557 3894 διαφθείρῃ,
2585 3825 2707 3895 οὐχὶ
2763 3826 2824 3878 τὸ
2864 3827 2973 3880 πᾶν
3008 3828 3344 3900 διέφθειρεν;
3380 3829 3535 3884 Οὕτω
3563 3830 3660 3882 καὶ

2082 3907 2175 3960 ἐπὶ
2207 3909 2304 3977 τῆς
2334 3907 2558 3978 ἀρετῆς,
2589 3910 2703 3962 ὅσοι
2732 3910 2808 3980 μὴ
2832 3912 2897 3981 τῇ
2927 3912 3070 3982 ἀρχῇ
3095 3912 3387 3968 ἀκόλουθον
3417 3914 3479 3967 τὸ
3505 3913 3657 3978 τέλος

2081 3990 2359 4061 ἐπέθηκαν
2390 3991 2485 4044 καὶ
2515 3991 2803 4063 σύμφωνον
2834 3995 2931 4048 καὶ
2965 3995 3220 4065 συνῳδὸν,
3256 3996 3537 4052 ἀπώλοντο
3561 3998 3659 4052 καὶ

2079 4074 2470 4145 διεφθάρησαν.
2504 4076 2748 4129 Τοιούτοί
2768 4077 2905 4131 εἰσιν
2929 4079 2977 4131 οἱ
3003 4078 3111 4132 ἀπὸ
3139 4079 3237 4149 μὲν
3265 4080 3375 4135 τῶν
3393 4080 3658 4151 βαλϐίδων

2081 4157 2264 4211 αὐτῶν
2310 4157 2557 4228 λαμπροὶ
2616 4159 2709 4212 καὶ
2740 4158 2936 4231 γαῦροι
2991 4162 3470 4233 προπηδήσαντες,
3517 4165 3657 4235 μετὰ

2080 4239 2254 4294 ταῦτα
2273 4240 2328 4292 δὲ
2359 4240 2702 4307 ἐκλυθέντες,
2727 4244 2820 4296 καὶ
2858 4243 3047 4315 χαῦνοι
3085 4246 3370 4318 γενόμενοι
3398 4264 3412 4278 ·
3446 4248 3529 4302 διὸ
3558 4250 3658 4303 καὶ

2078 4320 2172 4375 τοῦ
2209 4321 2465 4394 βραϐείου
2498 4325 2973 4398 ἀπεστερήθησαν,
3010 4331 3107 4382 καὶ
3147 4329 3301 4401 παρά
3325 4330 3421 4384 τοῦ
3454 4330 3658 4384 Δεσπό-

2079 4423 2174 4459 του
2207 4407 2309 4459 οὐκ
2340 4406 2784 4477 ἐπεγνώσθησαν.

2162 4489 2513 4558 Ἀκούσωμεν
2541 4491 2713 4545 ταῦτα
2747 4494 2795 4546 οί
2832 4495 3130 4565 χρημάτων
3158 4494 3394 4564 ἐρῶντες
3422 4515 3437 4529 ο
3478 4498 3511 4569 ἡ
3543 4496 3653 4570 γὰρ

2082 4573 2318 4643 μεγίστη
2366 4573 2568 4644 ἀνομία
2626 4574 2766 4647 α’ύτη
2810 4579 3106 4648 τυγχάνει*
3179 4578 3336 4640 Ῥίζα
3379 4581 3491 4650 γάρ
3522 4580 3652 4634 ἐστι

2078 4655 2340 4721 πάντων,
2368 4658 2525 4727 φησὶ,
2556 4656 2675 4713 τῶν
2717 4659 2921 4715 κακῶν
2940 4662 2980 4729 ἠ
3020 4663 3404 4732 φιλαργυρία.
3476 4662 3653 4717 Ἀκού-

2080 4756 2263 4811 σωμεν
2289 4743 2336 4794 οί
2368 4740 2683 4811 βουλόμενοι
2713 4743 2935 4813 μείζονα
2964 4744 3063 4816 τὴν
3085 4746 3438 4816 ὑπάρχουσαν
3467 4746 3653 4800 οὐσίαν

2079 4826 2284 4877 ποιεῖν·
2322 4824 2668 4895 ἀκούσωμεν,
2700 4828 2795 4880 καὶ
2830 4827 3166 4897 παυσώμεθα
3205 4828 3306 4898 τῆς
3341 4828 3652 4893 πλεονεξίας

2079 4907 2238 4973 ποτὲ,
2273 4910 2360 4962 ἵνα
2393 4908 2467 4980 μὴ
2493 4909 2667 4964 ταῦτα
2696 4909 3021 4982 ἀκούσωμεν
3055 4912 3198 4984 ἅπερ
3241 4915 3505 4968 κάκεῖνοι.
3537 4911 3651 4967 Νῦν

2078 4986 2219 5041 αὐτὰ
2245 4986 2571 5058 ἀκούσωμεν
2596 4988 2689 5042 καὶ
2716 4989 3100 5061 φυλαξώμεθα.
3123 4991 3210 5044 ἵνα
3239 4990 3313 5062 μὴ
3337 4991 3459 5044 τότε
3489 4990 3652 5045 ἀκού·

2079 5087 2297 5139 σωμεν·
2330 5069 2424 5123 νῦν
2456 5071 2782 5140 ἀκούσωμεν
2835 5074 2974 5142 μετὰ
3028 5074 3220 5142 φόϐου,
3288 5074 3374 5127 ἵνα
3425 5075 3500 5144 μὴ
3530 5074 3649 5126 τότε

2075 5154 2395 5223 ἀκούσωμεν
2452 5154 2592 5222 μετὰ
2622 5155 2916 5224 τιμωρίας,
2978 5156 3295 5212 Ἀπέλθετε
3344 5157 3446 5212 ἀπ’
3480 5156 3644 5226 ἐμοῦ,

2077 5236 2261 5304 φησὶν,
2324 5234 2614 5288 οὐδέποτε
2660 5237 2853 5305 ἔγνων
2900 5237 3077 5308 ὑμᾶς,
3112 5240 3234 5293 οὐδέ
3287 5240 3435 5304 τότε,
3463 5240 3647 5308 φησὶν,

2075 5318 2162 5369 ὅτε
2195 5320 2293 5378 τὰς
2325 5320 2666 5389 προφητείας
2712 5320 3120 5389 ἑπεδείκνυσθε,
3170 5323 3418 5386 καὶτοὺς
3457 5322 3648 5391 δαίμο-

2078 5416 2174 5462 νας
2208 5399 2546 5465 ἐξεϐάλλετε.
2595 5404 2755 5467 Εἰκὸς
2809 5406 2974 5459 αὐτὸν
3024 5406 3261 5460 ἐνταῦθα
3327 5407 3420 5460 καὶ
3463 5405 3650 5474 ἔτερόν

2073 5500 2126 5537 τι
2156 5484 2514 5549 αἰνίττεσθαι,
2547 5488 2628 5541 ὅτι
2659 5490 2755 5542 καὶ
2784 5489 2904 5542 τότε
2935 5490 3052 5560 βίου
3077 5487 3219 5562 ἦσαν
3248 5490 3522 5563 πονηροῶ
3554 5507 3651 5541 πα-

2070 5567 2145 5641 ρὰ
2172 5567 2227 5619 δὲ
2259 5567 2355 5639 τὴν
2412 5571 2590 5641 ἀρχὴν
2620 5572 2713 5625 καὶ
2744 5563 2812 5624 δι’
2844 5573 3082 5640 ἀναξίων
3131 5576 3353 5647 ἐνήργει
3398 5578 3428 5645 ή
3467 5574 3645 5644 χάρις·

2139 5747 2161 5775 ε
2193 5732 2437 5787 Mulianus
2462 5736 2645 5802 legisse
2677 5736 2871 5791 videtur
2897 5739 3040 5789 εἶπεν.

2289 5824 2312 5847 4
