4088 6204
365 369 464 428 169

360 487 554 538 szinus,
599 475 694 527 sed
740 471 984 526 ordinem
1030 471 1321 526 evertimus
1359 488 1372 524 :
1405 478 1686 539 propterea
1728 471 1966 537 ﬂemus,

358 582 483 620 eum
525 564 762 635 gaudere
807 572 1116 633 Oportcret;
1153 573 1432 632 propterea
1477 565 1759 619 horremus
1806 566 1947 620 sicut

362 658 669 722 homicidae,
716 657 854 710 sicut
882 655 1194 726 przedonum
1235 655 1422 722 duces,
1471 656 1692 710 sistendi
1715 657 1939 726 judicio,

361 761 416 806 et
455 765 807 821 qttzecumque
834 749 1078 803 fecerunt
1112 749 1307 802 animis
1331 757 1658 818 reputantes.
1688 758 1941 819 propter-

361 857 422 894 ρει
476 842 668 894 timent
710 848 763 894 et
813 839 1252 894 contremiscunt.
1300 838 1380 892 Illi
1451 855 1579 894 vero
1628 856 1732 894 non
1790 851 1945 896 erant

366 931 658 1001 ejusmodi,
688 929 782 984 sed
821 929 1143 983 festinabant
1175 949 1188 984 :
1224 931 1420 984 Paulus
1457 939 1638 985 autem
1667 931 1826 986 etiam
1865 933 1945 985 in-

359 1023 739 1094 gemuit:audi
771 1022 916 1076 illum
944 1023 1232 1089 dicentem,
1269 1023 1330 1075 Et
1361 1040 1450 1077 nos
1470 1025 1557 1094 qui
1577 1041 1751 1079 smnus
1774 1026 1824 1077 in
1852 1026 1943 1080 hoc

362 1113 712 1178 tabernaculo,
759 1113 1134 1182 ingemiscinms
1170 1114 1367 1184 gravati
1407 1114 1484 1183 (2.
1516 1114 1632 1170 Cor.
1665 1115 1717 1170 5.
1756 1117 1809 1185 4)
1842 1117 1940 1186 (α).

360 1206 506 1260 Talis
531 1214 647 1260 erat
672 1205 963 1268 Abraham,
993 1215 1047 1260 et
1075 1205 1166 1274 qui
1208 1219 1328 1258 cum
1349 1205 1441 1259 illo
1465 1215 1619 1259 erant
1643 1225 1655 1259 :
1684 1206 1940 1276 hospites,

362 1297 556 1367 inquit,
605 1303 758 1350 erant
788 1295 948 1349 totius
979 1295 1126 1348 orbis
1168 1304 1346 1358 terrae,
1399 1305 1452 1350 et
1491 1297 1803 1366 qu:crebant
1851 1314 1944 1368 pa-

362 1393 543 1444 triam.
569 1389 826 1458 Quaenam
853 1397 1030 1444 autem
1058 1404 1123 1444 ea
1163 1390 1285 1445 est?
1327 1405 1394 1444 an
1439 1405 1498 1446 ea
1530 1407 1688 1461 quam
1721 1393 1941 1448 dimise-

361 1481 524 1536 runt?
573 1481 918 1550 Nequaquam
950 1497 962 1532 :
991 1479 1118 1550 quid
1169 1479 1314 1534 enim
1359 1480 1607 1537 obstabat
1660 1485 1944 1552 quominus

364 1575 612 1629 redirent
639 1574 684 1629 si
723 1573 943 1638 vellent,
989 1581 1043 1627 et
1073 1583 1253 1627 essent
1281 1573 1460 1628 cives?
1485 1574 1580 1629 sed
1624 1575 1769 1630 illam
1799 1592 1946 1646 qua:-

361 1669 555 1720 rebant
583 1682 704 1736 qua:
742 1664 901 1720 estin
944 1664 1111 1719 ctelis.
1146 1664 1217 1718 lta
1250 1665 1606 1734 properabant
1632 1668 1754 1722 hinc
1790 1683 1946 1724 exce-

361 1759 516 1823 dere,
547 1769 605 1813 et
627 1757 706 1812 sic
736 1758 845 1811 Deo
873 1756 1188 1826 placebant:
1219 1756 1447 1826 ideoque
1469 1772 1572 1812 non
1597 1759 1948 1816 erubescebat

365 1848 543 1903 vocari
572 1862 757 1902 eorum
799 1847 960 1902 Deus.
1009 1846 1185 1916 Papae,
1227 1858 1422 1918 quanta
1469 1849 1739 1920 dignitas!
1790 1866 1944 1907 accc-

365 1949 515 2008 ptum
543 1939 620 1993 illi
648 1938 748 1993 fuit
792 1947 848 1992 ut
877 1947 1163 1993 vocaretur
1204 1953 1389 1994 eorum
1420 1939 1579 1996 Deus.
1607 1941 1740 2010 Quid
1775 1943 1950 1999 dicis?

364 2040 588 2085 vocatur
619 2029 760 2083 Deus
801 2037 954 2083 terra:
984 2037 1041 2084 et
1077 2029 1216 2094 cmli,
1249 2039 1303 2084 et
1332 2039 1602 2100 tamquam
1633 2035 1810 2102 magni
1839 2035 1942 2090 ali-

363 2121 492 2190 quid
539 2120 761 2189 posuisti
791 2119 932 2190 quod
972 2135 1077 2174 non
1118 2121 1399 2176 erubescat
1446 2135 1631 2175 eorum
1676 2121 1819 2176 Deus
1844 2137 1940 2176 νο·

361 2215 515 2268 t-ari?
541 2213 786 2284 Magnum
834 2221 888 2266 et
927 2227 1114 2268 revera
1158 2229 1406 2283 maguum
1439 2223 1523 2268 est
1553 2215 1674 2278 hoc,
1715 2223 1772 2269 et
1801 2214 1943 2268 indi-

364 2310 503 2362 cium
546 2307 728 2361 multa:
767 2305 1131 2360 beatitudinis.
1173 2307 1488 2370 Quomodo?
1531 2306 1682 2374 Quod
1725 2315 1941 2361 vocatur

364 2397 576 2464 quidem
613 2397 752 2450 Deus
772 2397 889 2450 caeli
919 2405 973 2450 et
1011 2406 1193 2461 terrm,
1227 2397 1367 2450 sicut
1395 2405 1448 2450 et
1473 2399 1732 2465 gentium,
1765 2407 1945 2466 quate-

367 2504 467 2543 nus
495 2504 555 2543 ea
584 2489 793 2543 creavit
823 2497 876 2543 et
904 2496 987 2542 est
1015 2488 1345 2552 fabricatus;
1379 2488 1589 2542 illormn
1621 2498 1801 2543 autem
1834 2504 1945 2544 san-

364 2594 573 2634 ctorum
609 2597 716 2634 non
749 2580 842 2646 ita,
892 2579 985 2635 sed
1027 2580 1164 2634 sicut
1191 2579 1382 2650 aliquis
1407 2595 1694 2650 germanus
1721 2581 1945 2635 amicus.

373 2672 629 2742 Exemplo
660 2672 812 2727 vobis
836 2671 940 2727 hoc
970 2672 1190 2726 reddam
1221 2672 1578 2742 perspicuum.
1607 2671 1756 2726 Sicut
1801 2673 1853 2726 in
1886 2671 1948 2725 iis
1978 2702 1994 2729 ι

367 2765 455 2834 qui
487 2773 611 2819 sunt
640 2764 692 2818 in
737 2764 944 2832 magnis
969 2763 1196 2828 aedibus,
1233 2763 1448 2832 quando
1473 2764 1634 2833 aliqui
1675 2779 1740 2819 ex
1769 2765 1832 2818 iis
1859 2765 1948 2833 qui

372 2867 606 2925 pl’iBSllnl
633 2855 848 2910 familia:
873 2863 997 2910 sunt
1024 2856 1074 2909 in
1107 2870 1297 2926 magna
1323 2855 1739 2922 existimatione,
1771 2857 1949 2910 omnia

374 2948 768 3013 administrant,
797 2955 853 3002 et
876 2947 1016 3016 apud
1043 2946 1290 3002 dominos
1325 2962 1571 3018 magnam
1598 2947 1796 3002 habent
1826 2947 1948 3002 ﬁdu-

370 3044 529 3102 ciam,
559 3043 627 3094 ah
646 3042 774 3112 ipsis
804 3051 1026 3096 vocatur
1049 3041 1300 3096 dominus
1329 3059 1342 3095 :
1376 3049 1430 3096 et
1457 3041 1654 3096 multos
1683 3040 1952 3094 inveneris

369 3134 445 3187 sic
467 3133 747 3202 appellari.
771 3132 908 3200 Quid
929 3141 1110 3186 autem
1133 3131 1286 3186 dico?
1307 3131 1559 3187 sicutdici
1583 3140 1792 3202 poterat
1817 3131 1953 3184 Deus

373 3243 472 3280 non
498 3227 763 3294 gentium,
791 3225 885 3280 sed
930 3225 1094 3280 totius
1137 3225 1284 3279 orbis
1319 3232 1516 3291 terra),
1542 3226 1612 3279 ita
1655 3226 1816 3280 etiam
1844 3223 1950 3278 dici

371 3328 576 3386 poterat
609 3319 747 3372 Deus
778 3316 1069 3372 Abraham.
1101 3317 1208 3374 Sed
1241 3317 1460 3372 nescitis
1489 3325 1686 3388 quanta
1729 3318 1799 3371 sit
1838 3315 1953 3371 ha:c

369 3410 621 3478 dignitas,
649 3410 902 3479 quoniam
937 3425 1036 3464 nec
1065 3424 1181 3463 eam
1231 3410 1587 3478 asseqnimur.
1630 3408 1780 3464 Sicut
1809 3407 1951 3463 enim

375 3501 511 3555 Deus
540 3515 684 3554 nunc
711 3501 905 3555 dicitur
932 3500 1185 3556 Dominus
1217 3499 1637 3555 Christianorum
1687 3499 1948 3567 omnium,

371 3607 423 3649 et
449 3605 626 3650 tamen
656 3595 758 3650 hoc
793 3611 984 3650 nomen
1016 3605 1248 3652 nostram
1277 3606 1494 3668 superat
1523 3597 1834 3667 dignitatem
1867 3599 1949 3653 :si

373 3697 546 3741 autem
573 3697 801 3742 vocatus
829 3685 988 3742 fuerit
1032 3689 1189 3746 unius
1230 3689 1392 3755 Deus,
1423 3689 1598 3757 cogita
1640 3695 1839 3758 quanta
1881 3689 1954 3742 sit

375 3779 707 3847 magnitudo.
751 3778 898 3834 Deus
937 3780 1082 3835 orbis
1127 3789 1284 3834 terrae
1314 3796 1420 3834 non
1466 3779 1737 3836 erubescit
1777 3780 1957 3836 vocari

376 3871 532 3924 trium
571 3871 748 3938 Deus;
775 3881 831 3926 et
869 3872 1060 3926 merito
1092 3888 1106 3925 :
1137 3884 1244 3926 non
1286 3873 1429 3926 enim
1467 3873 1611 3928 orbis
1654 3882 1829 3936 terrae,
1859 3873 1954 3928 sed

378 3963 850 4018 innumerabilium
883 3963 1144 4033 ejusmodi
1176 3964 1346 4018 instar
1380 3975 1504 4020 sunt
1543 3965 1738 4020 sancti.
1772 3965 1957 4020 Melior

378 4063 448 4107 est
474 4055 619 4109 enim
643 4070 774 4108 unus
803 4055 996 4124 faciens
1022 4055 1326 4110 voluntatem
1361 4054 1588 4124 Domini,
1617 4073 1770 4127 quant
1797 4057 1962 4112 decies

327 4173 334 4184 ι
380 4145 514 4197 mille
556 4144 718 4214 iniqui
763 4143 952 4214 (Eccli.
987 4143 1075 4200 l6.
1109 4145 1189 4216 5).
1217 4145 1371 4213 Quod
1408 4156 1584 4202 autem
1623 4148 1832 4218 seipsos
1878 4148 1957 4204 sic

382 4245 640 4291 vocarent
666 4235 904 4304 hospites
932 4244 1016 4292 est
1044 4238 1408 4308 perspicuum.
1457 4238 1562 4294 Sed
1611 4250 1750 4306 esto,
1787 4241 1873 4296 isti
1904 4256 1963 4298 se

383 4327 459 4379 sic
484 4327 753 4381 vocabant
776 4327 1016 4397 hospites
1041 4339 1262 4399 propter
1290 4331 1522 4385 alienam
1565 4341 1761 4387 terram
1789 4351 1803 4400 ;
1837 4335 1963 4405 quid

386 4435 509 4474 vero
536 4420 729 4486 David,
758 4435 934 4476 annon
961 4431 1079 4476 erat
1125 4437 1217 4476 rex
1261 4431 1316 4477 et
1345 4423 1654 4494 propheta?
1696 4441 1874 4483 annon
1908 4431 1963 4484 in

386 4529 476 4568 sua
499 4513 734 4584 degebat
753 4514 969 4585 patria?
1011 4529 1113 4569 cur
1150 4529 1278 4584 ergo
1306 4515 1436 4570 dicit
1469 4538 1480 4571 :
1514 4515 1718 4588 Hospes
1743 4527 1787 4572 et
1819 4536 1963 4589 pere-

387 4607 564 4676 grinas
609 4621 702 4676 ego
739 4623 852 4660 sum
883 4605 1055 4674 (Psal.
1082 4606 1171 4663 '58.
1203 4606 1334 4675 15)?
1355 4607 1632 4675 Quomodo
1670 4623 1730 4664 es
1770 4610 1967 4681 hospes

389 4709 438 4752 ct
461 4698 816 4770 peregrinus?
845 4697 991 4753 Sicut
1013 4714 1206 4766 omnes,
1236 4697 1428 4768 inquit,
1461 4710 1630 4768 patres
1658 4701 1774 4756 mei.
1804 4701 1966 4758 Vides

385 4791 526 4857 quod
557 4789 632 4842 illi
675 4802 888 4857 quoque
929 4797 1083 4844 erant
1127 4789 1410 4858 hospites?
1448 4789 1736 4860 Habemus,
1769 4792 1962 4864 inquit,

390 4883 642 4947 patriam.
661 4873 755 4935 sed
792 4890 895 4937 non
924 4889 1042 4929 eam
1067 4893 1188 4949 quae
1208 4893 1333 4934 vere
1361 4887 1444 4934 est
1471 4881 1662 4949 patria.
1686 4883 1967 4952 Quomodo

381 4973 553 5018 autem
581 4979 644 5020 es
670 4975 727 5021 tu
753 4965 990 5040 hospes?
1011 4969 1214 5027 Terra.
1245 4974 1386 5048 Ergo
1411 4979 1488 5036 illi
1521 4994 1731 5051 quoque
1759 4991 1958 5038 terrae:

385 5061 436 5106 ut
457 5055 604 5109 enim
635 5057 733 5120 illi,
756 5058 834 5115 sic
860 5059 980 5128 iste,
1008 5070 1064 5117 et
1093 5065 1329 5120 vtcissim
1362 5067 1459 5140 (ὁ).

448 5143 497 5197 3.
542 5143 726 5200 Simus
751 5161 880 5217 ergo
907 5163 1006 5204 nos
1028 5166 1243 5222 quoque
1270 5169 1410 5210 nunc
1439 5156 1697 5229 hospites,
1722 5175 1788 5217 ne
1817 5177 1950 5217 eru-

380 5229 557 5288 bescat
577 5233 724 5290 Deus
744 5237 922 5292 vocari
947 5249 1129 5297 noster
1159 5243 1322 5300 Deus.
1357 5245 1533 5302 Pudor
1553 5259 1637 5304 est
1665 5251 1805 5305 enim
1830 5252 1951 5323 ipsi,

376 5327 584 5390 quando
629 5339 852 5384 vocatur
895 5331 1156 5388 malorum
1196 5337 1375 5405 Deus,
1418 5348 1473 5394 et
1519 5343 1905 5401 verecundatur
1931 5387 1946 5414 ,

377 5416 508 5470 sicut
532 5417 864 5486 gloriﬁcatur
883 5461 898 5487 ,
952 5424 1165 5493 quando
1193 5425 1457 5483 bonorum
1485 5439 1538 5484 et
1567 5432 1856 5502 proborum
1899 5446 1953 5492 et

379 5505 625 5562 virtutem
664 5509 980 5569 colentium.
1027 5513 1084 5569 Si
1126 5517 1268 5570 enim
1301 5532 1400 5572 nos
1426 5534 1742 5578 recusamus
1771 5528 1949 5581 vocari

303 5612 306 5614 τ
366 5593 569 5653 domini
595 5604 860 5656 malorum
889 5617 1165 5660 servorum
1185 5645 1203 5673 ,
1235 5616 1290 5662 et
1318 5623 1412 5664 eos
1431 5609 1782 5682 dimittimus;
1825 5625 1879 5673 et
1903 5618 1948 5673 si

415 5699 488 5759 (tt)
513 5696 610 5746 Hic
634 5699 802 5762 incipit
823 5699 1018 5750 boman
1038 5702 1166 5764 apud
1189 5702 1404 5753 Colbert.

416 5774 496 5834 (bl
514 5775 624 5828 Huc
647 5779 831 5833 desiuit
853 5783 1044 5836 bomilia
1068 5787 1302 5850 vigesima
1319 5795 1490 5852 quarta
1513 5788 1562 5836 in
1587 5788 1721 5837 uno.

1108 367 1175 424 IN
1212 366 1429 424 EPIST.
1471 366 1562 422 AD
1603 359 1964 421 ΠΕΒΒᾸΞΟΒ.
2001 361 2154 418 CAP.
2198 361 2294 417 XI.
2335 361 2564 419 llOMlL.
2608 363 2802 420 XXIV.

3524 369 3627 424 170

2053 473 2170 543 quis
2197 471 2457 528 accedens
2499 470 2732 538 dixerit,
2762 470 2859 527 llic
2886 469 2969 526 vel
3005 469 3096 526 ille
3135 471 3274 525 mala
3320 471 3446 527 facit
3476 474 3636 527 innu-

2057 565 2355 630 merabilia,
2380 563 2636 634 numquid
2665 572 2750 619 est
2770 577 2958 618 servus
2987 563 3144 617 tuus?
3171 564 3350 617 statim
3383 563 3634 631 dicimus,

2051 657 2430 726 Nequaquam;
2458 655 2713 726 probrum
2746 656 3120 724 propulsantes
3146 671 3159 706 :
3188 664 3273 708 est
3306 654 3450 709 enim
3481 670 3639 710 servo

2053 747 2116 801 ad
2146 747 2420 801 dominum
2445 744 2703 800 habitudo
2726 755 2778 800 et
2807 745 3020 810 relatio,
3048 755 3104 800 et
3132 745 3421 815 ignominia
3453 746 3520 800 ab
3543 746 3638 800 illo

2051 839 2119 901 ad.
2147 837 2288 891 hunc
2315 837 2546 892 transit:
2597 838 2765 892 multo
2796 838 2962 906 magis
3003 837 3160 890 Deus.
3212 836 3317 892 Sed
3361 837 3436 892 illi
3483 847 3637 893 erant

2053 931 2187 985 adeo
2214 930 2454 1000 przeclari
2478 971 2492 994 ,
2537 939 2592 984 et
2618 939 2759 984 tanta
2790 930 2934 998 pleni
2967 929 3154 983 ﬁducia
3185 971 3200 995 ,
3234 939 3292 984 ut
3321 946 3426 986 non
3457 932 3633 987 solum

2059 1038 2164 1077 non
2193 1022 2534 1077 erubesceret
2560 1021 2627 1074 ab
2663 1020 2766 1074 illis
2803 1020 2983 1074 vocari
3009 1061 3024 1086 ,
3055 1019 3148 1075 sed
3177 1021 3336 1075 etiam
3369 1022 3437 1077 de
3465 1038 3523 1078 se
3549 1024 3634 1078 di-

2048 1125 2226 1180 ceret,
2259 1111 2371 1185 Ego
2396 1129 2507 1167 sum
2537 1114 2670 1167 Deus
2699 1112 2990 1178 Abraham,
3024 1111 3165 1167 Deus
3206 1111 3389 1181 Isaac,
3419 1124 3466 1168 et
3494 1115 3632 1170 Deus

2049 1205 2210 1260 Iacob
2238 1205 2436 1276 (Exod.
2462 1206 2514 1259 ’5.
2545 1204 2622 1272 6).
2649 1203 2828 1260 Simus
2857 1219 2987 1274 ergo
3012 1219 3111 1258 nos
3135 1218 3346 1273 quoque
3369 1247 3384 1271 ,
3415 1220 3446 1258 ο
3485 1206 3620 1260 dile-

2047 1303 2116 1356 cti
2142 1344 2156 1366 ,
2190 1301 2429 1370 hospites
2454 1342 2469 1364 ,
2504 1314 2570 1354 ne
2618 1299 2781 1353 Deum
2814 1298 2978 1352 nostri
3021 1298 3250 1367 pudeat,
3285 1314 3353 1351 ne
3397 1297 3625 1367 pudeat,

2049 1393 2286 1461 inquam,
2318 1401 2371 1446 et
2402 1405 2499 1444 nos
2529 1389 2704 1444 tradat
2730 1391 3008 1459 gehennae.
3050 1388 3209 1444 Tales
3243 1398 3396 1443 erant
3433 1390 3504 1442 illi
3532 1392 3622 1458 qui

2046 1481 2326 1547 dicebant,
2351 1479 2586 1546 Domine,
2616 1495 2782 1534 nonne
2800 1481 2853 1532 in
2875 1481 3073 1533 nomine
3097 1489 3180 1532 tuo
3199 1480 3627 1549 praphetavimus,

2047 1583 2092 1626 et
2119 1574 2171 1626 in
2189 1572 2388 1626 nomine
2408 1581 2493 1626 tuo
2522 1569 2709 1625 multas
2732 1572 2935 1625 uirtutes
2956 1571 3163 1641 fecimus
3184 1570 3398 1641 (Matth.
3423 1573 3476 1625 7.
3499 1571 3628 1640 ‘29.)?

2052 1666 2155 1720 Sed
2189 1663 2308 1719 vide
2331 1664 2457 1734 quid
2495 1663 2599 1718 illis
2625 1663 2767 1718 dicat
2790 1662 3036 1720 Christus
3069 1679 3084 1720 :
3120 1661 3304 1716 Nescio
3332 1679 3415 1716 vos
3441 1679 3459 1716 :
3486 1662 3628 1732 quod

2044 1755 2258 1825 quidem
2305 1753 2529 1810 fecerint
2571 1754 2832 1808 malorum
2864 1767 3142 1810 servorum
3184 1753 3381 1807 domini
3422 1753 3489 1806 ad
3535 1769 3628 1807 eos

2044 1849 2467 1914 accurrentium,
2499 1847 2753 1917 probrum
2783 1845 3021 1900 volentes
3056 1846 3402 1915 propulsare.
3438 1844 3626 1900 Nescio

2045 1958 2130 1996 eos
2146 1983 2161 2009 ,
2190 1942 2376 2012 inquit.
2398 1940 2678 2008 Quomodo
2699 1955 2828 2010 ergo
2850 1940 3005 2009 punis
3025 1955 3158 2009 quos
3186 1941 3393 1994 noscis?
3413 1939 3625 2006 Nescio,

2053 2036 2208 2089 aliter
2233 2033 2343 2088 tlixi
2369 2053 2382 2088 :
2414 2033 2516 2088 hoc
2540 2042 2646 2098 est,
2672 2047 2768 2087 vos
2795 2048 2932 2104 nego
2955 2041 3010 2087 et
3037 2049 3247 2087 recuso.
3275 2033 3381 2088 Sed
3403 2033 3543 2088 absit
3568 2041 3627 2086 ut

2049 2142 2147 2180 nos
2172 2125 2449 2181 audiamus
2487 2125 2637 2179 hanc
2665 2139 2850 2179 vocem
2878 2124 3158 2179 exitiosam
3182 2133 3236 2179 et
3267 2123 3622 2178 tremendam.

2043 2220 2175 2274 Nam
2203 2220 2280 2282 si,
2323 2218 2412 2288 qui
2437 2217 2710 2273 daemones
2750 2216 3031 2286 ejiciebant
3072 2227 3124 2271 et
3167 2217 3470 2286 prophetias
3497 2231 3626 2286 pro-

2048 2309 2306 2374 ferebant,
2340 2306 2587 2378 abnegati
2630 2315 2791 2372 sunt,
2820 2307 3070 2376 quoniam
3101 2307 3262 2360 vitam
3305 2321 3409 2360 non
3462 2309 3626 2364 liabe-

2051 2411 2177 2463 bant
2208 2406 2389 2461 verbis
2440 2405 2849 2459 convenientem
2876 2413 3123 2474 ,quanto
3167 2407 3335 2474 magis
3390 2403 3528 2458 nos?
3564 2404 3626 2460 Et

2050 2495 2341 2568 quomodo,
2375 2493 2571 2565 inquit,
2604 2494 2716 2548 fieri
2748 2503 2922 2564 potest
2953 2503 3009 2548 ut
3039 2493 3126 2563 qui
3152 2494 3458 2564 prophetias
3485 2493 3636 2547 exhi-

2049 2586 2280 2642 buerunt
2306 2627 2320 2652 ,
2350 2596 2404 2640 et
2433 2585 2581 2656 signa
2620 2584 2897 2650 fecerunt,
2941 2595 2996 2640 et
3028 2585 3293 2640 darmouia
3319 2589 3596 2654 ejeccrunt
3618 2626 3632 2647 ,

2047 2680 2156 2734 sint
2185 2678 2404 2748 negati?
2435 2678 2531 2732 Est
2560 2675 2850 2732 verisimile
2876 2691 2968 2731 eos
2992 2687 3173 2746 postea
3206 2675 3369 2730 fuisse
3393 2683 3631 2730 mutatus

2047 2780 2102 2825 et
2130 2771 2369 2826 evasisse
2400 2769 2570 2824 malos
2596 2785 2609 2822 :
2641 2767 2782 2822 unde
2814 2782 2912 2822 nec
2962 2768 3106 2836 prior
3137 2767 3304 2821 virtus
3333 2767 3437 2821 illis
3477 2764 3633 2836 quid-

2047 2877 2206 2932 quam
2246 2861 2465 2932 profuit.
2507 2860 2619 2915 Non
2648 2861 2820 2916 solum
2871 2859 3014 2914 enim
3042 2859 3260 2915 exordia
3291 2869 3500 2929 oportet
3544 2860 3638 2912 ha-

2049 2952 2178 3007 bere
2209 2953 2463 3022 praeclara
2489 2993 2503 3018 ,
2540 2952 2638 3008 sed
2669 2952 2827 3008 tinem
2868 2953 3028 3008 etiam
3061 2953 3472 3021 praeclariorcm.
3506 2953 3635 3008 Nam

2048 3043 2135 3098 die
2162 3028 2314 3110 mihi,
2339 3060 2516 3099 annon
2545 3056 2728 3100 orator
2753 3053 2928 3115 stupet
2949 3059 3010 3099 ea
3040 3043 3216 3100 facere
3239 3046 3492 3114 praeclara
3518 3061 3639 3116 qua:

2051 3143 2176 3188 sunt
2201 3134 2256 3189 in
2286 3135 2390 3190 fine
2415 3135 2694 3199 orationis,
2729 3145 2786 3190 ut
2812 3150 2930 3188 cum
2969 3135 3152 3203 plausu
3179 3136 3431 3190 recedat?
3460 3152 3638 3192 nonne

2052 3226 2143 3296 qui
2171 3226 2354 3282 urbem
2383 3225 2726 3281 administrat
2753 3267 2768 3293 ,
2797 3225 2864 3280 de
2896 3227 3180 3296 Splendida
3208 3227 3636 3282 administratio—

2049 3317 2133 3372 nis
2161 3319 2306 3372 exitu
2335 3333 2516 3373 curam
2545 3318 2726 3388 gerit?
2757 3317 2968 3372 Athlcta
3010 3319 3054 3371 si
3084 3334 3190 3371 non
3221 3319 3511 3372 certamina
3545 3334 3636 3372 os.

2051 3408 2232 3464 tendat
2274 3409 2618 3479 praeclariora
2645 3451 2660 3476 ,
2705 3419 2758 3464 et
2786 3409 2851 3464 ad
2885 3412 3043 3464 linem
3093 3425 3262 3479 usque
3292 3410 3506 3476 vincat,
3543 3411 3587 3465 si
3616 3453 3632 3476 ,

2049 3501 2297 3557 omnibus
2319 3502 2474 3558 victis
2497 3545 2510 3568 ,
2544 3502 2704 3556 fuerit
2729 3504 2898 3555 victus
2927 3503 2994 3556 ab
3019 3501 3225 3566 ultimo,
3247 3517 3424 3555 annon
3452 3503 3634 3556 omnia

2048 3603 2173 3648 sunt
2193 3594 2243 3649 ei
2269 3595 2469 3649 inutilia
2494 3595 2517 3648 ?
2541 3593 2865 3664 gubernator
2885 3594 2927 3647 si
2955 3602 3124 3647 totum
3155 3608 3302 3647 mare
3329 3593 3639 3648 transmise-

2050 3687 2140 3748 rit,
2173 3700 2312 3740 navc
2340 3685 2392 3738 in
2428 3695 2580 3754 portu
2611 3684 2799 3750 fracta,
2825 3699 3001 3739 nonne
3031 3693 3195 3737 totum
3225 3686 3458 3754 priorem
3492 3683 3638 3738 labo-

2057 3795 2170 3833 rem
2198 3778 2414 3833 amisit‘?
2457 3778 2590 3845 Quid
2619 3793 2749 3831 vero
2781 3776 3056 3831 medicus?
3083 3777 3125 3829 si
3157 3788 3356 3846 aegroto
3382 3791 3410 3829 a
3440 3777 3630 3831 inorbo

2050 3870 2308 3936 liberato,
2341 3885 2459 3924 cum
2488 3885 2608 3924 eum
2663 3870 2891 3939 perfecte
2917 3869 2983 3922 sit
3015 3869 3332 3924 liberaturus
3359 3911 3374 3935 ,
3408 3878 3534 3924 tunc
3555 3871 3637 3923 in-

2052 3963 2263 4016 teritum
2313 3961 2497 4016 afferat
2517 4003 2531 4029 ,
2561 3977 2735 4016 annon
2785 3970 2953 4016 tutum
2981 3961 3249 4031 perdidit?
3290 3962 3364 4016 Ita
3392 3963 3552 4018 etiam
3583 3963 3635 4016 in

2051 4053 2248 4108 virtute
2271 4095 2286 4120 ,
2331 4053 2648 4124 quicumque
2677 4068 2782 4108 non
2815 4054 2968 4108 initio
3009 4063 3420 4124 consequentem
3470 4055 3629 4110 tinem

2051 4145 2418 4215 imposuerunt
2463 4157 2958 4216 consonantemque
2985 4156 3039 4203 et
3060 4156 3463 4217 congruentem,
3483 4147 3641 4217 plane

2051 4239 2339 4308 perierunt.
2389 4237 2544 4293 Tales
2570 4248 2694 4292 sunt
2722 4239 2812 4309 qui
2841 4239 2906 4294 ab
2929 4239 3053 4308 ipsis
3079 4238 3292 4308 quidem
3338 4241 3642 4294 carceribus

2054 4331 2296 4401 prmclari
2321 4330 2640 4401 superbique
2661 4341 2714 4386 et
2733 4331 2853 4386 elati
2875 4331 3230 4400 prosilierunt,
3260 4340 3440 4398 postea
3459 4340 3640 4385 autem

2050 4422 2292 4477 diSSoluti
2320 4421 2598 4490 ignavique
2625 4431 2678 4475 et
2706 4421 2910 4475 remissi
2939 4422 3149 4472 fuerunt
3172 4439 3184 4473 :
3217 4421 3562 4489 quamobrem
3588 4429 3644 4475 et

2053 4513 2275 4585 praztuio
2299 4521 2422 4566 sunt
2447 4512 2657 4583 privati,
2685 4522 2736 4566 et
2757 4525 2792 4564 a
2822 4511 3046 4565 Domino
3075 4525 3178 4565 non
3233 4520 3356 4565 sunt
3385 4510 3565 4577 agniti.

2129 4603 2314 4659 Contra
2338 4621 2516 4658 avaros
2544 4615 2588 4658 et
2609 4605 2833 4673 pecuniis
2857 4602 3090 4672 cupidos.
3114 4631 3185 4642 —
3216 4601 3339 4655 Harc
3368 4601 3642 4656 audiamus

2063 4697 2152 4766 qui
2180 4711 2362 4750 amore
2380 4695 2514 4764 capti
2547 4709 2729 4748 sumus
2759 4694 3027 4762 pecuniae;
3057 4707 3118 4746 ea
3149 4703 3230 4747 est
3250 4692 3390 4747 enim
3413 4693 3641 4746 maxima

2059 4787 2314 4858 injustitia
2338 4805 2350 4839 :
2374 4785 2509 4840 Nam
2538 4786 2688 4840 radix
2710 4786 2930 4840 omnium
2954 4785 3199 4838 malorum
3224 4793 3295 4838 est
3323 4799 3467 4836 amor
3493 4799 3644 4852 pecu-

2061 4880 2162 4934 nia:
2190 4878 2266 4951 (i.
2287 4877 2416 4931 Tim.
2441 4877 2494 4932 6.
2521 4877 2631 4949 i0).
2664 4877 2956 4932 Audiamus
2971 4875 3059 4944 qui
3081 4890 3212 4944 quas
3239 4873 3533 4929 habeamus
3562 4873 3642 4928 fa-

2057 4975 2282 5030 cultates
2305 5016 2320 5041 ,
2367 4973 2654 5043 ampliores
2690 4972 2932 5027 volumus
2958 4969 3211 5035 efﬁcere;
3245 4968 3542 5035 audiamus,
3591 4978 3646 5024 et

2058 5066 2270 5121 tandem
2310 5079 2585 5120 cessemus
2612 5079 2641 5118 a
2681 5064 2830 5134 plura
2873 5061 3107 5117 habendi
3132 5061 3453 5132 cupiditate,
3485 5078 3554 5118 ne
3581 5078 3643 5117 ea

2069 5173 2189 5229 quae
2215 5157 2288 5211 illi
2315 5157 2610 5212 audiamus.
2638 5155 2788 5210 Nunc
2814 5155 2928 5208 hare
2955 5152 3234 5210 audiamus
3261 5163 3316 5210 et
3339 5169 3643 5215 caveamus,

2071 5277 2138 5317 ne
2167 5271 2294 5316 tunc
2333 5258 2612 5315 audiamus
2637 5275 2651 5312 :
2680 5269 2822 5312 nunc
2863 5268 2984 5310 cum
3016 5255 3208 5310 timore
3235 5253 3515 5310 audiamus
3539 5293 3556 5322 ,
3586 5267 3655 5307 ne

2071 5365 2198 5408 tunc
2230 5367 2294 5407 ea
2340 5350 2618 5406 audiamus
2661 5362 2781 5403 cum
2824 5347 3124 5418 supplicio:
3159 5344 3413 5400 Discedite
3455 5361 3488 5397 a
3534 5359 3652 5410 me,

2069 5460 2343 5514 numquam
2396 5442 2513 5496 novi
2536 5445 2640 5495 'vos
2679 5440 2896 5510 (Matth.
2923 5440 2976 5494 7.
3004 5439 3097 5511 23)
3122 5479 3137 5504 ,
3179 5452 3248 5492 ne
3278 5444 3407 5491 tunc
3439 5435 3654 5507 quidem

2071 5535 2280 5608 quando
2307 5532 2614 5604 prophetias
2633 5531 2969 5588 exhibebatis
2990 5573 3006 5598 ,
3029 5539 3084 5586 et
3113 5529 3387 5585 daemones
3417 5529 3654 5599 expelle-

2070 5628 2228 5684 batis.
2279 5626 2584 5683 Verisimile
2626 5635 2710 5681 est
2736 5641 2857 5680 eum
2908 5624 2997 5679 hic
3023 5622 3226 5693 aliquid
3254 5637 3468 5693 quoque
3510 5625 3655 5678 aliud

2067 5720 2404 5775 subindicare
2429 5762 2444 5786 ,
2478 5733 2669 5789 nempe
2701 5717 2845 5788 quod
2879 5725 3005 5772 tunc
3029 5717 3190 5771 etiam
3219 5715 3462 5787 improbe
3489 5718 3659 5771 vitam-

2068 5811 2358 5868 duccbant:
2381 5813 2532 5870 initio
2554 5821 2731 5869 autem
2754 5813 2915 5868 etiam
2943 5825 3040 5881 per
3065 5809 3309 5884 indignos
3336 5810 3658 5881 operabatur
