  <div class='ocr_page' id='page_1' title='image "/cluster/home/n/w/nwhite01/storage/ocr_20150623/63/hvd.32044054112164/177.png"; bbox 0 0 4088 6204; ppageno 0'>
   <div class='ocr_carea' id='block_1_1' title="bbox 411 330 503 389">
    <p class='ocr_par' dir='ltr' id='par_1_1' title="bbox 411 330 503 389">
     <span class='ocr_line' id='line_1_1' title="bbox 411 330 503 389; baseline -0.065 1"><span class='ocrx_word' id='word_1_1' title='bbox 411 330 503 389; x_wconf 72' lang='grc'><strong>171</strong></span> 
     </span>
    </p>
   </div>
   <div class='ocr_carea' id='block_1_2' title="bbox 399 450 1985 522">
    <p class='ocr_par' dir='ltr' id='par_1_2' title="bbox 399 450 1985 522">
     <span class='ocr_line' id='line_1_2' title="bbox 399 450 1985 522; baseline 0 -17"><span class='ocrx_word' id='word_1_2' title='bbox 399 453 589 522; x_wconf 85' lang='lat' dir='ltr'><strong>gratia.</strong></span> <span class='ocrx_word' id='word_1_3' title='bbox 617 450 749 507; x_wconf 81' lang='lat' dir='ltr'><strong>Nam</strong></span> <span class='ocrx_word' id='word_1_4' title='bbox 773 451 820 507; x_wconf 87' lang='lat' dir='ltr'><strong>si</strong></span> <span class='ocrx_word' id='word_1_5' title='bbox 849 460 1069 521; x_wconf 90' lang='lat' dir='ltr'><strong>operata</strong></span> <span class='ocrx_word' id='word_1_6' title='bbox 1096 460 1179 505; x_wconf 90' lang='lat' dir='ltr'><strong>est</strong></span> <span class='ocrx_word' id='word_1_7' title='bbox 1201 466 1296 520; x_wconf 83' lang='lat' dir='ltr'><strong>per</strong></span> <span class='ocrx_word' id='word_1_8' title='bbox 1323 451 1540 504; x_wconf 77' lang='lat' dir='ltr'><strong>Balaam</strong></span> <span class='ocrx_word' id='word_1_9' title='bbox 1568 491 1583 514; x_wconf 92' lang='lat'><strong>,</strong></span> <span class='ocrx_word' id='word_1_10' title='bbox 1615 453 1785 505; x_wconf 89' lang='lat' dir='ltr'><strong>multo</strong></span> <span class='ocrx_word' id='word_1_11' title='bbox 1814 450 1985 521; x_wconf 85' lang='lat' dir='ltr'><strong>magis</strong></span> 
     </span>
    </p>
   </div>
   <div class='ocr_carea' id='block_1_3' title="bbox 399 540 1981 617">
    <p class='ocr_par' dir='ltr' id='par_1_3' title="bbox 399 540 1981 617">
     <span class='ocr_line' id='line_1_3' title="bbox 399 540 1981 617; baseline -0.002 -16"><span class='ocrx_word' id='word_1_12' title='bbox 399 561 496 617; x_wconf 85' lang='lat' dir='ltr'><strong>per</strong></span> <span class='ocrx_word' id='word_1_13' title='bbox 532 546 777 617; x_wconf 89' lang='lat' dir='ltr'><strong>indignos</strong></span> <span class='ocrx_word' id='word_1_14' title='bbox 805 588 819 612; x_wconf 89' lang='lat'><strong>,</strong></span> <span class='ocrx_word' id='word_1_15' title='bbox 853 556 1073 616; x_wconf 88' lang='lat' dir='ltr'><strong>propter</strong></span> <span class='ocrx_word' id='word_1_16' title='bbox 1099 558 1197 598; x_wconf 88' lang='lat' dir='ltr'><strong>eos</strong></span> <span class='ocrx_word' id='word_1_17' title='bbox 1235 544 1325 612; x_wconf 85' lang='lat' dir='ltr'><strong>qui</strong></span> <span class='ocrx_word' id='word_1_18' title='bbox 1356 551 1514 597; x_wconf 90' lang='lat' dir='ltr'><strong>erant</strong></span> <span class='ocrx_word' id='word_1_19' title='bbox 1541 540 1888 597; x_wconf 89' lang='lat' dir='ltr'><strong>luerifacturi.</strong></span> <span class='ocrx_word' id='word_1_20' title='bbox 1921 542 1981 598; x_wconf 88' lang='lat' dir='ltr'><strong>Si</strong></span> 
     </span>
    </p>
   </div>
   <div class='ocr_carea' id='block_1_4' title="bbox 397 633 1981 707">
    <p class='ocr_par' dir='ltr' id='par_1_4' title="bbox 397 633 1981 707">
     <span class='ocr_line' id='line_1_4' title="bbox 397 633 1981 707; baseline -0.001 -18"><span class='ocrx_word' id='word_1_21' title='bbox 397 648 576 693; x_wconf 84' lang='lat' dir='ltr'><strong>autem</strong></span> <span class='ocrx_word' id='word_1_22' title='bbox 604 648 658 693; x_wconf 90' lang='lat' dir='ltr'><strong>et</strong></span> <span class='ocrx_word' id='word_1_23' title='bbox 690 638 839 707; x_wconf 86' lang='lat' dir='ltr'><strong>signa</strong></span> <span class='ocrx_word' id='word_1_24' title='bbox 868 645 921 691; x_wconf 91' lang='lat' dir='ltr'><strong>et</strong></span> <span class='ocrx_word' id='word_1_25' title='bbox 947 634 1185 705; x_wconf 83' lang='lat' dir='ltr'><strong>prodigia</strong></span> <span class='ocrx_word' id='word_1_26' title='bbox 1227 648 1331 689; x_wconf 92' lang='lat' dir='ltr'><strong>non</strong></span> <span class='ocrx_word' id='word_1_27' title='bbox 1365 641 1653 703; x_wconf 89' lang='lat' dir='ltr'><strong>potuerunt</strong></span> <span class='ocrx_word' id='word_1_28' title='bbox 1681 633 1913 688; x_wconf 88' lang='lat' dir='ltr'><strong>liberare</strong></span> <span class='ocrx_word' id='word_1_29' title='bbox 1952 650 1981 688; x_wconf 89' lang='lat' dir='ltr'><strong>a</strong></span> 
     </span>
    </p>
   </div>
   <div class='ocr_carea' id='block_1_5' title="bbox 397 722 1984 799">
    <p class='ocr_par' dir='ltr' id='par_1_5' title="bbox 397 722 1984 799">
     <span class='ocr_line' id='line_1_5' title="bbox 397 722 1984 799; baseline -0.001 -16"><span class='ocrx_word' id='word_1_30' title='bbox 397 729 697 799; x_wconf 86' lang='lat' dir='ltr'><strong>supplicio:</strong></span> <span class='ocrx_word' id='word_1_31' title='bbox 727 727 897 782; x_wconf 87' lang='lat' dir='ltr'><strong>multo</strong></span> <span class='ocrx_word' id='word_1_32' title='bbox 922 725 1111 795; x_wconf 82' lang='lat' dir='ltr'><strong>magis,</strong></span> <span class='ocrx_word' id='word_1_33' title='bbox 1142 724 1351 779; x_wconf 90' lang='lat' dir='ltr'><strong>etiamsi</strong></span> <span class='ocrx_word' id='word_1_34' title='bbox 1379 725 1502 794; x_wconf 85' lang='lat' dir='ltr'><strong>quis</strong></span> <span class='ocrx_word' id='word_1_35' title='bbox 1530 724 1603 778; x_wconf 90' lang='lat' dir='ltr'><strong>sit</strong></span> <span class='ocrx_word' id='word_1_36' title='bbox 1643 724 1696 778; x_wconf 93' lang='lat' dir='ltr'><strong>in</strong></span> <span class='ocrx_word' id='word_1_37' title='bbox 1726 722 1984 794; x_wconf 84' lang='lat' dir='ltr'><strong>dignitate</strong></span> 
     </span>
    </p>
   </div>
   <div class='ocr_carea' id='block_1_6' title="bbox 399 815 1981 887">
    <p class='ocr_par' dir='ltr' id='par_1_6' title="bbox 399 815 1981 887">
     <span class='ocr_line' id='line_1_6' title="bbox 399 815 1981 887; baseline -0.001 -13"><span class='ocrx_word' id='word_1_38' title='bbox 399 820 754 885; x_wconf 87' lang='lat' dir='ltr'><strong>sacerdotali,</strong></span> <span class='ocrx_word' id='word_1_39' title='bbox 786 818 995 873; x_wconf 88' lang='lat' dir='ltr'><strong>etiamsi</strong></span> <span class='ocrx_word' id='word_1_40' title='bbox 1022 817 1087 871; x_wconf 88' lang='lat' dir='ltr'><strong>ad</strong></span> <span class='ocrx_word' id='word_1_41' title='bbox 1118 831 1386 871; x_wconf 88' lang='lat' dir='ltr'><strong>summmn</strong></span> <span class='ocrx_word' id='word_1_42' title='bbox 1415 815 1676 871; x_wconf 84' lang='lat' dir='ltr'><strong>honorem</strong></span> <span class='ocrx_word' id='word_1_43' title='bbox 1718 831 1981 887; x_wconf 88' lang='lat' dir='ltr'><strong>pervene-</strong></span> 
     </span>
    </p>
   </div>
   <div class='ocr_carea' id='block_1_7' title="bbox 399 910 1986 980">
    <p class='ocr_par' dir='ltr' id='par_1_7' title="bbox 399 910 1986 980">
     <span class='ocr_line' id='line_1_7' title="bbox 399 910 1986 980; baseline 0.001 -15"><span class='ocrx_word' id='word_1_44' title='bbox 399 913 506 976; x_wconf 81' lang='lat' dir='ltr'><strong>tit,</strong></span> <span class='ocrx_word' id='word_1_45' title='bbox 538 913 745 967; x_wconf 87' lang='lat' dir='ltr'><strong>etiamsi</strong></span> <span class='ocrx_word' id='word_1_46' title='bbox 779 911 844 965; x_wconf 91' lang='lat' dir='ltr'><strong>ad</strong></span> <span class='ocrx_word' id='word_1_47' title='bbox 892 926 1144 965; x_wconf 90' lang='lat' dir='ltr'><strong>mammm</strong></span> <span class='ocrx_word' id='word_1_48' title='bbox 1201 910 1599 979; x_wconf 88' lang='lat' dir='ltr'><strong>impositionetn</strong></span> <span class='ocrx_word' id='word_1_49' title='bbox 1648 920 1865 980; x_wconf 91' lang='lat' dir='ltr'><strong>operata</strong></span> <span class='ocrx_word' id='word_1_50' title='bbox 1914 912 1986 966; x_wconf 92' lang='lat' dir='ltr'><strong>sit</strong></span> 
     </span>
    </p>
   </div>
   <div class='ocr_carea' id='block_1_8' title="bbox 395 1001 1962 1073">
    <p class='ocr_par' dir='ltr' id='par_1_8' title="bbox 395 1001 1962 1073">
     <span class='ocr_line' id='line_1_8' title="bbox 395 1001 1962 1073; baseline -0.001 -16"><span class='ocrx_word' id='word_1_51' title='bbox 395 1005 558 1070; x_wconf 82' lang='lat' dir='ltr'><strong>gratia</strong></span> <span class='ocrx_word' id='word_1_52' title='bbox 584 1045 600 1068; x_wconf 93' lang='lat'><strong>,</strong></span> <span class='ocrx_word' id='word_1_53' title='bbox 638 1013 693 1059; x_wconf 92' lang='lat' dir='ltr'><strong>et</strong></span> <span class='ocrx_word' id='word_1_54' title='bbox 719 1003 786 1057; x_wconf 90' lang='lat' dir='ltr'><strong>ad</strong></span> <span class='ocrx_word' id='word_1_55' title='bbox 815 1003 917 1056; x_wconf 86' lang='lat' dir='ltr'><strong>alia</strong></span> <span class='ocrx_word' id='word_1_56' title='bbox 955 1003 1131 1056; x_wconf 89' lang='lat' dir='ltr'><strong>omnia</strong></span> <span class='ocrx_word' id='word_1_57' title='bbox 1171 1010 1390 1072; x_wconf 73' lang='lat' dir='ltr'><strong>promer</strong></span> <span class='ocrx_word' id='word_1_58' title='bbox 1419 1016 1514 1056; x_wconf 91' lang='lat' dir='ltr'><strong>eos</strong></span> <span class='ocrx_word' id='word_1_59' title='bbox 1549 1001 1638 1070; x_wconf 86' lang='lat' dir='ltr'><strong>qui</strong></span> <span class='ocrx_word' id='word_1_60' title='bbox 1665 1011 1823 1073; x_wconf 83' lang='lat' dir='ltr'><strong>egent</strong></span> <span class='ocrx_word' id='word_1_61' title='bbox 1863 1002 1962 1057; x_wconf 85' lang='lat' dir='ltr'><strong>de-</strong></span> 
     </span>
    </p>
   </div>
   <div class='ocr_carea' id='block_1_9' title="bbox 397 1095 1981 1167">
    <p class='ocr_par' dir='ltr' id='par_1_9' title="bbox 397 1095 1981 1167">
     <span class='ocr_line' id='line_1_9' title="bbox 397 1095 1981 1167; baseline -0.002 -14"><span class='ocrx_word' id='word_1_62' title='bbox 397 1097 638 1153; x_wconf 89' lang='lat' dir='ltr'><strong>fensione</strong></span> <span class='ocrx_word' id='word_1_63' title='bbox 680 1105 735 1152; x_wconf 92' lang='lat' dir='ltr'><strong>et</strong></span> <span class='ocrx_word' id='word_1_64' title='bbox 784 1097 1084 1167; x_wconf 90' lang='lat' dir='ltr'><strong>patrocinio</strong></span> <span class='ocrx_word' id='word_1_65' title='bbox 1108 1136 1124 1160; x_wconf 92' lang='lat'><strong>,</strong></span> <span class='ocrx_word' id='word_1_66' title='bbox 1168 1096 1283 1165; x_wconf 88' lang='lat' dir='ltr'><strong>ipse</strong></span> <span class='ocrx_word' id='word_1_67' title='bbox 1313 1110 1525 1165; x_wconf 89' lang='lat' dir='ltr'><strong>quoque</strong></span> <span class='ocrx_word' id='word_1_68' title='bbox 1550 1095 1730 1150; x_wconf 80' lang='lat' dir='ltr'><strong>audiet</strong></span> <span class='ocrx_word' id='word_1_69' title='bbox 1764 1113 1778 1150; x_wconf 93' lang='lat'><strong>:</strong></span> <span class='ocrx_word' id='word_1_70' title='bbox 1810 1095 1981 1150; x_wconf 83' lang='lat' dir='ltr'><strong>Num-</strong></span> 
     </span>
    </p>
   </div>
   <div class='ocr_carea' id='block_1_10' title="bbox 394 1186 1978 1258">
    <p class='ocr_par' dir='ltr' id='par_1_10' title="bbox 394 1186 1978 1258">
     <span class='ocr_line' id='line_1_10' title="bbox 394 1186 1978 1258; baseline -0.002 -15"><span class='ocrx_word' id='word_1_71' title='bbox 394 1205 552 1258; x_wconf 89' lang='lat' dir='ltr'><strong>quam</strong></span> <span class='ocrx_word' id='word_1_72' title='bbox 583 1200 634 1244; x_wconf 91' lang='lat' dir='ltr'><strong>te</strong></span> <span class='ocrx_word' id='word_1_73' title='bbox 664 1190 807 1253; x_wconf 86' lang='lat' dir='ltr'><strong>novi,</strong></span> <span class='ocrx_word' id='word_1_74' title='bbox 835 1203 905 1243; x_wconf 89' lang='lat' dir='ltr'><strong>ne</strong></span> <span class='ocrx_word' id='word_1_75' title='bbox 932 1196 1058 1241; x_wconf 87' lang='lat' dir='ltr'><strong>tunc</strong></span> <span class='ocrx_word' id='word_1_76' title='bbox 1087 1187 1326 1257; x_wconf 90' lang='lat' dir='ltr'><strong>quidem,</strong></span> <span class='ocrx_word' id='word_1_77' title='bbox 1355 1186 1570 1256; x_wconf 79' lang='lat' dir='ltr'><strong>quando</strong></span> <span class='ocrx_word' id='word_1_78' title='bbox 1594 1186 1645 1240; x_wconf 90' lang='lat' dir='ltr'><strong>in</strong></span> <span class='ocrx_word' id='word_1_79' title='bbox 1674 1195 1726 1242; x_wconf 86' lang='lat' dir='ltr'><strong>te</strong></span> <span class='ocrx_word' id='word_1_80' title='bbox 1757 1196 1978 1256; x_wconf 89' lang='lat' dir='ltr'><strong>operata</strong></span> 
     </span>
    </p>
   </div>
   <div class='ocr_carea' id='block_1_11' title="bbox 396 1277 1980 1348">
    <p class='ocr_par' dir='ltr' id='par_1_11' title="bbox 396 1277 1980 1348">
     <span class='ocr_line' id='line_1_11' title="bbox 396 1277 1980 1348; baseline -0.001 -15"><span class='ocrx_word' id='word_1_81' title='bbox 396 1289 479 1334; x_wconf 81' lang='lat' dir='ltr'><strong>est</strong></span> <span class='ocrx_word' id='word_1_82' title='bbox 505 1280 695 1348; x_wconf 80' lang='lat' dir='ltr'><strong>gratia.</strong></span> <span class='ocrx_word' id='word_1_83' title='bbox 730 1279 908 1348; x_wconf 66' lang='grc' dir='ltr'><strong>νίψαι,</strong></span> <span class='ocrx_word' id='word_1_84' title='bbox 936 1287 1129 1348; x_wconf 80' lang='lat' dir='ltr'><strong>quanta</strong></span> <span class='ocrx_word' id='word_1_85' title='bbox 1160 1286 1245 1331; x_wconf 90' lang='lat' dir='ltr'><strong>est</strong></span> <span class='ocrx_word' id='word_1_86' title='bbox 1274 1277 1383 1332; x_wconf 85' lang='lat' dir='ltr'><strong>illic</strong></span> <span class='ocrx_word' id='word_1_87' title='bbox 1410 1277 1531 1331; x_wconf 76' lang='lat' dir='ltr'><strong>vita:</strong></span> <span class='ocrx_word' id='word_1_88' title='bbox 1558 1277 1772 1332; x_wconf 80' lang='lat' dir='ltr'><strong>munda:</strong></span> <span class='ocrx_word' id='word_1_89' title='bbox 1801 1278 1980 1347; x_wconf 90' lang='lat' dir='ltr'><strong>inqui-</strong></span> 
     </span>
    </p>
   </div>
   <div class='ocr_carea' id='block_1_12' title="bbox 395 1366 1979 1441">
    <p class='ocr_par' dir='ltr' id='par_1_12' title="bbox 395 1366 1979 1441">
     <span class='ocr_line' id='line_1_12' title="bbox 395 1366 1979 1441; baseline -0.002 -15"><span class='ocrx_word' id='word_1_90' title='bbox 395 1373 518 1426; x_wconf 86' lang='lat' dir='ltr'><strong>sitio</strong></span> <span class='ocrx_word' id='word_1_91' title='bbox 542 1372 555 1424; x_wconf 82' lang='lat'>!</span> <span class='ocrx_word' id='word_1_92' title='bbox 588 1370 861 1441; x_wconf 88' lang='lat' dir='ltr'><strong>quomodo</strong></span> <span class='ocrx_word' id='word_1_93' title='bbox 891 1370 1003 1439; x_wconf 90' lang='lat' dir='ltr'><strong>ipsa</strong></span> <span class='ocrx_word' id='word_1_94' title='bbox 1029 1384 1124 1438; x_wconf 92' lang='lat' dir='ltr'><strong>per</strong></span> <span class='ocrx_word' id='word_1_95' title='bbox 1151 1383 1210 1423; x_wconf 90' lang='lat' dir='ltr'><strong>se</strong></span> <span class='ocrx_word' id='word_1_96' title='bbox 1241 1366 1436 1423; x_wconf 87' lang='lat' dir='ltr'><strong>sufficit</strong></span> <span class='ocrx_word' id='word_1_97' title='bbox 1465 1367 1531 1423; x_wconf 90' lang='lat' dir='ltr'><strong>ad</strong></span> <span class='ocrx_word' id='word_1_98' title='bbox 1558 1383 1653 1423; x_wconf 89' lang='lat' dir='ltr'><strong>nos</strong></span> <span class='ocrx_word' id='word_1_99' title='bbox 1681 1369 1733 1422; x_wconf 89' lang='lat' dir='ltr'><strong>in</strong></span> <span class='ocrx_word' id='word_1_100' title='bbox 1759 1384 1979 1438; x_wconf 80' lang='lat' dir='ltr'><strong>regnum</strong></span> 
     </span>
    </p>
   </div>
   <div class='ocr_carea' id='block_1_13' title="bbox 395 1460 1980 1531">
    <p class='ocr_par' dir='ltr' id='par_1_13' title="bbox 395 1460 1980 1531">
     <span class='ocr_line' id='line_1_13' title="bbox 395 1460 1980 1531; baseline -0.002 -13"><span class='ocrx_word' id='word_1_101' title='bbox 395 1463 778 1518; x_wconf 67' lang='lat' dir='ltr'><strong>adducendus?</strong></span> <span class='ocrx_word' id='word_1_102' title='bbox 825 1463 867 1517; x_wconf 88' lang='lat' dir='ltr'><strong>si</strong></span> <span class='ocrx_word' id='word_1_103' title='bbox 910 1462 1049 1516; x_wconf 79' lang='lat' dir='ltr'><strong>absit</strong></span> <span class='ocrx_word' id='word_1_104' title='bbox 1076 1471 1255 1516; x_wconf 90' lang='lat' dir='ltr'><strong>autem</strong></span> <span class='ocrx_word' id='word_1_105' title='bbox 1283 1503 1298 1527; x_wconf 93' lang='lat'><strong>,</strong></span> <span class='ocrx_word' id='word_1_106' title='bbox 1327 1462 1499 1515; x_wconf 92' lang='lat' dir='ltr'><strong>virum</strong></span> <span class='ocrx_word' id='word_1_107' title='bbox 1529 1460 1739 1531; x_wconf 90' lang='lat' dir='ltr'><strong>prodit,</strong></span> <span class='ocrx_word' id='word_1_108' title='bbox 1772 1462 1980 1516; x_wconf 89' lang='lat' dir='ltr'><strong>etiamsi</strong></span> 
     </span>
    </p>
   </div>
   <div class='ocr_carea' id='block_1_14' title="bbox 397 1551 1979 1626">
    <p class='ocr_par' dir='ltr' id='par_1_14' title="bbox 397 1551 1979 1626">
     <span class='ocr_line' id='line_1_14' title="bbox 397 1551 1979 1626; baseline -0.001 -18"><span class='ocrx_word' id='word_1_109' title='bbox 397 1557 564 1626; x_wconf 78' lang='lat' dir='ltr'><strong>possit</strong></span> <span class='ocrx_word' id='word_1_110' title='bbox 592 1553 881 1610; x_wconf 84' lang='lat' dir='ltr'><strong>ostendere</strong></span> <span class='ocrx_word' id='word_1_111' title='bbox 912 1553 1057 1607; x_wconf 90' lang='lat' dir='ltr'><strong>mille</strong></span> <span class='ocrx_word' id='word_1_112' title='bbox 1085 1553 1233 1623; x_wconf 81' lang='lat' dir='ltr'><strong>signa</strong></span> <span class='ocrx_word' id='word_1_113' title='bbox 1264 1560 1318 1607; x_wconf 90' lang='lat' dir='ltr'><strong>et</strong></span> <span class='ocrx_word' id='word_1_114' title='bbox 1361 1552 1624 1622; x_wconf 88' lang='lat' dir='ltr'><strong>prodigia.</strong></span> <span class='ocrx_word' id='word_1_115' title='bbox 1668 1551 1809 1606; x_wconf 87' lang='lat' dir='ltr'><strong>Nihil</strong></span> <span class='ocrx_word' id='word_1_116' title='bbox 1835 1552 1979 1607; x_wconf 84' lang='lat' dir='ltr'><strong>enim</strong></span> 
     </span>
    </p>
   </div>
   <div class='ocr_carea' id='block_1_15' title="bbox 395 1640 1979 1713">
    <p class='ocr_par' dir='ltr' id='par_1_15' title="bbox 395 1640 1979 1713">
     <span class='ocr_line' id='line_1_15' title="bbox 395 1640 1979 1713; baseline -0.001 -12"><span class='ocrx_word' id='word_1_117' title='bbox 395 1649 561 1703; x_wconf 84' lang='lat' dir='ltr'><strong>Deum</strong></span> <span class='ocrx_word' id='word_1_118' title='bbox 596 1654 739 1700; x_wconf 88' lang='lat' dir='ltr'><strong>tanta</strong></span> <span class='ocrx_word' id='word_1_119' title='bbox 768 1643 937 1699; x_wconf 78' lang='lat' dir='ltr'><strong>afﬁcit</strong></span> <span class='ocrx_word' id='word_1_120' title='bbox 969 1644 1172 1707; x_wconf 73' lang='lat' dir='ltr'><strong>lmtitia,</strong></span> <span class='ocrx_word' id='word_1_121' title='bbox 1205 1640 1401 1713; x_wconf 85' lang='lat' dir='ltr'><strong>quanta</strong></span> <span class='ocrx_word' id='word_1_122' title='bbox 1429 1645 1553 1698; x_wconf 70' lang='lat' dir='ltr'><strong>vita:</strong></span> <span class='ocrx_word' id='word_1_123' title='bbox 1595 1645 1731 1700; x_wconf 92' lang='lat' dir='ltr'><strong>bona</strong></span> <span class='ocrx_word' id='word_1_124' title='bbox 1764 1643 1979 1700; x_wconf 88' lang='lat' dir='ltr'><strong>institu-</strong></span> 
     </span>
    </p>
   </div>
   <div class='ocr_carea' id='block_1_16' title="bbox 394 1736 1979 1809">
    <p class='ocr_par' dir='ltr' id='par_1_16' title="bbox 394 1736 1979 1809">
     <span class='ocr_line' id='line_1_16' title="bbox 394 1736 1979 1809; baseline 0.001 -15"><span class='ocrx_word' id='word_1_125' title='bbox 394 1740 491 1795; x_wconf 90' lang='lat' dir='ltr'><strong>tio.</strong></span> <span class='ocrx_word' id='word_1_126' title='bbox 522 1739 583 1794; x_wconf 86' lang='lat' dir='ltr'><strong>Si</strong></span> <span class='ocrx_word' id='word_1_127' title='bbox 610 1738 821 1809; x_wconf 75' lang='lat' dir='ltr'><strong>diligitis</strong></span> <span class='ocrx_word' id='word_1_128' title='bbox 851 1754 960 1803; x_wconf 86' lang='lat' dir='ltr'><strong>me,</strong></span> <span class='ocrx_word' id='word_1_129' title='bbox 994 1736 1205 1807; x_wconf 91' lang='lat' dir='ltr'><strong>inquit,</strong></span> <span class='ocrx_word' id='word_1_130' title='bbox 1238 1752 1344 1791; x_wconf 91' lang='lat' dir='ltr'><strong>non</strong></span> <span class='ocrx_word' id='word_1_131' title='bbox 1375 1736 1545 1803; x_wconf 82' lang='lat' dir='ltr'><strong>dixit,</strong></span> <span class='ocrx_word' id='word_1_132' title='bbox 1584 1737 1744 1808; x_wconf 84' lang='lat' dir='ltr'><strong>Signa</strong></span> <span class='ocrx_word' id='word_1_133' title='bbox 1776 1737 1932 1795; x_wconf 88' lang='lat' dir='ltr'><strong>facile</strong></span> <span class='ocrx_word' id='word_1_134' title='bbox 1961 1781 1979 1807; x_wconf 91' lang='lat'><strong>,</strong></span> 
     </span>
    </p>
   </div>
   <div class='ocr_carea' id='block_1_17' title="bbox 394 1827 1982 1901">
    <p class='ocr_par' dir='ltr' id='par_1_17' title="bbox 394 1827 1982 1901">
     <span class='ocr_line' id='line_1_17' title="bbox 394 1827 1982 1901; baseline 0 -15"><span class='ocrx_word' id='word_1_135' title='bbox 394 1831 491 1887; x_wconf 87' lang='lat' dir='ltr'><strong>sed</strong></span> <span class='ocrx_word' id='word_1_136' title='bbox 524 1830 688 1900; x_wconf 80' lang='lat' dir='ltr'><strong>quid?</strong></span> <span class='ocrx_word' id='word_1_137' title='bbox 733 1828 977 1882; x_wconf 85' lang='lat' dir='ltr'><strong>mandata</strong></span> <span class='ocrx_word' id='word_1_138' title='bbox 1027 1844 1137 1882; x_wconf 84' lang='lat' dir='ltr'><strong>mea</strong></span> <span class='ocrx_word' id='word_1_139' title='bbox 1185 1838 1380 1882; x_wconf 81' lang='lat' dir='ltr'><strong>servate</strong></span> <span class='ocrx_word' id='word_1_140' title='bbox 1424 1827 1603 1901; x_wconf 84' lang='lat' dir='ltr'><strong>(Joan.</strong></span> <span class='ocrx_word' id='word_1_141' title='bbox 1635 1830 1723 1884; x_wconf 74' lang='grc'><strong>14.</strong></span> <span class='ocrx_word' id='word_1_142' title='bbox 1766 1830 1879 1899; x_wconf 79' lang='grc'><strong>15).</strong></span> <span class='ocrx_word' id='word_1_143' title='bbox 1913 1831 1982 1886; x_wconf 85' lang='lat' dir='ltr'><strong>Et</strong></span> 
     </span>
    </p>
   </div>
   <div class='ocr_carea' id='block_1_18' title="bbox 394 1920 1982 1991">
    <p class='ocr_par' dir='ltr' id='par_1_18' title="bbox 394 1920 1982 1991">
     <span class='ocr_line' id='line_1_18' title="bbox 394 1920 1982 1991; baseline -0.002 -12"><span class='ocrx_word' id='word_1_144' title='bbox 394 1935 582 1979; x_wconf 85' lang='lat' dir='ltr'><strong>rursus</strong></span> <span class='ocrx_word' id='word_1_145' title='bbox 606 1940 618 1975; x_wconf 93' lang='lat'><strong>:</strong></span> <span class='ocrx_word' id='word_1_146' title='bbox 654 1921 856 1975; x_wconf 84' lang='lat' dir='ltr'><strong>Amicos</strong></span> <span class='ocrx_word' id='word_1_147' title='bbox 882 1936 968 1974; x_wconf 91' lang='lat' dir='ltr'><strong>vos</strong></span> <span class='ocrx_word' id='word_1_148' title='bbox 995 1920 1109 1974; x_wconf 85' lang='lat' dir='ltr'><strong>dico</strong></span> <span class='ocrx_word' id='word_1_149' title='bbox 1134 1961 1150 1987; x_wconf 91' lang='lat'><strong>,</strong></span> <span class='ocrx_word' id='word_1_150' title='bbox 1195 1933 1301 1974; x_wconf 91' lang='lat' dir='ltr'><strong>non</strong></span> <span class='ocrx_word' id='word_1_151' title='bbox 1332 1920 1548 1990; x_wconf 84' lang='lat' dir='ltr'><strong>quando</strong></span> <span class='ocrx_word' id='word_1_152' title='bbox 1574 1921 1838 1976; x_wconf 71' lang='lat' dir='ltr'><strong>diemonia</strong></span> <span class='ocrx_word' id='word_1_153' title='bbox 1866 1922 1982 1991; x_wconf 82' lang='lat' dir='ltr'><strong>eje-</strong></span> 
     </span>
    </p>
   </div>
   <div class='ocr_carea' id='block_1_19' title="bbox 392 2008 1977 2081">
    <p class='ocr_par' dir='ltr' id='par_1_19' title="bbox 392 2008 1977 2081">
     <span class='ocr_line' id='line_1_19' title="bbox 392 2008 1977 2081; baseline -0.003 -11"><span class='ocrx_word' id='word_1_154' title='bbox 392 2016 574 2070; x_wconf 87' lang='lat' dir='ltr'><strong>eeritis</strong></span> <span class='ocrx_word' id='word_1_155' title='bbox 592 2054 606 2076; x_wconf 95' lang='lat'><strong>,</strong></span> <span class='ocrx_word' id='word_1_156' title='bbox 639 2012 734 2067; x_wconf 89' lang='lat' dir='ltr'><strong>sed</strong></span> <span class='ocrx_word' id='word_1_157' title='bbox 757 2052 772 2075; x_wconf 94' lang='lat'><strong>,</strong></span> <span class='ocrx_word' id='word_1_158' title='bbox 803 2012 847 2067; x_wconf 89' lang='lat' dir='ltr'><strong>si</strong></span> <span class='ocrx_word' id='word_1_159' title='bbox 875 2026 1129 2065; x_wconf 81' lang='lat' dir='ltr'><strong>sermones</strong></span> <span class='ocrx_word' id='word_1_160' title='bbox 1153 2020 1289 2064; x_wconf 87' lang='lat' dir='ltr'><strong>meos</strong></span> <span class='ocrx_word' id='word_1_161' title='bbox 1324 2012 1637 2065; x_wconf 85' lang='lat' dir='ltr'><strong>servaveritis</strong></span> <span class='ocrx_word' id='word_1_162' title='bbox 1668 2008 1861 2081; x_wconf 86' lang='lat' dir='ltr'><strong>(Joan.</strong></span> <span class='ocrx_word' id='word_1_163' title='bbox 1890 2013 1977 2068; x_wconf 82' lang='lat' dir='ltr'><strong>l5.</strong></span> 
     </span>
    </p>
   </div>
   <div class='ocr_carea' id='block_1_20' title="bbox 396 2101 1977 2175">
    <p class='ocr_par' dir='ltr' id='par_1_20' title="bbox 396 2101 1977 2175">
     <span class='ocr_line' id='line_1_20' title="bbox 396 2101 1977 2175; baseline -0.003 -15"><span class='ocrx_word' id='word_1_164' title='bbox 396 2104 632 2175; x_wconf 84' lang='grc'><strong>10.15).</strong></span> <span class='ocrx_word' id='word_1_165' title='bbox 677 2103 810 2158; x_wconf 83' lang='lat' dir='ltr'><strong>Nam</strong></span> <span class='ocrx_word' id='word_1_166' title='bbox 862 2101 952 2157; x_wconf 89' lang='lat' dir='ltr'><strong>illa</strong></span> <span class='ocrx_word' id='word_1_167' title='bbox 978 2101 1195 2171; x_wconf 85' lang='lat' dir='ltr'><strong>quidem</strong></span> <span class='ocrx_word' id='word_1_168' title='bbox 1225 2109 1348 2156; x_wconf 91' lang='lat' dir='ltr'><strong>sunt</strong></span> <span class='ocrx_word' id='word_1_169' title='bbox 1376 2101 1503 2156; x_wconf 88' lang='lat' dir='ltr'><strong>doni</strong></span> <span class='ocrx_word' id='word_1_170' title='bbox 1548 2102 1675 2169; x_wconf 86' lang='lat' dir='ltr'><strong>Dei;</strong></span> <span class='ocrx_word' id='word_1_171' title='bbox 1728 2102 1844 2158; x_wconf 66' lang='lat' dir='ltr'><strong>haec</strong></span> <span class='ocrx_word' id='word_1_172' title='bbox 1888 2118 1977 2157; x_wconf 89' lang='lat' dir='ltr'><strong>an-</strong></span> 
     </span>
    </p>
   </div>
   <div class='ocr_carea' id='block_1_21' title="bbox 394 2192 1981 2264">
    <p class='ocr_par' dir='ltr' id='par_1_21' title="bbox 394 2192 1981 2264">
     <span class='ocr_line' id='line_1_21' title="bbox 394 2192 1981 2264; baseline -0.002 -13"><span class='ocrx_word' id='word_1_173' title='bbox 394 2207 503 2251; x_wconf 89' lang='lat' dir='ltr'><strong>tem</strong></span> <span class='ocrx_word' id='word_1_174' title='bbox 534 2204 656 2264; x_wconf 89' lang='lat' dir='ltr'><strong>post</strong></span> <span class='ocrx_word' id='word_1_175' title='bbox 683 2193 883 2248; x_wconf 90' lang='lat' dir='ltr'><strong>donum</strong></span> <span class='ocrx_word' id='word_1_176' title='bbox 918 2192 1011 2247; x_wconf 88' lang='lat' dir='ltr'><strong>Dei</strong></span> <span class='ocrx_word' id='word_1_177' title='bbox 1051 2202 1176 2246; x_wconf 90' lang='lat' dir='ltr'><strong>sunt</strong></span> <span class='ocrx_word' id='word_1_178' title='bbox 1202 2193 1365 2247; x_wconf 90' lang='lat' dir='ltr'><strong>etiam</strong></span> <span class='ocrx_word' id='word_1_179' title='bbox 1390 2193 1557 2246; x_wconf 88' lang='lat' dir='ltr'><strong>nostri</strong></span> <span class='ocrx_word' id='word_1_180' title='bbox 1586 2192 1745 2247; x_wconf 88' lang='lat' dir='ltr'><strong>studii</strong></span> <span class='ocrx_word' id='word_1_181' title='bbox 1777 2204 1833 2249; x_wconf 89' lang='lat' dir='ltr'><strong>et</strong></span> <span class='ocrx_word' id='word_1_182' title='bbox 1861 2193 1981 2248; x_wconf 87' lang='lat' dir='ltr'><strong>dili-</strong></span> 
     </span>
    </p>
   </div>
   <div class='ocr_carea' id='block_1_22' title="bbox 392 2282 1981 2359">
    <p class='ocr_par' dir='ltr' id='par_1_22' title="bbox 392 2282 1981 2359">
     <span class='ocr_line' id='line_1_22' title="bbox 392 2282 1981 2359; baseline -0.002 -16"><span class='ocrx_word' id='word_1_183' title='bbox 392 2288 612 2359; x_wconf 59' lang='lat' dir='ltr'><strong>gentiae.</strong></span> <span class='ocrx_word' id='word_1_184' title='bbox 642 2284 967 2340; x_wconf 86' lang='lat' dir='ltr'><strong>Studeamus</strong></span> <span class='ocrx_word' id='word_1_185' title='bbox 995 2297 1117 2338; x_wconf 91' lang='lat' dir='ltr'><strong>esse</strong></span> <span class='ocrx_word' id='word_1_186' title='bbox 1150 2283 1306 2338; x_wconf 89' lang='lat' dir='ltr'><strong>amici</strong></span> <span class='ocrx_word' id='word_1_187' title='bbox 1341 2282 1466 2347; x_wconf 90' lang='lat' dir='ltr'><strong>Dei,</strong></span> <span class='ocrx_word' id='word_1_188' title='bbox 1491 2294 1546 2337; x_wconf 90' lang='lat' dir='ltr'><strong>et</strong></span> <span class='ocrx_word' id='word_1_189' title='bbox 1571 2299 1638 2337; x_wconf 89' lang='lat' dir='ltr'><strong>ne</strong></span> <span class='ocrx_word' id='word_1_190' title='bbox 1672 2299 1981 2340; x_wconf 79' lang='lat' dir='ltr'><strong>maneamus</strong></span> 
     </span>
    </p>
   </div>
   <div class='ocr_carea' id='block_1_23' title="bbox 396 2380 1973 2455">
    <p class='ocr_par' dir='ltr' id='par_1_23' title="bbox 396 2380 1973 2455">
     <span class='ocr_line' id='line_1_23' title="bbox 396 2380 1973 2455; baseline -0.005 -11"><span class='ocrx_word' id='word_1_191' title='bbox 396 2385 621 2444; x_wconf 88' lang='lat' dir='ltr'><strong>initnici.</strong></span> <span class='ocrx_word' id='word_1_192' title='bbox 657 2386 783 2442; x_wconf 69' lang='lat' dir='ltr'><strong>llaec</strong></span> <span class='ocrx_word' id='word_1_193' title='bbox 807 2399 1021 2455; x_wconf 88' lang='lat' dir='ltr'><strong>semper</strong></span> <span class='ocrx_word' id='word_1_194' title='bbox 1043 2383 1294 2449; x_wconf 85' lang='lat' dir='ltr'><strong>dicimus,</strong></span> <span class='ocrx_word' id='word_1_195' title='bbox 1323 2381 1514 2435; x_wconf 89' lang='lat' dir='ltr'><strong>horum</strong></span> <span class='ocrx_word' id='word_1_196' title='bbox 1540 2394 1758 2452; x_wconf 84' lang='lat' dir='ltr'><strong>semper</strong></span> <span class='ocrx_word' id='word_1_197' title='bbox 1786 2380 1973 2437; x_wconf 64' lang='lat' dir='ltr'><strong>admo»</strong></span> 
     </span>
    </p>
   </div>
   <div class='ocr_carea' id='block_1_24' title="bbox 391 2473 1978 2548">
    <p class='ocr_par' dir='ltr' id='par_1_24' title="bbox 391 2473 1978 2548">
     <span class='ocr_line' id='line_1_24' title="bbox 391 2473 1978 2548; baseline -0.006 -12"><span class='ocrx_word' id='word_1_198' title='bbox 391 2496 584 2538; x_wconf 90' lang='lat' dir='ltr'><strong>nemus</strong></span> <span class='ocrx_word' id='word_1_199' title='bbox 613 2487 671 2535; x_wconf 88' lang='lat' dir='ltr'><strong>et</strong></span> <span class='ocrx_word' id='word_1_200' title='bbox 711 2479 958 2548; x_wconf 87' lang='lat' dir='ltr'><strong>nosipsos</strong></span> <span class='ocrx_word' id='word_1_201' title='bbox 982 2487 1036 2533; x_wconf 92' lang='lat' dir='ltr'><strong>et</strong></span> <span class='ocrx_word' id='word_1_202' title='bbox 1077 2491 1209 2541; x_wconf 85' lang='lat' dir='ltr'><strong>vos;</strong></span> <span class='ocrx_word' id='word_1_203' title='bbox 1236 2473 1332 2530; x_wconf 88' lang='lat' dir='ltr'><strong>sed</strong></span> <span class='ocrx_word' id='word_1_204' title='bbox 1382 2474 1515 2528; x_wconf 84' lang='lat' dir='ltr'><strong>nihil</strong></span> <span class='ocrx_word' id='word_1_205' title='bbox 1547 2474 1776 2543; x_wconf 85' lang='lat' dir='ltr'><strong>amplius</strong></span> <span class='ocrx_word' id='word_1_206' title='bbox 1806 2473 1978 2529; x_wconf 78' lang='lat' dir='ltr'><strong>efflet-</strong></span> 
     </span>
    </p>
   </div>
   <div class='ocr_carea' id='block_1_25' title="bbox 391 2565 1981 2639">
    <p class='ocr_par' dir='ltr' id='par_1_25' title="bbox 391 2565 1981 2639">
     <span class='ocr_line' id='line_1_25' title="bbox 391 2565 1981 2639; baseline -0.006 -9"><span class='ocrx_word' id='word_1_207' title='bbox 391 2590 513 2630; x_wconf 89' lang='lat' dir='ltr'><strong>mus</strong></span> <span class='ocrx_word' id='word_1_208' title='bbox 533 2614 549 2639; x_wconf 91' lang='lat'><strong>,</strong></span> <span class='ocrx_word' id='word_1_209' title='bbox 572 2581 629 2627; x_wconf 89' lang='lat' dir='ltr'><strong>et</strong></span> <span class='ocrx_word' id='word_1_210' title='bbox 674 2571 796 2627; x_wconf 90' lang='lat' dir='ltr'><strong>ideo</strong></span> <span class='ocrx_word' id='word_1_211' title='bbox 825 2571 1012 2626; x_wconf 88' lang='lat' dir='ltr'><strong>timeo.</strong></span> <span class='ocrx_word' id='word_1_212' title='bbox 1045 2569 1112 2624; x_wconf 87' lang='lat' dir='ltr'><strong>Et</strong></span> <span class='ocrx_word' id='word_1_213' title='bbox 1141 2568 1337 2622; x_wconf 86' lang='lat' dir='ltr'><strong>vellem</strong></span> <span class='ocrx_word' id='word_1_214' title='bbox 1365 2565 1581 2637; x_wconf 87' lang='lat' dir='ltr'><strong>quidem</strong></span> <span class='ocrx_word' id='word_1_215' title='bbox 1631 2565 1845 2620; x_wconf 91' lang='lat' dir='ltr'><strong>siluisse</strong></span> <span class='ocrx_word' id='word_1_216' title='bbox 1865 2607 1881 2628; x_wconf 90' lang='lat'><strong>,</strong></span> <span class='ocrx_word' id='word_1_217' title='bbox 1915 2581 1981 2620; x_wconf 91' lang='lat' dir='ltr'><strong>ne</strong></span> 
     </span>
    </p>
   </div>
   <div class='ocr_carea' id='block_1_26' title="bbox 396 2658 1980 2735">
    <p class='ocr_par' dir='ltr' id='par_1_26' title="bbox 396 2658 1980 2735">
     <span class='ocr_line' id='line_1_26' title="bbox 396 2658 1980 2735; baseline -0.005 -14"><span class='ocrx_word' id='word_1_218' title='bbox 396 2667 544 2721; x_wconf 83' lang='lat' dir='ltr'><strong>vobis</strong></span> <span class='ocrx_word' id='word_1_219' title='bbox 573 2679 798 2735; x_wconf 91' lang='lat' dir='ltr'><strong>augeam</strong></span> <span class='ocrx_word' id='word_1_220' title='bbox 845 2662 1176 2733; x_wconf 85' lang='lat' dir='ltr'><strong>periculum:</strong></span> <span class='ocrx_word' id='word_1_221' title='bbox 1207 2674 1332 2714; x_wconf 88' lang='lat' dir='ltr'><strong>nam</strong></span> <span class='ocrx_word' id='word_1_222' title='bbox 1363 2673 1506 2728; x_wconf 78' lang='lat' dir='ltr'><strong>saepe</strong></span> <span class='ocrx_word' id='word_1_223' title='bbox 1535 2658 1841 2713; x_wconf 88' lang='lat' dir='ltr'><strong>audientem</strong></span> <span class='ocrx_word' id='word_1_224' title='bbox 1875 2674 1980 2713; x_wconf 88' lang='lat' dir='ltr'><strong>nec</strong></span> 
     </span>
    </p>
   </div>
   <div class='ocr_carea' id='block_1_27' title="bbox 395 2744 1980 2829">
    <p class='ocr_par' dir='ltr' id='par_1_27' title="bbox 395 2744 1980 2829">
     <span class='ocr_line' id='line_1_27' title="bbox 395 2744 1980 2829; baseline -0.008 -14"><span class='ocrx_word' id='word_1_225' title='bbox 395 2761 475 2815; x_wconf 89' lang='lat' dir='ltr'><strong>sic</strong></span> <span class='ocrx_word' id='word_1_226' title='bbox 503 2744 716 2829; x_wconf 85' lang='lat' dir='ltr'><strong>quidem</strong></span> <span class='ocrx_word' id='word_1_227' title='bbox 749 2757 926 2811; x_wconf 89' lang='lat' dir='ltr'><strong>facere</strong></span> <span class='ocrx_word' id='word_1_228' title='bbox 948 2796 962 2821; x_wconf 93' lang='lat'><strong>,</strong></span> <span class='ocrx_word' id='word_1_229' title='bbox 1009 2757 1112 2809; x_wconf 89' lang='lat' dir='ltr'><strong>hoc</strong></span> <span class='ocrx_word' id='word_1_230' title='bbox 1137 2763 1221 2808; x_wconf 88' lang='lat' dir='ltr'><strong>est</strong></span> <span class='ocrx_word' id='word_1_231' title='bbox 1270 2750 1551 2806; x_wconf 90' lang='lat' dir='ltr'><strong>Dominum</strong></span> <span class='ocrx_word' id='word_1_232' title='bbox 1585 2751 1798 2805; x_wconf 83' lang='lat' dir='ltr'><strong>irritare</strong></span> <span class='ocrx_word' id='word_1_233' title='bbox 1828 2767 1841 2802; x_wconf 88' lang='lat'><strong>:</strong></span> <span class='ocrx_word' id='word_1_234' title='bbox 1887 2751 1980 2805; x_wconf 86' lang='lat' dir='ltr'><strong>sed</strong></span> 
     </span>
    </p>
   </div>
   <div class='ocr_carea' id='block_1_28' title="bbox 395 2840 1980 2920">
    <p class='ocr_par' dir='ltr' id='par_1_28' title="bbox 395 2840 1980 2920">
     <span class='ocr_line' id='line_1_28' title="bbox 395 2840 1980 2920; baseline -0.006 -16"><span class='ocrx_word' id='word_1_235' title='bbox 395 2851 511 2920; x_wconf 83' lang='lat' dir='ltr'><strong>ipse</strong></span> <span class='ocrx_word' id='word_1_236' title='bbox 539 2863 751 2920; x_wconf 91' lang='lat' dir='ltr'><strong>quoque</strong></span> <span class='ocrx_word' id='word_1_237' title='bbox 786 2847 950 2902; x_wconf 87' lang='lat' dir='ltr'><strong>timeo</strong></span> <span class='ocrx_word' id='word_1_238' title='bbox 987 2843 1133 2898; x_wconf 88' lang='lat' dir='ltr'><strong>aliud</strong></span> <span class='ocrx_word' id='word_1_239' title='bbox 1176 2840 1471 2913; x_wconf 88' lang='lat' dir='ltr'><strong>periculum</strong></span> <span class='ocrx_word' id='word_1_240' title='bbox 1502 2841 1737 2906; x_wconf 88' lang='lat' dir='ltr'><strong>silentii,</strong></span> <span class='ocrx_word' id='word_1_241' title='bbox 1769 2840 1813 2895; x_wconf 89' lang='lat' dir='ltr'><strong>si</strong></span> <span class='ocrx_word' id='word_1_242' title='bbox 1850 2840 1980 2895; x_wconf 85' lang='lat' dir='ltr'><strong>taci-</strong></span> 
     </span>
    </p>
   </div>
   <div class='ocr_carea' id='block_1_29' title="bbox 399 2933 1981 3003">
    <p class='ocr_par' dir='ltr' id='par_1_29' title="bbox 399 2933 1981 3003">
     <span class='ocr_line' id='line_1_29' title="bbox 399 2933 1981 3003; baseline -0.005 -10"><span class='ocrx_word' id='word_1_243' title='bbox 399 2950 551 2993; x_wconf 89' lang='lat' dir='ltr'><strong>turus</strong></span> <span class='ocrx_word' id='word_1_244' title='bbox 579 2941 679 2993; x_wconf 90' lang='lat' dir='ltr'><strong>sim</strong></span> <span class='ocrx_word' id='word_1_245' title='bbox 706 2981 721 3003; x_wconf 94' lang='lat'><strong>,</strong></span> <span class='ocrx_word' id='word_1_246' title='bbox 750 2952 873 2992; x_wconf 89' lang='lat' dir='ltr'><strong>cum</strong></span> <span class='ocrx_word' id='word_1_247' title='bbox 903 2936 1053 2992; x_wconf 89' lang='lat' dir='ltr'><strong>verbi</strong></span> <span class='ocrx_word' id='word_1_248' title='bbox 1082 2933 1440 2989; x_wconf 90' lang='lat' dir='ltr'><strong>ministerium</strong></span> <span class='ocrx_word' id='word_1_249' title='bbox 1469 2935 1534 2987; x_wconf 85' lang='lat' dir='ltr'><strong>sit</strong></span> <span class='ocrx_word' id='word_1_250' title='bbox 1566 2934 1697 2987; x_wconf 91' lang='lat' dir='ltr'><strong>mihi</strong></span> <span class='ocrx_word' id='word_1_251' title='bbox 1727 2934 1981 2987; x_wconf 86' lang='lat' dir='ltr'><strong>conunis-</strong></span> 
     </span>
    </p>
   </div>
   <div class='ocr_carea' id='block_1_30' title="bbox 400 3022 1986 3099">
    <p class='ocr_par' dir='ltr' id='par_1_30' title="bbox 400 3022 1986 3099">
     <span class='ocr_line' id='line_1_30' title="bbox 400 3022 1986 3099; baseline -0.005 -14"><span class='ocrx_word' id='word_1_252' title='bbox 400 3048 543 3086; x_wconf 89' lang='lat' dir='ltr'><strong>sum.</strong></span> <span class='ocrx_word' id='word_1_253' title='bbox 578 3030 715 3098; x_wconf 86' lang='lat' dir='ltr'><strong>Quid</strong></span> <span class='ocrx_word' id='word_1_254' title='bbox 744 3044 872 3099; x_wconf 87' lang='lat' dir='ltr'><strong>ergo</strong></span> <span class='ocrx_word' id='word_1_255' title='bbox 901 3027 1161 3083; x_wconf 89' lang='lat' dir='ltr'><strong>faciemus</strong></span> <span class='ocrx_word' id='word_1_256' title='bbox 1188 3034 1245 3080; x_wconf 90' lang='lat' dir='ltr'><strong>ut</strong></span> <span class='ocrx_word' id='word_1_257' title='bbox 1269 3025 1402 3079; x_wconf 83' lang='lat' dir='ltr'><strong>salvi</strong></span> <span class='ocrx_word' id='word_1_258' title='bbox 1426 3022 1633 3077; x_wconf 89' lang='lat' dir='ltr'><strong>simus?</strong></span> <span class='ocrx_word' id='word_1_259' title='bbox 1662 3022 1986 3091; x_wconf 83' lang='lat' dir='ltr'><strong>incipiamus</strong></span> 
     </span>
    </p>
   </div>
   <div class='ocr_carea' id='block_1_31' title="bbox 400 3114 1987 3188">
    <p class='ocr_par' dir='ltr' id='par_1_31' title="bbox 400 3114 1987 3188">
     <span class='ocr_line' id='line_1_31' title="bbox 400 3114 1987 3188; baseline -0.007 -8"><span class='ocrx_word' id='word_1_260' title='bbox 400 3140 465 3180; x_wconf 82' lang='lat' dir='ltr'><strong>ex</strong></span> <span class='ocrx_word' id='word_1_261' title='bbox 523 3124 717 3178; x_wconf 73' lang='lat' dir='ltr'><strong>virtute</strong></span> <span class='ocrx_word' id='word_1_262' title='bbox 761 3123 977 3188; x_wconf 85' lang='lat' dir='ltr'><strong>vivere,</strong></span> <span class='ocrx_word' id='word_1_263' title='bbox 1008 3118 1135 3174; x_wconf 91' lang='lat' dir='ltr'><strong>dum</strong></span> <span class='ocrx_word' id='word_1_264' title='bbox 1181 3127 1394 3186; x_wconf 88' lang='lat' dir='ltr'><strong>tempus</strong></span> <span class='ocrx_word' id='word_1_265' title='bbox 1436 3114 1987 3170; x_wconf 86' lang='lat' dir='ltr'><strong>habemus:virtutes</strong></span> 
     </span>
    </p>
   </div>
   <div class='ocr_carea' id='block_1_32' title="bbox 403 3206 1987 3277">
    <p class='ocr_par' dir='ltr' id='par_1_32' title="bbox 403 3206 1987 3277">
     <span class='ocr_line' id='line_1_32' title="bbox 403 3206 1987 3277; baseline -0.006 -7"><span class='ocrx_word' id='word_1_266' title='bbox 403 3215 561 3270; x_wconf 80' lang='lat' dir='ltr'><strong>nobis</strong></span> <span class='ocrx_word' id='word_1_267' title='bbox 582 3213 996 3275; x_wconf 74' lang='lat' dir='ltr'><strong>distribuamus,</strong></span> <span class='ocrx_word' id='word_1_268' title='bbox 1022 3210 1164 3263; x_wconf 90' lang='lat' dir='ltr'><strong>sicut</strong></span> <span class='ocrx_word' id='word_1_269' title='bbox 1197 3206 1580 3277; x_wconf 78' lang='lat' dir='ltr'><strong>agriculturam</strong></span> <span class='ocrx_word' id='word_1_270' title='bbox 1607 3206 1859 3276; x_wconf 68' lang='lat' dir='ltr'><strong>agricolae</strong></span> <span class='ocrx_word' id='word_1_271' title='bbox 1884 3222 1897 3262; x_wconf 91' lang='lat'><strong>:</strong></span> <span class='ocrx_word' id='word_1_272' title='bbox 1935 3207 1987 3261; x_wconf 89' lang='lat' dir='ltr'><strong>in</strong></span> 
     </span>
    </p>
   </div>
   <div class='ocr_carea' id='block_1_33' title="bbox 1093 334 2886 405">
    <p class='ocr_par' dir='ltr' id='par_1_33' title="bbox 1093 334 2886 405">
     <span class='ocr_line' id='line_1_33' title="bbox 1093 334 2886 405; baseline -0.006 -1"><span class='ocrx_word' id='word_1_273' title='bbox 1093 346 1150 404; x_wconf 89' lang='lat' dir='ltr'><strong>S.</strong></span> <span class='ocrx_word' id='word_1_274' title='bbox 1190 343 1466 405; x_wconf 74' lang='lat' dir='ltr'><strong>JO.\NNIS</strong></span> <span class='ocrx_word' id='word_1_275' title='bbox 1501 340 1971 402; x_wconf 74' lang='lat' dir='ltr'><strong>CIIRYSOSTOMI</strong></span> <span class='ocrx_word' id='word_1_276' title='bbox 2006 340 2319 396; x_wconf 79' lang='lat' dir='ltr'><strong>ARClllEP.</strong></span> <span class='ocrx_word' id='word_1_277' title='bbox 2358 334 2886 397; x_wconf 74' lang='lat' dir='ltr'><strong>CONSTANTINOP.</strong></span> 
     </span>
    </p>
   </div>
   <div class='ocr_carea' id='block_1_34' title="bbox 3541 336 3643 395">
    <p class='ocr_par' dir='ltr' id='par_1_34' title="bbox 3541 336 3643 395">
     <span class='ocr_line' id='line_1_34' title="bbox 3541 336 3643 395; baseline 0.02 -2"><span class='ocrx_word' id='word_1_278' title='bbox 3541 336 3643 395; x_wconf 69' lang='lat' dir='ltr'><strong>Ui</strong></span> 
     </span>
    </p>
   </div>
   <div class='ocr_carea' id='block_1_35' title="bbox 2080 445 3660 520">
    <p class='ocr_par' dir='ltr' id='par_1_35' title="bbox 2080 445 3660 520">
     <span class='ocr_line' id='line_1_35' title="bbox 2080 445 3660 520; baseline 0 -17"><span class='ocrx_word' id='word_1_279' title='bbox 2080 448 2183 505; x_wconf 91' lang='lat' dir='ltr'><strong>hoc</strong></span> <span class='ocrx_word' id='word_1_280' title='bbox 2209 446 2394 505; x_wconf 83' lang='lat' dir='ltr'><strong>mense</strong></span> <span class='ocrx_word' id='word_1_281' title='bbox 2421 463 2790 520; x_wconf 77' lang='lat' dir='ltr'><strong>expugnemus</strong></span> <span class='ocrx_word' id='word_1_282' title='bbox 2819 445 3162 502; x_wconf 88' lang='lat' dir='ltr'><strong>maledictum</strong></span> <span class='ocrx_word' id='word_1_283' title='bbox 3190 488 3205 515; x_wconf 92' lang='lat'><strong>,</strong></span> <span class='ocrx_word' id='word_1_284' title='bbox 3237 449 3616 503; x_wconf 77' lang='lat' dir='ltr'><strong>contumeliam</strong></span> <span class='ocrx_word' id='word_1_285' title='bbox 3645 491 3660 514; x_wconf 94' lang='lat'><strong>,</strong></span> 
     </span>
    </p>
   </div>
   <div class='ocr_carea' id='block_1_36' title="bbox 2079 536 3662 611">
    <p class='ocr_par' dir='ltr' id='par_1_36' title="bbox 2079 536 3662 611">
     <span class='ocr_line' id='line_1_36' title="bbox 2079 536 3662 611; baseline 0 -17"><span class='ocrx_word' id='word_1_286' title='bbox 2079 538 2215 594; x_wconf 90' lang='lat' dir='ltr'><strong>iram</strong></span> <span class='ocrx_word' id='word_1_287' title='bbox 2248 540 2496 611; x_wconf 85' lang='lat' dir='ltr'><strong>injustam</strong></span> <span class='ocrx_word' id='word_1_288' title='bbox 2520 580 2535 603; x_wconf 96' lang='lat'><strong>,</strong></span> <span class='ocrx_word' id='word_1_289' title='bbox 2564 549 2617 593; x_wconf 89' lang='lat' dir='ltr'><strong>et</strong></span> <span class='ocrx_word' id='word_1_290' title='bbox 2645 537 2801 594; x_wconf 90' lang='lat' dir='ltr'><strong>nobis</strong></span> <span class='ocrx_word' id='word_1_291' title='bbox 2829 538 3167 607; x_wconf 90' lang='lat' dir='ltr'><strong>imponamus</strong></span> <span class='ocrx_word' id='word_1_292' title='bbox 3196 536 3367 608; x_wconf 87' lang='lat' dir='ltr'><strong>legem</strong></span> <span class='ocrx_word' id='word_1_293' title='bbox 3389 579 3404 604; x_wconf 89' lang='lat'><strong>,</strong></span> <span class='ocrx_word' id='word_1_294' title='bbox 3433 547 3489 594; x_wconf 91' lang='lat' dir='ltr'><strong>et</strong></span> <span class='ocrx_word' id='word_1_295' title='bbox 3513 539 3662 594; x_wconf 88' lang='lat' dir='ltr'><strong>dica-</strong></span> 
     </span>
    </p>
   </div>
   <div class='ocr_carea' id='block_1_37' title="bbox 2081 630 3663 699">
    <p class='ocr_par' dir='ltr' id='par_1_37' title="bbox 2081 630 3663 699">
     <span class='ocr_line' id='line_1_37' title="bbox 2081 630 3663 699; baseline 0.002 -13"><span class='ocrx_word' id='word_1_296' title='bbox 2081 647 2233 699; x_wconf 91' lang='lat' dir='ltr'><strong>mus,</strong></span> <span class='ocrx_word' id='word_1_297' title='bbox 2265 633 2435 688; x_wconf 90' lang='lat' dir='ltr'><strong>llodie</strong></span> <span class='ocrx_word' id='word_1_298' title='bbox 2484 631 2586 687; x_wconf 91' lang='lat' dir='ltr'><strong>hoc</strong></span> <span class='ocrx_word' id='word_1_299' title='bbox 2613 642 2759 686; x_wconf 86' lang='lat' dir='ltr'><strong>recte</strong></span> <span class='ocrx_word' id='word_1_300' title='bbox 2797 630 3055 686; x_wconf 80' lang='lat' dir='ltr'><strong>iaciemus</strong></span> <span class='ocrx_word' id='word_1_301' title='bbox 3103 648 3116 685; x_wconf 91' lang='lat'><strong>:</strong></span> <span class='ocrx_word' id='word_1_302' title='bbox 3159 639 3213 686; x_wconf 90' lang='lat' dir='ltr'><strong>et</strong></span> <span class='ocrx_word' id='word_1_303' title='bbox 3251 633 3303 685; x_wconf 93' lang='lat' dir='ltr'><strong>in</strong></span> <span class='ocrx_word' id='word_1_304' title='bbox 3343 631 3451 685; x_wconf 88' lang='lat' dir='ltr'><strong>alio</strong></span> <span class='ocrx_word' id='word_1_305' title='bbox 3478 648 3663 689; x_wconf 83' lang='lat' dir='ltr'><strong>mense</strong></span> 
     </span>
    </p>
   </div>
   <div class='ocr_carea' id='block_1_38' title="bbox 2080 722 3661 795">
    <p class='ocr_par' dir='ltr' id='par_1_38' title="bbox 2080 722 3661 795">
     <span class='ocr_line' id='line_1_38' title="bbox 2080 722 3661 795; baseline -0.001 -16"><span class='ocrx_word' id='word_1_306' title='bbox 2080 739 2179 779; x_wconf 93' lang='lat' dir='ltr'><strong>nos</strong></span> <span class='ocrx_word' id='word_1_307' title='bbox 2203 725 2346 795; x_wconf 89' lang='lat' dir='ltr'><strong>ipsos</strong></span> <span class='ocrx_word' id='word_1_308' title='bbox 2374 725 2666 780; x_wconf 88' lang='lat' dir='ltr'><strong>doceamus</strong></span> <span class='ocrx_word' id='word_1_309' title='bbox 2693 723 3005 794; x_wconf 84' lang='lat' dir='ltr'><strong>patientiam</strong></span> <span class='ocrx_word' id='word_1_310' title='bbox 3032 763 3048 789; x_wconf 97' lang='lat'><strong>,</strong></span> <span class='ocrx_word' id='word_1_311' title='bbox 3078 730 3133 776; x_wconf 90' lang='lat' dir='ltr'><strong>et</strong></span> <span class='ocrx_word' id='word_1_312' title='bbox 3160 722 3212 776; x_wconf 92' lang='lat' dir='ltr'><strong>in</strong></span> <span class='ocrx_word' id='word_1_313' title='bbox 3239 722 3345 777; x_wconf 92' lang='lat' dir='ltr'><strong>alio</strong></span> <span class='ocrx_word' id='word_1_314' title='bbox 3368 723 3527 777; x_wconf 88' lang='lat' dir='ltr'><strong>aliam</strong></span> <span class='ocrx_word' id='word_1_315' title='bbox 3553 724 3661 778; x_wconf 85' lang='lat' dir='ltr'><strong>vir-</strong></span> 
     </span>
    </p>
   </div>
   <div class='ocr_carea' id='block_1_39' title="bbox 2082 814 3662 886">
    <p class='ocr_par' dir='ltr' id='par_1_39' title="bbox 2082 814 3662 886">
     <span class='ocr_line' id='line_1_39' title="bbox 2082 814 3662 886; baseline -0.002 -13"><span class='ocrx_word' id='word_1_316' title='bbox 2082 826 2247 873; x_wconf 90' lang='lat' dir='ltr'><strong>tutem</strong></span> <span class='ocrx_word' id='word_1_317' title='bbox 2276 860 2291 885; x_wconf 92' lang='lat'><strong>,</strong></span> <span class='ocrx_word' id='word_1_318' title='bbox 2332 827 2386 871; x_wconf 87' lang='lat' dir='ltr'><strong>ct</strong></span> <span class='ocrx_word' id='word_1_319' title='bbox 2412 832 2534 871; x_wconf 90' lang='lat' dir='ltr'><strong>cum</strong></span> <span class='ocrx_word' id='word_1_320' title='bbox 2562 816 2627 871; x_wconf 88' lang='lat' dir='ltr'><strong>ad</strong></span> <span class='ocrx_word' id='word_1_321' title='bbox 2653 816 2808 886; x_wconf 84' lang='lat' dir='ltr'><strong>hujus</strong></span> <span class='ocrx_word' id='word_1_322' title='bbox 2836 814 3048 877; x_wconf 87' lang='lat' dir='ltr'><strong>virtutis</strong></span> <span class='ocrx_word' id='word_1_323' title='bbox 3080 817 3479 886; x_wconf 89' lang='lat' dir='ltr'><strong>pervenerimus</strong></span> <span class='ocrx_word' id='word_1_324' title='bbox 3509 817 3662 872; x_wconf 87' lang='lat' dir='ltr'><strong>habi-</strong></span> 
     </span>
    </p>
   </div>
   <div class='ocr_carea' id='block_1_40' title="bbox 2081 906 3664 977">
    <p class='ocr_par' dir='ltr' id='par_1_40' title="bbox 2081 906 3664 977">
     <span class='ocr_line' id='line_1_40' title="bbox 2081 906 3664 977; baseline 0 -14"><span class='ocrx_word' id='word_1_325' title='bbox 2081 918 2192 964; x_wconf 90' lang='lat' dir='ltr'><strong>tum</strong></span> <span class='ocrx_word' id='word_1_326' title='bbox 2218 952 2233 976; x_wconf 94' lang='lat'><strong>,</strong></span> <span class='ocrx_word' id='word_1_327' title='bbox 2279 910 2557 965; x_wconf 76' lang='lat' dir='ltr'><strong>veniamus</strong></span> <span class='ocrx_word' id='word_1_328' title='bbox 2576 908 2641 963; x_wconf 87' lang='lat' dir='ltr'><strong>ad</strong></span> <span class='ocrx_word' id='word_1_329' title='bbox 2673 910 2848 974; x_wconf 90' lang='lat' dir='ltr'><strong>aliam,</strong></span> <span class='ocrx_word' id='word_1_330' title='bbox 2881 908 3016 962; x_wconf 89' lang='lat' dir='ltr'><strong>sicut</strong></span> <span class='ocrx_word' id='word_1_331' title='bbox 3050 907 3103 962; x_wconf 93' lang='lat' dir='ltr'><strong>in</strong></span> <span class='ocrx_word' id='word_1_332' title='bbox 3131 906 3428 977; x_wconf 83' lang='lat' dir='ltr'><strong>disciplinis</strong></span> <span class='ocrx_word' id='word_1_333' title='bbox 3457 922 3518 962; x_wconf 88' lang='lat' dir='ltr'><strong>ea</strong></span> <span class='ocrx_word' id='word_1_334' title='bbox 3545 924 3664 976; x_wconf 76' lang='lat' dir='ltr'><strong>qua:</strong></span> 
     </span>
    </p>
   </div>
   <div class='ocr_carea' id='block_1_41' title="bbox 2082 999 3665 1070">
    <p class='ocr_par' dir='ltr' id='par_1_41' title="bbox 2082 999 3665 1070">
     <span class='ocr_line' id='line_1_41' title="bbox 2082 999 3665 1070; baseline -0.003 -12"><span class='ocrx_word' id='word_1_335' title='bbox 2082 1011 2209 1058; x_wconf 88' lang='lat' dir='ltr'><strong>sunt</strong></span> <span class='ocrx_word' id='word_1_336' title='bbox 2239 1001 2500 1070; x_wconf 87' lang='lat' dir='ltr'><strong>acquisita</strong></span> <span class='ocrx_word' id='word_1_337' title='bbox 2530 1002 2808 1056; x_wconf 82' lang='lat' dir='ltr'><strong>servantes</strong></span> <span class='ocrx_word' id='word_1_338' title='bbox 2831 1041 2846 1064; x_wconf 93' lang='lat'><strong>,</strong></span> <span class='ocrx_word' id='word_1_339' title='bbox 2889 1008 2945 1053; x_wconf 91' lang='lat' dir='ltr'><strong>et</strong></span> <span class='ocrx_word' id='word_1_340' title='bbox 2982 999 3086 1053; x_wconf 89' lang='lat' dir='ltr'><strong>alia</strong></span> <span class='ocrx_word' id='word_1_341' title='bbox 3133 1008 3489 1054; x_wconf 85' lang='lat' dir='ltr'><strong>assumentes.</strong></span> <span class='ocrx_word' id='word_1_342' title='bbox 3537 999 3665 1055; x_wconf 83' lang='lat' dir='ltr'><strong>Post</strong></span> 
     </span>
    </p>
   </div>
   <div class='ocr_carea' id='block_1_42' title="bbox 2081 1091 3662 1162">
    <p class='ocr_par' dir='ltr' id='par_1_42' title="bbox 2081 1091 3662 1162">
     <span class='ocr_line' id='line_1_42' title="bbox 2081 1091 3662 1162; baseline -0.002 -14"><span class='ocrx_word' id='word_1_343' title='bbox 2081 1094 2227 1148; x_wconf 89' lang='lat' dir='ltr'><strong>illam</strong></span> <span class='ocrx_word' id='word_1_344' title='bbox 2257 1093 2536 1148; x_wconf 86' lang='lat' dir='ltr'><strong>veniamus</strong></span> <span class='ocrx_word' id='word_1_345' title='bbox 2577 1092 2646 1146; x_wconf 88' lang='lat' dir='ltr'><strong>ad</strong></span> <span class='ocrx_word' id='word_1_346' title='bbox 2689 1099 3056 1160; x_wconf 86' lang='lat' dir='ltr'><strong>contemptum</strong></span> <span class='ocrx_word' id='word_1_347' title='bbox 3101 1092 3387 1161; x_wconf 67' lang='lat' dir='ltr'><strong>pecuniae:</strong></span> <span class='ocrx_word' id='word_1_348' title='bbox 3432 1091 3662 1162; x_wconf 87' lang='lat' dir='ltr'><strong>primum</strong></span> 
     </span>
    </p>
   </div>
   <div class='ocr_carea' id='block_1_43' title="bbox 2083 1181 3666 1252">
    <p class='ocr_par' dir='ltr' id='par_1_43' title="bbox 2083 1181 3666 1252">
     <span class='ocr_line' id='line_1_43' title="bbox 2083 1181 3666 1252; baseline -0.003 -11"><span class='ocrx_word' id='word_1_349' title='bbox 2083 1200 2272 1241; x_wconf 90' lang='lat' dir='ltr'><strong>manus</strong></span> <span class='ocrx_word' id='word_1_350' title='bbox 2313 1185 2684 1240; x_wconf 86' lang='lat' dir='ltr'><strong>contineamus</strong></span> <span class='ocrx_word' id='word_1_351' title='bbox 2738 1183 2807 1237; x_wconf 85' lang='lat' dir='ltr'><strong>ab</strong></span> <span class='ocrx_word' id='word_1_352' title='bbox 2858 1181 3082 1247; x_wconf 84' lang='lat' dir='ltr'><strong>avaritia</strong></span> <span class='ocrx_word' id='word_1_353' title='bbox 3131 1190 3187 1236; x_wconf 90' lang='lat' dir='ltr'><strong>et</strong></span> <span class='ocrx_word' id='word_1_354' title='bbox 3234 1182 3384 1252; x_wconf 89' lang='lat' dir='ltr'><strong>plura</strong></span> <span class='ocrx_word' id='word_1_355' title='bbox 3433 1182 3666 1239; x_wconf 87' lang='lat' dir='ltr'><strong>habendi</strong></span> 
     </span>
    </p>
   </div>
   <div class='ocr_carea' id='block_1_44' title="bbox 2087 1274 3667 1348">
    <p class='ocr_par' dir='ltr' id='par_1_44' title="bbox 2087 1274 3667 1348">
     <span class='ocr_line' id='line_1_44' title="bbox 2087 1274 3667 1348; baseline -0.001 -15"><span class='ocrx_word' id='word_1_356' title='bbox 2087 1277 2400 1348; x_wconf 83' lang='lat' dir='ltr'><strong>cupiditate,</strong></span> <span class='ocrx_word' id='word_1_357' title='bbox 2429 1285 2485 1331; x_wconf 93' lang='lat' dir='ltr'><strong>et</strong></span> <span class='ocrx_word' id='word_1_358' title='bbox 2513 1285 2640 1330; x_wconf 92' lang='lat' dir='ltr'><strong>tunc</strong></span> <span class='ocrx_word' id='word_1_359' title='bbox 2670 1275 2924 1330; x_wconf 85' lang='lat' dir='ltr'><strong>facianms</strong></span> <span class='ocrx_word' id='word_1_360' title='bbox 2953 1274 3347 1348; x_wconf 79' lang='lat' dir='ltr'><strong>eleentosynam</strong></span> <span class='ocrx_word' id='word_1_361' title='bbox 3375 1293 3388 1328; x_wconf 92' lang='lat'><strong>:</strong></span> <span class='ocrx_word' id='word_1_362' title='bbox 3418 1291 3523 1331; x_wconf 91' lang='lat' dir='ltr'><strong>non</strong></span> <span class='ocrx_word' id='word_1_363' title='bbox 3551 1291 3667 1331; x_wconf 74' lang='lat' dir='ltr'><strong>om~</strong></span> 
     </span>
    </p>
   </div>
   <div class='ocr_carea' id='block_1_45' title="bbox 2083 1344 3667 1437">
    <p class='ocr_par' dir='ltr' id='par_1_45' title="bbox 2083 1344 3667 1437">
     <span class='ocr_line' id='line_1_45' title="bbox 2083 1344 3667 1437; baseline -0.001 -14"><span class='ocrx_word' id='word_1_364' title='bbox 2083 1369 2169 1423; x_wconf 88' lang='lat' dir='ltr'><strong>nia</strong></span> <span class='ocrx_word' id='word_1_365' title='bbox 2203 1379 2406 1423; x_wconf 90' lang='lat' dir='ltr'><strong>temere</strong></span> <span class='ocrx_word' id='word_1_366' title='bbox 2431 1365 2846 1433; x_wconf 88' lang='lat' dir='ltr'><strong>confundamus,</strong></span> <span class='ocrx_word' id='word_1_367' title='bbox 2878 1344 3066 1419; x_wconf 76' lang='lat' dir='ltr'><strong>iisdem</strong></span> <span class='ocrx_word' id='word_1_368' title='bbox 3095 1366 3342 1420; x_wconf 86' lang='lat' dir='ltr'><strong>manibus</strong></span> <span class='ocrx_word' id='word_1_369' title='bbox 3371 1375 3425 1420; x_wconf 90' lang='lat' dir='ltr'><strong>et</strong></span> <span class='ocrx_word' id='word_1_370' title='bbox 3454 1368 3667 1437; x_wconf 80' lang='lat' dir='ltr'><strong>rapicn—</strong></span> 
     </span>
    </p>
   </div>
   <div class='ocr_carea' id='block_1_46' title="bbox 2086 1456 3668 1527">
    <p class='ocr_par' dir='ltr' id='par_1_46' title="bbox 2086 1456 3668 1527">
     <span class='ocr_line' id='line_1_46' title="bbox 2086 1456 3668 1527; baseline -0.002 -13"><span class='ocrx_word' id='word_1_371' title='bbox 2086 1471 2166 1516; x_wconf 91' lang='lat' dir='ltr'><strong>tes</strong></span> <span class='ocrx_word' id='word_1_372' title='bbox 2191 1469 2246 1515; x_wconf 89' lang='lat' dir='ltr'><strong>et</strong></span> <span class='ocrx_word' id='word_1_373' title='bbox 2274 1459 2466 1514; x_wconf 89' lang='lat' dir='ltr'><strong>dantes</strong></span> <span class='ocrx_word' id='word_1_374' title='bbox 2495 1459 2895 1527; x_wconf 86' lang='lat' dir='ltr'><strong>eleemosyuam</strong></span> <span class='ocrx_word' id='word_1_375' title='bbox 2922 1474 2935 1509; x_wconf 92' lang='lat'><strong>:</strong></span> <span class='ocrx_word' id='word_1_376' title='bbox 2971 1466 3152 1526; x_wconf 88' lang='lat' dir='ltr'><strong>postea</strong></span> <span class='ocrx_word' id='word_1_377' title='bbox 3196 1456 3264 1510; x_wconf 92' lang='lat' dir='ltr'><strong>ad</strong></span> <span class='ocrx_word' id='word_1_378' title='bbox 3310 1457 3466 1515; x_wconf 86' lang='lat' dir='ltr'><strong>aliam</strong></span> <span class='ocrx_word' id='word_1_379' title='bbox 3498 1459 3668 1512; x_wconf 82' lang='lat' dir='ltr'><strong>virtu-</strong></span> 
     </span>
    </p>
   </div>
   <div class='ocr_carea' id='block_1_47' title="bbox 2087 1547 3668 1619">
    <p class='ocr_par' dir='ltr' id='par_1_47' title="bbox 2087 1547 3668 1619">
     <span class='ocr_line' id='line_1_47' title="bbox 2087 1547 3668 1619; baseline -0.003 -13"><span class='ocrx_word' id='word_1_380' title='bbox 2087 1561 2192 1606; x_wconf 90' lang='lat' dir='ltr'><strong>tem</strong></span> <span class='ocrx_word' id='word_1_381' title='bbox 2216 1593 2231 1615; x_wconf 90' lang='lat'><strong>,</strong></span> <span class='ocrx_word' id='word_1_382' title='bbox 2261 1559 2316 1606; x_wconf 91' lang='lat' dir='ltr'><strong>et</strong></span> <span class='ocrx_word' id='word_1_383' title='bbox 2344 1550 2414 1604; x_wconf 93' lang='lat' dir='ltr'><strong>ab</strong></span> <span class='ocrx_word' id='word_1_384' title='bbox 2445 1550 2534 1604; x_wconf 91' lang='lat' dir='ltr'><strong>illa</strong></span> <span class='ocrx_word' id='word_1_385' title='bbox 2562 1548 2628 1603; x_wconf 90' lang='lat' dir='ltr'><strong>ad</strong></span> <span class='ocrx_word' id='word_1_386' title='bbox 2653 1548 2833 1602; x_wconf 88' lang='lat' dir='ltr'><strong>aliam.</strong></span> <span class='ocrx_word' id='word_1_387' title='bbox 2872 1547 3156 1617; x_wconf 84' lang='lat' dir='ltr'><strong>Turpitudo</strong></span> <span class='ocrx_word' id='word_1_388' title='bbox 3203 1558 3249 1602; x_wconf 87' lang='lat' dir='ltr'><strong>et</strong></span> <span class='ocrx_word' id='word_1_389' title='bbox 3296 1551 3668 1619; x_wconf 74' lang='lat' dir='ltr'><strong>stultiloquium</strong></span> 
     </span>
    </p>
   </div>
   <div class='ocr_carea' id='block_1_48' title="bbox 2087 1636 3665 1714">
    <p class='ocr_par' dir='ltr' id='par_1_48' title="bbox 2087 1636 3665 1714">
     <span class='ocr_line' id='line_1_48' title="bbox 2087 1636 3665 1714; baseline 0 -17"><span class='ocrx_word' id='word_1_390' title='bbox 2087 1654 2133 1698; x_wconf 92' lang='lat' dir='ltr'><strong>et</strong></span> <span class='ocrx_word' id='word_1_391' title='bbox 2170 1643 2455 1698; x_wconf 77' lang='lat' dir='ltr'><strong>scurrilitas</strong></span> <span class='ocrx_word' id='word_1_392' title='bbox 2485 1658 2546 1696; x_wconf 89' lang='lat' dir='ltr'><strong>ne</strong></span> <span class='ocrx_word' id='word_1_393' title='bbox 2590 1641 2880 1695; x_wconf 82' lang='lat' dir='ltr'><strong>nominetur</strong></span> <span class='ocrx_word' id='word_1_394' title='bbox 2907 1640 3113 1711; x_wconf 80' lang='lat' dir='ltr'><strong>quidem</strong></span> <span class='ocrx_word' id='word_1_395' title='bbox 3142 1636 3290 1710; x_wconf 64' lang='lat' dir='ltr'><strong>apud</strong></span> <span class='ocrx_word' id='word_1_396' title='bbox 3328 1658 3414 1695; x_wconf 91' lang='lat' dir='ltr'><strong>vos</strong></span> <span class='ocrx_word' id='word_1_397' title='bbox 3449 1640 3665 1714; x_wconf 81' lang='lat' dir='ltr'><strong>(Ephes.</strong></span> 
     </span>
    </p>
   </div>
   <div class='ocr_carea' id='block_1_49' title="bbox 2086 1731 3674 1803">
    <p class='ocr_par' dir='ltr' id='par_1_49' title="bbox 2086 1731 3674 1803">
     <span class='ocr_line' id='line_1_49' title="bbox 2086 1731 3674 1803; baseline 0.001 -16"><span class='ocrx_word' id='word_1_398' title='bbox 2086 1734 2139 1789; x_wconf 83' lang='lat'><strong>5.</strong></span> <span class='ocrx_word' id='word_1_399' title='bbox 2201 1732 2281 1803; x_wconf 69' lang='grc'><strong>4).</strong></span> <span class='ocrx_word' id='word_1_400' title='bbox 2341 1732 2466 1786; x_wconf 66' lang='lat' dir='ltr'><strong>Hinc</strong></span> <span class='ocrx_word' id='word_1_401' title='bbox 2507 1732 2719 1786; x_wconf 89' lang='lat' dir='ltr'><strong>interim</strong></span> <span class='ocrx_word' id='word_1_402' title='bbox 2755 1740 2903 1785; x_wconf 87' lang='lat' dir='ltr'><strong>recte</strong></span> <span class='ocrx_word' id='word_1_403' title='bbox 2950 1745 3224 1801; x_wconf 78' lang='lat' dir='ltr'><strong>geramus.</strong></span> <span class='ocrx_word' id='word_1_404' title='bbox 3274 1731 3390 1785; x_wconf 85' lang='lat' dir='ltr'><strong>Non</strong></span> <span class='ocrx_word' id='word_1_405' title='bbox 3421 1749 3555 1801; x_wconf 89' lang='lat' dir='ltr'><strong>opus</strong></span> <span class='ocrx_word' id='word_1_406' title='bbox 3590 1745 3674 1789; x_wconf 85' lang='lat' dir='ltr'><strong>est</strong></span> 
     </span>
    </p>
   </div>
   <div class='ocr_carea' id='block_1_50' title="bbox 2086 1821 3674 1892">
    <p class='ocr_par' dir='ltr' id='par_1_50' title="bbox 2086 1821 3674 1892">
     <span class='ocr_line' id='line_1_50' title="bbox 2086 1821 3674 1892; baseline 0.002 -14"><span class='ocrx_word' id='word_1_407' title='bbox 2086 1832 2299 1892; x_wconf 89' lang='lat' dir='ltr'><strong>sumptu</strong></span> <span class='ocrx_word' id='word_1_408' title='bbox 2324 1864 2338 1887; x_wconf 87' lang='lat'><strong>,</strong></span> <span class='ocrx_word' id='word_1_409' title='bbox 2383 1837 2489 1877; x_wconf 89' lang='lat' dir='ltr'><strong>non</strong></span> <span class='ocrx_word' id='word_1_410' title='bbox 2529 1822 2713 1877; x_wconf 88' lang='lat' dir='ltr'><strong>labore</strong></span> <span class='ocrx_word' id='word_1_411' title='bbox 2732 1862 2749 1887; x_wconf 96' lang='lat'><strong>,</strong></span> <span class='ocrx_word' id='word_1_412' title='bbox 2780 1836 2885 1876; x_wconf 92' lang='lat' dir='ltr'><strong>non</strong></span> <span class='ocrx_word' id='word_1_413' title='bbox 2916 1821 3151 1877; x_wconf 90' lang='lat' dir='ltr'><strong>sudore:</strong></span> <span class='ocrx_word' id='word_1_414' title='bbox 3180 1821 3378 1876; x_wconf 88' lang='lat' dir='ltr'><strong>sui‘ticit</strong></span> <span class='ocrx_word' id='word_1_415' title='bbox 3407 1824 3545 1880; x_wconf 83' lang='lat' dir='ltr'><strong>velle</strong></span> <span class='ocrx_word' id='word_1_416' title='bbox 3564 1866 3580 1891; x_wconf 82' lang='lat'><strong>,</strong></span> <span class='ocrx_word' id='word_1_417' title='bbox 3617 1836 3674 1881; x_wconf 85' lang='lat' dir='ltr'><strong>et</strong></span> 
     </span>
    </p>
   </div>
   <div class='ocr_carea' id='block_1_51' title="bbox 2088 1908 3670 1985">
    <p class='ocr_par' dir='ltr' id='par_1_51' title="bbox 2088 1908 3670 1985">
     <span class='ocr_line' id='line_1_51' title="bbox 2088 1908 3670 1985; baseline 0.001 -13"><span class='ocrx_word' id='word_1_418' title='bbox 2088 1914 2336 1972; x_wconf 86' lang='lat' dir='ltr'><strong>confecta</strong></span> <span class='ocrx_word' id='word_1_419' title='bbox 2366 1923 2493 1969; x_wconf 93' lang='lat' dir='ltr'><strong>sunt</strong></span> <span class='ocrx_word' id='word_1_420' title='bbox 2514 1916 2712 1969; x_wconf 87' lang='lat' dir='ltr'><strong>omnia.</strong></span> <span class='ocrx_word' id='word_1_421' title='bbox 2742 1908 2858 1969; x_wconf 83' lang='lat' dir='ltr'><strong>Non</strong></span> <span class='ocrx_word' id='word_1_422' title='bbox 2882 1925 2963 1970; x_wconf 89' lang='lat' dir='ltr'><strong>est</strong></span> <span class='ocrx_word' id='word_1_423' title='bbox 2990 1929 3127 1984; x_wconf 89' lang='lat' dir='ltr'><strong>opus</strong></span> <span class='ocrx_word' id='word_1_424' title='bbox 3154 1931 3397 1985; x_wconf 83' lang='lat' dir='ltr'><strong>magnam</strong></span> <span class='ocrx_word' id='word_1_425' title='bbox 3422 1918 3556 1972; x_wconf 81' lang='lat' dir='ltr'><strong>viam</strong></span> <span class='ocrx_word' id='word_1_426' title='bbox 3587 1920 3670 1974; x_wconf 89' lang='lat' dir='ltr'><strong>in-</strong></span> 
     </span>
    </p>
   </div>
   <div class='ocr_carea' id='block_1_52' title="bbox 2087 2007 3672 2078">
    <p class='ocr_par' dir='ltr' id='par_1_52' title="bbox 2087 2007 3672 2078">
     <span class='ocr_line' id='line_1_52' title="bbox 2087 2007 3672 2078; baseline 0.001 -16"><span class='ocrx_word' id='word_1_427' title='bbox 2087 2007 2259 2078; x_wconf 86' lang='lat' dir='ltr'><strong>gredi,</strong></span> <span class='ocrx_word' id='word_1_428' title='bbox 2291 2020 2463 2076; x_wconf 89' lang='lat' dir='ltr'><strong>neque</strong></span> <span class='ocrx_word' id='word_1_429' title='bbox 2490 2007 2805 2060; x_wconf 91' lang='lat' dir='ltr'><strong>immensum</strong></span> <span class='ocrx_word' id='word_1_430' title='bbox 2856 2021 3002 2061; x_wconf 89' lang='lat' dir='ltr'><strong>mare</strong></span> <span class='ocrx_word' id='word_1_431' title='bbox 3030 2007 3407 2074; x_wconf 81' lang='lat' dir='ltr'><strong>transmittere,</strong></span> <span class='ocrx_word' id='word_1_432' title='bbox 3440 2008 3533 2064; x_wconf 90' lang='lat' dir='ltr'><strong>sed</strong></span> <span class='ocrx_word' id='word_1_433' title='bbox 3562 2022 3672 2064; x_wconf 86' lang='lat' dir='ltr'><strong>stu-</strong></span> 
     </span>
    </p>
   </div>
   <div class='ocr_carea' id='block_1_53' title="bbox 2085 2096 3661 2171">
    <p class='ocr_par' dir='ltr' id='par_1_53' title="bbox 2085 2096 3661 2171">
     <span class='ocr_line' id='line_1_53' title="bbox 2085 2096 3661 2171; baseline 0.004 -21"><span class='ocrx_word' id='word_1_434' title='bbox 2085 2098 2224 2152; x_wconf 88' lang='lat' dir='ltr'><strong>dium</strong></span> <span class='ocrx_word' id='word_1_435' title='bbox 2262 2096 2517 2155; x_wconf 89' lang='lat' dir='ltr'><strong>adhibere</strong></span> <span class='ocrx_word' id='word_1_436' title='bbox 2552 2109 2606 2156; x_wconf 92' lang='lat' dir='ltr'><strong>et</strong></span> <span class='ocrx_word' id='word_1_437' title='bbox 2640 2117 2758 2156; x_wconf 90' lang='lat' dir='ltr'><strong>esse</strong></span> <span class='ocrx_word' id='word_1_438' title='bbox 2800 2112 3043 2171; x_wconf 90' lang='lat' dir='ltr'><strong>prompto</strong></span> <span class='ocrx_word' id='word_1_439' title='bbox 3071 2114 3123 2158; x_wconf 92' lang='lat' dir='ltr'><strong>et</strong></span> <span class='ocrx_word' id='word_1_440' title='bbox 3155 2103 3314 2157; x_wconf 84' lang='lat' dir='ltr'><strong>alacri</strong></span> <span class='ocrx_word' id='word_1_441' title='bbox 3359 2104 3538 2157; x_wconf 91' lang='lat' dir='ltr'><strong>animo</strong></span> <span class='ocrx_word' id='word_1_442' title='bbox 3561 2142 3575 2167; x_wconf 91' lang='lat'><strong>,</strong></span> <span class='ocrx_word' id='word_1_443' title='bbox 3605 2111 3661 2156; x_wconf 90' lang='lat' dir='ltr'><strong>et</strong></span> 
     </span>
    </p>
   </div>
   <div class='ocr_carea' id='block_1_54' title="bbox 2086 2188 3661 2264">
    <p class='ocr_par' dir='ltr' id='par_1_54' title="bbox 2086 2188 3661 2264">
     <span class='ocr_line' id='line_1_54' title="bbox 2086 2188 3661 2264; baseline 0.003 -23"><span class='ocrx_word' id='word_1_444' title='bbox 2086 2188 2275 2258; x_wconf 68' lang='lat' dir='ltr'><strong>lingua:</strong></span> <span class='ocrx_word' id='word_1_445' title='bbox 2307 2189 2512 2245; x_wconf 87' lang='lat' dir='ltr'><strong>frenum</strong></span> <span class='ocrx_word' id='word_1_446' title='bbox 2533 2193 2804 2262; x_wconf 85' lang='lat' dir='ltr'><strong>imponere</strong></span> <span class='ocrx_word' id='word_1_447' title='bbox 2828 2204 3010 2249; x_wconf 90' lang='lat' dir='ltr'><strong>contra</strong></span> <span class='ocrx_word' id='word_1_448' title='bbox 3035 2195 3360 2264; x_wconf 77' lang='lat' dir='ltr'><strong>importunus</strong></span> <span class='ocrx_word' id='word_1_449' title='bbox 3387 2203 3661 2248; x_wconf 87' lang='lat' dir='ltr'><strong>contume-</strong></span> 
     </span>
    </p>
   </div>
   <div class='ocr_carea' id='block_1_55' title="bbox 2086 2277 3660 2353">
    <p class='ocr_par' dir='ltr' id='par_1_55' title="bbox 2086 2277 3660 2353">
     <span class='ocr_line' id='line_1_55' title="bbox 2086 2277 3660 2353; baseline 0.004 -23"><span class='ocrx_word' id='word_1_450' title='bbox 2086 2279 2201 2332; x_wconf 88' lang='lat' dir='ltr'><strong>lias.</strong></span> <span class='ocrx_word' id='word_1_451' title='bbox 2238 2277 2378 2344; x_wconf 85' lang='lat' dir='ltr'><strong>lras,</strong></span> <span class='ocrx_word' id='word_1_452' title='bbox 2416 2280 2649 2351; x_wconf 77' lang='lat' dir='ltr'><strong>impurus</strong></span> <span class='ocrx_word' id='word_1_453' title='bbox 2692 2282 2973 2347; x_wconf 87' lang='lat' dir='ltr'><strong>libidines,</strong></span> <span class='ocrx_word' id='word_1_454' title='bbox 3001 2283 3256 2348; x_wconf 85' lang='lat' dir='ltr'><strong>delicias,</strong></span> <span class='ocrx_word' id='word_1_455' title='bbox 3291 2294 3536 2353; x_wconf 84' lang='lat' dir='ltr'><strong>sumptus</strong></span> <span class='ocrx_word' id='word_1_456' title='bbox 3577 2283 3660 2336; x_wconf 91' lang='lat' dir='ltr'><strong>ni-</strong></span> 
     </span>
    </p>
   </div>
   <div class='ocr_carea' id='block_1_56' title="bbox 2086 2372 3661 2446">
    <p class='ocr_par' dir='ltr' id='par_1_56' title="bbox 2086 2372 3661 2446">
     <span class='ocr_line' id='line_1_56' title="bbox 2086 2372 3661 2446; baseline 0.003 -23"><span class='ocrx_word' id='word_1_457' title='bbox 2086 2372 2257 2436; x_wconf 87' lang='lat' dir='ltr'><strong>mios,</strong></span> <span class='ocrx_word' id='word_1_458' title='bbox 2309 2374 2550 2441; x_wconf 80' lang='lat' dir='ltr'><strong>pecuniae</strong></span> <span class='ocrx_word' id='word_1_459' title='bbox 2591 2376 2948 2444; x_wconf 85' lang='lat' dir='ltr'><strong>cupiditates,</strong></span> <span class='ocrx_word' id='word_1_460' title='bbox 2985 2377 3213 2446; x_wconf 89' lang='lat' dir='ltr'><strong>perjuria</strong></span> <span class='ocrx_word' id='word_1_461' title='bbox 3264 2385 3319 2431; x_wconf 90' lang='lat' dir='ltr'><strong>et</strong></span> <span class='ocrx_word' id='word_1_462' title='bbox 3361 2376 3661 2445; x_wconf 74' lang='lat' dir='ltr'><strong>iuramenta</strong></span> 
     </span>
    </p>
   </div>
   <div class='ocr_carea' id='block_1_57' title="bbox 2085 2461 3661 2534">
    <p class='ocr_par' dir='ltr' id='par_1_57' title="bbox 2085 2461 3661 2534">
     <span class='ocr_line' id='line_1_57' title="bbox 2085 2461 3661 2534; baseline 0.003 -20"><span class='ocrx_word' id='word_1_463' title='bbox 2085 2461 2296 2515; x_wconf 87' lang='lat' dir='ltr'><strong>assidua</strong></span> <span class='ocrx_word' id='word_1_464' title='bbox 2327 2478 2356 2516; x_wconf 90' lang='lat' dir='ltr'><strong>a</strong></span> <span class='ocrx_word' id='word_1_465' title='bbox 2389 2475 2566 2519; x_wconf 86' lang='lat' dir='ltr'><strong>nostra</strong></span> <span class='ocrx_word' id='word_1_466' title='bbox 2590 2467 2932 2534; x_wconf 76' lang='lat' dir='ltr'><strong>expellamus</strong></span> <span class='ocrx_word' id='word_1_467' title='bbox 2960 2468 3158 2521; x_wconf 88' lang='lat' dir='ltr'><strong>anima.</strong></span> <span class='ocrx_word' id='word_1_468' title='bbox 3192 2466 3249 2523; x_wconf 90' lang='lat' dir='ltr'><strong>Si</strong></span> <span class='ocrx_word' id='word_1_469' title='bbox 3279 2482 3376 2522; x_wconf 88' lang='lat' dir='ltr'><strong>nos</strong></span> <span class='ocrx_word' id='word_1_470' title='bbox 3402 2468 3479 2522; x_wconf 88' lang='lat' dir='ltr'><strong>sic</strong></span> <span class='ocrx_word' id='word_1_471' title='bbox 3516 2466 3661 2520; x_wconf 89' lang='lat' dir='ltr'><strong>cola-</strong></span> 
     </span>
    </p>
   </div>
   <div class='ocr_carea' id='block_1_58' title="bbox 2087 2553 3661 2625">
    <p class='ocr_par' dir='ltr' id='par_1_58' title="bbox 2087 2553 3661 2625">
     <span class='ocr_line' id='line_1_58' title="bbox 2087 2553 3661 2625; baseline 0.001 -19"><span class='ocrx_word' id='word_1_472' title='bbox 2087 2567 2237 2618; x_wconf 90' lang='lat' dir='ltr'><strong>mus,</strong></span> <span class='ocrx_word' id='word_1_473' title='bbox 2270 2553 2452 2624; x_wconf 86' lang='lat' dir='ltr'><strong>spinas</strong></span> <span class='ocrx_word' id='word_1_474' title='bbox 2487 2570 2607 2624; x_wconf 81' lang='lat' dir='ltr'><strong>quae</strong></span> <span class='ocrx_word' id='word_1_475' title='bbox 2650 2557 2799 2625; x_wconf 88' lang='lat' dir='ltr'><strong>prius</strong></span> <span class='ocrx_word' id='word_1_476' title='bbox 2825 2566 2979 2611; x_wconf 84' lang='lat' dir='ltr'><strong>erant</strong></span> <span class='ocrx_word' id='word_1_477' title='bbox 3022 2557 3313 2612; x_wconf 82' lang='lat' dir='ltr'><strong>cvellentes</strong></span> <span class='ocrx_word' id='word_1_478' title='bbox 3337 2599 3351 2622; x_wconf 93' lang='lat'><strong>,</strong></span> <span class='ocrx_word' id='word_1_479' title='bbox 3384 2566 3440 2611; x_wconf 91' lang='lat' dir='ltr'><strong>et</strong></span> <span class='ocrx_word' id='word_1_480' title='bbox 3481 2570 3661 2611; x_wconf 89' lang='lat' dir='ltr'><strong>semen</strong></span> 
     </span>
    </p>
   </div>
   <div class='ocr_carea' id='block_1_59' title="bbox 2087 2634 3677 2717">
    <p class='ocr_par' dir='ltr' id='par_1_59' title="bbox 2087 2634 3677 2717">
     <span class='ocr_line' id='line_1_59' title="bbox 2087 2634 3677 2717; baseline 0.003 -21"><span class='ocrx_word' id='word_1_481' title='bbox 2087 2644 2301 2699; x_wconf 67' lang='lat' dir='ltr'><strong>caeleste</strong></span> <span class='ocrx_word' id='word_1_482' title='bbox 2333 2644 2653 2713; x_wconf 80' lang='lat' dir='ltr'><strong>injicientes,</strong></span> <span class='ocrx_word' id='word_1_483' title='bbox 2684 2651 2983 2716; x_wconf 90' lang='lat' dir='ltr'><strong>poterimus</strong></span> <span class='ocrx_word' id='word_1_484' title='bbox 3010 2649 3148 2703; x_wconf 88' lang='lat' dir='ltr'><strong>bona</strong></span> <span class='ocrx_word' id='word_1_485' title='bbox 3183 2649 3441 2717; x_wconf 89' lang='lat' dir='ltr'><strong>promissa</strong></span> <span class='ocrx_word' id='word_1_486' title='bbox 3472 2634 3677 2701; x_wconf 61' lang='lat' dir='ltr'><strong>cense:</strong></span> 
     </span>
    </p>
   </div>
   <div class='ocr_carea' id='block_1_60' title="bbox 2080 2739 3670 2815">
    <p class='ocr_par' dir='ltr' id='par_1_60' title="bbox 2080 2739 3670 2815">
     <span class='ocr_line' id='line_1_60' title="bbox 2080 2739 3670 2815; baseline 0.005 -22"><span class='ocrx_word' id='word_1_487' title='bbox 2080 2739 2192 2809; x_wconf 90' lang='lat' dir='ltr'><strong>qui.</strong></span> <span class='ocrx_word' id='word_1_488' title='bbox 2241 2740 2440 2797; x_wconf 84' lang='lat' dir='ltr'><strong>Veniet</strong></span> <span class='ocrx_word' id='word_1_489' title='bbox 2463 2743 2607 2797; x_wconf 92' lang='lat' dir='ltr'><strong>enim</strong></span> <span class='ocrx_word' id='word_1_490' title='bbox 2646 2744 2878 2814; x_wconf 81' lang='lat' dir='ltr'><strong>agricola</strong></span> <span class='ocrx_word' id='word_1_491' title='bbox 2905 2786 2921 2809; x_wconf 94' lang='lat'><strong>,</strong></span> <span class='ocrx_word' id='word_1_492' title='bbox 2951 2755 3006 2800; x_wconf 84' lang='lat' dir='ltr'><strong>et</strong></span> <span class='ocrx_word' id='word_1_493' title='bbox 3052 2762 3149 2800; x_wconf 86' lang='lat' dir='ltr'><strong>nos</strong></span> <span class='ocrx_word' id='word_1_494' title='bbox 3192 2756 3412 2815; x_wconf 90' lang='lat' dir='ltr'><strong>reponet</strong></span> <span class='ocrx_word' id='word_1_495' title='bbox 3459 2746 3514 2801; x_wconf 89' lang='lat' dir='ltr'><strong>in</strong></span> <span class='ocrx_word' id='word_1_496' title='bbox 3542 2747 3670 2801; x_wconf 83' lang='lat' dir='ltr'><strong>hur-</strong></span> 
     </span>
    </p>
   </div>
   <div class='ocr_carea' id='block_1_61' title="bbox 2096 2834 3671 2907">
    <p class='ocr_par' dir='ltr' id='par_1_61' title="bbox 2096 2834 3671 2907">
     <span class='ocr_line' id='line_1_61' title="bbox 2096 2834 3671 2907; baseline 0.003 -21"><span class='ocrx_word' id='word_1_497' title='bbox 2096 2846 2271 2897; x_wconf 86' lang='lat' dir='ltr'><strong>reum,</strong></span> <span class='ocrx_word' id='word_1_498' title='bbox 2299 2842 2354 2889; x_wconf 89' lang='lat' dir='ltr'><strong>et</strong></span> <span class='ocrx_word' id='word_1_499' title='bbox 2380 2834 2517 2889; x_wconf 93' lang='lat' dir='ltr'><strong>bona</strong></span> <span class='ocrx_word' id='word_1_500' title='bbox 2546 2835 2723 2890; x_wconf 89' lang='lat' dir='ltr'><strong>omnia</strong></span> <span class='ocrx_word' id='word_1_501' title='bbox 2752 2850 3180 2907; x_wconf 89' lang='lat' dir='ltr'><strong>consequemur:</strong></span> <span class='ocrx_word' id='word_1_502' title='bbox 3204 2853 3321 2906; x_wconf 69' lang='lat' dir='ltr'><strong>qua:</strong></span> <span class='ocrx_word' id='word_1_503' title='bbox 3340 2836 3495 2892; x_wconf 86' lang='lat' dir='ltr'><strong>detur</strong></span> <span class='ocrx_word' id='word_1_504' title='bbox 3518 2838 3671 2891; x_wconf 86' lang='lat' dir='ltr'><strong>nobis</strong></span> 
     </span>
    </p>
   </div>
   <div class='ocr_carea' id='block_1_62' title="bbox 2099 2926 3673 3001">
    <p class='ocr_par' dir='ltr' id='par_1_62' title="bbox 2099 2926 3673 3001">
     <span class='ocr_line' id='line_1_62' title="bbox 2099 2926 3673 3001; baseline 0.003 -23"><span class='ocrx_word' id='word_1_505' title='bbox 2099 2926 2346 2979; x_wconf 90' lang='lat' dir='ltr'><strong>omnibus</strong></span> <span class='ocrx_word' id='word_1_506' title='bbox 2372 2927 2620 2983; x_wconf 89' lang='lat' dir='ltr'><strong>obtinere</strong></span> <span class='ocrx_word' id='word_1_507' title='bbox 2643 2967 2659 2994; x_wconf 93' lang='lat'><strong>,</strong></span> <span class='ocrx_word' id='word_1_508' title='bbox 2689 2929 2862 2998; x_wconf 90' lang='lat' dir='ltr'><strong>gratia</strong></span> <span class='ocrx_word' id='word_1_509' title='bbox 2892 2939 2944 2984; x_wconf 88' lang='lat' dir='ltr'><strong>et</strong></span> <span class='ocrx_word' id='word_1_510' title='bbox 2977 2930 3302 3001; x_wconf 86' lang='lat' dir='ltr'><strong>benignitate</strong></span> <span class='ocrx_word' id='word_1_511' title='bbox 3329 2931 3538 2985; x_wconf 88' lang='lat' dir='ltr'><strong>Domini</strong></span> <span class='ocrx_word' id='word_1_512' title='bbox 3571 2947 3673 2985; x_wconf 85' lang='lat' dir='ltr'><strong>no-</strong></span> 
     </span>
    </p>
   </div>
   <div class='ocr_carea' id='block_1_63' title="bbox 2100 3016 3672 3090">
    <p class='ocr_par' dir='ltr' id='par_1_63' title="bbox 2100 3016 3672 3090">
     <span class='ocr_line' id='line_1_63' title="bbox 2100 3016 3672 3090; baseline 0.003 -22"><span class='ocrx_word' id='word_1_513' title='bbox 2100 3016 2197 3069; x_wconf 89' lang='lat' dir='ltr'><strong>stri</strong></span> <span class='ocrx_word' id='word_1_514' title='bbox 2226 3017 2352 3071; x_wconf 89' lang='lat' dir='ltr'><strong>Jesu</strong></span> <span class='ocrx_word' id='word_1_515' title='bbox 2381 3017 2624 3087; x_wconf 87' lang='lat' dir='ltr'><strong>Christi,</strong></span> <span class='ocrx_word' id='word_1_516' title='bbox 2678 3035 2799 3073; x_wconf 90' lang='lat' dir='ltr'><strong>cum</strong></span> <span class='ocrx_word' id='word_1_517' title='bbox 2846 3035 2953 3090; x_wconf 89' lang='lat' dir='ltr'><strong>quo</strong></span> <span class='ocrx_word' id='word_1_518' title='bbox 2984 3021 3128 3075; x_wconf 87' lang='lat' dir='ltr'><strong>Patri</strong></span> <span class='ocrx_word' id='word_1_519' title='bbox 3174 3037 3275 3075; x_wconf 88' lang='lat' dir='ltr'><strong>una</strong></span> <span class='ocrx_word' id='word_1_520' title='bbox 3315 3038 3436 3076; x_wconf 89' lang='lat' dir='ltr'><strong>cum</strong></span> <span class='ocrx_word' id='word_1_521' title='bbox 3490 3033 3672 3077; x_wconf 87' lang='lat' dir='ltr'><strong>sancto</strong></span> 
     </span>
    </p>
   </div>
   <div class='ocr_carea' id='block_1_64' title="bbox 2100 3107 3675 3180">
    <p class='ocr_par' dir='ltr' id='par_1_64' title="bbox 2100 3107 3675 3180">
     <span class='ocr_line' id='line_1_64' title="bbox 2100 3107 3675 3180; baseline 0.004 -18"><span class='ocrx_word' id='word_1_522' title='bbox 2100 3107 2299 3177; x_wconf 81' lang='lat' dir='ltr'><strong>Spiritu</strong></span> <span class='ocrx_word' id='word_1_523' title='bbox 2327 3108 2496 3178; x_wconf 85' lang='lat' dir='ltr'><strong>gloria</strong></span> <span class='ocrx_word' id='word_1_524' title='bbox 2522 3152 2537 3175; x_wconf 91' lang='lat'><strong>,</strong></span> <span class='ocrx_word' id='word_1_525' title='bbox 2571 3111 2850 3180; x_wconf 90' lang='lat' dir='ltr'><strong>imperium</strong></span> <span class='ocrx_word' id='word_1_526' title='bbox 2879 3153 2892 3175; x_wconf 91' lang='lat'><strong>,</strong></span> <span class='ocrx_word' id='word_1_527' title='bbox 2942 3111 3113 3167; x_wconf 88' lang='lat' dir='ltr'><strong>honor</strong></span> <span class='ocrx_word' id='word_1_528' title='bbox 3140 3123 3193 3168; x_wconf 90' lang='lat' dir='ltr'><strong>et</strong></span> <span class='ocrx_word' id='word_1_529' title='bbox 3222 3113 3463 3168; x_wconf 88' lang='lat' dir='ltr'><strong>adoratio</strong></span> <span class='ocrx_word' id='word_1_530' title='bbox 3482 3154 3497 3180; x_wconf 84' lang='lat'><strong>,</strong></span> <span class='ocrx_word' id='word_1_531' title='bbox 3532 3128 3675 3168; x_wconf 88' lang='lat' dir='ltr'><strong>nunc</strong></span> 
     </span>
    </p>
   </div>
   <div class='ocr_carea' id='block_1_65' title="bbox 2071 3202 3391 3268">
    <p class='ocr_par' dir='ltr' id='par_1_65' title="bbox 2071 3202 3391 3268">
     <span class='ocr_line' id='line_1_65' title="bbox 2071 3202 3391 3268; baseline 0.004 -14"><span class='ocrx_word' id='word_1_532' title='bbox 2071 3208 2153 3254; x_wconf 46' lang='lat' dir='ltr'><strong>‘et</strong></span> <span class='ocrx_word' id='word_1_533' title='bbox 2181 3215 2414 3268; x_wconf 86' lang='lat' dir='ltr'><strong>semper,</strong></span> <span class='ocrx_word' id='word_1_534' title='bbox 2442 3210 2497 3257; x_wconf 92' lang='lat' dir='ltr'><strong>et</strong></span> <span class='ocrx_word' id='word_1_535' title='bbox 2523 3202 2574 3255; x_wconf 91' lang='lat' dir='ltr'><strong>in</strong></span> <span class='ocrx_word' id='word_1_536' title='bbox 2605 3202 2802 3257; x_wconf 64' lang='lat' dir='ltr'><strong>saecula</strong></span> <span class='ocrx_word' id='word_1_537' title='bbox 2831 3203 3167 3259; x_wconf 72' lang='lat' dir='ltr'><strong>smculorum.</strong></span> <span class='ocrx_word' id='word_1_538' title='bbox 3199 3208 3391 3260; x_wconf 78' lang='lat' dir='ltr'><strong>Amen.</strong></span> 
     </span>
    </p>
   </div>
   <div class='ocr_carea' id='block_1_66' title="bbox 1807 3440 2403 3504">
    <p class='ocr_par' dir='ltr' id='par_1_66' title="bbox 1807 3440 2403 3504">
     <span class='ocr_line' id='line_1_66' title="bbox 1807 3440 2403 3504; baseline 0.003 -2"><span class='ocrx_word' id='word_1_539' title='bbox 1807 3440 2155 3503; x_wconf 81' lang='lat' dir='ltr'><strong>HOMILIA</strong></span> <span class='ocrx_word' id='word_1_540' title='bbox 2197 3440 2403 3504; x_wconf 83' lang='lat' dir='ltr'><strong>XXV.</strong></span> 
     </span>
    </p>
   </div>
   <div class='ocr_carea' id='block_1_67' title="bbox 403 3565 1993 3631">
    <p class='ocr_par' dir='ltr' id='par_1_67' title="bbox 403 3565 1993 3631">
     <span class='ocr_line' id='line_1_67' title="bbox 403 3565 1993 3631; baseline -0.006 -5"><span class='ocrx_word' id='word_1_541' title='bbox 403 3569 531 3626; x_wconf 66' lang='lat' dir='ltr'><strong>Car.</strong></span> <span class='ocrx_word' id='word_1_542' title='bbox 566 3570 649 3625; x_wconf 83' lang='grc'><strong>11.</strong></span> <span class='ocrx_word' id='word_1_543' title='bbox 686 3568 775 3624; x_wconf 87' lang='grc'><strong>17.</strong></span> <span class='ocrx_word' id='word_1_544' title='bbox 811 3567 943 3621; x_wconf 84' lang='lat' dir='ltr'><strong>Fide</strong></span> <span class='ocrx_word' id='word_1_545' title='bbox 973 3567 1164 3622; x_wconf 74' lang='lat' dir='ltr'><strong>obtulit</strong></span> <span class='ocrx_word' id='word_1_546' title='bbox 1190 3567 1448 3620; x_wconf 80' lang='lat' dir='ltr'><strong>Abraham</strong></span> <span class='ocrx_word' id='word_1_547' title='bbox 1469 3565 1653 3631; x_wconf 80' lang='lat' dir='ltr'><strong>Isaac,</strong></span> <span class='ocrx_word' id='word_1_548' title='bbox 1684 3581 1795 3618; x_wconf 85' lang='lat' dir='ltr'><strong>cum</strong></span> <span class='ocrx_word' id='word_1_549' title='bbox 1827 3572 1993 3618; x_wconf 84' lang='lat' dir='ltr'><strong>tenta-</strong></span> 
     </span>
    </p>
   </div>
   <div class='ocr_carea' id='block_1_68' title="bbox 473 3656 1994 3731">
    <p class='ocr_par' dir='ltr' id='par_1_68' title="bbox 473 3656 1994 3731">
     <span class='ocr_line' id='line_1_68' title="bbox 473 3656 1994 3731; baseline -0.003 -18"><span class='ocrx_word' id='word_1_550' title='bbox 473 3671 632 3726; x_wconf 84' lang='lat' dir='ltr'><strong>retur,</strong></span> <span class='ocrx_word' id='word_1_551' title='bbox 652 3670 699 3715; x_wconf 89' lang='lat' dir='ltr'><strong>et</strong></span> <span class='ocrx_word' id='word_1_552' title='bbox 720 3659 1035 3731; x_wconf 83' lang='lat' dir='ltr'><strong>unigenitum</strong></span> <span class='ocrx_word' id='word_1_553' title='bbox 1051 3660 1217 3728; x_wconf 84' lang='lat' dir='ltr'><strong>[ilium</strong></span> <span class='ocrx_word' id='word_1_554' title='bbox 1232 3656 1495 3725; x_wconf 73' lang='lat' dir='ltr'><strong>oﬂ‘erebat,</strong></span> <span class='ocrx_word' id='word_1_555' title='bbox 1512 3659 1565 3711; x_wconf 88' lang='lat' dir='ltr'><strong>in</strong></span> <span class='ocrx_word' id='word_1_556' title='bbox 1584 3673 1684 3727; x_wconf 89' lang='lat' dir='ltr'><strong>quo</strong></span> <span class='ocrx_word' id='word_1_557' title='bbox 1699 3664 1994 3726; x_wconf 80' lang='lat' dir='ltr'><strong>susceperat</strong></span> 
     </span>
    </p>
   </div>
   <div class='ocr_carea' id='block_1_69' title="bbox 474 3748 1997 3821">
    <p class='ocr_par' dir='ltr' id='par_1_69' title="bbox 474 3748 1997 3821">
     <span class='ocr_line' id='line_1_69' title="bbox 474 3748 1997 3821; baseline -0.003 -15"><span class='ocrx_word' id='word_1_558' title='bbox 474 3754 888 3821; x_wconf 85' lang='lat' dir='ltr'><strong>repromissiones</strong></span> <span class='ocrx_word' id='word_1_559' title='bbox 909 3767 927 3805; x_wconf 93' lang='lat'><strong>:</strong></span> <span class='ocrx_word' id='word_1_560' title='bbox 945 3751 1031 3808; x_wconf 87' lang='grc'><strong>18.</strong></span> <span class='ocrx_word' id='word_1_561' title='bbox 1051 3752 1120 3806; x_wconf 85' lang='lat' dir='ltr'><strong>ad</strong></span> <span class='ocrx_word' id='word_1_562' title='bbox 1135 3768 1279 3816; x_wconf 85' lang='lat' dir='ltr'><strong>quem</strong></span> <span class='ocrx_word' id='word_1_563' title='bbox 1291 3750 1479 3805; x_wconf 89' lang='lat' dir='ltr'><strong>dictum</strong></span> <span class='ocrx_word' id='word_1_564' title='bbox 1496 3760 1570 3804; x_wconf 89' lang='lat' dir='ltr'><strong>est</strong></span> <span class='ocrx_word' id='word_1_565' title='bbox 1590 3792 1605 3816; x_wconf 96' lang='lat'><strong>,</strong></span> <span class='ocrx_word' id='word_1_566' title='bbox 1620 3751 1671 3803; x_wconf 86' lang='lat' dir='ltr'><strong>in</strong></span> <span class='ocrx_word' id='word_1_567' title='bbox 1687 3748 1836 3803; x_wconf 88' lang='lat' dir='ltr'><strong>Isaac</strong></span> <span class='ocrx_word' id='word_1_568' title='bbox 1849 3763 1997 3802; x_wconf 85' lang='lat' dir='ltr'><strong>voca-</strong></span> 
     </span>
    </p>
   </div>
   <div class='ocr_carea' id='block_1_70' title="bbox 479 3840 1997 3913">
    <p class='ocr_par' dir='ltr' id='par_1_70' title="bbox 479 3840 1997 3913">
     <span class='ocr_line' id='line_1_70' title="bbox 479 3840 1997 3913; baseline -0.003 -17"><span class='ocrx_word' id='word_1_569' title='bbox 479 3843 612 3896; x_wconf 82' lang='lat' dir='ltr'><strong>bitur</strong></span> <span class='ocrx_word' id='word_1_570' title='bbox 624 3845 714 3898; x_wconf 82' lang='lat' dir='ltr'><strong>tibi</strong></span> <span class='ocrx_word' id='word_1_571' title='bbox 730 3860 896 3899; x_wconf 82' lang='lat' dir='ltr'><strong>semen</strong></span> <span class='ocrx_word' id='word_1_572' title='bbox 914 3857 933 3897; x_wconf 90' lang='lat'><strong>:</strong></span> <span class='ocrx_word' id='word_1_573' title='bbox 950 3843 1036 3899; x_wconf 82' lang='grc'><strong>19.</strong></span> <span class='ocrx_word' id='word_1_574' title='bbox 1054 3843 1304 3896; x_wconf 86' lang='lat' dir='ltr'><strong>arbitrans</strong></span> <span class='ocrx_word' id='word_1_575' title='bbox 1320 3840 1455 3913; x_wconf 89' lang='lat' dir='ltr'><strong>quod</strong></span> <span class='ocrx_word' id='word_1_576' title='bbox 1466 3849 1513 3896; x_wconf 91' lang='lat' dir='ltr'><strong>et</strong></span> <span class='ocrx_word' id='word_1_577' title='bbox 1525 3857 1556 3893; x_wconf 88' lang='lat' dir='ltr'><strong>a</strong></span> <span class='ocrx_word' id='word_1_578' title='bbox 1572 3840 1778 3893; x_wconf 88' lang='lat' dir='ltr'><strong>mortuis</strong></span> <span class='ocrx_word' id='word_1_579' title='bbox 1793 3840 1997 3894; x_wconf 88' lang='lat' dir='ltr'><strong>suscita-</strong></span> 
     </span>
    </p>
   </div>
   <div class='ocr_carea' id='block_1_71' title="bbox 480 3931 1998 4005">
    <p class='ocr_par' dir='ltr' id='par_1_71' title="bbox 480 3931 1998 4005">
     <span class='ocr_line' id='line_1_71' title="bbox 480 3931 1998 4005; baseline -0.001 -17"><span class='ocrx_word' id='word_1_580' title='bbox 480 3953 534 3989; x_wconf 90' lang='lat' dir='ltr'><strong>re</strong></span> <span class='ocrx_word' id='word_1_581' title='bbox 550 3945 722 4004; x_wconf 82' lang='lat' dir='ltr'><strong>potens</strong></span> <span class='ocrx_word' id='word_1_582' title='bbox 741 3947 812 3991; x_wconf 90' lang='lat' dir='ltr'><strong>est</strong></span> <span class='ocrx_word' id='word_1_583' title='bbox 833 3937 969 3991; x_wconf 85' lang='lat' dir='ltr'><strong>Deus</strong></span> <span class='ocrx_word' id='word_1_584' title='bbox 992 3951 1012 3991; x_wconf 91' lang='lat'><strong>:</strong></span> <span class='ocrx_word' id='word_1_585' title='bbox 1033 3935 1166 3991; x_wconf 88' lang='lat' dir='ltr'><strong>unde</strong></span> <span class='ocrx_word' id='word_1_586' title='bbox 1176 3952 1293 3989; x_wconf 89' lang='lat' dir='ltr'><strong>eum</strong></span> <span class='ocrx_word' id='word_1_587' title='bbox 1321 3943 1369 3988; x_wconf 91' lang='lat' dir='ltr'><strong>et</strong></span> <span class='ocrx_word' id='word_1_588' title='bbox 1394 3934 1446 3988; x_wconf 88' lang='lat' dir='ltr'><strong>in</strong></span> <span class='ocrx_word' id='word_1_589' title='bbox 1467 3932 1761 4005; x_wconf 83' lang='lat' dir='ltr'><strong>parabolam</strong></span> <span class='ocrx_word' id='word_1_590' title='bbox 1782 3931 1998 4000; x_wconf 84' lang='lat' dir='ltr'><strong>accepit.</strong></span> 
     </span>
    </p>
   </div>
   <div class='ocr_carea' id='block_1_72' title="bbox 484 4022 1996 4096">
    <p class='ocr_par' dir='ltr' id='par_1_72' title="bbox 484 4022 1996 4096">
     <span class='ocr_line' id='line_1_72' title="bbox 484 4022 1996 4096; baseline -0.003 -17"><span class='ocrx_word' id='word_1_591' title='bbox 484 4028 537 4079; x_wconf 88' lang='grc'><strong>1.</strong></span> <span class='ocrx_word' id='word_1_592' title='bbox 568 4026 646 4095; x_wconf 83' lang='grc' dir='ltr'><strong>(α)</strong></span> <span class='ocrx_word' id='word_1_593' title='bbox 674 4027 876 4081; x_wconf 78' lang='lat' dir='ltr'><strong>Revera</strong></span> <span class='ocrx_word' id='word_1_594' title='bbox 900 4041 1088 4096; x_wconf 85' lang='lat' dir='ltr'><strong>magna</strong></span> <span class='ocrx_word' id='word_1_595' title='bbox 1121 4041 1210 4082; x_wconf 90' lang='lat' dir='ltr'><strong>res</strong></span> <span class='ocrx_word' id='word_1_596' title='bbox 1236 4034 1327 4082; x_wconf 88' lang='lat' dir='ltr'><strong>est</strong></span> <span class='ocrx_word' id='word_1_597' title='bbox 1357 4025 1490 4080; x_wconf 89' lang='lat' dir='ltr'><strong>fides</strong></span> <span class='ocrx_word' id='word_1_598' title='bbox 1511 4024 1760 4082; x_wconf 61' lang='lat' dir='ltr'><strong>Abrahae.</strong></span> <span class='ocrx_word' id='word_1_599' title='bbox 1788 4022 1921 4077; x_wconf 88' lang='lat' dir='ltr'><strong>Nam</strong></span> <span class='ocrx_word' id='word_1_600' title='bbox 1945 4023 1996 4077; x_wconf 91' lang='lat' dir='ltr'><strong>in</strong></span> 
     </span>
    </p>
   </div>
   <div class='ocr_carea' id='block_1_73' title="bbox 415 4115 1996 4183">
    <p class='ocr_par' dir='ltr' id='par_1_73' title="bbox 415 4115 1996 4183">
     <span class='ocr_line' id='line_1_73' title="bbox 415 4115 1996 4183; baseline -0.006 -11"><span class='ocrx_word' id='word_1_601' title='bbox 415 4117 584 4172; x_wconf 78' lang='lat' dir='ltr'><strong>Abt-le</strong></span> <span class='ocrx_word' id='word_1_602' title='bbox 610 4126 666 4170; x_wconf 90' lang='lat' dir='ltr'><strong>et</strong></span> <span class='ocrx_word' id='word_1_603' title='bbox 692 4115 801 4170; x_wconf 83' lang='lat' dir='ltr'><strong>Noe</strong></span> <span class='ocrx_word' id='word_1_604' title='bbox 830 4124 885 4169; x_wconf 91' lang='lat' dir='ltr'><strong>et</strong></span> <span class='ocrx_word' id='word_1_605' title='bbox 912 4115 1093 4169; x_wconf 88' lang='lat' dir='ltr'><strong>Enoch</strong></span> <span class='ocrx_word' id='word_1_606' title='bbox 1117 4117 1352 4170; x_wconf 89' lang='lat' dir='ltr'><strong>solarum</strong></span> <span class='ocrx_word' id='word_1_607' title='bbox 1375 4115 1639 4172; x_wconf 89' lang='lat' dir='ltr'><strong>rationum</strong></span> <span class='ocrx_word' id='word_1_608' title='bbox 1661 4121 1776 4169; x_wconf 91' lang='lat' dir='ltr'><strong>erat</strong></span> <span class='ocrx_word' id='word_1_609' title='bbox 1802 4126 1996 4183; x_wconf 88' lang='lat' dir='ltr'><strong>pugna,</strong></span> 
     </span>
    </p>
   </div>
   <div class='ocr_carea' id='block_1_74' title="bbox 417 4201 2029 4273">
    <p class='ocr_par' dir='ltr' id='par_1_74' title="bbox 417 4201 2029 4273">
     <span class='ocr_line' id='line_1_74' title="bbox 417 4201 2029 4273; baseline -0.004 -9"><span class='ocrx_word' id='word_1_610' title='bbox 417 4221 471 4264; x_wconf 90' lang='lat' dir='ltr'><strong>et</strong></span> <span class='ocrx_word' id='word_1_611' title='bbox 526 4207 783 4260; x_wconf 89' lang='lat' dir='ltr'><strong>lmmanas</strong></span> <span class='ocrx_word' id='word_1_612' title='bbox 829 4203 1065 4259; x_wconf 90' lang='lat' dir='ltr'><strong>rationes</strong></span> <span class='ocrx_word' id='word_1_613' title='bbox 1121 4204 1402 4273; x_wconf 89' lang='lat' dir='ltr'><strong>oportebat</strong></span> <span class='ocrx_word' id='word_1_614' title='bbox 1450 4218 1706 4272; x_wconf 88' lang='lat' dir='ltr'><strong>superare</strong></span> <span class='ocrx_word' id='word_1_615' title='bbox 1741 4201 1872 4258; x_wconf 90' lang='lat' dir='ltr'><strong>:hic</strong></span> <span class='ocrx_word' id='word_1_616' title='bbox 1900 4217 2029 4257; x_wconf 86' lang='lat' dir='ltr'><strong>au-.</strong></span> 
     </span>
    </p>
   </div>
   <div class='ocr_carea' id='block_1_75' title="bbox 421 4294 1999 4363">
    <p class='ocr_par' dir='ltr' id='par_1_75' title="bbox 421 4294 1999 4363">
     <span class='ocr_line' id='line_1_75' title="bbox 421 4294 1999 4363; baseline -0.006 -9"><span class='ocrx_word' id='word_1_617' title='bbox 421 4311 527 4355; x_wconf 90' lang='lat' dir='ltr'><strong>tem</strong></span> <span class='ocrx_word' id='word_1_618' title='bbox 577 4312 683 4352; x_wconf 91' lang='lat' dir='ltr'><strong>non</strong></span> <span class='ocrx_word' id='word_1_619' title='bbox 738 4296 911 4351; x_wconf 88' lang='lat' dir='ltr'><strong>solum</strong></span> <span class='ocrx_word' id='word_1_620' title='bbox 968 4294 1251 4363; x_wconf 87' lang='lat' dir='ltr'><strong>oportebat</strong></span> <span class='ocrx_word' id='word_1_621' title='bbox 1301 4308 1557 4362; x_wconf 88' lang='lat' dir='ltr'><strong>superare</strong></span> <span class='ocrx_word' id='word_1_622' title='bbox 1607 4294 1867 4348; x_wconf 87' lang='lat' dir='ltr'><strong>humanas</strong></span> <span class='ocrx_word' id='word_1_623' title='bbox 1915 4307 1999 4347; x_wconf 81' lang='lat' dir='ltr'><strong>ra-</strong></span> 
     </span>
    </p>
   </div>
   <div class='ocr_carea' id='block_1_76' title="bbox 421 4381 2000 4457">
    <p class='ocr_par' dir='ltr' id='par_1_76' title="bbox 421 4381 2000 4457">
     <span class='ocr_line' id='line_1_76' title="bbox 421 4381 2000 4457; baseline -0.008 -9"><span class='ocrx_word' id='word_1_624' title='bbox 421 4394 614 4454; x_wconf 88' lang='lat' dir='ltr'><strong>tiones,</strong></span> <span class='ocrx_word' id='word_1_625' title='bbox 643 4389 736 4445; x_wconf 89' lang='lat' dir='ltr'><strong>sed</strong></span> <span class='ocrx_word' id='word_1_626' title='bbox 762 4387 920 4443; x_wconf 91' lang='lat' dir='ltr'><strong>etiam</strong></span> <span class='ocrx_word' id='word_1_627' title='bbox 947 4386 1143 4457; x_wconf 89' lang='lat' dir='ltr'><strong>aliquid</strong></span> <span class='ocrx_word' id='word_1_628' title='bbox 1172 4385 1402 4456; x_wconf 87' lang='lat' dir='ltr'><strong>amplius</strong></span> <span class='ocrx_word' id='word_1_629' title='bbox 1421 4383 1737 4439; x_wconf 87' lang='lat' dir='ltr'><strong>ostendere:</strong></span> <span class='ocrx_word' id='word_1_630' title='bbox 1758 4399 1879 4437; x_wconf 86' lang='lat' dir='ltr'><strong>nam</strong></span> <span class='ocrx_word' id='word_1_631' title='bbox 1907 4381 2000 4437; x_wconf 91' lang='lat' dir='ltr'><strong>Dei</strong></span> 
     </span>
    </p>
   </div>
   <div class='ocr_carea' id='block_1_77' title="bbox 421 4472 1999 4549">
    <p class='ocr_par' dir='ltr' id='par_1_77' title="bbox 421 4472 1999 4549">
     <span class='ocr_line' id='line_1_77' title="bbox 421 4472 1999 4549; baseline -0.008 -9"><span class='ocrx_word' id='word_1_632' title='bbox 421 4485 560 4540; x_wconf 84' lang='lat' dir='ltr'><strong>dicta</strong></span> <span class='ocrx_word' id='word_1_633' title='bbox 589 4482 901 4538; x_wconf 87' lang='lat' dir='ltr'><strong>videbantur</strong></span> <span class='ocrx_word' id='word_1_634' title='bbox 926 4495 1161 4549; x_wconf 84' lang='lat' dir='ltr'><strong>pugnare</strong></span> <span class='ocrx_word' id='word_1_635' title='bbox 1188 4492 1310 4531; x_wconf 90' lang='lat' dir='ltr'><strong>cum</strong></span> <span class='ocrx_word' id='word_1_636' title='bbox 1335 4476 1489 4531; x_wconf 89' lang='lat' dir='ltr'><strong>dictis</strong></span> <span class='ocrx_word' id='word_1_637' title='bbox 1515 4474 1629 4541; x_wconf 88' lang='lat' dir='ltr'><strong>Dei,</strong></span> <span class='ocrx_word' id='word_1_638' title='bbox 1656 4484 1710 4529; x_wconf 92' lang='lat' dir='ltr'><strong>et</strong></span> <span class='ocrx_word' id='word_1_639' title='bbox 1738 4472 1870 4528; x_wconf 83' lang='lat' dir='ltr'><strong>fides</strong></span> <span class='ocrx_word' id='word_1_640' title='bbox 1901 4488 1999 4543; x_wconf 86' lang='lat' dir='ltr'><strong>pu-</strong></span> 
     </span>
    </p>
   </div>
   <div class='ocr_carea' id='block_1_78' title="bbox 421 4565 2003 4645">
    <p class='ocr_par' dir='ltr' id='par_1_78' title="bbox 421 4565 2003 4645">
     <span class='ocr_line' id='line_1_78' title="bbox 421 4565 2003 4645; baseline -0.008 -16"><span class='ocrx_word' id='word_1_641' title='bbox 421 4575 617 4645; x_wconf 76' lang='lat' dir='ltr'><strong>gnabat</strong></span> <span class='ocrx_word' id='word_1_642' title='bbox 659 4587 780 4629; x_wconf 90' lang='lat' dir='ltr'><strong>cum</strong></span> <span class='ocrx_word' id='word_1_643' title='bbox 830 4570 931 4625; x_wconf 88' lang='lat' dir='ltr'><strong>fide</strong></span> <span class='ocrx_word' id='word_1_644' title='bbox 959 4610 975 4635; x_wconf 90' lang='lat'><strong>,</strong></span> <span class='ocrx_word' id='word_1_645' title='bbox 1018 4580 1071 4625; x_wconf 91' lang='lat' dir='ltr'><strong>et</strong></span> <span class='ocrx_word' id='word_1_646' title='bbox 1116 4570 1289 4637; x_wconf 85' lang='lat' dir='ltr'><strong>jussio</strong></span> <span class='ocrx_word' id='word_1_647' title='bbox 1335 4582 1456 4622; x_wconf 91' lang='lat' dir='ltr'><strong>cum</strong></span> <span class='ocrx_word' id='word_1_648' title='bbox 1504 4565 1861 4636; x_wconf 89' lang='lat' dir='ltr'><strong>promissione</strong></span> <span class='ocrx_word' id='word_1_649' title='bbox 1895 4581 1909 4617; x_wconf 89' lang='lat'><strong>:</strong></span> <span class='ocrx_word' id='word_1_650' title='bbox 1943 4573 2003 4617; x_wconf 94' lang='lat' dir='ltr'><strong>ut</strong></span> 
     </span>
    </p>
   </div>
   <div class='ocr_carea' id='block_1_79' title="bbox 421 4656 2004 4736">
    <p class='ocr_par' dir='ltr' id='par_1_79' title="bbox 421 4656 2004 4736">
     <span class='ocr_line' id='line_1_79' title="bbox 421 4656 2004 4736; baseline -0.006 -16"><span class='ocrx_word' id='word_1_651' title='bbox 421 4667 568 4722; x_wconf 83' lang='lat' dir='ltr'><strong>verbi</strong></span> <span class='ocrx_word' id='word_1_652' title='bbox 591 4665 782 4736; x_wconf 83' lang='lat' dir='ltr'><strong>gratia,</strong></span> <span class='ocrx_word' id='word_1_653' title='bbox 810 4662 943 4717; x_wconf 76' lang='lat' dir='ltr'><strong>dixit</strong></span> <span class='ocrx_word' id='word_1_654' title='bbox 973 4679 986 4715; x_wconf 90' lang='lat'><strong>:</strong></span> <span class='ocrx_word' id='word_1_655' title='bbox 1020 4658 1274 4732; x_wconf 83' lang='lat' dir='ltr'><strong>Egredere</strong></span> <span class='ocrx_word' id='word_1_656' title='bbox 1291 4660 1354 4712; x_wconf 91' lang='lat' dir='ltr'><strong>de</strong></span> <span class='ocrx_word' id='word_1_657' title='bbox 1383 4669 1516 4711; x_wconf 88' lang='lat' dir='ltr'><strong>terra</strong></span> <span class='ocrx_word' id='word_1_658' title='bbox 1545 4657 1669 4712; x_wconf 86' lang='lat' dir='ltr'><strong>etde</strong></span> <span class='ocrx_word' id='word_1_659' title='bbox 1697 4656 2004 4728; x_wconf 89' lang='lat' dir='ltr'><strong>cognatione</strong></span> 
     </span>
    </p>
   </div>
   <div class='ocr_carea' id='block_1_80' title="bbox 425 4747 2002 4825">
    <p class='ocr_par' dir='ltr' id='par_1_80' title="bbox 425 4747 2002 4825">
     <span class='ocr_line' id='line_1_80' title="bbox 425 4747 2002 4825; baseline -0.007 -13"><span class='ocrx_word' id='word_1_660' title='bbox 425 4768 532 4825; x_wconf 86' lang='lat' dir='ltr'><strong>tua,</strong></span> <span class='ocrx_word' id='word_1_661' title='bbox 557 4767 606 4811; x_wconf 90' lang='lat' dir='ltr'><strong>et</strong></span> <span class='ocrx_word' id='word_1_662' title='bbox 627 4757 758 4811; x_wconf 82' lang='lat' dir='ltr'><strong>dabo</strong></span> <span class='ocrx_word' id='word_1_663' title='bbox 790 4754 876 4808; x_wconf 77' lang='lat' dir='ltr'><strong>tibi</strong></span> <span class='ocrx_word' id='word_1_664' title='bbox 899 4764 1085 4807; x_wconf 88' lang='lat' dir='ltr'><strong>terram</strong></span> <span class='ocrx_word' id='word_1_665' title='bbox 1102 4752 1232 4804; x_wconf 88' lang='lat' dir='ltr'><strong>hanc</strong></span> <span class='ocrx_word' id='word_1_666' title='bbox 1259 4748 1414 4820; x_wconf 81' lang='lat' dir='ltr'><strong>(Gen.</strong></span> <span class='ocrx_word' id='word_1_667' title='bbox 1451 4747 1538 4803; x_wconf 75' lang='lat'><strong>12.</strong></span> <span class='ocrx_word' id='word_1_668' title='bbox 1564 4749 1617 4817; x_wconf 88' lang='grc'><strong>1)</strong></span> <span class='ocrx_word' id='word_1_669' title='bbox 1644 4764 1659 4812; x_wconf 89' lang='grc'><strong>;</strong></span> <span class='ocrx_word' id='word_1_670' title='bbox 1687 4756 1742 4803; x_wconf 88' lang='lat' dir='ltr'><strong>et.</strong></span> <span class='ocrx_word' id='word_1_671' title='bbox 1769 4762 1874 4802; x_wconf 93' lang='lat' dir='ltr'><strong>non</strong></span> <span class='ocrx_word' id='word_1_672' title='bbox 1904 4748 2002 4802; x_wconf 87' lang='lat' dir='ltr'><strong>de-</strong></span> 
     </span>
    </p>
   </div>
   <div class='ocr_carea' id='block_1_81' title="bbox 424 4839 1998 4911">
    <p class='ocr_par' dir='ltr' id='par_1_81' title="bbox 424 4839 1998 4911">
     <span class='ocr_line' id='line_1_81' title="bbox 424 4839 1998 4911; baseline -0.008 -4"><span class='ocrx_word' id='word_1_673' title='bbox 424 4852 504 4907; x_wconf 91' lang='lat' dir='ltr'><strong>dit</strong></span> <span class='ocrx_word' id='word_1_674' title='bbox 530 4851 580 4906; x_wconf 90' lang='lat' dir='ltr'><strong>ei</strong></span> <span class='ocrx_word' id='word_1_675' title='bbox 622 4850 971 4905; x_wconf 86' lang='lat' dir='ltr'><strong>hereditatem</strong></span> <span class='ocrx_word' id='word_1_676' title='bbox 1003 4847 1055 4901; x_wconf 92' lang='lat' dir='ltr'><strong>in</strong></span> <span class='ocrx_word' id='word_1_677' title='bbox 1091 4860 1153 4899; x_wconf 90' lang='lat' dir='ltr'><strong>ea</strong></span> <span class='ocrx_word' id='word_1_678' title='bbox 1179 4885 1194 4910; x_wconf 94' lang='lat'><strong>,</strong></span> <span class='ocrx_word' id='word_1_679' title='bbox 1245 4859 1311 4897; x_wconf 83' lang='lat' dir='ltr'><strong>ne</strong></span> <span class='ocrx_word' id='word_1_680' title='bbox 1344 4856 1556 4911; x_wconf 86' lang='lat' dir='ltr'><strong>passum</strong></span> <span class='ocrx_word' id='word_1_681' title='bbox 1584 4839 1798 4911; x_wconf 89' lang='lat' dir='ltr'><strong>quidem</strong></span> <span class='ocrx_word' id='word_1_682' title='bbox 1829 4839 1998 4910; x_wconf 88' lang='lat' dir='ltr'><strong>pedis.</strong></span> 
     </span>
    </p>
   </div>
   <div class='ocr_carea' id='block_1_82' title="bbox 428 4933 2003 5009">
    <p class='ocr_par' dir='ltr' id='par_1_82' title="bbox 428 4933 2003 5009">
     <span class='ocr_line' id='line_1_82' title="bbox 428 4933 2003 5009; baseline -0.008 -12"><span class='ocrx_word' id='word_1_683' title='bbox 428 4940 591 4997; x_wconf 78' lang='lat' dir='ltr'><strong>Vides</strong></span> <span class='ocrx_word' id='word_1_684' title='bbox 615 4940 887 5008; x_wconf 88' lang='lat' dir='ltr'><strong>quomodo</strong></span> <span class='ocrx_word' id='word_1_685' title='bbox 915 4952 1036 5009; x_wconf 64' lang='lat' dir='ltr'><strong>qua:</strong></span> <span class='ocrx_word' id='word_1_686' title='bbox 1064 4935 1201 4990; x_wconf 87' lang='lat' dir='ltr'><strong>facta</strong></span> <span class='ocrx_word' id='word_1_687' title='bbox 1229 4943 1357 4989; x_wconf 87' lang='lat' dir='ltr'><strong>sunt</strong></span> <span class='ocrx_word' id='word_1_688' title='bbox 1388 4933 1693 5002; x_wconf 82' lang='lat' dir='ltr'><strong>pugnabant</strong></span> <span class='ocrx_word' id='word_1_689' title='bbox 1717 4946 1837 4986; x_wconf 93' lang='lat' dir='ltr'><strong>cum</strong></span> <span class='ocrx_word' id='word_1_690' title='bbox 1873 4945 2003 5001; x_wconf 86' lang='lat' dir='ltr'><strong>pro-</strong></span> 
     </span>
    </p>
   </div>
   <div class='ocr_carea' id='block_1_83' title="bbox 427 5022 2005 5090">
    <p class='ocr_par' dir='ltr' id='par_1_83' title="bbox 427 5022 2005 5090">
     <span class='ocr_line' id='line_1_83' title="bbox 427 5022 2005 5090; baseline -0.008 -2"><span class='ocrx_word' id='word_1_691' title='bbox 427 5031 725 5089; x_wconf 86' lang='lat' dir='ltr'><strong>missione?</strong></span> <span class='ocrx_word' id='word_1_692' title='bbox 759 5030 961 5084; x_wconf 78' lang='lat' dir='ltr'><strong>Rursus</strong></span> <span class='ocrx_word' id='word_1_693' title='bbox 989 5026 1118 5082; x_wconf 75' lang='lat' dir='ltr'><strong>dicit</strong></span> <span class='ocrx_word' id='word_1_694' title='bbox 1145 5068 1160 5090; x_wconf 95' lang='lat'><strong>,</strong></span> <span class='ocrx_word' id='word_1_695' title='bbox 1192 5024 1257 5079; x_wconf 87' lang='lat' dir='ltr'><strong>In</strong></span> <span class='ocrx_word' id='word_1_696' title='bbox 1283 5023 1432 5079; x_wconf 83' lang='lat' dir='ltr'><strong>Isaac</strong></span> <span class='ocrx_word' id='word_1_697' title='bbox 1452 5024 1708 5078; x_wconf 87' lang='lat' dir='ltr'><strong>vocabitur</strong></span> <span class='ocrx_word' id='word_1_698' title='bbox 1727 5022 1816 5076; x_wconf 88' lang='lat' dir='ltr'><strong>tibi</strong></span> <span class='ocrx_word' id='word_1_699' title='bbox 1839 5039 2005 5077; x_wconf 87' lang='lat' dir='ltr'><strong>semen</strong></span> 
     </span>
    </p>
   </div>
   <div class='ocr_carea' id='block_1_84' title="bbox 428 5111 2003 5200">
    <p class='ocr_par' dir='ltr' id='par_1_84' title="bbox 428 5111 2003 5200">
     <span class='ocr_line' id='line_1_84' title="bbox 428 5111 2003 5200; baseline -0.01 -18"><span class='ocrx_word' id='word_1_700' title='bbox 428 5127 592 5200; x_wconf 79' lang='lat' dir='ltr'><strong>(Gen.</strong></span> <span class='ocrx_word' id='word_1_701' title='bbox 613 5121 704 5176; x_wconf 73' lang='grc'><strong>21.</strong></span> <span class='ocrx_word' id='word_1_702' title='bbox 735 5119 856 5190; x_wconf 71' lang='grc'><strong>12),</strong></span> <span class='ocrx_word' id='word_1_703' title='bbox 878 5128 933 5174; x_wconf 89' lang='lat' dir='ltr'><strong>et</strong></span> <span class='ocrx_word' id='word_1_704' title='bbox 957 5117 1220 5173; x_wconf 85' lang='lat' dir='ltr'><strong>credidit:</strong></span> <span class='ocrx_word' id='word_1_705' title='bbox 1250 5124 1306 5170; x_wconf 85' lang='lat' dir='ltr'><strong>et</strong></span> <span class='ocrx_word' id='word_1_706' title='bbox 1333 5129 1519 5170; x_wconf 89' lang='lat' dir='ltr'><strong>rursus</strong></span> <span class='ocrx_word' id='word_1_707' title='bbox 1543 5113 1716 5180; x_wconf 91' lang='lat' dir='ltr'><strong>dicit,</strong></span> <span class='ocrx_word' id='word_1_708' title='bbox 1747 5111 2003 5169; x_wconf 82' lang='lat' dir='ltr'><strong>Sacrifica</strong></span> 
     </span>
    </p>
   </div>
   <div class='ocr_carea' id='block_1_85' title="bbox 430 5201 2005 5283">
    <p class='ocr_par' dir='ltr' id='par_1_85' title="bbox 430 5201 2005 5283">
     <span class='ocr_line' id='line_1_85' title="bbox 430 5201 2005 5283; baseline -0.009 -13"><span class='ocrx_word' id='word_1_709' title='bbox 430 5215 559 5270; x_wconf 86' lang='lat' dir='ltr'><strong>mihi</strong></span> <span class='ocrx_word' id='word_1_710' title='bbox 602 5214 778 5279; x_wconf 89' lang='lat' dir='ltr'><strong>hunc,</strong></span> <span class='ocrx_word' id='word_1_711' title='bbox 805 5210 892 5283; x_wconf 85' lang='lat' dir='ltr'><strong>qui</strong></span> <span class='ocrx_word' id='word_1_712' title='bbox 934 5217 1049 5263; x_wconf 87' lang='lat' dir='ltr'><strong>erat</strong></span> <span class='ocrx_word' id='word_1_713' title='bbox 1095 5207 1414 5277; x_wconf 78' lang='lat' dir='ltr'><strong>impleturus</strong></span> <span class='ocrx_word' id='word_1_714' title='bbox 1459 5204 1769 5259; x_wconf 89' lang='lat' dir='ltr'><strong>universum</strong></span> <span class='ocrx_word' id='word_1_715' title='bbox 1818 5201 2005 5257; x_wconf 89' lang='lat' dir='ltr'><strong>orbem</strong></span> 
     </span>
    </p>
   </div>
   <div class='ocr_carea' id='block_1_86' title="bbox 432 5296 2010 5368">
    <p class='ocr_par' dir='ltr' id='par_1_86' title="bbox 432 5296 2010 5368">
     <span class='ocr_line' id='line_1_86' title="bbox 432 5296 2010 5368; baseline -0.009 -6"><span class='ocrx_word' id='word_1_716' title='bbox 432 5317 590 5362; x_wconf 81' lang='lat' dir='ltr'><strong>terra:</strong></span> <span class='ocrx_word' id='word_1_717' title='bbox 618 5320 683 5360; x_wconf 78' lang='lat' dir='ltr'><strong>ex</strong></span> <span class='ocrx_word' id='word_1_718' title='bbox 709 5301 915 5358; x_wconf 83' lang='lat' dir='ltr'><strong>semine</strong></span> <span class='ocrx_word' id='word_1_719' title='bbox 958 5314 1075 5354; x_wconf 92' lang='lat' dir='ltr'><strong>suo.</strong></span> <span class='ocrx_word' id='word_1_720' title='bbox 1112 5298 1303 5353; x_wconf 78' lang='lat' dir='ltr'><strong>Vidisti</strong></span> <span class='ocrx_word' id='word_1_721' title='bbox 1362 5312 1590 5368; x_wconf 82' lang='lat' dir='ltr'><strong>pugnam</strong></span> <span class='ocrx_word' id='word_1_722' title='bbox 1632 5296 1906 5364; x_wconf 86' lang='lat' dir='ltr'><strong>jussorum</strong></span> <span class='ocrx_word' id='word_1_723' title='bbox 1954 5303 2010 5350; x_wconf 92' lang='lat' dir='ltr'><strong>et</strong></span> 
     </span>
    </p>
   </div>
   <div class='ocr_carea' id='block_1_87' title="bbox 341 5385 2010 5469">
    <p class='ocr_par' dir='ltr' id='par_1_87' title="bbox 341 5385 2010 5469">
     <span class='ocr_line' id='line_1_87' title="bbox 341 5385 2010 5469; baseline -0.011 -14"><span class='ocrx_word' id='word_1_724' title='bbox 341 5447 351 5455; x_wconf 84' lang='lat'><strong>.</strong></span> <span class='ocrx_word' id='word_1_725' title='bbox 437 5393 854 5469; x_wconf 82' lang='lat' dir='ltr'><strong>promissionis?</strong></span> <span class='ocrx_word' id='word_1_726' title='bbox 882 5390 1053 5447; x_wconf 71' lang='lat' dir='ltr'><strong>JuSsit</strong></span> <span class='ocrx_word' id='word_1_727' title='bbox 1077 5389 1346 5444; x_wconf 86' lang='lat' dir='ltr'><strong>contraria</strong></span> <span class='ocrx_word' id='word_1_728' title='bbox 1380 5385 1659 5457; x_wconf 87' lang='lat' dir='ltr'><strong>promissis</strong></span> <span class='ocrx_word' id='word_1_729' title='bbox 1687 5400 1702 5448; x_wconf 90' lang='lat'><strong>;</strong></span> <span class='ocrx_word' id='word_1_730' title='bbox 1745 5395 1800 5438; x_wconf 88' lang='lat' dir='ltr'><strong>et</strong></span> <span class='ocrx_word' id='word_1_731' title='bbox 1836 5397 2010 5452; x_wconf 88' lang='lat' dir='ltr'><strong>neque</strong></span> 
     </span>
    </p>
   </div>
   <div class='ocr_carea' id='block_1_88' title="bbox 437 5476 2009 5558">
    <p class='ocr_par' dir='ltr' id='par_1_88' title="bbox 437 5476 2009 5558">
     <span class='ocr_line' id='line_1_88' title="bbox 437 5476 2009 5558; baseline -0.006 -15"><span class='ocrx_word' id='word_1_732' title='bbox 437 5491 514 5545; x_wconf 86' lang='lat' dir='ltr'><strong>sic</strong></span> <span class='ocrx_word' id='word_1_733' title='bbox 551 5487 802 5558; x_wconf 86' lang='lat' dir='ltr'><strong>caligavit</strong></span> <span class='ocrx_word' id='word_1_734' title='bbox 834 5484 1011 5556; x_wconf 88' lang='lat' dir='ltr'><strong>justus</strong></span> <span class='ocrx_word' id='word_1_735' title='bbox 1037 5523 1051 5544; x_wconf 90' lang='lat'><strong>,</strong></span> <span class='ocrx_word' id='word_1_736' title='bbox 1097 5496 1272 5552; x_wconf 91' lang='lat' dir='ltr'><strong>neque</strong></span> <span class='ocrx_word' id='word_1_737' title='bbox 1298 5479 1434 5535; x_wconf 80' lang='lat' dir='ltr'><strong>dixit</strong></span> <span class='ocrx_word' id='word_1_738' title='bbox 1468 5495 1528 5535; x_wconf 89' lang='lat' dir='ltr'><strong>se</strong></span> <span class='ocrx_word' id='word_1_739' title='bbox 1556 5492 1677 5533; x_wconf 86' lang='lat' dir='ltr'><strong>esse</strong></span> <span class='ocrx_word' id='word_1_740' title='bbox 1702 5476 2009 5545; x_wconf 87' lang='lat' dir='ltr'><strong>deceptum.</strong></span> 
     </span>
    </p>
   </div>
   <div class='ocr_carea' id='block_1_89' title="bbox 439 5565 2014 5647">
    <p class='ocr_par' dir='ltr' id='par_1_89' title="bbox 439 5565 2014 5647">
     <span class='ocr_line' id='line_1_89' title="bbox 439 5565 2014 5647; baseline -0.01 -13"><span class='ocrx_word' id='word_1_741' title='bbox 439 5580 571 5635; x_wconf 84' lang='lat' dir='ltr'><strong>Nam</strong></span> <span class='ocrx_word' id='word_1_742' title='bbox 601 5593 697 5633; x_wconf 88' lang='lat' dir='ltr'><strong>vos</strong></span> <span class='ocrx_word' id='word_1_743' title='bbox 726 5577 942 5647; x_wconf 84' lang='lat' dir='ltr'><strong>quidem</strong></span> <span class='ocrx_word' id='word_1_744' title='bbox 968 5617 985 5642; x_wconf 93' lang='lat'><strong>,</strong></span> <span class='ocrx_word' id='word_1_745' title='bbox 1034 5573 1244 5643; x_wconf 91' lang='lat' dir='ltr'><strong>inquit,</strong></span> <span class='ocrx_word' id='word_1_746' title='bbox 1291 5586 1396 5626; x_wconf 90' lang='lat' dir='ltr'><strong>non</strong></span> <span class='ocrx_word' id='word_1_747' title='bbox 1427 5569 1671 5638; x_wconf 83' lang='lat' dir='ltr'><strong>poteritis</strong></span> <span class='ocrx_word' id='word_1_748' title='bbox 1704 5567 1805 5622; x_wconf 93' lang='lat' dir='ltr'><strong>hoc</strong></span> <span class='ocrx_word' id='word_1_749' title='bbox 1834 5565 2014 5621; x_wconf 85' lang='lat' dir='ltr'><strong>dicere</strong></span> 
     </span>
    </p>
   </div>
   <div class='ocr_carea' id='block_1_90' title="bbox 441 5657 2012 5741">
    <p class='ocr_par' dir='ltr' id='par_1_90' title="bbox 441 5657 2012 5741">
     <span class='ocr_line' id='line_1_90' title="bbox 441 5657 2012 5741; baseline -0.011 -15"><span class='ocrx_word' id='word_1_750' title='bbox 441 5669 585 5741; x_wconf 86' lang='lat' dir='ltr'><strong>quod</strong></span> <span class='ocrx_word' id='word_1_751' title='bbox 620 5669 883 5737; x_wconf 86' lang='lat' dir='ltr'><strong>pollicitus</strong></span> <span class='ocrx_word' id='word_1_752' title='bbox 913 5666 1249 5735; x_wconf 86' lang='lat' dir='ltr'><strong>sit&#39;reqniem</strong></span> <span class='ocrx_word' id='word_1_753' title='bbox 1272 5704 1285 5723; x_wconf 85' lang='lat'><em>.</em></span> <span class='ocrx_word' id='word_1_754' title='bbox 1316 5671 1369 5717; x_wconf 89' lang='lat' dir='ltr'><strong>et</strong></span> <span class='ocrx_word' id='word_1_755' title='bbox 1395 5660 1604 5716; x_wconf 87' lang='lat' dir='ltr'><strong>dederit</strong></span> <span class='ocrx_word' id='word_1_756' title='bbox 1628 5657 1971 5714; x_wconf 82' lang='lat' dir='ltr'><strong>amictionem</strong></span> <span class='ocrx_word' id='word_1_757' title='bbox 1996 5669 2012 5719; x_wconf 88' lang='lat'><strong>;</strong></span> 
     </span>
    </p>
   </div>
   <div class='ocr_carea' id='block_1_91' title="bbox 511 5747 2021 5825">
    <p class='ocr_par' dir='ltr' id='par_1_91' title="bbox 511 5747 2021 5825">
     <span class='ocr_line' id='line_1_91' title="bbox 511 5747 2021 5825; baseline -0.012 -13"><span class='ocrx_word' id='word_1_758' title='bbox 511 5765 585 5825; x_wconf 83' lang='lat' dir='ltr'><strong>(tt)</strong></span> <span class='ocrx_word' id='word_1_759' title='bbox 611 5762 701 5825; x_wconf 84' lang='lat' dir='ltr'><strong>ilic</strong></span> <span class='ocrx_word' id='word_1_760' title='bbox 733 5760 965 5821; x_wconf 76' lang='lat' dir='ltr'><strong>ingentes</strong></span> <span class='ocrx_word' id='word_1_761' title='bbox 998 5755 1308 5825; x_wconf 67' lang='lat' dir='ltr'><strong>hiatussunt</strong></span> <span class='ocrx_word' id='word_1_762' title='bbox 1334 5753 1383 5800; x_wconf 89' lang='lat' dir='ltr'><strong>in</strong></span> <span class='ocrx_word' id='word_1_763' title='bbox 1407 5749 1621 5802; x_wconf 81' lang='lat' dir='ltr'><strong>Colbert.</strong></span> <span class='ocrx_word' id='word_1_764' title='bbox 1647 5747 1856 5800; x_wconf 82' lang='lat' dir='ltr'><strong>Homilia</strong></span> <span class='ocrx_word' id='word_1_765' title='bbox 1885 5748 2021 5809; x_wconf 65' lang='lat' dir='ltr'><strong>sige-</strong></span> 
     </span>
    </p>
   </div>
   <div class='ocr_carea' id='block_1_92' title="bbox 448 5816 1227 5888">
    <p class='ocr_par' dir='ltr' id='par_1_92' title="bbox 448 5816 1227 5888">
     <span class='ocr_line' id='line_1_92' title="bbox 448 5816 1227 5888; baseline -0.024 -6"><span class='ocrx_word' id='word_1_766' title='bbox 448 5816 753 5888; x_wconf 66' lang='grc' dir='ltr'><strong>δίιιίειίιιιίηιλ</strong></span> <span class='ocrx_word' id='word_1_767' title='bbox 776 5816 905 5882; x_wconf 71' lang='lat' dir='ltr'><strong>pene</strong></span> <span class='ocrx_word' id='word_1_768' title='bbox 928 5826 1025 5868; x_wconf 86' lang='lat' dir='ltr'><strong>tota</strong></span> <span class='ocrx_word' id='word_1_769' title='bbox 1047 5816 1227 5866; x_wconf 79' lang='lat' dir='ltr'><strong>delirit.</strong></span> 
     </span>
    </p>
   </div>
   <div class='ocr_carea' id='block_1_93' title="bbox 2093 3573 3666 3646">
    <p class='ocr_par' dir='ltr' id='par_1_93' title="bbox 2093 3573 3666 3646">
     <span class='ocr_line' id='line_1_93' title="bbox 2093 3573 3666 3646; baseline 0.001 -17"><span class='ocrx_word' id='word_1_770' title='bbox 2093 3574 2182 3630; x_wconf 89' lang='lat' dir='ltr'><strong>hic</strong></span> <span class='ocrx_word' id='word_1_771' title='bbox 2207 3575 2351 3630; x_wconf 87' lang='lat' dir='ltr'><strong>enim</strong></span> <span class='ocrx_word' id='word_1_772' title='bbox 2387 3573 2511 3630; x_wconf 80' lang='lat' dir='ltr'><strong>facit</strong></span> <span class='ocrx_word' id='word_1_773' title='bbox 2551 3589 2613 3630; x_wconf 91' lang='lat' dir='ltr'><strong>ea</strong></span> <span class='ocrx_word' id='word_1_774' title='bbox 2657 3590 2776 3645; x_wconf 61' lang='lat' dir='ltr'><strong>quae</strong></span> <span class='ocrx_word' id='word_1_775' title='bbox 2815 3584 2900 3630; x_wconf 91' lang='lat' dir='ltr'><strong>est</strong></span> <span class='ocrx_word' id='word_1_776' title='bbox 2931 3576 3218 3646; x_wconf 86' lang='lat' dir='ltr'><strong>pollicitus.</strong></span> <span class='ocrx_word' id='word_1_777' title='bbox 3247 3574 3570 3641; x_wconf 79' lang='lat' dir='ltr'><strong>Quomodo?</strong></span> <span class='ocrx_word' id='word_1_778' title='bbox 3598 3578 3666 3631; x_wconf 82' lang='lat' dir='ltr'><strong>In</strong></span> 
     </span>
    </p>
   </div>
   <div class='ocr_carea' id='block_1_94' title="bbox 2093 3667 3663 3741">
    <p class='ocr_par' dir='ltr' id='par_1_94' title="bbox 2093 3667 3663 3741">
     <span class='ocr_line' id='line_1_94' title="bbox 2093 3667 3663 3741; baseline 0.001 -21"><span class='ocrx_word' id='word_1_779' title='bbox 2093 3668 2307 3731; x_wconf 89' lang='lat' dir='ltr'><strong>mundo,</strong></span> <span class='ocrx_word' id='word_1_780' title='bbox 2335 3667 2526 3736; x_wconf 88' lang='lat' dir='ltr'><strong>inquit,</strong></span> <span class='ocrx_word' id='word_1_781' title='bbox 2557 3668 2878 3738; x_wconf 76' lang='lat' dir='ltr'><strong>aﬂlictionem</strong></span> <span class='ocrx_word' id='word_1_782' title='bbox 2909 3667 3149 3722; x_wconf 83' lang='lat' dir='ltr'><strong>habebitis</strong></span> <span class='ocrx_word' id='word_1_783' title='bbox 3185 3667 3380 3738; x_wconf 80' lang='lat' dir='ltr'><strong>(Joan.</strong></span> <span class='ocrx_word' id='word_1_784' title='bbox 3411 3668 3499 3723; x_wconf 86' lang='grc'><strong>16.</strong></span> <span class='ocrx_word' id='word_1_785' title='bbox 3526 3669 3595 3723; x_wconf 76' lang='lat'><strong>53</strong></span> <span class='ocrx_word' id='word_1_786' title='bbox 3619 3668 3663 3741; x_wconf 90' lang='lat'><strong>).</strong></span> 
     </span>
    </p>
   </div>
   <div class='ocr_carea' id='block_1_95' title="bbox 2097 3759 3665 3831">
    <p class='ocr_par' dir='ltr' id='par_1_95' title="bbox 2097 3759 3665 3831">
     <span class='ocr_line' id='line_1_95' title="bbox 2097 3759 3665 3831; baseline 0.001 -18"><span class='ocrx_word' id='word_1_787' title='bbox 2097 3759 2199 3825; x_wconf 83' lang='lat' dir='ltr'><strong>Qui</strong></span> <span class='ocrx_word' id='word_1_788' title='bbox 2221 3775 2324 3814; x_wconf 90' lang='lat' dir='ltr'><strong>non</strong></span> <span class='ocrx_word' id='word_1_789' title='bbox 2350 3760 2598 3831; x_wconf 81' lang='lat' dir='ltr'><strong>acceperit</strong></span> <span class='ocrx_word' id='word_1_790' title='bbox 2621 3775 2817 3814; x_wconf 88' lang='lat' dir='ltr'><strong>crucem</strong></span> <span class='ocrx_word' id='word_1_791' title='bbox 2837 3775 3003 3824; x_wconf 88' lang='lat' dir='ltr'><strong>suam,</strong></span> <span class='ocrx_word' id='word_1_792' title='bbox 3032 3769 3079 3813; x_wconf 92' lang='lat' dir='ltr'><strong>et</strong></span> <span class='ocrx_word' id='word_1_793' title='bbox 3106 3775 3185 3813; x_wconf 90' lang='lat' dir='ltr'><strong>me</strong></span> <span class='ocrx_word' id='word_1_794' title='bbox 3211 3759 3362 3830; x_wconf 81' lang='lat' dir='ltr'><strong>fuerit</strong></span> <span class='ocrx_word' id='word_1_795' title='bbox 3386 3769 3622 3830; x_wconf 79' lang='lat' dir='ltr'><strong>sequutus</strong></span> <span class='ocrx_word' id='word_1_796' title='bbox 3648 3802 3665 3825; x_wconf 91' lang='lat'><strong>,</strong></span> 
     </span>
    </p>
   </div>
   <div class='ocr_carea' id='block_1_96' title="bbox 2094 3850 3672 3922">
    <p class='ocr_par' dir='ltr' id='par_1_96' title="bbox 2094 3850 3672 3922">
     <span class='ocr_line' id='line_1_96' title="bbox 2094 3850 3672 3922; baseline -0.002 -16"><span class='ocrx_word' id='word_1_797' title='bbox 2094 3869 2199 3906; x_wconf 88' lang='lat' dir='ltr'><strong>non</strong></span> <span class='ocrx_word' id='word_1_798' title='bbox 2225 3862 2297 3907; x_wconf 90' lang='lat' dir='ltr'><strong>est</strong></span> <span class='ocrx_word' id='word_1_799' title='bbox 2325 3867 2405 3906; x_wconf 89' lang='lat' dir='ltr'><strong>me</strong></span> <span class='ocrx_word' id='word_1_800' title='bbox 2431 3852 2614 3922; x_wconf 86' lang='lat' dir='ltr'><strong>dignus</strong></span> <span class='ocrx_word' id='word_1_801' title='bbox 2640 3851 2660 3921; x_wconf 94' lang='lat'>(</span> <span class='ocrx_word' id='word_1_802' title='bbox 2681 3850 2869 3904; x_wconf 78' lang='lat' dir='ltr'><strong>Matth.</strong></span> <span class='ocrx_word' id='word_1_803' title='bbox 2901 3850 2988 3907; x_wconf 88' lang='grc'><strong>10.</strong></span> <span class='ocrx_word' id='word_1_804' title='bbox 3017 3852 3084 3907; x_wconf 77' lang='lat'><strong>&#39;58</strong></span> <span class='ocrx_word' id='word_1_805' title='bbox 3110 3850 3152 3922; x_wconf 80' lang='lat'><strong>).</strong></span> <span class='ocrx_word' id='word_1_806' title='bbox 3185 3851 3284 3916; x_wconf 85' lang='lat' dir='ltr'><strong>Qui</strong></span> <span class='ocrx_word' id='word_1_807' title='bbox 3309 3865 3410 3905; x_wconf 88' lang='lat' dir='ltr'><strong>non</strong></span> <span class='ocrx_word' id='word_1_808' title='bbox 3434 3851 3541 3905; x_wconf 85' lang='lat' dir='ltr'><strong>odit</strong></span> <span class='ocrx_word' id='word_1_809' title='bbox 3559 3852 3672 3904; x_wconf 84' lang='lat' dir='ltr'><strong>ani-</strong></span> 
     </span>
    </p>
   </div>
   <div class='ocr_carea' id='block_1_97' title="bbox 2096 3942 3672 4009">
    <p class='ocr_par' dir='ltr' id='par_1_97' title="bbox 2096 3942 3672 4009">
     <span class='ocr_line' id='line_1_97' title="bbox 2096 3942 3672 4009; baseline -0.003 -10"><span class='ocrx_word' id='word_1_810' title='bbox 2096 3962 2232 3999; x_wconf 89' lang='lat' dir='ltr'><strong>mam</strong></span> <span class='ocrx_word' id='word_1_811' title='bbox 2270 3961 2413 4000; x_wconf 89' lang='lat' dir='ltr'><strong>suam</strong></span> <span class='ocrx_word' id='word_1_812' title='bbox 2437 3985 2452 4009; x_wconf 92' lang='lat'><strong>,</strong></span> <span class='ocrx_word' id='word_1_813' title='bbox 2480 3960 2581 3998; x_wconf 85' lang='lat' dir='ltr'><strong>non</strong></span> <span class='ocrx_word' id='word_1_814' title='bbox 2609 3945 2822 3997; x_wconf 81' lang='lat' dir='ltr'><strong>inveniet</strong></span> <span class='ocrx_word' id='word_1_815' title='bbox 2850 3958 3000 4008; x_wconf 90' lang='lat' dir='ltr'><strong>eam;</strong></span> <span class='ocrx_word' id='word_1_816' title='bbox 3027 3952 3083 4000; x_wconf 88' lang='lat' dir='ltr'><strong>et</strong></span> <span class='ocrx_word' id='word_1_817' title='bbox 3113 3984 3126 4009; x_wconf 89' lang='lat'><strong>,</strong></span> <span class='ocrx_word' id='word_1_818' title='bbox 3160 3942 3261 4009; x_wconf 81' lang='lat' dir='ltr'><strong>Qui</strong></span> <span class='ocrx_word' id='word_1_819' title='bbox 3291 3959 3391 3996; x_wconf 90' lang='lat' dir='ltr'><strong>non</strong></span> <span class='ocrx_word' id='word_1_820' title='bbox 3419 3943 3672 3996; x_wconf 86' lang='lat' dir='ltr'><strong>renuntiat</strong></span> 
     </span>
    </p>
   </div>
   <div class='ocr_carea' id='block_1_98' title="bbox 2096 4034 3674 4105">
    <p class='ocr_par' dir='ltr' id='par_1_98' title="bbox 2096 4034 3674 4105">
     <span class='ocr_line' id='line_1_98' title="bbox 2096 4034 3674 4105; baseline -0.003 -14"><span class='ocrx_word' id='word_1_821' title='bbox 2096 4037 2329 4092; x_wconf 87' lang='lat' dir='ltr'><strong>omnibus</strong></span> <span class='ocrx_word' id='word_1_822' title='bbox 2358 4036 2500 4090; x_wconf 86' lang='lat' dir='ltr'><strong>bonis</strong></span> <span class='ocrx_word' id='word_1_823' title='bbox 2533 4036 2639 4089; x_wconf 89' lang='lat' dir='ltr'><strong>suis</strong></span> <span class='ocrx_word' id='word_1_824' title='bbox 2662 4074 2678 4101; x_wconf 91' lang='lat'><strong>,</strong></span> <span class='ocrx_word' id='word_1_825' title='bbox 2706 4044 2753 4088; x_wconf 89' lang='lat' dir='ltr'><strong>et</strong></span> <span class='ocrx_word' id='word_1_826' title='bbox 2783 4051 2862 4089; x_wconf 88' lang='lat' dir='ltr'><strong>me</strong></span> <span class='ocrx_word' id='word_1_827' title='bbox 2886 4035 3113 4103; x_wconf 87' lang='lat' dir='ltr'><strong>sequitur</strong></span> <span class='ocrx_word' id='word_1_828' title='bbox 3130 4076 3144 4098; x_wconf 93' lang='lat'><strong>,</strong></span> <span class='ocrx_word' id='word_1_829' title='bbox 3167 4051 3269 4088; x_wconf 91' lang='lat' dir='ltr'><strong>non</strong></span> <span class='ocrx_word' id='word_1_830' title='bbox 3294 4043 3366 4088; x_wconf 82' lang='lat' dir='ltr'><strong>est</strong></span> <span class='ocrx_word' id='word_1_831' title='bbox 3395 4049 3473 4087; x_wconf 87' lang='lat' dir='ltr'><strong>me</strong></span> <span class='ocrx_word' id='word_1_832' title='bbox 3492 4034 3674 4105; x_wconf 82' lang='lat' dir='ltr'><strong>dignus</strong></span> 
     </span>
    </p>
   </div>
   <div class='ocr_carea' id='block_1_99' title="bbox 2100 4125 3675 4198">
    <p class='ocr_par' dir='ltr' id='par_1_99' title="bbox 2100 4125 3675 4198">
     <span class='ocr_line' id='line_1_99' title="bbox 2100 4125 3675 4198; baseline -0.002 -18"><span class='ocrx_word' id='word_1_833' title='bbox 2100 4126 2251 4198; x_wconf 84' lang='lat' dir='ltr'><strong>(Luc.</strong></span> <span class='ocrx_word' id='word_1_834' title='bbox 2278 4129 2363 4183; x_wconf 76' lang='lat' dir='ltr'><strong>M.</strong></span> <span class='ocrx_word' id='word_1_835' title='bbox 2394 4126 2547 4183; x_wconf 72' lang='lat' dir='ltr'><strong>26.et</strong></span> <span class='ocrx_word' id='word_1_836' title='bbox 2574 4127 2664 4196; x_wconf 78' lang='grc'><strong>55)</strong></span> <span class='ocrx_word' id='word_1_837' title='bbox 2689 4143 2703 4192; x_wconf 91' lang='grc'>;</span> <span class='ocrx_word' id='word_1_838' title='bbox 2734 4136 2789 4181; x_wconf 92' lang='lat' dir='ltr'><strong>et</strong></span> <span class='ocrx_word' id='word_1_839' title='bbox 2810 4141 3028 4181; x_wconf 88' lang='lat' dir='ltr'><strong>rursus:</strong></span> <span class='ocrx_word' id='word_1_840' title='bbox 3049 4125 3176 4180; x_wconf 82' lang='lat' dir='ltr'><strong>Ante</strong></span> <span class='ocrx_word' id='word_1_841' title='bbox 3196 4142 3336 4197; x_wconf 84' lang='lat' dir='ltr'><strong>reges</strong></span> <span class='ocrx_word' id='word_1_842' title='bbox 3360 4136 3406 4180; x_wconf 88' lang='lat' dir='ltr'><strong>et</strong></span> <span class='ocrx_word' id='word_1_843' title='bbox 3435 4125 3675 4197; x_wconf 67' lang='lat' dir='ltr'><strong>praesides</strong></span> 
     </span>
    </p>
   </div>
   <div class='ocr_carea' id='block_1_100' title="bbox 2098 4216 3677 4287">
    <p class='ocr_par' dir='ltr' id='par_1_100' title="bbox 2098 4216 3677 4287">
     <span class='ocr_line' id='line_1_100' title="bbox 2098 4216 3677 4287; baseline -0.001 -16"><span class='ocrx_word' id='word_1_844' title='bbox 2098 4218 2352 4272; x_wconf 86' lang='lat' dir='ltr'><strong>ducemiui</strong></span> <span class='ocrx_word' id='word_1_845' title='bbox 2380 4230 2591 4287; x_wconf 79' lang='lat' dir='ltr'><strong>propter</strong></span> <span class='ocrx_word' id='word_1_846' title='bbox 2621 4233 2732 4281; x_wconf 85' lang='lat' dir='ltr'><strong>me;</strong></span> <span class='ocrx_word' id='word_1_847' title='bbox 2768 4228 2823 4273; x_wconf 89' lang='lat' dir='ltr'><strong>et</strong></span> <span class='ocrx_word' id='word_1_848' title='bbox 2851 4231 3037 4272; x_wconf 87' lang='lat' dir='ltr'><strong>rursus</strong></span> <span class='ocrx_word' id='word_1_849' title='bbox 3060 4257 3075 4281; x_wconf 94' lang='lat'><strong>,</strong></span> <span class='ocrx_word' id='word_1_850' title='bbox 3114 4216 3321 4271; x_wconf 86' lang='lat' dir='ltr'><strong>Inimici</strong></span> <span class='ocrx_word' id='word_1_851' title='bbox 3346 4217 3563 4271; x_wconf 87' lang='lat' dir='ltr'><strong>hominis</strong></span> <span class='ocrx_word' id='word_1_852' title='bbox 3584 4217 3677 4270; x_wconf 87' lang='lat' dir='ltr'><strong>do-</strong></span> 
     </span>
    </p>
   </div>
   <div class='ocr_carea' id='block_1_101' title="bbox 2098 4308 3674 4384">
    <p class='ocr_par' dir='ltr' id='par_1_101' title="bbox 2098 4308 3674 4384">
     <span class='ocr_line' id='line_1_101' title="bbox 2098 4308 3674 4384; baseline -0.003 -18"><span class='ocrx_word' id='word_1_853' title='bbox 2098 4312 2293 4367; x_wconf 85' lang='lat' dir='ltr'><strong>mestici</strong></span> <span class='ocrx_word' id='word_1_854' title='bbox 2316 4313 2424 4384; x_wconf 86' lang='lat' dir='ltr'><strong>ejus</strong></span> <span class='ocrx_word' id='word_1_855' title='bbox 2451 4311 2660 4382; x_wconf 81' lang='lat' dir='ltr'><strong>(Matth.</strong></span> <span class='ocrx_word' id='word_1_856' title='bbox 2692 4311 2774 4366; x_wconf 86' lang='grc'><strong>10.</strong></span> <span class='ocrx_word' id='word_1_857' title='bbox 2810 4310 2878 4366; x_wconf 88' lang='grc'><strong>18</strong></span> <span class='ocrx_word' id='word_1_858' title='bbox 2903 4318 2947 4364; x_wconf 80' lang='lat' dir='ltr'><strong>et</strong></span> <span class='ocrx_word' id='word_1_859' title='bbox 2967 4310 3037 4366; x_wconf 78' lang='lat'><strong>36</strong></span> <span class='ocrx_word' id='word_1_860' title='bbox 3062 4310 3102 4380; x_wconf 91' lang='lat'><strong>).</strong></span> <span class='ocrx_word' id='word_1_861' title='bbox 3124 4310 3193 4364; x_wconf 88' lang='lat' dir='ltr'><strong>Et</strong></span> <span class='ocrx_word' id='word_1_862' title='bbox 3212 4308 3430 4364; x_wconf 80' lang='lat' dir='ltr'><strong>afﬂictio</strong></span> <span class='ocrx_word' id='word_1_863' title='bbox 3458 4308 3544 4362; x_wconf 90' lang='lat' dir='ltr'><strong>hic</strong></span> <span class='ocrx_word' id='word_1_864' title='bbox 3571 4317 3674 4375; x_wconf 88' lang='lat' dir='ltr'><strong>est,</strong></span> 
     </span>
    </p>
   </div>
   <div class='ocr_carea' id='block_1_102' title="bbox 2099 4398 3677 4475">
    <p class='ocr_par' dir='ltr' id='par_1_102' title="bbox 2099 4398 3677 4475">
     <span class='ocr_line' id='line_1_102' title="bbox 2099 4398 3677 4475; baseline -0.003 -18"><span class='ocrx_word' id='word_1_865' title='bbox 2099 4405 2252 4475; x_wconf 85' lang='lat' dir='ltr'><strong>quies</strong></span> <span class='ocrx_word' id='word_1_866' title='bbox 2278 4412 2453 4458; x_wconf 90' lang='lat' dir='ltr'><strong>autem</strong></span> <span class='ocrx_word' id='word_1_867' title='bbox 2483 4412 2540 4458; x_wconf 91' lang='lat' dir='ltr'><strong>et</strong></span> <span class='ocrx_word' id='word_1_868' title='bbox 2566 4402 2812 4457; x_wconf 87' lang='lat' dir='ltr'><strong>remissio</strong></span> <span class='ocrx_word' id='word_1_869' title='bbox 2840 4400 2951 4455; x_wconf 90' lang='lat' dir='ltr'><strong>illic</strong></span> <span class='ocrx_word' id='word_1_870' title='bbox 2973 4409 3058 4456; x_wconf 90' lang='lat' dir='ltr'><strong>est</strong></span> <span class='ocrx_word' id='word_1_871' title='bbox 3084 4441 3100 4466; x_wconf 91' lang='lat'><strong>,</strong></span> <span class='ocrx_word' id='word_1_872' title='bbox 3148 4415 3344 4468; x_wconf 89' lang='lat' dir='ltr'><strong>nempe</strong></span> <span class='ocrx_word' id='word_1_873' title='bbox 3371 4401 3423 4454; x_wconf 89' lang='lat' dir='ltr'><strong>in</strong></span> <span class='ocrx_word' id='word_1_874' title='bbox 3452 4400 3559 4454; x_wconf 86' lang='lat' dir='ltr'><strong>vita</strong></span> <span class='ocrx_word' id='word_1_875' title='bbox 3592 4398 3677 4453; x_wconf 88' lang='lat' dir='ltr'><strong>fn-</strong></span> 
     </span>
    </p>
   </div>
   <div class='ocr_carea' id='block_1_103' title="bbox 2103 4489 3679 4559">
    <p class='ocr_par' dir='ltr' id='par_1_103' title="bbox 2103 4489 3679 4559">
     <span class='ocr_line' id='line_1_103' title="bbox 2103 4489 3679 4559; baseline -0.002 -11"><span class='ocrx_word' id='word_1_876' title='bbox 2103 4503 2241 4549; x_wconf 89' lang='lat' dir='ltr'><strong>tura.</strong></span> <span class='ocrx_word' id='word_1_877' title='bbox 2293 4491 2350 4547; x_wconf 85' lang='lat' dir='ltr'><strong>in</strong></span> <span class='ocrx_word' id='word_1_878' title='bbox 2397 4491 2674 4547; x_wconf 84' lang='lat' dir='ltr'><strong>Abraham</strong></span> <span class='ocrx_word' id='word_1_879' title='bbox 2711 4500 2891 4546; x_wconf 89' lang='lat' dir='ltr'><strong>autem</strong></span> <span class='ocrx_word' id='word_1_880' title='bbox 2931 4500 3118 4546; x_wconf 89' lang='lat' dir='ltr'><strong>contra</strong></span> <span class='ocrx_word' id='word_1_881' title='bbox 3150 4507 3163 4543; x_wconf 90' lang='lat'><strong>:</strong></span> <span class='ocrx_word' id='word_1_882' title='bbox 3189 4489 3477 4559; x_wconf 86' lang='lat' dir='ltr'><strong>jubebatur</strong></span> <span class='ocrx_word' id='word_1_883' title='bbox 3504 4490 3679 4545; x_wconf 85' lang='lat' dir='ltr'><strong>facere</strong></span> 
     </span>
    </p>
   </div>
   <div class='ocr_carea' id='block_1_104' title="bbox 2102 4580 3679 4655">
    <p class='ocr_par' dir='ltr' id='par_1_104' title="bbox 2102 4580 3679 4655">
     <span class='ocr_line' id='line_1_104' title="bbox 2102 4580 3679 4655; baseline -0.003 -14"><span class='ocrx_word' id='word_1_884' title='bbox 2102 4587 2371 4641; x_wconf 90' lang='lat' dir='ltr'><strong>contraria</strong></span> <span class='ocrx_word' id='word_1_885' title='bbox 2399 4583 2846 4655; x_wconf 90' lang='lat' dir='ltr'><strong>promissionibns</strong></span> <span class='ocrx_word' id='word_1_886' title='bbox 2869 4623 2883 4647; x_wconf 94' lang='lat'><strong>,</strong></span> <span class='ocrx_word' id='word_1_887' title='bbox 2914 4591 2969 4637; x_wconf 90' lang='lat' dir='ltr'><strong>et</strong></span> <span class='ocrx_word' id='word_1_888' title='bbox 2998 4597 3065 4637; x_wconf 91' lang='lat' dir='ltr'><strong>ne</strong></span> <span class='ocrx_word' id='word_1_889' title='bbox 3092 4582 3170 4636; x_wconf 85' lang='lat' dir='ltr'><strong>sic</strong></span> <span class='ocrx_word' id='word_1_890' title='bbox 3190 4580 3406 4650; x_wconf 90' lang='lat' dir='ltr'><strong>quidem</strong></span> <span class='ocrx_word' id='word_1_891' title='bbox 3438 4581 3679 4636; x_wconf 83' lang='lat' dir='ltr'><strong>turbatus</strong></span> 
     </span>
    </p>
   </div>
   <div class='ocr_carea' id='block_1_105' title="bbox 2103 4672 3677 4749">
    <p class='ocr_par' dir='ltr' id='par_1_105' title="bbox 2103 4672 3677 4749">
     <span class='ocr_line' id='line_1_105' title="bbox 2103 4672 3677 4749; baseline -0.005 -14"><span class='ocrx_word' id='word_1_892' title='bbox 2103 4689 2185 4736; x_wconf 91' lang='lat' dir='ltr'><strong>est</strong></span> <span class='ocrx_word' id='word_1_893' title='bbox 2212 4692 2385 4749; x_wconf 90' lang='lat' dir='ltr'><strong>neque</strong></span> <span class='ocrx_word' id='word_1_894' title='bbox 2408 4676 2688 4745; x_wconf 86' lang='lat' dir='ltr'><strong>caligavit,</strong></span> <span class='ocrx_word' id='word_1_895' title='bbox 2721 4689 2896 4744; x_wconf 90' lang='lat' dir='ltr'><strong>neque</strong></span> <span class='ocrx_word' id='word_1_896' title='bbox 2925 4672 3257 4730; x_wconf 79' lang='lat' dir='ltr'><strong>existimavit</strong></span> <span class='ocrx_word' id='word_1_897' title='bbox 3284 4687 3346 4728; x_wconf 89' lang='lat' dir='ltr'><strong>se</strong></span> <span class='ocrx_word' id='word_1_898' title='bbox 3372 4687 3494 4728; x_wconf 89' lang='lat' dir='ltr'><strong>esse</strong></span> <span class='ocrx_word' id='word_1_899' title='bbox 3515 4672 3677 4728; x_wconf 87' lang='lat' dir='ltr'><strong>dece-</strong></span> 
     </span>
    </p>
   </div>
   <div class='ocr_carea' id='block_1_106' title="bbox 2103 4763 3689 4840">
    <p class='ocr_par' dir='ltr' id='par_1_106' title="bbox 2103 4763 3689 4840">
     <span class='ocr_line' id='line_1_106' title="bbox 2103 4763 3689 4840; baseline -0.008 -16"><span class='ocrx_word' id='word_1_900' title='bbox 2103 4779 2251 4840; x_wconf 93' lang='lat' dir='ltr'><strong>ptum</strong></span> <span class='ocrx_word' id='word_1_901' title='bbox 2278 4786 2292 4823; x_wconf 90' lang='lat'><strong>:</strong></span> <span class='ocrx_word' id='word_1_902' title='bbox 2319 4781 2415 4823; x_wconf 86' lang='lat' dir='ltr'><strong>vos</strong></span> <span class='ocrx_word' id='word_1_903' title='bbox 2434 4774 2613 4820; x_wconf 87' lang='lat' dir='ltr'><strong>autem</strong></span> <span class='ocrx_word' id='word_1_904' title='bbox 2643 4763 2779 4820; x_wconf 86' lang='lat' dir='ltr'><strong>nihil</strong></span> <span class='ocrx_word' id='word_1_905' title='bbox 2801 4764 3081 4820; x_wconf 90' lang='lat' dir='ltr'><strong>sustinetis</strong></span> <span class='ocrx_word' id='word_1_906' title='bbox 3105 4763 3248 4834; x_wconf 89' lang='lat' dir='ltr'><strong>quod</strong></span> <span class='ocrx_word' id='word_1_907' title='bbox 3278 4763 3351 4817; x_wconf 90' lang='lat' dir='ltr'><strong>sit</strong></span> <span class='ocrx_word' id='word_1_908' title='bbox 3372 4773 3524 4818; x_wconf 83' lang='lat' dir='ltr'><strong>extra</strong></span> <span class='ocrx_word' id='word_1_909' title='bbox 3556 4778 3689 4834; x_wconf 81' lang='lat' dir='ltr'><strong>pre-</strong></span> 
     </span>
    </p>
   </div>
   <div class='ocr_carea' id='block_1_107' title="bbox 2105 4854 3683 4923">
    <p class='ocr_par' dir='ltr' id='par_1_107' title="bbox 2105 4854 3683 4923">
     <span class='ocr_line' id='line_1_107' title="bbox 2105 4854 3683 4923; baseline -0.005 -5"><span class='ocrx_word' id='word_1_910' title='bbox 2105 4862 2465 4923; x_wconf 74' lang='lat' dir='ltr'><strong>missionem,</strong></span> <span class='ocrx_word' id='word_1_911' title='bbox 2519 4866 2575 4914; x_wconf 91' lang='lat' dir='ltr'><strong>et</strong></span> <span class='ocrx_word' id='word_1_912' title='bbox 2630 4856 2940 4912; x_wconf 87' lang='lat' dir='ltr'><strong>turbamini.</strong></span> <span class='ocrx_word' id='word_1_913' title='bbox 2995 4856 3091 4910; x_wconf 84' lang='lat' dir='ltr'><strong>Ille</strong></span> <span class='ocrx_word' id='word_1_914' title='bbox 3159 4854 3364 4910; x_wconf 88' lang='lat' dir='ltr'><strong>audivit</strong></span> <span class='ocrx_word' id='word_1_915' title='bbox 3417 4854 3683 4911; x_wconf 89' lang='lat' dir='ltr'><strong>contraria</strong></span> 
     </span>
    </p>
   </div>
   <div class='ocr_carea' id='block_1_108' title="bbox 2106 4940 3684 5024">
    <p class='ocr_par' dir='ltr' id='par_1_108' title="bbox 2106 4940 3684 5024">
     <span class='ocr_line' id='line_1_108' title="bbox 2106 4940 3684 5024; baseline -0.004 -15"><span class='ocrx_word' id='word_1_916' title='bbox 2106 4954 2389 5024; x_wconf 86' lang='lat' dir='ltr'><strong>promissis</strong></span> <span class='ocrx_word' id='word_1_917' title='bbox 2416 4951 2484 5006; x_wconf 87' lang='lat' dir='ltr'><strong>ab</strong></span> <span class='ocrx_word' id='word_1_918' title='bbox 2506 4966 2574 5007; x_wconf 89' lang='lat' dir='ltr'><strong>eo</strong></span> <span class='ocrx_word' id='word_1_919' title='bbox 2603 4940 2720 5021; x_wconf 82' lang='lat' dir='ltr'><strong>ipso</strong></span> <span class='ocrx_word' id='word_1_920' title='bbox 2748 4951 2837 5020; x_wconf 90' lang='lat' dir='ltr'><strong>qui</strong></span> <span class='ocrx_word' id='word_1_921' title='bbox 2865 4957 2984 5005; x_wconf 90' lang='lat' dir='ltr'><strong>erat</strong></span> <span class='ocrx_word' id='word_1_922' title='bbox 3004 4949 3269 5019; x_wconf 90' lang='lat' dir='ltr'><strong>pollicitus</strong></span> <span class='ocrx_word' id='word_1_923' title='bbox 3296 4990 3312 5016; x_wconf 89' lang='lat'><strong>,</strong></span> <span class='ocrx_word' id='word_1_924' title='bbox 3347 4959 3402 5005; x_wconf 91' lang='lat' dir='ltr'><strong>et</strong></span> <span class='ocrx_word' id='word_1_925' title='bbox 3436 4965 3540 5005; x_wconf 90' lang='lat' dir='ltr'><strong>non</strong></span> <span class='ocrx_word' id='word_1_926' title='bbox 3569 4959 3684 5004; x_wconf 78' lang='lat' dir='ltr'><strong>tur—</strong></span> 
     </span>
    </p>
   </div>
   <div class='ocr_carea' id='block_1_109' title="bbox 2107 5039 3684 5109">
    <p class='ocr_par' dir='ltr' id='par_1_109' title="bbox 2107 5039 3684 5109">
     <span class='ocr_line' id='line_1_109' title="bbox 2107 5039 3684 5109; baseline -0.006 -7"><span class='ocrx_word' id='word_1_927' title='bbox 2107 5045 2370 5107; x_wconf 85' lang='lat' dir='ltr'><strong>babatur,</strong></span> <span class='ocrx_word' id='word_1_928' title='bbox 2418 5042 2515 5098; x_wconf 88' lang='lat' dir='ltr'><strong>sed</strong></span> <span class='ocrx_word' id='word_1_929' title='bbox 2556 5056 2620 5096; x_wconf 91' lang='lat' dir='ltr'><strong>ea</strong></span> <span class='ocrx_word' id='word_1_930' title='bbox 2673 5039 2905 5095; x_wconf 86' lang='lat' dir='ltr'><strong>faciebat</strong></span> <span class='ocrx_word' id='word_1_931' title='bbox 2947 5050 3216 5109; x_wconf 89' lang='lat' dir='ltr'><strong>tamquam</strong></span> <span class='ocrx_word' id='word_1_932' title='bbox 3264 5040 3684 5095; x_wconf 89' lang='lat' dir='ltr'><strong>convenientia:</strong></span> 
     </span>
    </p>
   </div>
   <div class='ocr_carea' id='block_1_110' title="bbox 2114 5129 3692 5200">
    <p class='ocr_par' dir='ltr' id='par_1_110' title="bbox 2114 5129 3692 5200">
     <span class='ocr_line' id='line_1_110' title="bbox 2114 5129 3692 5200; baseline -0.006 -8"><span class='ocrx_word' id='word_1_933' title='bbox 2114 5144 2268 5193; x_wconf 87' lang='lat' dir='ltr'><strong>erant</strong></span> <span class='ocrx_word' id='word_1_934' title='bbox 2292 5134 2436 5190; x_wconf 90' lang='lat' dir='ltr'><strong>enim</strong></span> <span class='ocrx_word' id='word_1_935' title='bbox 2456 5131 2825 5189; x_wconf 88' lang='lat' dir='ltr'><strong>convenientia</strong></span> <span class='ocrx_word' id='word_1_936' title='bbox 2855 5148 2869 5184; x_wconf 93' lang='lat'><strong>:</strong></span> <span class='ocrx_word' id='word_1_937' title='bbox 2899 5130 3166 5185; x_wconf 89' lang='lat' dir='ltr'><strong>contraria</strong></span> <span class='ocrx_word' id='word_1_938' title='bbox 3200 5129 3414 5200; x_wconf 87' lang='lat' dir='ltr'><strong>quidem</strong></span> <span class='ocrx_word' id='word_1_939' title='bbox 3443 5130 3692 5184; x_wconf 87' lang='lat' dir='ltr'><strong>humanis</strong></span> 
     </span>
    </p>
   </div>
   <div class='ocr_carea' id='block_1_111' title="bbox 2115 5229 3697 5311">
    <p class='ocr_par' dir='ltr' id='par_1_111' title="bbox 2115 5229 3697 5311">
     <span class='ocr_line' id='line_1_111' title="bbox 2115 5229 3697 5311; baseline -0.013 -7"><span class='ocrx_word' id='word_1_940' title='bbox 2115 5246 2428 5311; x_wconf 87' lang='lat' dir='ltr'><strong>rationibus,</strong></span> <span class='ocrx_word' id='word_1_941' title='bbox 2453 5239 2826 5299; x_wconf 85' lang='lat' dir='ltr'><strong>convenientia</strong></span> <span class='ocrx_word' id='word_1_942' title='bbox 2850 5247 3029 5292; x_wconf 90' lang='lat' dir='ltr'><strong>autem</strong></span> <span class='ocrx_word' id='word_1_943' title='bbox 3053 5251 3120 5291; x_wconf 77' lang='lat' dir='ltr'><strong>ex</strong></span> <span class='ocrx_word' id='word_1_944' title='bbox 3152 5233 3254 5290; x_wconf 84' lang='lat' dir='ltr'><strong>fide</strong></span> <span class='ocrx_word' id='word_1_945' title='bbox 3279 5276 3294 5289; x_wconf 94' lang='lat'><strong>.</strong></span> <span class='ocrx_word' id='word_1_946' title='bbox 3328 5240 3384 5290; x_wconf 92' lang='lat' dir='ltr'><strong>et</strong></span> <span class='ocrx_word' id='word_1_947' title='bbox 3404 5229 3697 5303; x_wconf 87' lang='lat' dir='ltr'><strong>quomodo,</strong></span> 
     </span>
    </p>
   </div>
   <div class='ocr_carea' id='block_1_112' title="bbox 2118 5323 3700 5410">
    <p class='ocr_par' dir='ltr' id='par_1_112' title="bbox 2118 5323 3700 5410">
     <span class='ocr_line' id='line_1_112' title="bbox 2118 5323 3700 5410; baseline -0.013 -15"><span class='ocrx_word' id='word_1_948' title='bbox 2118 5341 2232 5410; x_wconf 81' lang='lat' dir='ltr'><strong>ipse</strong></span> <span class='ocrx_word' id='word_1_949' title='bbox 2246 5336 2537 5409; x_wconf 82' lang='lat' dir='ltr'><strong>Apostolus</strong></span> <span class='ocrx_word' id='word_1_950' title='bbox 2560 5348 2658 5389; x_wconf 91' lang='lat' dir='ltr'><strong>nos</strong></span> <span class='ocrx_word' id='word_1_951' title='bbox 2686 5331 2868 5387; x_wconf 88' lang='lat' dir='ltr'><strong>docuit</strong></span> <span class='ocrx_word' id='word_1_952' title='bbox 2891 5371 2905 5395; x_wconf 92' lang='lat'><strong>,</strong></span> <span class='ocrx_word' id='word_1_953' title='bbox 2938 5329 3124 5383; x_wconf 89' lang='lat' dir='ltr'><strong>dicens</strong></span> <span class='ocrx_word' id='word_1_954' title='bbox 3153 5344 3169 5380; x_wconf 92' lang='lat'><strong>:</strong></span> <span class='ocrx_word' id='word_1_955' title='bbox 3201 5325 3468 5379; x_wconf 77' lang='lat' dir='ltr'><strong>Arbitrum</strong></span> <span class='ocrx_word' id='word_1_956' title='bbox 3488 5323 3626 5395; x_wconf 86' lang='lat' dir='ltr'><strong>quod</strong></span> <span class='ocrx_word' id='word_1_957' title='bbox 3652 5329 3700 5375; x_wconf 86' lang='lat' dir='ltr'><strong>et</strong></span> 
     </span>
    </p>
   </div>
   <div class='ocr_carea' id='block_1_113' title="bbox 2116 5412 3696 5493">
    <p class='ocr_par' dir='ltr' id='par_1_113' title="bbox 2116 5412 3696 5493">
     <span class='ocr_line' id='line_1_113' title="bbox 2116 5412 3696 5493; baseline -0.011 -7"><span class='ocrx_word' id='word_1_958' title='bbox 2116 5448 2149 5486; x_wconf 90' lang='lat' dir='ltr'><strong>a</strong></span> <span class='ocrx_word' id='word_1_959' title='bbox 2173 5430 2382 5485; x_wconf 86' lang='lat' dir='ltr'><strong>mortuis</strong></span> <span class='ocrx_word' id='word_1_960' title='bbox 2410 5427 2655 5482; x_wconf 85' lang='lat' dir='ltr'><strong>suscitare</strong></span> <span class='ocrx_word' id='word_1_961' title='bbox 2683 5433 2857 5493; x_wconf 85' lang='lat' dir='ltr'><strong>potens</strong></span> <span class='ocrx_word' id='word_1_962' title='bbox 2880 5431 2954 5475; x_wconf 85' lang='lat' dir='ltr'><strong>est</strong></span> <span class='ocrx_word' id='word_1_963' title='bbox 2981 5419 3134 5473; x_wconf 90' lang='lat' dir='ltr'><strong>Deus.</strong></span> <span class='ocrx_word' id='word_1_964' title='bbox 3159 5416 3215 5472; x_wconf 86' lang='lat' dir='ltr'><strong>Id</strong></span> <span class='ocrx_word' id='word_1_965' title='bbox 3239 5425 3355 5473; x_wconf 89' lang='lat' dir='ltr'><strong>est:</strong></span> <span class='ocrx_word' id='word_1_966' title='bbox 3378 5414 3456 5470; x_wconf 82' lang='lat' dir='ltr'><strong>Ex</strong></span> <span class='ocrx_word' id='word_1_967' title='bbox 3484 5412 3696 5479; x_wconf 88' lang='lat' dir='ltr'><strong>eadem,</strong></span> 
     </span>
    </p>
   </div>
   <div class='ocr_carea' id='block_1_114' title="bbox 2119 5505 3696 5592">
    <p class='ocr_par' dir='ltr' id='par_1_114' title="bbox 2119 5505 3696 5592">
     <span class='ocr_line' id='line_1_114' title="bbox 2119 5505 3696 5592; baseline -0.012 -16"><span class='ocrx_word' id='word_1_968' title='bbox 2119 5525 2319 5592; x_wconf 88' lang='lat' dir='ltr'><strong>inquit,</strong></span> <span class='ocrx_word' id='word_1_969' title='bbox 2353 5517 2455 5575; x_wconf 85' lang='lat' dir='ltr'><strong>fide</strong></span> <span class='ocrx_word' id='word_1_970' title='bbox 2473 5533 2577 5590; x_wconf 87' lang='lat' dir='ltr'><strong>qua</strong></span> <span class='ocrx_word' id='word_1_971' title='bbox 2604 5513 2832 5571; x_wconf 90' lang='lat' dir='ltr'><strong>credidit</strong></span> <span class='ocrx_word' id='word_1_972' title='bbox 2861 5510 3002 5583; x_wconf 92' lang='lat' dir='ltr'><strong>quod</strong></span> <span class='ocrx_word' id='word_1_973' title='bbox 3030 5510 3328 5565; x_wconf 86' lang='lat' dir='ltr'><strong>donaturus</strong></span> <span class='ocrx_word' id='word_1_974' title='bbox 3357 5515 3502 5563; x_wconf 87' lang='lat' dir='ltr'><strong>esset</strong></span> <span class='ocrx_word' id='word_1_975' title='bbox 3528 5505 3696 5559; x_wconf 82' lang='lat' dir='ltr'><strong>tilium</strong></span> 
     </span>
    </p>
   </div>
   <div class='ocr_carea' id='block_1_115' title="bbox 2118 5598 3698 5683">
    <p class='ocr_par' dir='ltr' id='par_1_115' title="bbox 2118 5598 3698 5683">
     <span class='ocr_line' id='line_1_115' title="bbox 2118 5598 3698 5683; baseline -0.009 -20"><span class='ocrx_word' id='word_1_976' title='bbox 2118 5612 2206 5683; x_wconf 89' lang='lat' dir='ltr'><strong>qui</strong></span> <span class='ocrx_word' id='word_1_977' title='bbox 2237 5626 2341 5666; x_wconf 94' lang='lat' dir='ltr'><strong>non</strong></span> <span class='ocrx_word' id='word_1_978' title='bbox 2363 5620 2498 5675; x_wconf 88' lang='lat' dir='ltr'><strong>erat,</strong></span> <span class='ocrx_word' id='word_1_979' title='bbox 2528 5622 2591 5663; x_wconf 83' lang='lat' dir='ltr'><strong>ex</strong></span> <span class='ocrx_word' id='word_1_980' title='bbox 2617 5605 2804 5662; x_wconf 86' lang='lat' dir='ltr'><strong>eadem</strong></span> <span class='ocrx_word' id='word_1_981' title='bbox 2834 5605 2994 5658; x_wconf 83' lang='lat' dir='ltr'><strong>etiam</strong></span> <span class='ocrx_word' id='word_1_982' title='bbox 3020 5608 3288 5656; x_wconf 88' lang='lat' dir='ltr'><strong>mortuum</strong></span> <span class='ocrx_word' id='word_1_983' title='bbox 3318 5598 3698 5652; x_wconf 88' lang='lat' dir='ltr'><strong>suseitaturum</strong></span> 
     </span>
    </p>
   </div>
   <div class='ocr_carea' id='block_1_116' title="bbox 2119 5693 3699 5775">
    <p class='ocr_par' dir='ltr' id='par_1_116' title="bbox 2119 5693 3699 5775">
     <span class='ocr_line' id='line_1_116' title="bbox 2119 5693 3699 5775; baseline -0.013 -15"><span class='ocrx_word' id='word_1_984' title='bbox 2119 5720 2237 5760; x_wconf 87' lang='lat' dir='ltr'><strong>esse</strong></span> <span class='ocrx_word' id='word_1_985' title='bbox 2260 5745 2273 5769; x_wconf 95' lang='lat'><strong>,</strong></span> <span class='ocrx_word' id='word_1_986' title='bbox 2305 5714 2357 5758; x_wconf 91' lang='lat' dir='ltr'><strong>et</strong></span> <span class='ocrx_word' id='word_1_987' title='bbox 2388 5714 2701 5775; x_wconf 89' lang='lat' dir='ltr'><strong>persuasum</strong></span> <span class='ocrx_word' id='word_1_988' title='bbox 2732 5696 2918 5751; x_wconf 90' lang='lat' dir='ltr'><strong>habuit</strong></span> <span class='ocrx_word' id='word_1_989' title='bbox 2958 5693 3099 5764; x_wconf 91' lang='lat' dir='ltr'><strong>quod</strong></span> <span class='ocrx_word' id='word_1_990' title='bbox 3123 5699 3409 5747; x_wconf 88' lang='lat' dir='ltr'><strong>mactatum</strong></span> <span class='ocrx_word' id='word_1_991' title='bbox 3437 5697 3554 5743; x_wconf 86' lang='lat' dir='ltr'><strong>erat</strong></span> <span class='ocrx_word' id='word_1_992' title='bbox 3577 5701 3699 5740; x_wconf 85' lang='lat' dir='ltr'><strong>sus-</strong></span> 
     </span>
    </p>
   </div>
   <div class='ocr_carea' id='block_1_117' title="bbox 2119 5781 3697 5865">
    <p class='ocr_par' dir='ltr' id='par_1_117' title="bbox 2119 5781 3697 5865">
     <span class='ocr_line' id='line_1_117' title="bbox 2119 5781 3697 5865; baseline -0.016 -8"><span class='ocrx_word' id='word_1_993' title='bbox 2119 5805 2392 5857; x_wconf 88' lang='lat' dir='ltr'><strong>citaturus.</strong></span> <span class='ocrx_word' id='word_1_994' title='bbox 2416 5796 2545 5853; x_wconf 82' lang='lat' dir='ltr'><strong>Erat</strong></span> <span class='ocrx_word' id='word_1_995' title='bbox 2580 5792 2733 5865; x_wconf 51' lang='lat' dir='ltr'><strong>enim,</strong></span> <span class='ocrx_word' id='word_1_996' title='bbox 2752 5806 2902 5861; x_wconf 68' lang='lat' dir='ltr'><strong>mque</strong></span> <span class='ocrx_word' id='word_1_997' title='bbox 2922 5787 3161 5854; x_wconf 89' lang='lat' dir='ltr'><strong>dubium,</strong></span> <span class='ocrx_word' id='word_1_998' title='bbox 3184 5785 3436 5849; x_wconf 80' lang='lat' dir='ltr'><strong>humana,</strong></span> <span class='ocrx_word' id='word_1_999' title='bbox 3461 5781 3697 5848; x_wconf 88' lang='lat' dir='ltr'><strong>inquam,</strong></span> 
     </span>
    </p>
   </div>
  </div>
