4082 6212
390 341 489 397 ΠΙ

383 458 449 511 Et
501 456 613 527 γὰρ
650 452 744 508 καὶ
774 451 867 508 διὰ
910 450 1139 523 Βαλαάμ
1191 453 1484 525 ἐνήργησε,
1544 457 1726 527 πολλῷ
1766 459 1967 529 μᾶλλον

379 540 452 595 δι’
478 536 740 602 ἀναξίων,
762 537 858 590 καὶ
887 534 1045 589 τοῦτο
1063 534 1152 588 διά
1170 537 1297 600 τοὺς
1321 537 1617 607 μέλλοντας
1639 540 1963 611 κερδαίνειν.

382 620 540 695 [225]
560 622 622 674 El
635 620 691 674 δέ
712 619 812 673 καὶ
825 620 1026 690 σημεῖα
1037 618 1133 672 καὶ
1150 619 1356 689 τέρατα
1367 621 1469 673 οὑκ
1488 620 1675 693 ίσχυσε
1693 623 1967 685 κολάσεως

379 702 721 770 ἀπαλλάξαι,
767 702 954 774 πολλῷ
1003 703 1226 773 μᾶλλον,
1274 704 1378 758 κᾶν
1408 706 1467 758 ἐν
1494 705 1769 777 ἀξιώματι
1824 708 1967 777 ίερα-

377 788 523 858 τικῷ
555 805 642 851 τις
671 787 747 840 ὢν
774 787 1045 858 τυγχάνῃ,
1080 787 1187 841 κάν
1221 790 1303 852 είς
1347 788 1447 861 τὴν
1489 790 1753 845 ἀνωτάτω
1798 790 1965 863 τιμὴν

381 872 590 941 φθάσῃ,
617 868 723 922 κᾶν
770 870 853 930 είς
892 868 995 940 τὴν
1036 870 1375 940 χειροτονίαν
1418 871 1748 947 ἐνεργήσῃή
1781 874 1962 945 χάρις,

380 953 490 1006 κᾶν
522 954 603 1015 είς
629 950 699 1003 τά
722 950 863 1005 ἀλλα
890 951 1069 1005 πάντα
1095 950 1184 1004 διὰ
1209 952 1338 1013 τοὺς
1365 953 1467 1024 τῆς
1488 955 1830 1025 προστασίας
1848 956 1966 1008 δεο-

381 1034 605 1105 μένους,
638 1033 934 1087 ἀκοὺσεται
958 1035 1050 1087 καὶ
1071 1035 1254 1099 αὑτὸς,
1270 1037 1541 1090 Οὑδέποτέ
1560 1054 1618 1089 σε
1643 1037 1965 1106 ἐγνων,οὑδέ

376 1117 527 1180 τότε,
545 1118 637 1170 ὅτε
660 1118 965 1187 ἐνήργησεν
992 1120 1050 1169 ἐν
1081 1118 1165 1170 col
1188 1118 1221 1188 ἡ
1245 1118 1429 1189 χάρις.
1466 1119 1661 1185 Βαϐαῖ,
1694 1120 1835 1191 πόση
1865 1122 1964 1191 τῆς

372 1200 472 1253 τοῦ
504 1199 623 1268 βίου
653 1199 1027 1270 καθαρότητος
1053 1201 1087 1270 ἡ
1118 1198 1347 1271 ζήτησις
1379 1203 1530 1255 ἐκείί
1562 1202 1679 1266 πῶς
1704 1203 1841 1275 αὑτὴ
1870 1204 1964 1258 καὶ

376 1283 503 1337 καθ’
527 1283 733 1354 ἐαυτήν
751 1284 915 1353 ἀρκεῖ
928 1284 1008 1347 είς
1021 1283 1120 1355 τὴν
1145 1284 1424 1353 βασιλείαν
1448 1287 1595 1357 ἡμᾶς
1612 1288 1957 1356 είσαγαγεῖνί

375 1367 503 1431 πῶς
525 1367 585 1421 δὲ
618 1366 842 1422 ἀποῦσα
871 1367 1163 1437 προδίδωσι
1194 1368 1286 1421 τὸν
1312 1369 1499 1441 ἄνδρα,
1534 1369 1639 1424 κᾶν
1666 1371 1833 1441 μυρία
1863 1370 1961 1442 ἔχῃ

372 1450 585 1521 τέρατα
609 1449 704 1502 καὶ
732 1453 942 1520 σημεῖα
974 1450 1384 1504 ἐπιδείκνυσθαι
1416 1452 1427 1503 ι
1462 1452 1631 1505 Οὑδὲν
1662 1451 1770 1523 γάρ
1789 1453 1962 1515 οὑτως

375 1533 666 1606 εὐφραίνει
691 1534 786 1587 τὸν
812 1532 970 1599 Θεὸν,
1006 1533 1082 1597 ὡς
1107 1534 1357 1587 πολιτεία
1387 1534 1608 1605 ἀρίστη.
1642 1537 1782 1590 Ἐὰν
1818 1536 1961 1605 ἀγα-

373 1615 528 1672 πᾶτέ
546 1634 645 1687 με,
683 1618 869 1689 φησὶν,
896 1617 997 1670 οὑκ
1043 1613 1188 1681 εἷπε,
1234 1618 1443 1687 Σημεῖα
1493 1621 1775 1689 ποιήσατε,
1826 1619 1961 1673 ἀλλά

369 1702 428 1755 τί
446 1717 462 1767 ;
497 1702 612 1767 Τὰς
630 1699 889 1765 ἐντολάς
903 1717 1021 1769 μου
1055 1700 1375 1769 τηρήσατε.
1398 1700 1509 1755 Kal
1530 1701 1714 1755 πάλιν·
1733 1703 1958 1768 Φίλους

369 1781 535 1855 ὑμᾶς
551 1785 728 1855 λέγω,
761 1785 861 1855 οὑχ
902 1785 1031 1838 ὅταν
1060 1784 1315 1854 δαιμόνια
1350 1784 1641 1853 ἐκϐάλητε,
1676 1785 1791 1839 ἀλλ’
1825 1786 1959 1839 Ἐὰν

369 1870 685 1939 τηρήσητε
704 1869 846 1935 τοὺς
868 1870 1089 1937 λόγους
1104 1869 1247 1935 τοὺς
1261 1869 1464 1938 ἐμούς.
1497 1870 1712 1923 Ἐκεῖνα
1736 1869 1835 1939 μὲν
1848 1868 1959 1941 γάρ

368 1954 475 2023 τῆς
497 1953 593 2007 τοῦ
631 1953 766 2007 Θεοῦ
807 1953 1017 2024 δωρεᾶς
1052 1953 1206 2005 ἐστι’
1237 1952 1412 2006 ταῦτα
1444 1954 1658 2024 δὲμετά
1708 1953 1806 2025 τὴν
1861 1953 1957 2007 τοῦ

369 2036 514 2091 Θεοῦ
539 2037 752 2107 δωρεάν
783 2036 881 2090 καὶ
912 2036 1013 2105 τῆς
1051 2035 1329 2106 ἡμετέρας
1380 2037 1637 2107 σπουδῆς.
1704 2037 1959 2091 Σπουδά-

370 2134 560 2191 σωμεν
585 2119 840 2189 γενέσθαι
895 2118 1040 2187 φίλοι
1098 2118 1195 2173 τοῦ
1254 2118 1413 2183 Θεοῦ,
1448 2121 1541 2172 καὶ
1574 2119 1648 2191 μὴ
1707 2121 1959 2190 μένωμεν

367 2203 582 2275 ἐχθροί.
627 2204 740 2257 ’Δεὶ
771 2203 947 2257 ταῦτα
977 2203 1230 2273 λέγομεν,
1262 2203 1350 2256 ἀεὶ
1379 2203 1551 2256 ταῦτα
1582 2202 1958 2274 παραινοῦμεν

367 2286 467 2341 καὶ
490 2288 629 2357 ἡμῖν
660 2288 850 2349 αὐτοῖς
902 2286 1023 2340 καλ.⁹
1046 2287 1197 2356 ὑμῖν,
1243 2286 1407 2341 πλέον
1427 2287 1483 2341 δὲ
1510 2287 1662 2340 οὐδὲν
1702 2287 1913 2355 γίνεται
1940 2303 1956 2318 ·

363 2372 448 2425 διὸ
472 2374 574 2425 καὶ
594 2372 835 2424 δέδοικα.
879 2371 993 2424 Kal
1037 2371 1348 2443 ἐϐουλόμην
1383 2372 1482 2442 μὲν
1514 2372 1762 2443 σιγῆσαι,
1814 2372 1959 2426 ὥστε

372 2458 449 2527 μὴ
500 2456 596 2509 τὸν
649 2456 901 2509 κίνδυνον
959 2456 1089 2525 ὑμῖν
1145 2456 1412 2525 αὐξῆσαι*
1448 2456 1510 2508 τὸ
1538 2457 1646 2526 γάρ
1693 2455 1958 2520 πολλάκις

364 2538 643 2594 ἀκούοντα
669 2538 803 2609 μηδέ
832 2537 975 2591 οὑτω
1002 2540 1196 2598 ποιεῖν.
1242 2538 1541 2609 παροξῦναι
1560 2539 1652 2592 τὸν
1682 2539 1961 2608 Δεσπότην

367 2622 523 2677 ἐστίν
539 2639 556 2652 σ
589 2621 726 2674 ἀλλὰ
750 2621 967 2675 δέδοικα
986 2622 1081 2675 καὶ
1094 2621 1257 2686 αὑτὸς
1274 2622 1365 2675 τὸν
1384 2621 1574 2692 ἕτερον
1604 2622 1850 2676 κίνδυνον
1867 2622 1958 2676 τὸν

368 2705 475 2774 τῆς
510 2705 671 2774 σιγῆς
694 2743 708 2767 ,
742 2704 796 2755 εί
815 2720 879 2772 γε
916 2706 996 2767 είς
1055 2704 1215 2773 λόγου
1264 2705 1543 2759 διακονίαν
1597 2706 1957 2776 τεταγμένος,

372 2788 634 2859 μέλλοιμι
668 2789 849 2858 σιγᾷν.
889 2788 954 2841 Τί
994 2783 1088 2842 οὖν
1120 2789 1441 2859 ποιήσομεν,
1498 2791 1684 2859 φησὶν,
1739 2790 1826 2843 ἵνα
1850 2805 1960 2843 σω·

374 2871 564 2941 θῶμεν
590 2888 606 2937 ;
647 2870 973 2943 Ἀρξὼμεθα
1001 2872 1100 2941 τῆς
1124 2872 1344 2943 ἀρετῆς,
1370 2873 1477 2937 ἐως
1505 2876 1699 2944 καιρὸν
1728 2872 1955 2944 ἔχομεν’

371 2953 745 3023 διανείμωμεν
778 2955 997 3017 ἑαυτοῖς
1018 2954 1116 3017 τὰς
1147 2956 1369 3025 ἀρετὰς,
1391 2955 1643 3026 καθάπερ
1655 2955 1754 3027 τὴν
1775 2972 1955 3026 γεωρ-

371 3036 504 3105 γίαν
537 3038 586 3089 οί
618 3038 877 3107 γηπὸνοι’
910 3037 969 3091 ἐν
999 3035 1076 3107 τῷ
1112 3038 1244 3108 μηνὶ
1263 3038 1438 3109 τούτῳ
1469 3040 1834 3110 κρατήσωμεν
1853 3038 1957 3091 λοι-

366 3120 583 3195 δορίας,
636 3120 874 3193 ὑϐρεως,
931 3121 1100 3191 ὀργῆς
1132 3121 1343 3188 ἀδίκου,
1375 3123 1469 3176 καὶ
1503 3121 1687 3193 Θῶμεν
1739 3123 1955 3185 ἑαυτοῖς

1157 333 1227 390 ΙΝ
1255 335 1470 393 EPIST.
1510 336 1600 392 AD
1647 336 2014 397 IIEBREOS.
2049 335 2202 392 CAP.
2265 336 2357 393 XI.
2390 333 2623 394 HOﬂIL.
2665 335 2830 393 XXV:

3551 339 3655 395 1⁸72

2069 456 2255 526 νόμον,
2289 454 2385 508 καὶ
2411 454 2676 522 εἴπωμεν,
2720 454 2968 524 Σήμερον
3000 451 3118 506 τόδε
3173 452 3615 524 κατορθώσωμεν
3636 468 3648 482 °

2067 538 2163 593 καὶ
2178 540 2238 591 ἐν
2256 536 2333 608 τῷ
2348 537 2480 607 μηνὶ
2497 536 2575 605 τῷ
2592 536 2739 606 ἀλλῳ
2762 538 2861 605 τὴν
2879 535 3239 601 ἀνεξικακίαν
3264 536 3495 598 ἐαυτοὺς
3521 552 3646 588 παι-

2065 620 2368 691 δεὺσωμεν,
2404 621 2500 674 καὶ
2525 621 2586 673 ἐν
2608 619 2781 690 ἑτέρῳ
2814 619 2984 691 ἀλλην
3010 620 3247 691 ἀρετήν’
3293 620 3392 673 καὶ
3437 619 3566 671 ὅταν
3597 620 3654 671 ἐν

2065 704 2177 769 ἐξει
2203 703 2409 774 ταύτης
2434 701 2729 772 γενώμεθα
2758 705 2858 773 τῆς
2887 704 3110 776 ἀρετῆς,
3141 705 3227 773 ἐφ’
3257 702 3451 774 ἑτέραν
3482 700 3652 754 ἑλθωο

2069 805 2190 859 μεν,
2238 786 2493 857 καθάπερ
2523 786 2617 840 ἐπὶ
2645 787 2757 840 τῶν
2787 785 3129 858 μαθημάτων
3148 829 3163 854 ,
3195 788 3265 842 τά
3294 803 3355 840 τε
3385 787 3486 858 ήδη
3513 801 3617 854 κτη
3636 812 3651 822 ·

2067 872 2228 925 θέντα
2255 870 2639 940 φυλάττοντες,
2661 872 2755 925 καὶ
2768 872 2932 941 ἕτερα
2954 872 3493 942 προσλαμϐάνοντες.
3516 866 3649 921 Μετ’

2065 956 2283 1025 ἐκείνην
2310 954 2551 1024 ἔλθωμεν
2578 954 2671 1007 ἐπὶ
2695 955 2797 1023 τὴν
2824 954 2933 1007 τῶν
2968 956 3269 1026 χρημάτων
3305 952 3611 1025 ὑπεροψίαν
3632 964 3649 982 ⁸

2065 1039 2283 1109 πρῶτον
2312 1040 2681 1107 κατάσχωμεν
2715 1037 2813 1100 τάς
2838 1041 3025 1109 χεῖρας
3053 1038 3157 1090 ἀπὸ
3187 1038 3522 1101 πλεονεξίας.
3553 1037 3648 1090 καὶ

2063 1124 2185 1176 τότε
2217 1124 2536 1194 ποιήσωμεν
2562 1122 2940 1191 ἐλεημοσύνην
2956 1139 2969 1152 ·
3004 1123 3081 1193 μὴ
3104 1123 3283 1176 πάντα
3305 1122 3493 1185 ἁπλῶς
3517 1138 3648 1188 συγο

2064 1205 2302 1276 χέωμεν,
2351 1209 2473 1268 ταῖς
2540 1207 2734 1267 αὑταῖς
2782 1205 2940 1274 χερσὶ
2991 1207 3087 1257 καὶ
3118 1206 3487 1273 ἁρπάζοντες,
3550 1203 3647 1256 καὶ

2064 1288 2347 1352 ἐλεοῦντες
2375 1289 2538 1360 δῆθεν
2562 1306 2573 1318 ·
2608 1289 2747 1358 μετὰ
2778 1289 2936 1341 τοῦτο
2961 1290 3049 1341 ἐπ’
3078 1288 3246 1359 ἀλλην
3276 1287 3499 1358 ἀρετὴν,
3551 1286 3644 1340 καὶ

2066 1375 2185 1441 μετ’
2206 1372 2423 1440 ἐκείνην
2447 1371 2534 1424 ἐπ’
2570 1371 2760 1442 ἄλλην.
2785 1373 3142 1441 Αἰσχρότης,
3170 1372 3325 1443 φησὶ,
3342 1370 3439 1424 καὶ
3453 1387 3645 1440 μωρο-

2061 1456 2238 1523 .λογιά
2253 1455 2349 1508 καί
2367 1456 2733 1523 εὐτραπελία
2752 1454 2907 1524 μηδὲ
2925 1455 3305 1524 ὀνομαζέσθω
3322 1454 3457 1524 παρ’
3477 1453 3642 1522 ὑμῖν.

2067 1536 2217 1610 [226]
2238 1538 2427 1593 Ταῦτα
2447 1539 2587 1603 τέως
2602 1538 3062 1609 κατορθώσωμεν.
3083 1540 3197 1592 Οὑκ
3217 1539 3331 1591 ἐστι
3370 1538 3531 1608 χρεία
3547 1538 3643 1590 δα-

2063 1623 2263 1693 πάνης,
2282 1624 2384 1676 οὑκ
2403 1622 2518 1676 ἔστι
2543 1623 2746 1685 πόνων,
2764 1623 2865 1675 οὑκ
2898 1622 3045 1675 ἐστιν
3081 1622 3320 1693 ἱδρώτων
3339 1641 3351 1653 ·
3372 1624 3535 1693 ἀρκεῖ
3550 1621 3642 1674 θε-

2060 1705 2223 1775 λῆσαι
2251 1706 2435 1775 μόνον,
2456 1708 2550 1760 καὶ
2573 1708 2753 1761 πάντα
2773 1707 3025 1776 ἦνυσται.
3046 1707 3122 1760 Οὑ
3139 1707 3220 1760 δεῖ
3255 1709 3479 1777 μακράν
3523 1705 3644 1759 ὁδὸν

2060 1787 2294 1857 βαδίσαι,
2314 1789 2435 1842 οὑδέ
2453 1788 2690 1857 πέλαγος
2703 1788 2980 1843 διαϐαλεῖν
2996 1788 3244 1859 ἄπειρον,
3259 1788 3396 1843 ἀλλὰ
3412 1787 3644 1841 σπουδά-

2062 1888 2149 1925 σαι
2165 1872 2259 1924 καὶ
2286 1871 2726 1944 προθυμηθῆναι,
2744 1872 2839 1926 καὶ
2867 1872 3082 1943 χαλινὸν
3099 1873 3362 1926 ἐπιθεῖναι
3381 1875 3447 1943 τῇ
3470 1871 3643 1939 γλώτ-

2060 1972 2125 2025 τῃ
2142 1954 2273 2022 πρὸς
2288 1955 2386 2017 τὰς
2410 1953 2598 2023 ὑϐρεις
2619 1955 2719 2019 τὰς
2755 1956 3042 2025 ἀκαίρους.
3080 1956 3193 2019 Τὰς
3213 1956 3516 2026 ὀργὰς,τάς
3530 1960 3662 2030 ἐπιέ

2062 2037 2263 2106 θυμίας
2281 2038 2376 2101 τὰς
2390 2039 2649 2103 ἀτόπους,
2667 2040 2767 2109 τὴν
2783 2039 3021 2108 τρυφὴν,
3052 2038 3152 2109 τὴν
3185 2038 3534 2092 πολυτέλειαν
3552 2042 3642 2091 ἐκ·

2062 2121 2338 2191 ϐάλωμεν,
2359 2121 2457 2191 τὴν
2483 2121 2784 2192 ἐπιθυμίαν
2806 2122 2914 2174 τῶν
2947 2123 3267 2193 χρημάτων,
3300 2122 3410 2176 ἀπὸ
3425 2122 3526 2190 τῆς
3541 2120 3643 2190 ψυ-

2061 2205 2162 2274 χῆς
2184 2204 2284 2272 τῆς
2324 2205 2625 2275 ἡμετέρας,
2648 2206 2748 2267 τὰς
2775 2206 3089 2275 ἐπιορκίας,
3122 2206 3251 2270 τοὺς
3283 2207 3483 2278 ὅρκους
3515 2205 3644 2267 τοὺς

2064 2289 2328 2356 συνεχεῖς.
2361 2288 2459 2341 Ἂν
2495 2288 2669 2352 οὑτως
2702 2290 2933 2352 ἑαυτοὺς
2967 2289 3339 2359 γεωργῶμεν,
3372 2288 3472 2352 τὰς
3508 2288 3642 2359 πρό-

2061 2385 2219 2439 τερον
2245 2369 2490 2434 ἀκάνθας
2519 2371 2881 2439 ἐκτίλλοντες,
2910 2374 3003 2426 καὶ
3025 2373 3118 2426 τὸν
3139 2372 3392 2444 οὐράνιον
3439 2374 3640 2446 σπόρον

2062 2451 2446 2522 ἐμϐάλλοντες,
2473 2453 2823 2527 δυνησόμεθα
2862 2460 3048 2526 τυχεῖν
3075 2456 3187 2509 τῶν
3208 2454 3641 2527 ἐπηγγελμένων

2061 2535 2304 2603 ἀγαθῶν.
2332 2536 2491 2603 Ἥξει
2516 2538 2667 2607 γάρὸ
2689 2540 2960 2612 γεωργὸς,
2993 2542 3087 2592 καὶ
3119 2538 3462 2609 ἀποθήσεται
3490 2541 3640 2610 ἡμᾶς

2063 2622 2141 2683 είς
2173 2621 2274 2690 τὴν
2305 2620 2619 2691 ἀποθήκην,
2654 2624 2752 2676 καὶ
2802 2623 3200 2694 ἐπιτευξόμεθα
3254 2622 3478 2677 πάντων
3532 2622 3642 2675 τῶν

2064 2701 2286 2771 ἀγαθῶν
2309 2721 2322 2734 ·
2346 2696 2420 2757 ὧν
2448 2703 2659 2772 γένοιτο
2690 2705 2901 2770 πάντας
2924 2708 3075 2777 ἡμᾶς
3116 2708 3418 2776 ἐπιτυχεῖν,
3454 2706 3640 2777 χάριτι

2065 2787 2159 2841 καὶ
2184 2786 2567 2861 φιλανθρωπίᾳ
2599 2788 2695 2843 τοῦ
2721 2790 2930 2860 Κυρίου
2965 2789 3123 2860 ἡμῶν
3158 2790 3333 2861 Ἰησοῦ
3374 2790 3637 2860 Χριστοῦ,

2068 2869 2186 2940 μεθ’
2209 2863 2272 2923 οὑ
2285 2870 2363 2941 τῷ
2391 2872 2570 2943 Πατρλ.
2600 2872 2718 2943 ἅμα
2742 2872 2824 2944 τῷ
2846 2873 2987 2944 ἀγίῳ
3016 2872 3300 2945 Πνεὺματι
3329 2872 3479 2940 δόξα,
3504 2871 3644 2942 κρά-

2064 2969 2176 3019 τος,
2201 2954 2336 3026 τιμὴ
2362 2956 2456 3009 καὶ
2474 2957 2869 3027 προσκύνησις,
2900 2957 2995 3012 νῦν
3025 2959 3119 3012 καὶ
3147 2958 3256 3023 ἀεὶ,
3281 2958 3375 3013 καὶ
3399 2958 3479 3023 είς
3513 2956 3640 3020 τοὺς

2062 3037 2263 3103 αἰῶνας
2288 3038 2397 3092 τῶν
2426 3038 2657 3095 αίώνων.
2703 3040 2898 3109 Ἀμήν.

380 3278 3613 3307 W

1824 3407 2071 3463 ΟΜΙΔΙΔ
2123 3408 2255 3464 ΚΕ’.

373 3540 585 3613 Πίστει
608 3539 1068 3613 προσενήνοχεν
1098 3542 1345 3613 Ἀϐραὰμ
1371 3542 1479 3596 τὸν
1521 3543 1720 3598 Ἰσαὰκ
1748 3559 1948 3613 πειρα-

447 3611 712 3680 ζόμενος,
730 3610 839 3682 καί
890 3611 1011 3682 τὸν⁸
1036 3612 1332 3682 μονογενῆ
1390 3612 1761 3682 προσέφερεν
1786 3617 1819 3669 ὀ
1841 3610 1955 3682 τὰς

444 3679 812 3753 ἐπαγγελίας
865 3679 1330 3753 ἀναδεξάμενος,
1394 3684 1542 3753 πρὸς
1563 3679 1636 3737 ὃν
1652 3679 1952 3753 ἐλαλήθη,

460 3751 565 3805 Ἐν
586 3749 777 3823 ίσαὰις
804 3749 1178 3823 κληθήσεταί
1204 3767 1303 3806 σοι
1326 3749 1596 3823 σπέρμα·
1623 3749 1953 3823 Jay-maga;

446 3837 557 3891 νος
574 3819 664 3873 ὅτι
685 3818 780 3873 καὶ
807 3820 876 3873 ἐκ
902 3821 1131 3891 νεκρῶν
1151 3820 1405 3891 ἐγείρειν
1434 3818 1693 3889 δυνατὸς
1711 3818 1748 3878 δ
1767 3818 1912 3890 Θεὸς
1937 3840 1952 3856 ο

447 3889 588 3945 ὅθεν
608 3891 800 3943 αὑτὸν
824 3889 922 3943 καὶ
944 3890 1014 3943 ἐν
1050 3889 1367 3961 παραϐολῇ
1395 3892 1740 3963 ἐκομίσατο.

449 4030 520 4086 α’.
540 4031 773 4101 Μεγάλη
805 4031 980 4087 ὅντως
1001 4032 1034 4100 ή
1066 4031 1250 4097 πίστις
1280 4031 1373 4085 τοῦ
1410 4032 1683 4105 Ἀϐραάμ.
1703 4032 1830 4087 Ἐπὶ
1858 4032 1957 4104 μὲν

372 4114 490 4187 γάρ
505 4115 601 4169 τοῦ
640 4115 811 4169 Ἀϐελ
844 4114 941 4170 καὶ
966 4114 1061 4167 τοῦ
1084 4114 1208 4168 Νῶε
1237 4116 1334 4169 καὶ
1356 4116 1450 4169 τοῦ
1480 4117 1651 4188 Ἑνὼχ
1675 4116 1954 4187 λογισμῶν

377 4195 454 4270 ἦν
480 4200 633 4269 μάχη
667 4200 869 4269 μόνων,
904 4198 1001 4252 καὶ
1045 4200 1174 4263 τοὺς
1227 4199 1603 4271 ἀνθρωπίνους
1651 4199 1951 4271 ὑπερϐῆναι

370 4282 546 4353 ἐχρῆν
604 4280 903 4351 λογισμούς
922 4296 937 4313 ·
963 4281 1198 4336 ἐνταῦθα
1224 4282 1279 4336 δὲ
1304 4283 1365 4336 οὑ
1403 4285 1531 4347 τοὺς
1574 4282 1952 4355 ἀνθρωπίνους

375 4366 545 4435 μόνον
575 4364 894 4436 ὑπερϐῆναι
916 4364 1083 4435 ἐχρῆν
1116 4365 1436 4436 λογισμοὺς,
1466 4366 1604 4419 ἀλλά
1631 4367 1725 4420 καὶ
1767 4366 1955 4437 ἕτερον

370 4466 429 4501 τι
454 4450 619 4503 πλέον
651 4447 1022 4513 ἐπιδείξασθαι
1042 4463 1056 4477 ·
1087 4448 1154 4501 τά
1182 4448 1293 4520 γάρ
1328 4447 1422 4501 τοῦ
1452 4448 1588 4502 Θεοῦ
1641 4449 1818 4502 ἐδόκει
1843 4450 1956 4514 τοῖς

369 4533 470 4587 τοῦ
499 4533 639 4588 Θεοῦ
665 4533 957 4604 μάχεσθαι,
986 4531 1081 4585 καὶ
1112 4532 1294 4595 πίστις
1319 4530 1560 4601 ἐμάχετο
1610 4532 1811 4599 πίστει,
1863 4534 1958 4587 καὶ

372 4619 715 4690 πρόσταγμα
736 4615 1065 4687 ἐπαγγελίᾳ.
1097 4610 1222 4669 Οίόν
1239 4633 1289 4671 τι
1310 4614 1452 4684 λέγω
1471 4634 1484 4647 ο
1510 4615 1956 4680 Εἷπεν”Εξελθε

370 4698 444 4751 ἐκ
463 4694 577 4763 τῆς
590 4693 701 4765 γῆς
715 4711 855 4759 σου,
874 4694 973 4748 καί
991 4695 1061 4747 ἐκ
1074 4693 1180 4763 τῆς
1204 4696 1560 4765 συγγενείας
1575 4711 1710 4762 σου,
1730 4698 1825 4750 καὶ
1845 4696 1954 4749 δώ-

370 4797 466 4837 σω
493 4796 596 4835 σοι
618 4779 735 4847 τὴν
752 4776 869 4848 τῆν
904 4779 1159 4844 ταύτηνο
1192 4778 1286 4833 καὶ
1341 4778 1443 4832 οὑκ
1473 4777 1673 4832 ἔδωκεν
1718 4779 1866 4850 αὑτῷ
1899 4782 1956 4832 ἐν

371 4864 520 4934 αὑτῇ
545 4861 940 4932 κληρονομίαν,
985 4862 1106 4914 οὑδέ
1140 4860 1289 4932 βῆμα
1321 4862 1502 4926 ποδός.
1531 4862 1694 4935 Ὁρᾷς
1748 4863 1867 4927 πῶς
1893 4863 1963 4918 τὰ

372 4946 647 5016 γινόμενα
673 4946 741 5014 τῇ
769 4943 1077 5014 ἐπαγγελίᾳ
1119 4945 1398 5015 ἐμάχετο;
1427 4945 1599 4999 Πάλιν
1632 4946 1817 5014 φησίν·
1860 4946 1963 5001 Ἔν

385 5029 591 5083 Ἰσαὰκ
634 5025 1006 5095 κληθήσεταί
1034 5043 1133 5081 σοι
1161 5028 1422 5097 σπέρμα,
1478 5028 1575 5082 καῖ¹
1632 5028 1921 5082 ἐπίστευσε
1945 5045 1959 5058 ·

374 5112 475 5165 καὶ
504 5110 674 5165 πάλιν
705 5109 859 5182 [227]
890 5109 1064 5178 λέγει·
1092 5110 1264 5165 Θῦσον
1297 5112 1422 5183 ἐμοὶ
1458 5112 1669 5176 τοῦτον,
1704 5110 1798 5165 τόν
1834 5113 1963 5181 μέλ-

373 5193 542 5247 λοντα
568 5194 669 5264 τὴν
696 5194 1025 5265 οἰκουμένην
1056 5195 1238 5247 πᾶσαν
1270 5196 1333 5248 ἐκ
1361 5194 1458 5248 τοῦ
1509 5194 1824 5267 σπέρματος
1861 5196 1961 5249 αὑ-

374 5279 473 5332 τοῦ
506 5277 774 5349 πληροῦν.
818 5273 973 5339 Εἶδες
998 5278 1180 5348 μάχην
1203 5279 1646 5350 προσταγμάτων
1665 5277 1762 5333 καὶ
1787 5280 1961 5347 ἐπαγ-

375 5363 602 5431 γελίας;
649 5361 908 5417 Ἑναντία
931 5363 1057 5424 ταῖς
1101 5361 1461 5430 ἐπαγγελίαις
1507 5362 1829 5433 προσέταξε,
1864 5363 1961 5417 καὶ

376 5446 503 5500 οὑδὲ
565 5444 746 5509 οὑτως
803 5443 1162 5513 ίλιγγίασενδ
1196 5445 1429 5511 δίκαιος,
1480 5447 1599 5500 οὑδὲ
1648 5447 1964 5517 ἡπατῆσθαι

378 5531 510 5601 ἔφη.
546 5530 744 5600 Ὑμεῖς
800 5528 900 5599 μὲν
949 5528 1079 5599 γὰρ,
1141 5530 1330 5599 φησὶν,
1362 5531 1462 5583 οὑκ
1491 5530 1557 5584 ἂν
1582 5530 1755 5601 ἔχοιτε
1805 5531 1963 5585 τοῦτο

377 5619 579 5681 εἰπεῖν,
612 5616 701 5668 ὅτι
735 5613 917 5668 ἄνεσιν
958 5613 1345 5682 ἐπηγγείλατο,
1392 5615 1488 5667 καὶ
1521 5615 1701 5684 θλίψιν
1731 5616 1958 5670 ἔδωκεν

448 5768 466 5790 ⁸
492 5767 710 5819 Consule
731 5772 898 5818 notam
931 5767 980 5815 in
1003 5778 1155 5829 marg.
1194 5764 1861 5833 interpretationisjatinr.

2057 3547 2297 3621 ἐνταῦθα
2326 3548 2435 3620 γάρ
2461 3549 2604 3620 άπερ
2630 3551 3020 3621 ἐπηγγείλατο,
3088 3552 3260 3608 ταῦτα
3320 3554 3415 3607 καί
3467 3559 3632 3612 ποιεῖ.

2056 3630 2180 3693 Πῶς
2206 3648 2221 3696 ;
2265 3632 2362 3685 Ἑν
2392 3631 2473 3698 τῷ
2504 3634 2731 3704 κόσμῳ,
2779 3635 2935 3706 φησὶ,
2967 3635 3176 3706 θλῖιξιιν
3227 3637 3413 3703 ἕξετε.
3468 3639 3528 3692 ὀ
3546 3641 3637 3710 μὴ

2055 3715 2258 3768 λαϐὼν
2296 3716 2401 3771 τὸν
2431 3718 2700 3787 σταιφύν
2722 3715 2930 3786 αὐτοῦ,
2970 3720 3070 3774 καί
3101 3721 3453 3776 ἀκολουθῶν
3480 3723 3635 3792 ἐμοὶ,

2058 3799 2169 3851 οὐκ
2214 3797 2349 3852 ἔστι
2403 3818 2523 3869 μου
2582 3801 2773 3868 ἄξιος.
2814 3803 2875 3855 '0
2904 3800 2989 3871 μὴ
3010 3801 3211 3871 μισῶν
3254 3803 3369 3872 τὴν
3422 3807 3637 3876 ψυχὴν

2058 3880 2267 3947 αὑτοῦ,
2306 3883 2377 3936 οὐ
2408 3882 2497 3952 μὴ
2535 3882 2679 3951 εὕρῃ
2736 3883 2966 3952 αὐτήν·
3005 3884 3116 3938 καί·
3155 3887 3260 3952 ’ος
3304 3889 3416 3942 οὐκ
3483 3889 3633 3944 ἀπο-

2057 3963 2366 4027 τάσσεται,
2397 3966 2549 4035 φησὶ,
2576 3965 2725 4021 πᾶσι
2751 3966 2873 4034 τοῖς
2896 3966 3279 4037 ὑπάρχουσιν
3303 3971 3510 4037 αὑτοῦ,
3534 3975 3633 4029 καί

2057 4046 2383 4101 ἀκολουθεῖ
2413 4048 2607 4101 ὀπίσω
2626 4066 2746 4118 μου
2768 4088 2781 4112 ,
2827 4052 2939 4104 οὐκ
2997 4051 3130 4105 ἔστι
3167 4068 3287 4121 μου
3316 4052 3485 4120 ἄξιος
3506 4073 3518 4085 ·
3542 4055 3635 4108 καὶ

2062 4130 2245 4184 πάλιν·
2265 4132 2395 4185 Ἐπί
2415 4132 2717 4200 ἡγεμόνας
2731 4133 2826 4186 καί
2843 4133 3132 4200 βασιλεῖς
3152 4136 3499 4205 ἀχθήσεσθε
3510 4138 3634 4193 ἓνε-

2055 4230 2169 4267 κεν
2187 4214 2334 4284 ἐμοῦ
2355 4231 2367 4242 ·
2385 4216 2479 4268 καὶ
2523 4214 2707 4269 πάλιν·
2726 4217 2956 4284 Ἑχθροί
2998 4217 3105 4272 τοῦ
3133 4218 3446 4287 ἀνθρώπου
3471 4226 3525 4276 οἱ
3552 4226 3634 4277 oi-

2061 4297 2251 4351 κιακοὶ
2276 4296 2484 4352 αὑτοῦ.
2508 4298 2616 4353 Kal
2633 4298 2703 4351 τά
2724 4298 2824 4370 μέν
2845 4299 2946 4371 τῆς
2970 4300 3207 4370 θλίψεως
3224 4295 3325 4355 ὧδε
3353 4319 3367 4331 ·
3387 4303 3454 4358 τά
3470 4305 3524 4358 δὲ
3537 4306 3634 4374 τῆς

2060 4380 2297 4445 ἀνέσεως
2318 4382 2452 4435 ἐκεῖ.
2472 4381 2596 4437 Ἐπὶ
2615 4382 2672 4436 δέ
2684 4382 2776 4436 τοῦ
2794 4382 2996 4453 Ἀϐραά
3005 4401 3043 4452 μ
3058 4386 3368 4438 τοὺναντῖον
3385 4403 3397 4416 ·
3418 4388 3636 4443 ἐναντία

2059 4467 2179 4528 ταῖς
2200 4465 2527 4534 ὑποσχέσεσι
2552 4466 2953 4537 προσετέτακτο
2984 4468 3180 4527 ποιεῖν,
3215 4468 3307 4521 καὶ
3323 4468 3442 4521 οὑδὲ
3463 4469 3632 4536 οὑτως

2059 4546 2385 4619 ἐθορυϐήθη,
2418 4548 2539 4601 οὑδέ
2586 4548 2906 4617 ίλιγγίασεν,
2937 4547 3057 4601 οὑδὲ
3085 4548 3395 4620 ἠπατῆσθαι
3441 4553 3625 4622 ἐνόμι-

2063 4647 2155 4683 σεν
2170 4648 2183 4661 ⁸
2212 4632 2241 4684 ὑ
2250 4631 2439 4702 μεῖςιδέ
2457 4630 2608 4684 οὑδέν
2624 4630 2825 4697 ἔξωθεν
2840 4632 2939 4701 τῆς
2958 4630 3293 4700 ἐπαγγελίας
3311 4633 3631 4704 ὑπομένετε,

2062 4714 2157 4767 καὶ
2221 4713 2562 4784 θορυϐεῖσθε.
2602 4714 2842 4778 Ἐκεῖνος
2895 4714 3115 4768 ἐναντία
3150 4708 3225 4768 ὢν
3270 4715 3637 4786 ἐπηγγείλατο

2060 4798 2260 4869 ἤκουσε
2284 4798 2435 4869 παρά
2450 4796 2546 4851 τοῦ
2565 4796 2732 4851 αὑτοῦ
2768 4797 2863 4851 τοῦ
2902 4799 3091 4851 ἐκεῖνα
3136 4791 3632 4870 ἐπαγγειλαμένὸυ,

2059 4880 2155 4934 καὶ
2185 4880 2284 4934 οὑκ
2311 4880 2646 4952 ἐθορυϐεῖτο,
2669 4879 2786 4934 ἀλλ’
2804 4876 2885 4943 ὡς
2914 4878 3187 4950 σύμφωνα
3234 4879 3471 4951 ἔπραττε
3497 4898 3511 4912 ο
3542 4885 3637 4937 καὶ

2059 4964 2166 5033 γάρ
2190 4959 2259 5034 ἦν
2290 4963 2578 5034 σύμφωνα,
2634 4964 2854 5017 ἐναντία
2891 4964 2991 5033 μὲν
3020 4966 3134 5028 τοῖς
3181 4964 3495 5036 λογισμοῖς
3524 4971 3638 5032 τοῖς

2058 5047 2444 5118 ἀνθρωπίνοις,
2469 5047 2804 5117 σύμφωναδέ
2830 5047 2939 5101 ἀπὸ
2961 5047 3063 5117 τῆς
3092 5048 3329 5113 πίστεως
3345 5067 3358 5081 ·
3380 5052 3477 5105 καὶ
3496 5051 3634 5115 πῶς,

2060 5130 2223 5191 αὐτὸς
2242 5132 2394 5200 ἡμᾶς
2424 5129 2664 5196 ἐδίδαξεν
2682 5132 2711 5185 δ
2736 5130 3080 5195 Ἀπόστολος,
3097 5131 3286 5187 είπών·
3306 5133 3638 5204 Λογισάμε·

2059 5230 2167 5278 νος
2185 5212 2272 5266 ὅτι
2293 5212 2472 5266 καὶὲκ
2490 5212 2721 5281 νεκρῶν
2752 5214 3005 5282 ἐγείρειν
3044 5213 3304 5283 δυνατὸς
3323 5219 3356 5270 ό
3375 5218 3540 5282 Θεός.
3572 5219 3637 5270 "U

2056 5296 2115 5350 δὲ
2126 5296 2301 5365 λέγει,
2318 5296 2477 5351 τοῦτό
2498 5298 2648 5349 ἐστιν
2665 5313 2680 5329 ·
2709 5296 2841 5351 Ἀπὸ
2853 5298 2953 5368 τῆς
2979 5297 3153 5368 αὑτῆς
3169 5299 3425 5363 πίστεως,
3445 5299 3635 5371 φησὶν,

2060 5375 2128 5452 ἧς
2148 5380 2473 5435 ἐπίστευσεν
2511 5380 2592 5433 ὃτι
2624 5380 2726 5434 οὑκ
2754 5380 2883 5435 ὄντα
2940 5382 3229 5454 χαρίσεται
3288 5383 3473 5446 παῖδα,
3527 5384 3638 5438 ἀπὸ
3681 5434 3690 5455 ,

2061 5465 2161 5534 τῆς
2184 5464 2358 5534 αὐτῆς
2386 5463 2483 5516 καὶ
2502 5464 2698 5533 νεκρὸν
2717 5463 2972 5536 ἐγείρειν,
2996 5466 3091 5518 καὶ
3118 5467 3198 5519 ὅτι
3222 5466 3637 5535 σφαγιασθέντα
3684 5464 3687 5467 ’

2062 5549 2383 5618 ἀναστήσει,
2418 5547 2731 5602 ἐπέπειστο.
2763 5547 2995 5618 Ὁμοίως
3025 5548 3133 5618 γὰρ
3161 5548 3369 5620 ἄπορον
3411 5545 3499 5621 ἦν,
3542 5552 3637 5605 ἀν·
3687 5569 3697 5580 α

2070 5630 2330 5702 θρωπίνῳ
2359 5631 2502 5699 λέγω
2529 5630 2797 5701 λογισμῷ,
2841 5633 2932 5685 καὶ
2958 5633 3020 5684 ἐκ
3055 5632 3269 5703 μήτρας
3299 5635 3501 5704 νεκρᾶς
3543 5634 3639 5688 καὶ

2126 5767 2146 5784 ‘
2172 5764 2321 5813 Forte
2345 5780 2411 5815 πα
2449 5756 2720 5813 ἀύτοῦ.τοῦ
2748 5762 2824 5812 ἐκ.
