4082 6212
406 310 515 368 175

402 437 783 511 γεγηρακυίας
819 432 912 489 καί
947 430 1222 503 ἀχρήστου
1249 434 1348 504 ήδη
1409 434 1786 504 γεγενημένης
1839 434 1975 502 πρὸς

405 523 748 581 παιδοποιίαν
775 522 959 574 δοῦναι
994 516 1227 581 παιδίον,
1259 520 1354 571 καὶ
1383 519 1792 587 σφαγιασθέντα
1849 521 1978 573 ἀνα-

407 614 605 681 στῆσαι
621 623 633 635 ·
655 606 929 674 ἀλλ’ὅμως
944 600 1192 656 ἐπείθετο
1211 614 1224 628 ⁸
1241 602 1598 670 προωδοποίει
1614 602 1721 673 γάρ
1742 604 1775 672 ή
1795 603 1976 663 πίστις

403 699 435 761 ή
469 688 817 764 παρελθοῦσα
863 688 976 748 τοῖς
1030 683 1335 755 μέλλουσιν.
1372 686 1579 749 Ἀλλως
1597 686 1653 740 δέ
1698 686 1847 742 καὶὸ
1879 684 1978 755 μὲν

405 776 552 846 ἐώρα
570 774 633 828 τά
651 769 866 843 χρηστά
880 768 1093 840 πρῶτα.
1108 767 1175 820 τὰ
1189 767 1247 821 δὲ
1263 768 1501 840 δυσχερῆ
1525 768 1651 823 ὖστε
1662 785 1730 839 ρα
1748 769 1882 839 πρὸς
1900 768 1980 838 τῷ

378 861 574 930 ¹γήρα.
598 856 787 925 Ὑμεῖς
816 853 872 906 δέ
889 850 1219 914 τούναντίον,
1245 852 1401 919 φησί,
1421 852 1487 905 τὰ
1525 853 1625 922 μὲν
1662 850 1968 922 σκυθρωπὰ

407 944 623 1016 πρῶτα,
654 939 724 993 τὰ
744 938 798 991 δὲ
830 936 1042 1016 χρηστά
1071 934 1377 1016 τελευταῖα.
1432 935 1605 1016 Τοῦτο
1652 934 1790 1003 πρὸς
1851 934 1979 1016 τους

406 1012 589 1091 λέγειν
614 1017 947 1089 τολμῶντας,
980 1015 1064 1067 δτι
1095 1012 1251 1067 Μετά
1275 1012 1503 1066 θάνατον
1556 1014 1687 1084 ἡμῖν
1714 1012 1980 1080 ἐπηγγεί-

406 1109 539 1161 λατο
562 1106 630 1158 τά
652 1100 854 1171 ἀγαθά,
878 1101 1160 1168 ἠπάτησεν
1182 1098 1313 1159 ῐσως
1341 1098 1510 1166 ήμᾶς.
1544 1097 1830 1150 Δείκνυσιν
1853 1136 1868 1158 ,
1898 1097 1979 1149 61:

408 1193 503 1244 καὶ
529 1191 593 1242 ἐκ
621 1183 832 1255 νεκρῶν
855 1181 1093 1251 ἐγείρειν
1120 1179 1345 1243 δυνατὸς
1371 1181 1398 1231 ὁ
1432 1180 1563 1243 Θεός
1589 1198 1601 1211 ·
1629 1182 1679 1233 εἰ
1703 1179 1761 1233 δέ
1792 1180 1888 1235 καὶ
1918 1180 1982 1231 ἐκ

410 1271 561 1345 {228]
584 1268 795 1341 νεκρῶν
829 1264 1066 1334 ἐγείρειν
1099 1264 1361 1327 δυνατδςό
1379 1263 1533 1328 Θεδς,
1559 1265 1778 1327 πάντως
1804 1264 1981 1317 πάντα

409 1354 698 1411 ἀποδώσει.
749 1352 809 1404 Εἰ
850 1349 908 1402 δέ
940 1346 1194 1419 Ἁϐραάμ
1237 1346 1526 1400 ἐπίστευσε
1565 1348 1670 1418 πρὸ
1712 1346 1982 1400 τοσούτων

412 1439 569 1501 ἐτῶν,
618 1436 702 1489 ὃτι
733 1431 959 1494 δυνατὸς
976 1432 1039 1483 ἐκ
1069 1430 1278 1500 νεκρῶν
1316 1429 1767 1500 ἐγείρεινόθεὺς,
1803 1428 1985 1499 πολλῷ

414 1521 615 1592 μᾶλλον
656 1520 819 1589 ήμεῖς
854 1512 1132 1567 πιστεύειν
1164 1512 1471 1583 ὀφείλομεν.
1516 1514 1681 1585 Ὁρᾷς
1711 1513 1815 1577 ὅτι,
1847 1513 1984 1583 ὅπερ

411 1606 583 1676 ἔφθην
606 1601 796 1663 εἰπὼν,
829 1596 982 1651 οῠπω
1028 1594 1322 1664 εἰσῆλθενὸ
1353 1595 1603 1659 θάνατος,
1639 1597 1730 1649 καὶ
1780 1595 1983 1660 εὐθέως

410 1689 609 1749 αὐτοὺς
661 1687 742 1747 εἰς
769 1682 870 1751 τὴν
907 1679 1007 1748 τῆς
1061 1678 1411 1742 ἀναστάσεως
1471 1678 1719 1732 εἵλκυσεν
1772 1678 1984 1740 ἐλπίδα,

413 1775 507 1827 καὶ
540 1772 620 1833 εἰς
643 1765 912 1836 τοσαύτην
944 1762 1319 1832 πληροφορίαν
1347 1763 1575 1832 ήγαγεν,
1617 1762 1691 1827 ὼς
1720 1764 1816 1816 καὶ
1847 1777 1987 1830 σφα-

412 1855 623 1924 γιάζειν
645 1851 771 1912 τοὺς
833 1846 1044 1900 ἐαυτῶν
1087 1844 1240 1908 υἱοὺς
1291 1844 1706 1914 κελευομένους,
1764 1845 1861 1897 καὶ
1891 1844 1986 1912 ἀφ’

414 1935 490 1993 ὧν
524 1934 870 2005 προσεδόκων
892 1929 1199 2000 ἐμπλήσειν
1233 1927 1333 1998 τήν
1377 1927 1728 1998 οἰκουμένην,
1754 1927 1989 1997 ἑτοίμως

413 2022 638 2082 τούτους
698 2014 1041 2087 προσάγειν;
1104 2011 1212 2064 Καὶ
1273 2010 1461 2080 ἓτερον
1505 2010 1563 2063 δὲ
1608 2010 1880 2063 δείκνυσιν
1906 2011 1992 2062 ἐν-

413 2103 587 2157 ταῦθα
598 2100 686 2153 διά
702 2098 796 2152 τοῦ
814 2097 1006 2159 εἰπεῖν,
1024 2091 1362 2162 Ἐπείραζεν
1374 2096 1406 2146 ὁ
1424 2092 1568 2159 Θεὸς
1590 2092 1696 2146 τὸν
1712 2093 1769 2147 Ἀ
1778 2092 1987 2161 ὄραάμ.

416 2183 650 2250 Τίοῦνς
706 2183 805 2236 οὐκ
860 2180 979 2251 ᾔδει
1034 2180 1063 2231 6
1112 2178 1247 2241 θεὸς
1304 2177 1388 2230 61:
1443 2179 1696 2246 γενναῖος
1762 2172 1830 2247 ἦν
1897 2176 1992 2229 καὶ

414 2272 635 2340 δὸκιμος
661 2270 690 2321 6
720 2265 899 2336 ἀνήρ;
929 2261 1143 2331 Σφόδρα
1173 2278 1257 2328 γε.
1295 2260 1451 2322 Τίνος
1480 2254 1574 2312 οὖν
1621 2260 1808 2311 ἕνεκεν
1839 2258 1991 2312 ἐπεί-

424 2354 586 2425 ραζεν
633 2348 891 2409 αὐτὸν,εἰ
938 2346 1054 2416 ᾔδει
1087 2360 1101 2408 ;
1134 2345 1247 2412 Οὐχ
1297 2344 1385 2396 ἵνα
1437 2344 1598 2425 αὐτὸς
1647 2342 1843 2425 μάθῃς
1875 2342 1991 2425 ἀλλ’

419 2423 510 2491 ’ίνα
563 2438 677 2497 τοῖς
726 2430 911 2492 ἄλλοις
952 2427 1136 2497 δείξῃ,
1175 2428 1269 2479 καὶ
1322 2424 1627 2496 κατάδηλον
1685 2424 1850 2477 αὑτοῦ
1895 2423 1994 2494 τὴν

418 2519 672 2590 ἀνδρείαν
719 2516 854 2568 πᾶσι
898 2512 1240 2580 καταστήσῃ.
1273 2509 1381 2561 Καὶ
1428 2508 1701 2561 δείκνυσιν
1761 2508 1995 2561 ἐνταῦθα

419 2604 516 2657 καὶ
566 2599 678 2654 τῶν
743 2594 1069 2666 πειρασμῶν
1130 2593 1228 2661 τήν
1279 2591 1502 2655 αἰτίαν,
1566 2593 1655 2647 ἴνα
1708 2590 1782 2663 μὴ
1840 2591 1996 2660 νομί-

420 2686 619 2751 ζωσιν,
664 2681 741 2743 ὡς
773 2674 1329 2746 ἐγκαταλελειμμένοι
1381 2674 1555 2728 ταῦτα
1585 2675 1839 2745 πάσχειν.
1882 2674 1996 2727 Ἐν-

418 2764 596 2824 ταῦθα
633 2763 733 2834 μὲν
784 2760 894 2830 γὰρ
948 2759 1043 2813 καὶ
1099 2760 1317 2829 ἀνάγκη
1367 2759 1750 2830 πειράζεσθαι,
1812 2758 1900 2811 διὰ
1933 2756 1996 2809 τὸ

420 2850 650 2911 πολλοὺς
684 2847 832 2916 ἔχειν
860 2844 988 2907 τοὺς
1014 2843 1343 2906 ἐλαύνοντας
1359 2844 1595 2907 καὶτοὺς
1618 2842 1997 2896 ἐπιδουλεύον-

420 2947 518 2992 τας
548 2946 561 2959 ο
593 2928 711 2980 ἐκεῖ
736 2926 793 2979 δὲ
825 2924 957 2977 ποία
984 2923 1198 2991 ἀνάγκη
1220 2918 1286 2992 ἦν
1315 2924 1440 2986 τοὺς
1490 2923 1591 2975 οὐκ
1635 2922 1796 2985 ὄντας
1847 2920 1995 2992 αὐτῷ

421 3031 509 3068 πει
518 3010 762 3084 ρασμοὺς
782 3010 1015 3061 ἐπινοεῖν
1041 3001 1242 3072 ;Οῦτος
1267 3007 1448 3060 τοίνυν
1470 3008 1497 3060 ό
1514 3007 1823 3077 πειρασμδς
1838 3006 1996 3077 δῆλος

418 3095 487 3169 ἦν
502 3100 582 3151 ὅτι
612 3093 775 3150 αὐτοῦ
797 3092 1225 3160 προστάττοντος
1246 3090 1473 3159 ἐγίνετο.
1504 3090 1569 3144 Οἰ
1606 3091 1703 3162 μὲν
1730 3087 1824 3144 οὖν
1845 3091 1996 3145 ἄλλοι

424 3167 837 3251 συγχωροῦντος
868 3175 1037 3230 αὑτοῦ
1075 3176 1413 3235 συνέϐαινον,
1440 3167 1596 3238 οὗτος
1624 3174 1681 3227 δὲ
1706 3175 1800 3229 καὶ
1824 3193 1995 3244 προσ-

420 3266 728 3326 τάττοντος.
764 3263 827 3315 Εἰ
861 3260 1039 3314 τοίνυν
1062 3258 1206 3313 οὕτω
1239 3259 1499 3330 δοκίμους
1530 3260 1598 3313 τὰ
1635 3259 1744 3313 τῶν
1802 3277 1997 3332 πειρα-

423 3346 577 3418 σμῶν
604 3346 770 3407 ποιεῖ,
790 3344 866 3408 ώς
883 3345 978 3397 καὶ
1004 3343 1080 3414 μή
1109 3342 1277 3412 οῦσης
1311 3344 1486 3406 αἰτίας
1508 3342 1600 3415 16v
1626 3342 1759 3396 Θεὸν
1785 3344 1994 3414 γυμνά·
2016 3400 2021 3405 _

422 3432 538 3495 ζειν
566 3431 693 3492 τοὺς
720 3426 914 3482 ἐαυτοῦ
958 3426 1199 3497 ἀθλητάς
1225 3443 1238 3457 ·
1271 3427 1449 3497 πολλῴ
1482 3427 1687 3496 μᾶλλον
1722 3429 1871 3499 ήμᾶς
1905 3430 1999 3498 φέ-

424 3531 540 3587 ρειν
592 3511 774 3565 πάντα
826 3509 957 3581 χρὴ,
993 3511 1278 3578 γενναίως.
1328 3511 1714 3581 Ἐμφαντικῶς
1754 3510 1812 3564 δέ
1843 3507 1997 3565 εἶπεν

421 3595 677 3662 ἐνταῦθα,
700 3597 781 3649 ὃτι
807 3596 1015 3649 Πίστει
1035 3595 1451 3664 προσενήνοχε
1478 3594 1584 3647 τὸν
1612 3595 1839 3659 Ἰσαὰκ,
1870 3612 1998 3650 πει-

415 3680 736 3753 ραζϋμενος
759 3695 773 3709 ’
818 3678 1046 3748 οὐδεμία
1076 3678 1185 3748 γὰρ
1206 3678 1340 3748 άλλη
1367 3678 1516 3731 αἰτία
1540 3673 1607 3751 ἦν
1623 3681 1998 3751 προσαγωγῆς

423 3763 642 3835 ήαῦτη.
693 3757 826 3815 Εἶτα
878 3759 1232 3831 ἐπεξέρχεται
1263 3759 1343 3830 τῷ
1378 3761 1632 3831 νοήματι.
1689 3762 1804 3815 Ούκ
1858 3763 1995 3834 ἔχει,

422 3848 611 3917 φησὶν,
643 3848 839 3910 εἰπεῖν,
872 3846 957 3899 ὅτι
978 3843 1074 3897 καὶ
1106 3843 1265 3897 ἄλλον
1295 3839 1443 3913 εἶχεν
1479 3844 1613 3907 υἱὸν,
1647 3844 1743 3897 καὶ
1767 3843 1827 3910 ἐξ
1850 3844 1994 3900 ἐκεί-

422 3949 514 3984 νου
547 3930 854 4001 προσεδόκα
880 3928 978 4001 τὴν
1013 3927 1347 3998 ἐπαγγελίαν
1374 3927 1836 4000 πληρωθήσεσθαι
1855 3969 1870 3994 ,
1903 3929 2000 3983 καὶ

426 4014 516 4068 διὰ
547 4013 712 4067 τοῦτο
748 4012 970 4085 θαρρῶν
1002 4011 1191 4064 τοῦτον
1229 4013 1592 4082 προσήνεγκε.
1630 4012 1739 4066 Καὶ
1772 4012 1878 4065 τὸν
1895 4030 1999 4081 μο-

420 4096 663 4164 νογενῆ,
680 4097 836 4166 φησί,
867 4094 1244 4163 προσέφερεν
1270 4099 1302 4149 ό
1334 4095 1443 4158 τὰς
1466 4096 1828 4166 ἐπαγγελίας
1853 4096 1998 4149 ἀνα-

420 4179 767 4248 δεξάμενος.
798 4177 864 4229 Τί
897 4176 1078 4245 λέγεις
1119 4178 1382 4246 μονογενῆ
1414 4194 1429 4243 ;
1466 4179 1518 4230 τί
1550 4176 1643 4233 οῦν
1666 4181 1695 4231 6
1738 4178 1996 4248 Ἰσμαήλ;

424 4261 588 4315 πόθεν
616 4256 718 4330 ἦνς
742 4258 1026 4327 Μονογενῆ
1063 4257 1209 4325 λέγω
1228 4298 1241 4323 ,
1272 4260 1455 4328 φησὶν,
1502 4261 1625 4314 ὅσον
1653 4262 1732 4323 εἰς
1758 4261 1849 4314 τὸν
1899 4262 1997 4330 τῆς

422 4344 758 4413 ἐπαγγελίας
786 4342 943 4411 λόγον
964 4358 977 4371 ·
1006 4341 1096 4395 διὰ
1120 4341 1229 4413 γάρ
1254 4340 1411 4395 τοῦτο
1441 4342 1803 4412 προσέθηκεν,
1826 4342 1997 4396 εἰπὼν

422 4424 730 4496 Μονογενῆ
753 4435 794 4490 ⁸,
818 4424 1034 4488 δεικνὺς
1054 4425 1135 4478 ὅτι
1165 4423 1253 4477 διά
1280 4422 1471 4477 τοῦτον
1500 4423 1596 4476 καὶ
1618 4422 1767 4491 λέγει
1794 4440 1807 4453 ·
1841 4426 1998 4492 Πρὸς

423 4513 497 4567 ὂν
552 4509 856 4577 ἐλαλήθη,
912 4510 995 4563 61:
1048 4510 1152 4563 Ἐν
1190 4507 1389 4562 Ἰσαὰκ
1451 4508 1827 4575 κληθήσεται
1897 4525 1995 4563 σοι

422 4595 677 4665 σπέρμα,
721 4593 1021 4659 τουτέστιν,
1055 4592 1114 4656 ἐξ
1139 4590 1325 4644 αὐτοῦ.
1372 4591 1535 4661 Ὁρᾷς
1579 4590 1695 4653 πῶς
1726 4590 1996 4662 θαυμάζει

422 4681 484 4732 τὸ
514 4681 667 4750 παρά
722 4678 816 4731 τοῦ
871 4677 1213 4746 πατριάρχου
1270 4674 1587 4745 γινόμενον;
1625 4676 1727 4729 Ἐν
1761 4676 1990 4744 Ἰσαὰκ,

422 4764 645 4833 ἢκουσε,
682 4759 1051 4828 κληθήσεταί
1102 4773 1201 4813 σοι
1244 4757 1501 4827 σπέρμα,
1553 4758 1648 4810 καὶ⁵
1688 4759 1995 4832 προσέφερε

424 4846 657 4914 σφάγιον
679 4846 771 4897 τὸν
810 4844 945 4898 υἱόν.
974 4839 1125 4902 Εἶτα.
1158 4842 1245 4896 ἵνα
1273 4843 1346 4911 μή
1380 4858 1467 4905 τις
1492 4840 1714 4915 νομίσῃ,
1744 4844 1826 4897 ὅτι
1852 4844 1993 4899 ἀπο-

422 4929 582 4994 γνοὺς
610 4928 769 4982 τοῦτο
796 4927 993 4985 ἐποίει,
1026 4926 1119 4979 καὶ
1143 4924 1231 4978 διὰ
1256 4926 1351 4977 τοῦ
1406 4926 1828 4997 προστάγματος
1875 4929 1996 4982 τούς

420 5030 516 5064 του
550 5011 650 5081 τὴν
687 5012 872 5063 πίστιν
901 5008 1154 5077 ἐξέϐαλεν
1191 5009 1436 5081 ἐκείνην,
1467 5010 1605 5064 ἀλλά
1635 5010 1788 5084 [229]
1823 5013 1994 5086 μάθῃς

420 5099 502 5149 ὅτι
530 5094 701 5157 ὅντως
733 5094 830 5147 καὶ
860 5094 1020 5147 τοῦτο
1050 5093 1282 5159 πίστεως
1303 5090 1393 5165 ἦν,
1423 5094 1590 5166 φησὶν
1617 5096 1702 5150 ὅτι
1733 5098 1995 5169 κάκείνην

420 5178 533 5250 εἶχε
549 5178 646 5249 τὴν
675 5177 880 5242 πίστιν,
914 5179 1170 5248 καίτοιγε
1198 5179 1460 5234 δοκοῦσαν
1487 5180 1662 5255 ταύτῃ
1687 5182 1958 5252 μάχεσθαι
1978 5198 1992 5214 ·

421 5264 535 5317 ἀλλ’
573 5264 674 5317 οὐκ
706 5262 981 5335 ἐμάχετο·
1013 5263 1075 5317 ού
1123 5263 1233 5336 γάρ
1294 5264 1578 5334 λογισμοῖς
1628 5264 1995 5335 ἀνθρωπίνοις

420 5348 646 5418 ἐμέτρει
672 5346 766 5403 τοῦ
784 5346 919 5400 Θεοῦ
946 5346 1042 5417 τὴν
1072 5347 1322 5419 δύναμιν,
1355 5347 1493 5403 ἀλλά
1510 5351 1576 5419 τῇ
1602 5349 1780 5402 πίστει
1817 5349 1995 5403 πάντα

421 5432 719 5504 ἐπέτρεπε.
749 5431 842 5486 Διὸ
871 5430 992 5487 οὑδέ
1012 5432 1251 5489 δέδοικεν
1304 5435 1496 5499 εἰπεῖν,
1517 5433 1600 5489 δτι
1630 5432 1741 5488 Καὶ
1792 5432 1860 5486 ἐκ
1894 5450 1993 5485 νε-

481 5683 784 5760 ³μλιυιισιῃιε
808 5691 1020 5760 legissg
1048 5693 1243 5745 videtur
1278 5696 1354 5745 διὰ
1397 5697 1485 5760 γὰρ
1519 5695 1659 5745 τοῦτο
1688 5698 1829 5746 εἰπὼν
1863 5709 1991 5757 μονο-

421 5757 549 5815 γενῆ,
571 5756 860 5816 προσέθηκεν
895 5756 1074 5806 Ἰσαάκ.

1111 306 1169 363 S.
1209 301 2015 365 IOANNIS'CIIRYSOSTONI
2069 308 2386 368 ARCHIEP.
2425 306 2969 370 CONSTANTINOP.

3547 312 3653 370 176

2084 433 2245 503 κρῶν
2268 437 2520 506 ἐγείρειν
2538 436 2798 503 δυνατὸς
2817 438 2851 490 ὁ
2865 436 3029 502 θεός.
3050 434 3234 490 Ὅθεν
3256 433 3442 490 αὑτὸν
3463 437 3560 491 καί
3580 438 3652 491 ἑν

2084 519 2401 589 παραϐολῇ
2430 520 2775 588 ἐκομίσατο,
2796 518 3103 584 τουτέστιν,
3120 520 3178 570 ἐν
3196 517 3575 589 ὑποδείγματι,
3591 522 3652 574 ἐν

2084 602 2161 672 τῷ
2191 604 2353 675 κριῷ,
2386 604 2539 673 φησί.
2572 604 2697 667 Πῶς
2720 620 2736 667 ;
2758 603 2863 657 Τοῦ
2898 603 3005 675 γὰρ
3036 601 3190 673 κριοῦ
3215 603 3653 672 σφαγιασθέντος

2083 680 2236 751 οὗτος
2266 687 2444 756 ἐσώθη
2465 703 2479 718 ⁸
2511 686 2653 741 ὥστε
2682 686 2769 740 διὰ
2796 685 2893 740 τοῦ
2925 686 3078 756 κριοῦ
3101 684 3263 739 αὑτὸν
3288 684 3504 745 ἔλαϐεν,
3532 684 3655 739 ἀντὶ

2085 767 2276 822 τούτου
2305 769 2512 839 σφάξας
2532 771 2761 825 ἐκεῖνον.
2824 767 3011 822 Ταῦτα
3039 768 3096 821 δέ
3120 768 3280 821 τύποι
3302 767 3444 826 τινὲς
3472 762 3614 837 ἦσαν
3637 780 3650 796 '

2086 853 2318 907 ἐνταῦθα
2355 854 2464 923 γάρ
2489 856 2519 907 6
2542 853 2667 917 Υἱός
2699 855 2815 908 ἐστι
2848 852 2941 905 τοῦ
2971 850 3109 906 Θεοῦ
3138 854 3168 905 6
3198 849 3652 919 σφαγιαζόμενος.

2087 935 2197 988 Καὶ
2225 934 2326 988 θέα
2359 953 2449 1005 μοι
2478 935 2578 1005 τὴν
2605 933 3038 1004 φιλανθρωπίαν,
3066 937 3169 1004 ὅση
3191 929 3259 1002 ἦν
3279 948 3293 962 ⁸
3327 933 3518 1001 ἐπειδὴ
3546 932 3657 1003 γάρ

2090 1018 2304 1087 μεγάλη
2332 1036 2416 1081 τις
2442 1017 2632 1089 ἔμελλε
2681 1017 2921 1071 δίδοσθαι
2955 1017 3118 1087 χάρις
3173 1019 3284 1078 τοῖς
3321 1014 3656 1084 ἀνθρώποις,

2090 1101 2411 1171 βουλόμενος
2437 1101 2511 1172 μὴ
2540 1101 2722 1172 χάριτι
2752 1100 2881 1154 αύτδ
2931 1100 3055 1169 ποιῆ
3067 1117 3174 1160 σαι,
3200 1098 3316 1152 ἀλλ’
3340 1098 3417 1162 ὡς
3445 1096 3660 1167 ὀφειλέ-

2086 1201 2205 1253 της,
2235 1184 2652 1253 παρασκευάζει
2683 1184 2899 1255 πρῶτον
2939 1183 3226 1253 ἄνθρωπον
3253 1182 3347 1233 16v
3396 1180 3511 1233 u':6v
3565 1179 3662 1232 τὸν

2060 1266 2284 1321 ιέαυτοῦ
2313 1265 2595 1320 ἐπιδοῦναι
2626 1267 2766 1337 ὑπὲρ
2797 1265 2893 1319 τοῦ
2918 1266 3343 1336 προστάγματος
3370 1262 3466 1316 τοῦ
3497 1260 3660 1327 Θεοῦ,

2088 1351 2178 1404 ἵνα
2207 1350 2372 1421 μηδὲν
2410 1350 2538 1422 δόξῃ
2596 1351 2742 1421 μέγα
2766 1352 2975 1411 ποιεῖν,
3008 1350 3100 1403 τὸν
3130 1348 3326 1402 ἐαυτοῦ
3387 1345 3662 1408 ἐπιδιδοὺς

2090 1432 2240 1495 Υἱὸν,
2273 1432 2326 1486 εί
2354 1448 2418 1500 γε
2446 1432 2735 1504 ἄνθρωπος
2758 1432 2864 1503 πρὸ
2895 1431 3059 1485 αὐτοῦ
3088 1430 3247 1484 τοῦτο
3270 1430 3548 1499 ἐποίησεν,
3572 1428 3663 1480 ἵνα

2094 1516 2172 1586 μὴ
2200 1516 2382 1585 χάριτι
2428 1515 2588 1585 μόνον
2642 1516 2875 1585 νομισθῇ
2926 1514 3084 1568 τοῦτο
3118 1514 3321 1580 ποιεῖν,
3379 1511 3516 1565 ἀλλὰ
3567 1512 3665 1564 καὶ

2090 1600 2300 1671 δφειλῇ.
2334 1600 2442 1664 Οὓς
2470 1601 2578 1671 γὰρ
2607 1599 2675 1653 ἂν
2702 1599 2967 1670 φιλῶμεν,
2996 1599 3088 1651 καὶ
3120 1597 3281 1651 τοῦτο
3298 1597 3484 1660 αὐτοῖς
3504 1594 3667 1668 χαρίο

2092 1683 2281 1748 ζεσθαι
2300 1683 2626 1754 βουλόμεθα,
2651 1683 2712 1736 τὸ
2741 1683 2918 1737 δοκεῖν
2956 1685 3085 1753 παρ’
3111 1680 3294 1736 αὐτῶν
3319 1699 3370 1734 τι
3399 1680 3666 1750 πρότερον

2091 1766 2359 1831 λαῦόντας
2393 1768 2608 1839 μικρὸν,
2639 1767 2810 1830 οὕτως
2842 1768 3029 1830 αὐτοῖς
3062 1766 3124 1819 16
3156 1769 3267 1819 πᾶν
3291 1764 3491 1819 διδόναι
3518 1779 3533 1794 ο
3569 1762 3666 1817 καὶ

2094 1849 2429 1923 καυχώμεθα
2463 1851 2554 1904 ἐπὶ
2578 1854 2644 1921 τῇ
2666 1850 2830 1922 λήψει
2864 1849 3064 1919 μᾶλλον
3095 1848 3126 1920 ῆ
3152 1849 3246 1901 ἐπὶ
3269 1851 3336 1918 τῇ
3367 1847 3537 1909 δόσει,
3569 1846 3669 1898 καὶ

2093 1934 2154 1988 ού
2187 1934 2440 2005 λέγομεν,
2472 1933 2602 1987 Τόδε
2639 1931 2917 2002 ἐδώκαμεν
2947 1932 3117 2003 αύτῷ,
3145 1931 3282 1986 ἀλλὰ
3314 1931 3445 1985 Τόδε
3478 1929 3671 1983 ἐλάϐο-

2099 2034 2201 2088 μεν
2228 2019 2360 2086 παρ¹
2385 2017 2572 2072 αὑτοῦ.
2608 2018 2788 2072 Ὅθεν
2815 2015 3023 2077 αὐτὸν,
3058 2015 3212 2085 φησί,
3254 2014 3352 2069 καὶ
3378 2014 3447 2067 ἐν
3480 2026 3669 2083 παρα-

2097 2099 2247 2170 ϐολῇ
2270 2101 2612 2170 ἐκομίσατο,
2630 2099 2927 2164 τουτέστιν,
2952 2099 3028 2161 ὡς
3048 2100 3105 2150 ἐν
3132 2098 3417 2168 αἰνίγματι
3439 2113 3453 2128 ⁸
3477 2094 3669 2164 ὥσπερ

2097 2185 2206 2257 γὰρ
2258 2182 2545 2254 παραϐολὴ
2578 2178 2647 2253 ἦν
2667 2184 2695 2236 6
2721 2182 2874 2252 κριὸς
2925 2181 3020 2235 τοῦ
3057 2181 3246 2236 Ἰσαάκ
3275 2195 3294 2215 ο
3324 2180 3357 2250 ἦ
3384 2180 3459 2242 ὡς
3481 2180 3541 2232 ἐν
3586 2178 3670 2249 τῷ

2097 2269 2273 2338 τύπῳ.
2318 2267 2536 2335 Ἐπειδὴ
2567 2268 2675 2337 γὰρ
2700 2267 3005 2338 ἀπήρτιστο
3037 2266 3071 2338 ή
3095 2264 3257 2338 θυσία
3286 2264 3382 2338 καὶ
3425 2263 3671 2338 ἔσφακτο

2098 2280 2273 2338 τύπῳ.
2320 2280 2536 2335 Ἐπειδὴ
2567 2280 2675 2337 γαρ
2700 2280 3005 2335 απηρτιστο
3037 2280 3070 2333 η
3095 2280 3257 2318 υυσια
3286 2282 3382 2317 και
3425 2280 3670 2369 εσφακτο

2098 2342 2127 2392 ὁ
2167 2339 2353 2391 Ἰσαάκ
2385 2341 2450 2407 τῇ
2482 2336 2828 2408 προαιρέσει,
2856 2336 2943 2389 διά
2982 2335 3142 2389 τοῦτο
3187 2335 3349 2389 αὐτὸν
3384 2332 3670 2405 χαρ.ζεται

2098 2422 2175 2486 τῷ
2210 2422 2411 2492 πάτριά
2420 2436 2543 2493 ρχῃ.

2173 2586 2239 2660 β’.
2269 2588 2436 2661 Ὀρᾷς
2475 2590 2600 2644 61:6
2629 2590 2717 2644 ἀεὶ
2745 2590 2909 2661 λέγω,
2927 2590 3085 2645 τοῦτο
3124 2591 3218 2645 καὶ
3254 2589 3348 2644 νῦν
3361 2589 3669 2657 δείκνυται;

2102 2673 2269 2727 Ὅταν
2291 2674 2400 2744 γὰρ
2428 2677 2871 2747 παραστήσωμεν
2899 2675 3058 2748 ήμῶν
3087 2675 3185 2747 τὴν
3208 2676 3447 2730 διάνοιαν
3479 2676 3666 2746 ἀπηρο

2099 2756 2383 2828 τισμένην,
2423 2759 2515 2810 καὶ
2543 2757 2808 2827 δείξωμεν
2838 2759 2927 2813 ὅτι
2957 2760 3314 2831 ύπερορῶμεν
3339 2758 3447 2812 τῶν
3469 2760 3673 2830 γηΐνων

2103 2840 2465 2911 πραγμάτιον,
2489 2840 2610 2894 τότε
2635 2844 2769 2912 ήμῖν
2806 2843 2898 2896 καὶ
2930 2843 2996 2896 τά
3018 2846 3182 2913 γήϊνα
3209 2842 3512 2914 χαρίζεται,
3539 2843 3677 2912 πρό-

2101 2939 2256 2992 τερον
2285 2922 2342 2974 δέ
2366 2921 2450 2989 οὓ,
2480 2923 2565 2976 ἵνα
2605 2923 2679 2996 μὴ
2710 2924 2771 2978 16
2813 2925 2997 2978 λαϐεῖν
3040 2925 3497 2997 προσδεδεμένους
3526 2926 3676 2995 ἡμᾶς

2102 3005 2285 3068 αὐτοῖς
2315 3004 2395 3058 ἐτι
2435 3007 2734 3079 προσδήσῃ.
2787 3008 2983 3073 Λῦσον,
3026 3009 3181 3079 φησί,
3227 3011 3426 3063 σαυτὸν
3457 3008 3675 3080 πρῶτον

2101 3089 2201 3159 τῆς
2224 3089 2501 3154 δουλείας,
2537 3092 2630 3145 καί
2666 3092 2789 3147 τότε
2819 3092 2980 3157 λάϐε,
3020 3094 3106 3148 ἴνα
3140 3093 3336 3164 μηκέτι
3368 3094 3445 3157 ὡς
3490 3092 3676 3157 δοῦλος

2102 3174 2292 3245 λάϐῃς,
2334 3174 2447 3227 ἀλλ’
2478 3175 2553 3238 ώς
2591 3175 2858 3245 δεσπότης
2884 3193 2897 3205 ·
2948 3178 3363 3249 καταφρόνησον
3402 3177 3632 3231 πλούτου
3657 3219 3673 3240 ,

2103 3258 2201 3311 καὶ
2232 3258 2329 3329 ἔσῃ
2357 3257 2614 3322 πλούσιος
2639 3275 2653 3289 ⁸
2690 3259 3107 3330 καταφρόνησον
3143 3260 3322 3329 δόξης,
3353 3262 3447 3313 καὶ
3469 3260 3566 3331 ἔσῃ
3584 3260 3675 3312 ἐν-

2102 3340 2250 3408 δοξος
2275 3359 2287 3373 ·
2328 3344 2740 3414 καταφρόνησον
2767 3344 2869 3413 τῆς
2887 3343 3157 3414 τιμωρίας
3178 3345 3286 3398 τῶν
3319 3344 3544 3414 ἐχθρῶν,
3581 3345 3675 3397 καί¹

2102 3426 2226 3479 τότε
2269 3427 2439 3496 αὐτῆς
2478 3426 2768 3499 ἐπιτεύξῃ·
2820 3428 3239 3498 καταφρόνησον
3273 3429 3532 3492 ἀνέσεως,
3580 3432 3675 3481 καὶ

2103 3509 2225 3562 τότε
2261 3509 2429 3579 αὐτὴν
2450 3509 2594 3581 λήψῃ
2619 3528 2632 3541 ·
2668 3510 2756 3563 ἴνα
2782 3509 2963 3563 λαΰὼν
2982 3549 2997 3573 ,
3030 3511 3103 3581 μὴ
3132 3511 3207 3574 ὡς
3232 3509 3449 3581 δέσμιος
3482 3512 3671 3584 λάϐῃς,

2106 3589 2259 3664 [ΞΞΟ]
2288 3592 2419 3662 μηδὲ
2445 3592 2520 3656 ώς
2558 3592 2779 3659 δοῦλος,
2812 3593 2927 3647 ἀλλ’
2959 3594 3034 3657 ὼς
3068 3593 3373 3664 ἐλεύθερος.
3408 3594 3674 3663 Καθάπερ

2105 3677 2212 3747 γὰρ
2239 3677 2331 3728 ἐπὶ
2357 3677 2465 3730 τῶν
2494 3677 2717 3730 παιδίων
2742 3676 2850 3730 τῶν
2883 3677 3115 3748 μικρῶν,
3145 3679 3276 3732 ὅταν
3303 3678 3403 3747 μὲν
3432 3678 3671 3749 ἐπιθυμῇ

2103 3760 2165 3813 τὸ
2197 3759 2408 3812 παιδίον
2445 3760 2713 3815 παιδικῶν
2745 3760 3096 3830 ἀθυρμάτων,
3129 3762 3264 3830 μετὰ
3288 3760 3483 3832 πολλῆς
3516 3778 3674 3815 σπου-

2104 3840 2201 3912 δῆς
2225 3842 2411 3896 ἐκεῖνα
2429 3843 2767 3913 κρύπτομεν.
2791 3838 2905 3897 οἷον
2930 3846 3166 3914 σφαῖραν
3188 3846 3281 3897 καὶ
3311 3844 3413 3897 ὃσα
3428 3844 3673 3908 τοιαῦτα,

2106 3927 2191 3979 ἴνα
2226 3924 2301 3997 μὴ
2337 3926 2692 3997 ἐμποδίζηται
2723 3926 2829 3979 τῶν
2852 3927 3167 3995 ἀναγκαίων
3193 3942 3206 3956 ·
3247 3928 3375 3980 ὃταν
3403 3927 3458 3981 δὲ
3495 3929 3676 3983 αὐτῶν

2107 4010 2493 4081 καταφρονήσῃ
2533 4011 2629 4063 καὶ
2665 4010 2859 4080 μηκέτι
2883 4010 3147 4080 ἐπιθυμῇ,
3168 4009 3340 4074 ἀδεῶς
3371 4012 3551 4065 αὐτῶν
3584 4030 3677 4080 μεο

2105 4092 2423 4161 ταδιδόαμεν
2443 4132 2457 4156 ,
2489 4093 2692 4156 εἰδότες
2726 4094 2801 4156 ώς
2834 4094 3059 4164 οὐδεμία
3100 4094 3274 4165 βλάϐη
3312 4094 3499 4149 λοιπὸν
3524 4089 3677 4166 αύτῷ

2106 4174 2355 4228 ἐντεῦθεν
2418 4176 2667 4242 γίνεται,
2715 4178 2815 4247 τῆς
2882 4178 3177 4248 ἐπιθυμίας
3230 4179 3445 4249 ἐκείνης
3492 4180 3675 4235 ούκέτι

2109 4258 2399 4328 ίσχυούσης
2440 4260 2751 4327 ἀπαγαγεῖν
2793 4262 2956 4315 αὐτὸν
2991 4263 3099 4316 τῶν
3146 4264 3497 4331 ἀναγκαίωνο
3533 4264 3679 4318 οῦτω

2105 4341 2198 4395 καί
2242 4343 2270 4394 6
2302 4341 2458 4405 θεὸς,
2487 4343 2616 4395 ὅταν
2656 4344 2740 4416 ἴδῃ
2782 4346 2980 4416 μηκέτι
3022 4346 3424 4417 ἐπιθυμοῦντας
3458 4348 3567 4402 τῶν
3593 4351 3678 4402 ἐν-

2103 4423 2296 4488 ταῦθα,
2344 4423 2530 4480 λοιπὸν
2578 4427 2807 4497 ἀφίησιν
2850 4429 3035 4493 αὐτοῖς
3070 4430 3407 4501 κεχρῆσθαι·
3449 4432 3525 4496 ὠς
3568 4431 3678 4503 γὰρ

2104 4508 2378 4581 ἐλεύθεροι
2418 4511 2510 4565 καί
2549 4512 2742 4583 ἄνδρες
2784 4513 2925 4567 αύτά
2966 4513 3184 4585 ἔχομεν,
3214 4516 3313 4587 οὐχ
3351 4517 3427 4579 ώς
3464 4516 3675 4580 παῖδες.

2105 4593 2230 4647 Ὀτι
2284 4594 2416 4663 γὰρ,
2467 4594 2563 4647 ἐὰν
2613 4598 3036 4669 καταφρονήσῃς
3081 4599 3182 4667 τῆς
3239 4599 3509 4669 τιμωρίας
3565 4601 3678 4654 τῶν
3758 4638 3767 4641 -

2102 4676 2335 4746 ἐχθρῶν.
2394 4677 2519 4730 τότε
2569 4678 2853 4753 ἐπιτεύξῃ,
2897 4682 3062 4736 ἄκουε
3115 4681 3169 4735 τί
3220 4699 3386 4751 φησιν
3445 4698 3457 4710 ο
3533 4682 3678 4736 Ἐὰν

2102 4756 2282 4826 πεινᾷ
2311 4761 2345 4814 ὁ
2365 4760 2579 4833 ἐχθρός
2607 4775 2746 4827 σου,
2776 4762 2990 4833 ψώμιζε
3013 4766 3218 4821 αὐτόν·
3243 4764 3351 4818 ἐὰν
3372 4763 3540 4833 διψᾷ,
3568 4766 3677 4818 πό-

2102 4841 2230 4903 τιζε
2260 4843 2466 4899 αὐτόν·
2503 4844 2601 4899 καὶ
2631 4847 2915 4916 ἐπήγαγε·
2957 4847 3135 4902 Τοῦτο
3172 4847 3284 4917 γὰρ
3324 4847 3544 4913 ποιῶν,
3575 4848 3680 4902 ἇν-

2103 4930 2333 4994 θρακας
2373 4930 2564 4997 πυρὸς
2603 4934 2934 4999 σωρεύσεις
2968 4932 3066 4985 ἐπὶ
3102 4933 3219 4999 τὴν
3257 4933 3537 5003 κεφαλὴν
3564 4936 3675 4988 αὐ-

2103 5009 2232 5065 τοῦ.
2266 5011 2376 5066 Καὶ
2399 5011 2582 5079 πάλιν,
2607 5015 2689 5068 61:
2722 5016 2819 5070 ἐὰν
2843 5017 3264 5087 καταφρονήσῃς
3289 5016 3386 5069 τοῦ
3417 5016 3674 5081 πλούτου,

2108 5093 2229 5146 τότε
2269 5094 2436 5148 αύτοῦ
2474 5097 2755 5169 ἐπιτεύξῃ.
2794 5100 2960 5154 ἄκουε
2984 5098 3078 5152 τοῦ
3108 5100 3348 5169 Χριστοῦ
3389 5100 3637 5169 λέγοντος
3663 5115 3678 5130 ⁸

2107 5176 2227 5229 Οὐκ
2244 5175 2417 5228 ἔστιν
2445 5176 2513 5243 ὃς
2539 5179 2737 5248 ἀφῆκε
2760 5183 3005 5250 πατέρα,
3037 5182 3076 5252 ἢ
3127 5185 3371 5252 μητέρα,
3396 5184 3435 5252 ἢ
3462 5184 3681 5248 οὶκίαν,
3700 5176 3731 5211 ’ί

2102 5255 2142 5325 ἢ
2164 5256 2489 5325 ἀδελφοὺς.
2520 5260 2590 5325 ὃς
2608 5264 2745 5331 οῠχί
2768 5264 3369 5322 ἑκατονταπλασίονα
3394 5266 3677 5335 λήψεται,

2102 5338 2200 5392 καί
2252 5337 2405 5406 ζωὴν
2462 5343 2706 5400 αἰώνιον
2757 5349 3224 5419 κληρονομήσει.
3283 5352 3396 5406 Καὶ
3442 5352 3525 5407 61:
3581 5350 3677 5404 ἐάν

2101 5425 2527 5496 καταφρονήσῃς
2566 5427 2745 5499 δόξης,
2790 5431 2912 5486 τότε
2954 5433 3129 5503 αὐτῆς
3183 5434 3466 5505 ἐπιτεύξῃ,
3517 5436 3679 5489 ἄκουε

2099 5505 2266 5558 αὑτοῦ
2315 5508 2478 5562 πάλιν
2514 5510 2607 5564 τοῦ
2643 5514 2881 5583 Χριστοῦ
2932 5516 3224 5584 λέγοντος·
3271 5518 3337 5572 Ὀ
3386 5519 3580 5574 θέλων
3614 5519 3681 5573 ἐν

2100 5586 2242 5671 ὑμῖν
2287 5590 2517 5657 πρῶτος
2562 5591 2735 5671 εἶναι,
2778 5598 2936 5653 ἔστω
2976 5600 3143 5669 ὑμῶν
3195 5600 3480 5668 διάκονος
3517 5618 3531 5633 ’
3581 5604 3678 5655 καὶ

2100 5669 2285 5752 πάλιν,
2362 5675 2466 5740 ⁸’ος
2525 5669 2643 5745 γὰρ
2696 5679 2775 5732 ἂν
2818 5684 3158 5752 ταπεινώσῃ
3206 5684 3448 5751 ἑαυτὸν,
3502 5681 3684 5747 οὗτος

2099 5751 2509 5823 ὑψωθήσεται.
2556 5760 2622 5814 Τί
2661 5762 2883 5833 λέγεις;
2930 5767 3026 5821 ἐὰν
3071 5770 3276 5821 ποτίσω
3320 5768 3411 5823 16v
3463 5767 3677 5839 ἐχθρὸν,
