4088 6204
359 330 468 386 173

353 435 587 496 ratione,
615 438 669 484 et
705 443 771 484 ex
800 427 1021 483 matrice
1050 436 1293 482 emortua
1318 427 1579 496 senioque
1607 426 1853 482 confecta
1884 436 1940 482 et

349 526 421 580 ad
454 525 750 579 liberorum
790 521 1216 590 procreationem
1253 521 1362 590 jam
1399 519 1555 589 plane
1592 521 1760 573 inutili
1810 519 1938 574 dare

356 617 528 672 lilium
554 657 568 678 ,
601 625 655 669 et
681 614 943 668 suscitare
969 613 1205 667 occisum
1240 629 1253 666 :
1281 621 1514 665 attamen
1539 611 1588 665 id
1619 627 1936 681 persuasmu

352 709 542 764 habuit
561 726 578 775 ;
607 722 728 761 nam
741 722 857 774 quae
876 715 1224 773 prmwsscrat
1246 703 1378 758 fides
1397 703 1462 757 ad
1481 702 1655 757 futura
1672 704 1936 758 credenda

351 805 493 854 viain
520 798 759 868 parabat.
790 795 1038 866 Alioquin
1065 805 1242 849 autem
1268 795 1480 849 videbat
1501 795 1593 850 ille
1621 796 1758 848 bona
1792 796 1936 864 prio-

351 907 413 946 ra
437 932 452 954 ,
499 890 722 944 molesta
752 897 931 942 autem
965 886 1262 956 posteriora
1303 895 1358 940 et
1404 886 1454 940 in
1487 894 1782 940 senectute.
1825 884 1934 941 Vos

349 992 532 1036 autem
558 1021 575 1046 ,
601 979 804 1050 inquit,
832 988 1022 1034 contra
1058 995 1070 1032 :
1104 977 1330 1032 molesta
1351 977 1563 1032 habetis
1585 978 1792 1046 prima;
1817 992 1936 1046 qua:

349 1085 531 1129 autem
565 1074 703 1127 bona
730 1079 874 1137 sunt,
904 1069 1114 1125 ultima.
1146 1069 1259 1124 Hoc
1285 1069 1350 1124 ad
1378 1084 1474 1124 eos
1498 1070 1585 1140 qui
1617 1069 1819 1124 audent
1847 1069 1933 1124 di-

348 1184 474 1224 cere
498 1183 516 1223 :
549 1167 676 1222 POst
705 1174 931 1219 mortem
962 1163 1208 1234 promisit
1237 1163 1392 1217 nobis
1421 1163 1593 1227 bona;
1618 1179 1716 1217 nos
1745 1162 1936 1218 fortas-

346 1277 410 1317 se
435 1261 668 1329 decepit.
702 1257 954 1313 Ostendit
973 1256 1111 1326 quod
1139 1257 1300 1310 etiam
1321 1271 1390 1310 ex
1419 1258 1646 1310 mortuis
1676 1258 1936 1312 suscitare

349 1363 543 1422 potens
561 1361 646 1406 est
673 1350 814 1403 Deus
839 1365 853 1402 :
885 1348 928 1402 si
951 1359 1128 1402 autem
1146 1361 1210 1399 ex
1235 1347 1462 1400 mortuis
1482 1347 1740 1400 suscitare
1763 1355 1936 1416 potest

349 1445 512 1506 Deus,
541 1439 759 1496 omnino
786 1437 975 1492 reddet
1000 1437 1198 1492 omnia.
1226 1436 1280 1492 Si
1312 1446 1487 1492 autem
1517 1437 1785 1491 Abraham
1808 1447 1933 1492 ante

348 1546 430 1588 tot
463 1548 637 1587 annos
657 1528 902 1586 'credidit
950 1529 1090 1601 quod
1145 1531 1287 1584 Deus
1338 1531 1404 1585 sit
1438 1541 1627 1598 potens
1673 1531 1933 1587 suscitare

344 1646 414 1681 ex
443 1625 671 1681 mortuis
701 1643 715 1680 :
745 1624 916 1678 multo
955 1623 1122 1694 magis
1161 1637 1261 1678 nos
1307 1622 1358 1676 id
1400 1622 1658 1678 debemus
1686 1624 1929 1679 credere.

349 1721 514 1774 Vides
533 1717 698 1789 quod,
732 1717 868 1770 sicut
891 1716 1037 1785 prius
1062 1714 1172 1769 dixi
1195 1756 1209 1779 ,
1239 1730 1386 1769 mors
1414 1715 1652 1768 nondum
1687 1717 1926 1781 intravit,

343 1823 400 1867 σοι
427 1827 523 1867 eos
551 1810 730 1866 statim
755 1808 914 1862 traxit
936 1807 986 1861 in
1015 1821 1164 1876 spem
1192 1806 1623 1872 resurrectionis,
1645 1815 1700 1860 et
1729 1807 1794 1858 ad
1825 1817 1929 1860 tam

345 1916 552 1961 certam
580 1901 804 1957 deduxit
845 1899 1298 1970 persuasionem,
1349 1907 1407 1952 ut
1437 1899 1599 1952 etiam
1641 1899 1772 1968 jussi
1805 1914 1932 1954 suos

345 2006 584 2053 mactare
611 1996 770 2057 filios,
801 2008 864 2048 es
897 1993 1090 2062 quibus
1113 1990 1502 2061 exspectabant
1532 2006 1590 2046 se
1618 1991 1932 2061 impleturus

345 2090 533 2142 orbem
567 2096 725 2140 terrte
745 2127 759 2150 ,
788 2083 853 2137 ad
886 2083 936 2136 id
965 2081 1266 2137 faciendum
1303 2082 1472 2150 parati
1506 2083 1735 2137 essent?
1765 2083 1926 2137 Aliud

345 2193 559 2248 quoque
610 2176 696 2230 hic
747 2173 981 2230 ostendit
1029 2189 1126 2244 per
1175 2175 1276 2228 hoc
1325 2173 1467 2243 quod
1515 2173 1671 2240 dixit,
1702 2173 1930 2229 Tentavit

345 2272 484 2328 Deus
513 2270 791 2324 Abraham.
836 2268 974 2336 Quid
1019 2268 1190 2322 vero?
1226 2267 1579 2323 nesciebatne
1633 2269 1775 2324 Deus
1804 2285 1925 2325 eum

344 2380 466 2420 esse
512 2365 688 2416 virum
728 2361 920 2416 fortem
966 2369 1018 2416 et
1058 2361 1339 2431 probum?
1383 2360 1599 2416 Sciebat
1628 2372 1794 2417 certe.
1821 2362 1929 2417 Cur

347 2473 474 2528 ergo
499 2472 622 2512 eum
659 2454 918 2520 tentabat,
951 2455 995 2508 si
1023 2454 1268 2508 sciebat?
1305 2454 1420 2509 Non
1450 2464 1507 2510 ut
1530 2459 1643 2526 ipse
1672 2457 1924 2524 disceret,

345 2549 440 2605 sed
471 2559 527 2602 ut
553 2549 674 2602 aliis
703 2546 1048 2610 ostenderet,
1079 2555 1131 2600 et
1154 2547 1409 2601 omnibus
1439 2549 1775 2604 manifestam
1807 2551 1927 2621 ejus

348 2641 598 2695 redderet
625 2638 799 2709 magni
825 2637 990 2692 animi
1018 2637 1290 2693 virtutem.
1319 2637 1386 2692 Et
1410 2637 1498 2694 hic
1547 2640 1704 2694 etiam
1739 2651 1922 2696 osten-

339 2722 422 2774 dit
451 2737 664 2774 causam
689 2723 1064 2787 teutationum,
1085 2736 1150 2775 ne
1173 2722 1545 2776 existimarent
1573 2737 1630 2776 se
1656 2734 1925 2790 tamquam

340 2831 370 2864 τι
404 2813 520 2869 Deo
542 2814 831 2870 derelictos
871 2814 988 2869 base
1035 2815 1162 2883 pati.
1207 2814 1340 2868 Nam
1388 2815 1474 2868 hic
1513 2813 1727 2884 quidem
1759 2815 1921 2868 etiam

344 2921 570 2961 necesse
591 2915 673 2962 est
700 2908 920 2968 tentari,
951 2907 1092 2977 quod
1116 2908 1268 2961 mu‘lti
1293 2907 1401 2960 sint
1427 2906 1516 2976 qui
1541 2914 1927 2976 persequuntur

343 3008 401 3048 et
431 2997 521 3063 qui
550 2996 866 3052 insidiantur
894 3015 908 3049 :
943 2997 1051 3052 illic
1090 3006 1266 3052 autem
1311 3012 1431 3067 quae
1459 3004 1574 3050 erat
1601 2995 1651 3050 ei
1687 2995 1927 3050 necessio

344 3097 424 3140 tas
455 3102 547 3141 eas
572 3103 692 3156 quae
729 3104 835 3141 non
867 3098 1018 3144 erant
1037 3089 1340 3160 excogitare
1367 3087 1729 3143 tentationes?
1755 3088 1930 3157 Atque

345 3182 688 3250 perspicuum
715 3181 926 3250 quidem
954 3191 1055 3245 est,
1105 3181 1246 3251 quod
1292 3180 1406 3234 haec
1443 3181 1663 3234 tentatio
1687 3178 1844 3234 fiebat
1867 3193 1931 3234 eo

339 3275 580 3343 iubente.
625 3271 692 3326 Et
719 3275 836 3328 alia:
877 3274 1087 3344 quidem
1119 3273 1316 3328 flebant
1341 3289 1406 3330 eo
1428 3273 1786 3343 permittente,
1817 3272 1930 3327 hate

344 3379 521 3422 autem
552 3369 714 3422 etiam
735 3367 978 3438 jubente.
1011 3366 1066 3422 Si
1090 3383 1220 3438 ergo
1250 3367 1385 3420 adeo
1409 3366 1662 3437 probatos
1691 3366 1932 3421 efficiunt

347 3461 694 3521 mutationes,
728 3468 785 3511 ut
813 3459 1023 3513 etiamsi
1057 3474 1160 3512 non
1193 3458 1263 3512 sit
1291 3472 1449 3512 causa
1477 3500 1492 3524 ,
1521 3458 1658 3513 Deus
1687 3472 1811 3512 suos
1838 3472 1931 3512 ex-

345 3562 523 3606 erceat
550 3551 801 3612 athletas,
834 3550 1004 3604 multo
1031 3550 1197 3620 magis
1219 3564 1318 3605 nos
1349 3551 1524 3604 omnia
1550 3559 1761 3620 oportet
1791 3549 1932 3605 ferre

347 3645 573 3697 fortiter.
601 3643 737 3697 Cum
771 3658 961 3712 magna
983 3651 1162 3697 autem
1195 3642 1438 3711 emphasi
1474 3641 1560 3696 hic
1587 3642 1724 3696 dixit
1751 3684 1764 3706 ,
1802 3642 1932 3695 Fide

345 3735 522 3787 obtulit
546 3733 724 3800 Isaac,
746 3751 859 3786 cum
879 3742 1157 3787 tentaretur
1185 3749 1202 3786 :
1227 3735 1372 3788 nulla
1401 3735 1541 3788 enim
1569 3743 1684 3788 erat
1714 3734 1816 3787 alia
1844 3734 1928 3788 of-

348 3825 552 3879 ferendi
591 3839 754 3880 causa
784 3839 942 3894 quam
978 3824 1109 3880 hinc.
1160 3824 1364 3879 Drinde
1391 3825 1710 3880 sententiam
1746 3840 1927 3894 perse-

345 3915 546 3982 quitur.
570 3915 688 3968 Non
719 3924 970 3983 poterat,
1019 3915 1231 3985 inquit,
1272 3915 1538 3984 quispiam
1571 3915 1754 3970 dicere
1783 3915 1926 3985 quod

346 4009 510 4062 alium
555 4007 782 4063 haberet
811 4007 977 4062 filium
1007 4048 1022 4073 ,
1066 4016 1121 4062 et
1149 4016 1490 4076 exspectaret
1520 4007 1635 4062 fore
1665 4017 1722 4061 ut
1745 4023 1808 4062 ex
1840 4008 1929 4063 illo

347 4099 663 4166 impleretur
690 4099 998 4168 promissio,
1026 4109 1080 4155 et
1106 4098 1228 4154 ideo
1258 4099 1597 4154 confidenter
1622 4115 1744 4154 eum
1770 4100 1926 4154 obtu-

351 4192 487 4245 lerit.
521 4189 591 4243 Et
613 4192 948 4260 unigenitum,
973 4191 1162 4262 inquit,
1179 4192 1343 4258 ﬁlium
1371 4189 1629 4257 oﬂ'erebat,
1654 4191 1740 4260 qui
1765 4207 1932 4245 susce—

348 4294 485 4350 perat
507 4283 885 4352 promissiones.
905 4283 1040 4350 Quid
1069 4283 1204 4338 dicis
1230 4283 1599 4352 unigenitum?
1627 4283 1750 4352 quid
1780 4297 1930 4348 vero,

353 4375 540 4428 lstnael
567 4375 834 4429 undenam
861 4376 1016 4430 erat?
1047 4375 1391 4445 Unigenitum
1421 4375 1563 4440 dico,
1584 4374 1929 4445 inquit,un

350 4465 542 4518 attinet
590 4463 656 4518 ad
710 4465 970 4520 rationem
1023 4465 1441 4535 promissionis:
1471 4476 1750 4534 propterea
1791 4466 1931 4518 enim

346 4570 472 4607 cum
503 4553 751 4620 dixisset,
779 4554 1127 4626 Unigenitum,
1156 4555 1396 4623 addidit,
1431 4565 1491 4610 ut
1519 4556 1766 4612 ostendat
1790 4555 1933 4625 quod

351 4654 576 4714 propter
604 4644 748 4701 hunc
774 4646 918 4701 dicat
952 4665 965 4701 :
995 4649 1074 4700 Ad
1115 4664 1262 4717 quem
1312 4648 1504 4702 dictum
1542 4659 1616 4703 est
1647 4663 1665 4701 :
1691 4646 1758 4701 In
1783 4646 1935 4702 Isaac

350 4739 611 4791 tacebitur
639 4737 726 4790 tibi
741 4754 927 4802 semen,
959 4737 1061 4793 hoc
1088 4748 1188 4804 est,
1218 4755 1282 4793 ex
1317 4739 1453 4807 ipso.
1481 4739 1640 4794 Vides
1661 4737 1934 4809 quomodo

348 4832 647 4886 admiretur
675 4830 819 4898 quod
845 4830 1045 4887 factum
1090 4841 1176 4887 est
1208 4847 1238 4886 a
1269 4831 1567 4902 patriarcha
1597 4833 1620 4886 ?
1651 4832 1716 4886 In
1740 4831 1892 4886 Isaac
1917 4873 1933 4898 ,

349 4923 546 4975 audivit
576 4961 591 4985 ,
625 4921 886 4974 vocabitur
916 4922 1003 4976 tibi
1032 4940 1203 4976 semen
1233 4964 1246 4986 ,
1275 4931 1330 4977 et
1359 4923 1617 4978 offerebat
1643 4923 1806 4977 filium
1833 4922 1934 4978 bo-

349 5019 530 5070 stiam.
563 5014 765 5070 Deinde
811 5030 880 5071 ne
927 5017 1269 5072 existimaret
1294 5016 1594 5088 quispiam,
1633 5015 1774 5086 quod
1813 5031 1934 5072 eum

348 5109 698 5176 desperasset
726 5107 828 5162 hoc
857 5107 1001 5172 facit,
1035 5119 1087 5164 et
1118 5125 1216 5179 per
1245 5109 1347 5164 hoc
1371 5109 1578 5178 iussum
1607 5107 1752 5162 illam
1780 5107 1938 5177 ejeeit

353 5200 535 5263 fidem,
563 5199 660 5254 sed
685 5199 922 5255 disceret
945 5200 1086 5269 quod
1111 5216 1298 5255 revera
1329 5200 1430 5256 hoc
1452 5215 1668 5271 quoque
1689 5199 1760 5255 sit
1789 5199 1935 5268 fidei,

353 5293 486 5348 dicit
514 5293 656 5359 quod
685 5292 830 5347 illam
865 5308 1080 5362 quoque
1106 5292 1336 5347 habebat
1363 5291 1521 5348 fidem
1551 5335 1566 5359 ,
1603 5306 1928 5362 quamquam

352 5402 472 5440 cum
503 5385 603 5439 hac
639 5385 908 5440 videretur
928 5399 1196 5456 pugnare;
1233 5383 1474 5439 sed‘non
1515 5383 1808 5454 pugnabat:
1831 5398 1935 5437 non

353 5476 499 5530 enim
518 5476 766 5530 humanis
795 5476 1086 5529 rationibus
1107 5475 1424 5530 metiebatur
1443 5474 1534 5529 Dei
1555 5474 1822 5537 virtutem,
1842 5472 1935 5528 sed

350 5567 532 5620 oumia
563 5566 901 5636 permittebat
920 5566 1056 5619 fidei.
1083 5567 1233 5620 Unde
1261 5581 1366 5619 non
1397 5575 1478 5619 est
1501 5565 1700 5619 veritus
1721 5564 1899 5618 dicere
1919 5605 1932 5627 ,

346 5654 492 5723 quod
517 5656 683 5710 etiam
699 5671 764 5709 ex
781 5655 1004 5710 mortuis
1026 5657 1284 5709 suscitare
1300 5662 1488 5724 potens
1504 5661 1588 5710 est
1605 5651 1764 5706 Deus.
1786 5648 1936 5706 Unde

349 5762 472 5800 eum
498 5757 551 5802 et
581 5749 633 5802 in
654 5748 962 5818 mrabolam
980 5748 1208 5818 accepit,
1239 5745 1340 5802 hoc
1361 5755 1463 5813 est,
1490 5745 1542 5802 in
1568 5743 1812 5804 exemplo
1838 5762 1850 5797 :
1884 5744 1935 5800 in

1165 327 1229 382 IN
1268 326 1484 385 EPIST.
1529 328 1620 382 AD
1658 322 2016 381 HEBRIEOS.
2059 323 2312 380 C\P.Xl.
2358 322 2586 378 HOMIL.
2634 322 2800 378 XXV.

3509 326 3612 381 174

2043 435 2233 502 ariete,
2263 434 2454 504 inquit.
2487 433 2811 502 Quomodo?
2837 432 3018 487 Ariete
3043 431 3189 486 enim
3211 471 3226 494 ,
3259 431 3430 501 inquit
3457 470 3472 496 ,
3503 447 3614 484 ma-

2041 534 2187 580 ctato
2217 566 2234 592 ,
2264 526 2352 581 hic
2387 526 2486 580 fuit
2528 527 2726 579 salvus.
2755 524 3114 589 Quamobrem
3143 525 3351 592 accepit
3380 538 3502 578 eum
3529 507 3639 591 per.

2039 617 2286 681 arietem,
2315 625 2374 671 ut
2399 617 2486 686 qui
2513 615 2654 669 hunc
2680 630 2775 684 pro
2804 615 2896 668 illo
2927 617 3262 670 mactaverit.
3291 613 3415 668 ΙΙωο
3443 621 3621 668 autem

2041 718 2191 762 erant
2218 707 2431 776 quidam
2462 707 2570 778 typi
2603 722 2617 760 :
2649 706 2736 762 hic
2751 705 2894 761 enim
2915 717 2997 760 est
3023 706 3190 760 Filius
3217 706 3308 759 Dei
3339 713 3620 761 mactatus.

2041 799 2167 853 Mihi
2217 810 2393 853 autem
2446 799 2724 854 considera
2773 808 2968 864 quanta
3013 799 3085 852 sit
3125 798 3441 868 benignitas.
3490 797 3622 851 Nam

2041 891 2294 960 quoniam
2327 890 2632 944 hominibus
2655 890 2899 958 quzedam
2930 905 3118 960 magna
3143 899 3260 945 erat
3295 889 3468 944 danda
3499 905 3624 958 gra-

2045 981 2137 1046 tia,
2161 983 2348 1037 volens
2377 982 2426 1036 id
2453 997 2559 1036 non
2589 981 2766 1036 facere
2791 997 2856 1036 ex
2885 983 3076 1050 gratia,
3105 981 3196 1036 sed
3229 992 3496 1051 tamquam
3524 981 3622 1036 de-

2042 1071 2183 1126 bitor
2211 1112 2227 1139 ,
2265 1072 2430 1128 efficit
2459 1073 2688 1142 primum
2731 1082 2787 1126 ut
2823 1072 2982 1125 homo
3021 1072 3114 1126 det
3140 1088 3294 1125 suum
3329 1073 3492 1127 filium
3528 1089 3623 1144 pro

2041 1165 2242 1234 placito
2289 1165 2379 1219 Dei
2411 1205 2426 1231 ,
2469 1173 2527 1218 ut
2558 1165 2685 1218 nihil
2713 1164 2982 1218 videretur
3007 1179 3254 1233 magnum
3284 1165 3455 1218 facere
3484 1165 3618 1221 dans

2045 1257 2236 1312 Filium
2259 1273 2436 1322 suum,
2469 1256 2736 1326 siquidem
2765 1266 2888 1311 ante
2917 1271 3039 1310 emn
3069 1255 3231 1309 homo
3252 1256 3353 1310 hoc
3381 1255 3529 1321 fecit,
3556 1273 3624 1312 ne

2046 1349 2445 1403 existimaretur
2474 1349 2574 1403 hoc
2602 1349 2778 1403 facere
2803 1363 2869 1402 ex
2898 1348 3066 1417 gratia
3098 1347 3272 1401 solum
3294 1389 3308 1413 ,
3337 1348 3433 1412 sed
3461 1349 3621 1404 etiam

2045 1453 2112 1493 ex
2155 1438 2356 1493 debito.
2385 1437 2516 1492 Nam
2545 1452 2677 1507 quos
2702 1437 2990 1507 diligimus,
3015 1437 3117 1492 hoc
3143 1453 3351 1507 quoque
3379 1439 3626 1493 volumus

2042 1531 2121 1585 eis
2141 1529 2360 1594 donare,
2399 1537 2456 1593 ut
2477 1529 2751 1583 videamur
2763 1529 2830 1583 ab
2851 1529 2914 1583 iis
2933 1529 3076 1598 prius
3092 1530 3405 1599 consequuti
3427 1530 3627 1600 aliquid

2044 1622 2292 1691 exiguum
2317 1662 2332 1687 ,
2381 1621 2460 1676 sic
2517 1621 2594 1675 eis
2636 1628 2804 1674 totum
2836 1619 3007 1685 dare;
3037 1630 3092 1674 et
3130 1622 3298 1690 magis
3338 1622 3627 1690 gloriemur

2046 1711 2186 1782 quod
2217 1711 2778 1781 acccperimus,quam
2802 1711 2941 1779 quod
2971 1710 3311 1775 dederimus;
3337 1721 3516 1766 etnon
3548 1711 3630 1766 di-

2049 1806 2241 1868 cimus,
2274 1803 2385 1858 lloc
2411 1803 2458 1858 ei
2488 1802 2756 1866 dedimus,
2783 1802 2900 1866 sed,
2929 1803 3039 1856 Hoc
3064 1803 3131 1856 ab
3159 1803 3274 1871 ipso
3294 1803 3621 1873 accepimus.

2051 1895 2198 1950 Unde
2222 1904 2270 1949 et
2293 1911 2438 1959 eum,
2473 1895 2676 1963 inquit,
2709 1895 2900 1965 accepit
2947 1895 3001 1948 in
3037 1895 3280 1963 parabole
3307 1936 3322 1960 ,
3369 1895 3472 1950 hoc
3498 1907 3581 1952 est
3611 1939 3624 1962 ,

2051 1999 2319 2058 tamquam
2351 1987 2402 2040 in
2432 1987 2716 2055 arnigmate
2750 2004 2763 2039 :
2795 1997 2910 2041 erat
2947 1987 3088 2040 enim
3133 1988 3274 2042 aries
3331 1989 3492 2042 veluti
3527 2005 3626 2058 pa-

2049 2080 2230 2134 rabula
2273 2089 2365 2133 aut
2415 2077 2709 2132 similitudo
2745 2079 2891 2134 lsaac
2924 2096 2937 2132 :
2967 2088 3054 2133 aut
3093 2079 3253 2134 veluti
3305 2081 3354 2133 in
3401 2088 3526 2151 typo
3563 2096 3628 2136 ac

2044 2172 2228 2242 figura.
2274 2171 2404 2228 Nam
2467 2173 2725 2243 quoniam
2777 2173 3055 2228 voluntate
3112 2175 3275 2228 animi
3333 2176 3625 2263 perfectum

2043 2266 2209 2318 fuerat
2240 2265 2562 2320 sacrificium
2603 2275 2658 2322 et
2697 2267 2906 2322 occisus
2948 2266 3092 2321 Isaac
3116 2311 3131 2335 ,
3172 2275 3469 2338 propterea
3497 2283 3621 2324 eum

2047 2357 2208 2409 donat
2240 2357 2575 2426 patriarchze.

2107 2447 2162 2501 2.
2197 2447 2356 2502 Vides
2384 2448 2486 2503 hoc
2529 2463 2668 2504 nunc
2697 2463 2906 2519 quoque
2937 2448 3144 2504 ostendi
3169 2490 3186 2516 ,
3213 2451 3355 2521 quod
3396 2467 3616 2522 semper

2039 2539 2190 2595 dico?
2215 2540 2349 2595 Cum
2374 2542 2513 2595 enim
2542 2552 2776 2597 mentem
2807 2551 3045 2598 nostram
3077 2545 3480 2600 exhibuerimus
3504 2563 3625 2617 per-

2039 2630 2252 2696 fectam,
2280 2639 2336 2686 et
2364 2632 2760 2688 ostenderimus
2787 2649 2888 2690 nos
2915 2650 3003 2690 res
3026 2645 3268 2691 terrenas
3303 2637 3580 2708 despicere
3604 2681 3623 2708 ,

2041 2732 2167 2777 tunc
2187 2738 2400 2794 quoque
2432 2725 2588 2779 nobis
2615 2725 2778 2780 donat
2804 2741 2890 2781 res
2922 2737 3163 2782 terrenas
3188 2769 3202 2786 .
3231 2735 3285 2783 et
3315 2746 3418 2784 non
3449 2739 3574 2785 ante
3598 2770 3616 2796 ,

2042 2831 2112 2870 ne
2156 2825 2435 2887 acceptum
2481 2816 2682 2872 donum
2730 2833 2828 2874 nos
2879 2827 3108 2873 terrenis
3154 2820 3401 2887 alligatos
3453 2820 3624 2890 magis

2042 2908 2220 2964 adhuc
2249 2911 2450 2980 alliget.
2479 2910 2638 2966 Solve
2673 2920 2746 2976 te,
2791 2911 2988 2980 inquit,
3018 2912 3245 2982 primum
3275 2927 3306 2966 a
3338 2913 3622 2977 servitute,

2037 3010 2090 3055 et
2118 3009 2242 3056 tunc
2286 3003 2510 3070 accipe,
2539 3012 2596 3056 ut
2639 3017 2743 3057 non
2798 3003 3026 3070 amplius
3066 3004 3299 3072 accipias
3347 3013 3617 3075 tamquam

2042 3106 2230 3146 servus
2254 3133 2269 3158 ,
2299 3091 2392 3146 sed
2422 3101 2688 3160 tamquam
2728 3091 2977 3145 dominus
3007 3110 3020 3144 :
3052 3092 3266 3161 despice
3292 3094 3538 3156 divitias.
3565 3104 3622 3150 et

2038 3183 2147 3238 eris
2172 3182 2322 3237 dives
2343 3198 2356 3246 ;
2378 3182 2596 3250 despice
2617 3181 2865 3251 gloriam,
2886 3191 2939 3235 et
2955 3181 3063 3236 eris
3083 3183 3376 3252 gloriosus;
3403 3185 3622 3254 despice

2039 3275 2293 3329 ultionem
2326 3274 2662 3328 inimicorum
2684 3315 2699 3339 ,
2739 3281 2794 3327 et
2819 3281 2964 3328 tunc
2994 3289 3111 3328 eam
3143 3278 3479 3346 assequeris;
3525 3279 3621 3333 de-

2035 3366 2182 3434 Spice
2207 3366 2438 3436 quietem
2461 3374 2513 3419 et
2533 3365 2926 3429 remissionem,
2955 3374 3010 3420 et
3042 3374 3170 3421 tunc
3194 3382 3309 3420 eam
3338 3370 3568 3437 accipies
3600 3387 3614 3423 :

2037 3465 2094 3512 ut
2113 3473 2232 3512 cum
2255 3458 2545 3527 acceperis,
2571 3472 2675 3511 non
2703 3467 2968 3528 tamquam
2990 3457 3198 3512 vinctus
3226 3474 3342 3513 eam
3361 3461 3612 3527 accipias,

2038 3564 2210 3620 neque
2240 3558 2506 3620 tamquam
2544 3563 2730 3605 servus
2756 3591 2771 3617 ,
2819 3549 2913 3605 sed
2958 3559 3226 3619 tamquam
3275 3551 3429 3604 liber.
3467 3554 3621 3606 Sit-ut

2035 3643 2177 3696 enim
2212 3643 2260 3696 in
2289 3642 2465 3712 parvis
2495 3642 2695 3711 pueris,
2721 3643 2936 3712 quando
2955 3659 3088 3713 puer
3104 3643 3318 3713 quidem
3348 3644 3619 3698 desiderat

2039 3734 2241 3788 ludicra
2274 3735 2492 3803 puerilia
2519 3775 2533 3799 ,
2569 3749 2796 3802 propere
2841 3736 3129 3790 admodum
3178 3752 3240 3791 ea
3288 3737 3621 3792 occultaums

2039 3835 2097 3882 ut
2121 3827 2336 3898 globum
2377 3837 2430 3880 et
2468 3835 2660 3880 czetera
2712 3826 3013 3894 bujusmodi
3041 3869 3055 3891 ,
3107 3844 3174 3881 ne
3229 3828 3548 3897 impediatur
3587 3845 3619 3884 a

2038 3917 2356 3974 necessariis
2387 3935 2400 3970 :
2429 3915 2642 3986 quando
2668 3924 2848 3971 autem
2877 3932 2939 3971 ea
2965 3917 3193 3987 despicit
3221 3958 3237 3980 ,
3281 3926 3334 3972 et
3367 3934 3472 3972 non
3501 3934 3618 3972 am-

2038 4011 2178 4081 plius
2203 4022 2266 4062 ea
2291 4007 2581 4071 desiderat,
2621 4007 2722 4076 ipsi
2749 4021 2811 4062 ea
2841 4022 3033 4063 secure
3061 4008 3416 4078 impertimur,
3448 4021 3504 4063 ut
3527 4011 3620 4078 qui

2040 4105 2274 4160 sciamus
2310 4103 2436 4158 inde
2477 4101 2680 4158 nullam
2724 4102 2981 4171 deinceps
3005 4100 3055 4156 ei
3085 4115 3204 4155 esse
3233 4115 3458 4162 noxam,
3503 4115 3626 4153 cum

2041 4195 2171 4250 illud
2197 4193 2522 4250 desiderium
2553 4208 2660 4248 non
2687 4193 2920 4262 amplius
2949 4192 3120 4263 possit
3145 4207 3268 4246 eum
3301 4191 3569 4245 abducere
3593 4205 3623 4244 a

2043 4285 2368 4340 necessariis
2403 4302 2415 4337 :
2447 4285 2517 4338 ita
2561 4283 2704 4338 Deus
2737 4299 2950 4354 quoque
2993 4298 3114 4338 cum
3158 4282 3354 4336 viderit
3394 4298 3490 4336 nos
3519 4297 3624 4335 nou

2041 4375 2270 4445 amplius
2295 4389 2492 4443 cupere
2521 4391 2639 4444 qua:
2671 4375 2755 4429 hic
2779 4383 2923 4438 sunt,
2957 4383 3081 4427 tunc
3107 4374 3234 4426 sinit
3263 4389 3360 4426 nos
3389 4374 3468 4427 eis
3495 4376 3570 4426 uti
3605 4388 3620 4426 :

2043 4482 2103 4519 ea
2130 4466 2272 4520 enim
2301 4465 2559 4520 habemus
2586 4474 2854 4534 tamquam
2893 4465 3044 4518 liberi
3077 4472 3132 4517 et
3171 4463 3307 4526 viri,
3353 4479 3456 4516 non
3489 4473 3628 4517 tam-

2041 4571 2197 4626 quam
2227 4556 2396 4624 pueri.
2423 4555 2554 4609 Nam
2580 4555 2742 4626 quod,
2766 4555 2810 4608 si
2836 4555 3222 4623 contempseris
3249 4554 3500 4606 ultionem
3531 4569 3623 4607 su-

2043 4664 2192 4704 mere
2219 4648 2288 4704 de
2315 4649 2566 4713 inimicis,
2599 4657 2724 4703 tunc
2752 4649 3053 4718 assequeris
3076 4687 3091 4712 ,
3123 4646 3244 4700 audi
3273 4645 3398 4715 quid
3429 4645 3570 4698 dicat
3605 4662 3618 4698 :

2043 4741 2104 4797 Si
2131 4743 2286 4796 esurit
2316 4749 2432 4795 tuus
2457 4742 2722 4806 inimicus,
2748 4741 2858 4794 ciba
2898 4741 3043 4794 illaut
3069 4757 3087 4794 :
3117 4739 3160 4792 si
3189 4739 3326 4802 sitit,
3358 4737 3425 4789 da
3451 4737 3495 4788 ei
3522 4753 3620 4806 po-

2042 4842 2182 4900 tum;
2211 4842 2264 4888 et
2287 4833 2580 4901 subjunxit.
2613 4831 2725 4886 Hoc
2744 4833 2873 4885 enim
2897 4832 3106 4901 faciens,
3128 4845 3364 4898 congeres
3382 4829 3624 4882 carbones

2040 4939 2193 4992 super
2217 4931 2370 4992 caput
2395 4923 2506 4991 ejus
2535 4921 2708 4989 (Rom.
2742 4921 2827 4976 12.
2874 4920 2989 4989 20).
3023 4919 3090 4973 Ει
3127 4934 3314 4972 rursus
3355 4917 3498 4988 quod
3525 4960 3539 4982 ,
3572 4917 3620 4972 si

2038 5014 2353 5084 despexeris
2388 5013 2623 5078 divitias,
2656 5021 2781 5067 tunc
2811 5027 2901 5066 eas
2935 5009 3240 5080 assequeris
3260 5049 3277 5075 ,
3306 5009 3430 5064 audi
3458 5009 3621 5065 Chri-

2036 5118 2176 5164 stum
2206 5109 2475 5164 dicentcm
2505 5124 2521 5161 :
2553 5107 2732 5161 Omnis
2755 5107 2841 5176 qui
2866 5104 3124 5174 reliquerit
3155 5112 3366 5172 patrem,
3396 5113 3485 5157 aut
3513 5119 3622 5156 ma-

2035 5212 2183 5267 trem,
2213 5211 2301 5256 aut
2328 5201 2534 5255 domum
2557 5241 2574 5266 ,
2604 5209 2691 5252 aut
2718 5203 2924 5267 fratres,
2957 5195 3250 5266 centupt'um
3292 5196 3540 5264 accipiet,
3573 5204 3620 5247 et

2035 5295 2188 5348 vitam
2212 5302 2454 5348 wternam
2481 5289 2755 5360 possidebit
2785 5287 3002 5356 (Matth.
3027 5285 3114 5342 i9.
3143 5284 3258 5354 29).
3290 5286 3356 5340 Et
3380 5284 3546 5354 quod,
3573 5284 3620 5339 si

2034 5385 2347 5456 despexeris
2372 5383 2620 5453 gloriam,
2644 5388 2772 5434 tunc
2795 5395 2913 5435 eam
2939 5379 3266 5450 assequeris,
3293 5375 3417 5430 audi
3444 5377 3620 5445 ipsum

2033 5489 2219 5530 rursus
2235 5473 2505 5529 Christum
2527 5471 2817 5536 dicentem,
2845 5469 2943 5537 Qui
2969 5471 3074 5524 uult
3103 5470 3234 5524 inter
3260 5484 3348 5522 vos
3375 5483 3480 5521 esse
3508 5467 3616 5538 pri-

2032 5582 2166 5632 mus,
2193 5567 2255 5620 sit
2281 5575 2439 5619 vester
2461 5563 2708 5628 minister;
2735 5573 2790 5616 et
2811 5577 3017 5628 rursus,
3044 5561 3147 5628 Qui
3175 5578 3229 5616 se
3255 5560 3615 5624 humiliaverit,

2031 5658 2335 5712 cxaltabitur
2381 5656 2605 5727 (Matth.
2661 5653 2751 5710 20.
2783 5654 2878 5708 26.
2918 5664 2965 5707 et
2995 5653 3088 5708 25.
3129 5652 3243 5722 12).
3282 5651 3418 5721 Quid
3449 5651 3617 5706 dicis?

2031 5752 2076 5806 si
2097 5750 2165 5806 do
2189 5759 2374 5820 potum
2408 5749 2630 5805 inimico
2655 5791 2670 5816 ,
2702 5757 2831 5805 tunc
2873 5763 2995 5805 eum
3036 5746 3236 5818 punio?
3263 5747 3308 5802 si
3334 5745 3615 5802 facultates
