4088 6204
464 434 744 497 dimisero,
779 440 906 489 tunc
933 446 1027 488 cro
1041 431 1324 489 excelsus?
1345 431 1389 485 si
1414 445 1503 485 me
1526 429 1903 496 humiliavero,
1928 440 2057 486 tunc

463 527 784 584 exaltabor?
809 527 1059 591 Maxime,
1084 526 1258 594 inquit
1284 544 1298 580 :
1330 540 1392 581 ea
1425 533 1508 579 est
1535 525 1680 581 enim
1712 540 1832 581 mea
1860 533 2057 598 poten-

464 620 554 685 tia,
591 627 648 673 ut
678 620 945 675 contraria
978 618 1244 688 praebeam
1272 633 1369 688 per
1397 618 1665 672 contraria
1698 634 1713 672 :
1746 633 1864 672 sum
1898 619 2054 674 locu-

460 712 575 781 ples
600 721 652 767 et
677 711 744 766 ad
785 725 874 766 res
903 709 1139 781 agendas
1180 710 1355 765 solers
1384 727 1400 765 :
1429 724 1497 764 ne
1525 708 1716 764 timeas
1750 726 1765 762 :
1798 710 2050 764 volunta-

461 813 566 858 tem
610 819 782 859 meam
814 805 1278 873 sequitur'rerum
1310 812 1497 858 natura
1518 844 1533 868 ,
1580 818 1687 857 non
1716 797 1832 872 ego‘
1854 817 2053 873 sequor

459 906 702 950 naturam
749 910 894 966 :ego
938 897 1115 950 omnia
1159 911 1391 966 operor,
1443 910 1549 950 non
1593 896 1662 949 ab
1712 895 1817 950 illis
1866 910 2047 966 agor:

457 990 805 1057 quamobrem
829 1003 929 1058 ego
955 1004 1045 1044 eas
1070 1003 1288 1058 possum
1322 997 1681 1042 transmittare
1701 995 1756 1042 et
1779 988 2046 1042 transforo

455 1098 622 1137 mare.
651 1083 718 1137 Et
747 1082 873 1152 quid
920 1083 1159 1148 miraris,
1188 1082 1233 1136 si
1265 1081 1315 1134 in
1348 1081 1433 1135 his
1469 1079 1526 1134 fit
1555 1081 1697 1136 tale?
1737 1080 1840 1135 hoc
1867 1081 2044 1151 ipsum

455 1173 597 1228 enim
631 1173 874 1228 invenies
903 1174 1064 1227 etiam
1094 1174 1146 1226 in
1169 1172 1291 1233 aliis
1320 1170 1592 1225 omnibus.

528 1264 629 1330 Qui
649 1264 956 1317 contumelia
999 1263 1152 1334 afﬁcit
1174 1304 1188 1327 ,
1222 1263 1332 1330 ipse
1368 1261 1675 1314 contumelia
1700 1262 1936 1331 a/ﬁcitur.
1972 1294 2043 1305 —-

453 1354 509 1409 Si
544 1355 791 1426 injuriam
825 1354 1010 1418 facias,
1050 1353 1273 1408 affectus
1313 1367 1373 1408 es
1417 1352 1609 1422 injuria
1648 1369 1666 1406 :
1701 1354 1747 1408 si
1791 1353 1929 1409 facta
1958 1363 2044 1410 est

454 1452 547 1505 tibi
576 1453 769 1521 injuria
797 1495 811 1517 ,
862 1462 985 1507 tunc
1032 1469 1135 1507 non
1181 1470 1241 1508 es
1288 1453 1479 1522 injuria
1511 1454 1734 1507 affectus
1764 1471 1778 1507 :
1813 1455 1856 1507 si
1898 1455 2040 1510 ultus

452 1546 638 1611 fueris,
658 1555 783 1600 tunc
810 1562 913 1600 non
942 1557 1021 1599 est
1051 1546 1193 1599 ultus
1217 1586 1232 1610 ,
1262 1544 1356 1600 sed
1392 1545 1619 1615 teipsum
1653 1560 1711 1599 es
1741 1546 1901 1599 ultus.
1940 1546 2041 1611 Qui

452 1637 618 1697 enim,
646 1637 855 1706 inquit,
899 1637 1066 1707 diligit
1110 1637 1425 1705 iniquitatem
1447 1678 1461 1701 ,
1507 1636 1613 1689 odit
1642 1636 1867 1689 animam
1895 1653 2041 1690 suam

455 1727 615 1801 (Prov
661 1728 750 1784 29.
800 1728 916 1798 24).
956 1728 1118 1784 Vides
1161 1731 1299 1799 quod
1347 1745 1449 1782 non
1482 1729 1669 1797 injuria
1700 1728 1902 1792 afticis,
1945 1730 2037 1785 sed

454 1820 645 1890 injuria
678 1820 901 1877 affectus
944 1823 1042 1876 es?
1089 1823 1375 1891 Propterea
1420 1821 1550 1877 dicit
1592 1822 1753 1877 etiam
1794 1821 1989 1877 Paulus
2023 1840 2038 1876 :

456 1910 629 1976 Quare
669 1930 771 1967 non
818 1914 980 1983 magis
1022 1914 1263 1985 injuriam
1306 1914 1535 1982 accipitis
1578 1912 1654 1986 (ι.
1687 1914 1808 1968 Cor.
1847 1913 1900 1969 6.
1946 1910 2043 1985 7)?

452 2002 646 2058 Vidisti
685 2004 827 2074 quod
857 2005 959 2059 hoc
985 2022 1089 2058 non
1118 2007 1187 2059 sit
1214 2005 1402 2074 injuria
1433 2006 1613 2060 affici?
1642 2006 1869 2074 Quando
1906 2023 2044 2063 eon-

451 2095 669 2149 tumelia
690 2094 956 2161 affeceris,
983 2104 1110 2151 tunc
1136 2095 1358 2151 aﬂ‘ectus
1385 2111 1444 2152 es
1470 2098 1815 2153 contumelia.
1851 2097 1918 2152 Et
1940 2097 2043 2153 lnc

450 2200 519 2240 ex
551 2195 699 2254 parte
725 2188 901 2241 sciunt
929 2187 1080 2241 multi
1121 2206 1135 2243 :
1167 2197 1224 2241 ut
1272 2186 1488 2257 quando
1532 2188 1718 2242 dicunt
1763 2170 1904 2243 inter
1935 2204 1993 2244 se
2023 2205 2037 2241 :

452 2274 997 2340 Hinctliscedamus.
1043 2293 1111 2333 ne
1160 2278 1389 2347 tcipsum
1437 2277 1641 2333 afﬁcias
1689 2280 2037 2334 contumelia.

450 2368 853 2434 Quamobrem?
882 2369 1144 2438 Quoniam
1193 2371 1415 2423 multum
1451 2371 1676 2426 interest
1703 2373 1841 2426 inter
1864 2382 1914 2426 te
1937 2414 1953 2437 ,
1983 2382 2039 2428 et

451 2460 647 2516 illum:
690 2477 811 2516 nam
859 2464 1303 2531 quantiscumque
1346 2461 1591 2517 affeceris
1638 2464 1977 2519 contumeliis
2004 2503 2022 2531 ,

450 2550 541 2606 ille
564 2551 788 2622 gloriam
816 2554 1107 2607 existimat.
1145 2553 1254 2607 lloe
1286 2554 1337 2608 in
1368 2553 1617 2608 omnibus
1642 2555 1959 2623 cogitemus,
1983 2564 2037 2611 et

449 2644 788 2699 contumeliis
840 2645 1117 2701 evadimus
1166 2646 1492 2715 superiores.
1550 2646 1875 2714 Quomodo?
1918 2650 2035 2720 Ego

449 2735 570 2790 dico
601 2756 614 2790 :
647 2736 701 2791 Si
725 2745 807 2792 est
835 2738 987 2792 nobis
1018 2754 1191 2808 pugna
1220 2738 1477 2794 adversus
1502 2754 1623 2793 eum
1654 2741 1824 2810 ipsum
1842 2742 1930 2812 qui
1954 2753 2036 2798 est

449 2823 667 2879 indutus
714 2842 945 2896 purpura
975 2869 990 2893 ,
1038 2843 1161 2883 cum
1203 2829 1526 2883 contumelia
1574 2846 1697 2886 eum
1743 2831 2032 2901 afiicimus,

448 2918 821 2973 existimamus
863 2934 960 2974 nos
1002 2921 1150 2990 ipsos
1199 2921 1394 2989 injuria
1444 2922 1703 2976 afficere:
1738 2938 1861 2978 nam
1913 2925 2035 2979 ideo

448 3008 592 3079 digni
611 3026 795 3064 sumus
822 3012 911 3082 qui
938 3012 1133 3082 probro
1149 3013 1468 3069 afficiantur.
1490 3013 1625 3081 Quid
1645 3014 1799 3077 dicis.
1824 3017 2034 3085 quaeso?

446 3117 568 3156 cum
601 3103 674 3156 sis
699 3103 833 3157 civis
860 3105 1137 3171 cadorum,
1165 3113 1221 3159 et
1246 3120 1535 3175 supernam
1567 3106 1767 3162 habeas
1798 3107 2036 3176 philoso-

447 3193 651 3264 phiam,
681 3211 803 3250 cum
826 3212 891 3250 eo
919 3199 1008 3266 qui
1037 3213 1122 3253 res
1151 3207 1393 3253 terrenas
1413 3211 1589 3253 mente
1611 3202 1793 3268 agitat,
1824 3202 2035 3270 probris

448 3285 677 3354 teipsum
725 3289 974 3357 appetis?
1025 3288 1155 3342 Nam
1202 3290 1409 3344 etiamsi
1459 3291 1713 3355 pecunias
1760 3293 2034 3362 possideat

445 3374 885 3442 innumerabiles,
918 3388 970 3434 et
1001 3380 1069 3433 sit
1100 3379 1151 3433 in
1182 3380 1480 3450 principatu
1503 3392 1559 3435 et
1587 3391 1868 3451 potestate,
1899 3399 2032 3438 non—

445 3466 572 3520 dum
605 3478 778 3521 tamen
810 3469 911 3522 scit
950 3469 1144 3523 bonum
1191 3482 1363 3524 tuum.
1412 3470 1532 3525 Noli
1564 3472 1790 3542 teipsum
1837 3484 2023 3530 contu-

447 3557 602 3612 melia
624 3557 862 3625 afficere,
885 3559 1029 3613 illum
1058 3560 1296 3620 afﬁciens
1322 3565 1646 3619 contumelia
1679 3581 1692 3618 :
1727 3564 1820 3620 tibi
1846 3563 2027 3636 parce,

444 3664 550 3704 non
578 3649 652 3704 illi
686 3668 700 3706 :
731 3651 958 3719 teipsum
991 3650 1216 3717 honora,
1251 3668 1356 3708 non
1390 3655 1561 3709 illum.
1595 3656 1784 3712 Annon
1812 3668 1896 3712 est
1926 3659 2026 3713 hu-

437 3741 675 3811 jusmodi
703 3742 1040 3813 proverbium
1072 3761 1085 3797 :
1114 3742 1217 3812 Qui
1241 3745 1489 3813 honorat,
1513 3747 1748 3819 seipsum
1773 3748 2021 3804 honorat.

442 3835 510 3890 Et
549 3836 743 3890 merito
775 3854 789 3891 :
818 3850 925 3891 non
953 3841 1098 3893 enim
1148 3839 1297 3895 illum
1339 3839 1587 3901 honorat.
1639 3841 1732 3896 sed
1765 3843 2025 3911 seipsum.

442 3925 580 3980 Audi
609 3928 892 3996 quemdam
921 3930 1215 3999 sapientem
1246 3931 1509 3988 dicentem
1544 3950 1558 3990 :
1586 3931 1697 3987 Fac
1721 3936 1908 3989 animae
1927 3945 2027 3989 tua

441 4016 683 4069 honorent
720 4019 876 4084 juxta
907 4020 1020 4088 ejus
1046 4020 1346 4091 dignitatem
1376 4024 1393 4092 (
1418 4023 1580 4078 Eccli.
1616 4025 1703 4079 10.
1733 4026 1848 4096 51).
1885 4025 2025 4092 Quid

439 4112 545 4165 cst,
577 4100 742 4156 Juxta
770 4106 880 4174 ejus
923 4109 1261 4175 dignitatem?
1286 4111 1341 4165 Si
1374 4128 1465 4179 per
1493 4113 1772 4166 avaritiam
1805 4114 2025 4168 frauda-

452 4188 548 4247 vit,
577 4195 632 4241 tu
665 4202 732 4241 ne
770 4188 1019 4255 fraudes;
1064 4193 1108 4247 si
1152 4192 1330 4249 affecit
1354 4198 1705 4263 contumelia,
1745 4216 1812 4255 ne
1839 4213 2035 4257 contu—

452 4277 608 4332 melia
637 4276 859 4332 aflicias.
888 4279 984 4332 hic
1011 4282 1160 4346 mihi,
1194 4299 1397 4353 quaeso,
1426 4287 1469 4339 si
1491 4287 1608 4354 quis
1635 4305 1835 4361 pauper
1861 4293 2029 4350 lutum

447 4370 630 4438 iacens
676 4384 707 4424 e
757 4380 843 4424 tua
874 4371 993 4427 aula
1037 4374 1302 4444 acciperet
1324 4396 1344 4438 ,-
1369 4391 1492 4430 num
1509 4389 1781 4448 propterea
1800 4398 1921 4438 eum
1938 4400 2033 4442 vo-

450 4475 604 4515 cares
634 4460 685 4515 iu
718 4461 1017 4530 judicium?
1047 4463 1409 4537 Nequaquam.
1446 4468 1664 4537 Quare?
1700 4472 1776 4528 Ne
1804 4483 1855 4529 te
1882 4490 2013 4531 con-

451 4550 664 4605 tumelia
694 4550 917 4617 afﬁcias,
946 4569 1013 4608 ne
1042 4563 1092 4609 te
1116 4570 1307 4611 omnes
1336 4556 1714 4614 condemnent.
1749 4561 1861 4620 Hoc
1888 4580 2031 4621 nunc

446 4655 659 4712 quoque
684 4641 740 4697 fit
772 4661 785 4697 :
817 4643 971 4699 dives
1001 4647 1142 4699 enim
1171 4657 1251 4702 est
1277 4664 1478 4719 pauper
1497 4692 1512 4714 ,
1542 4660 1596 4705 et
1616 4667 1722 4720 quo
1742 4663 1825 4708 est
1845 4655 2026 4724 ditior,

444 4751 513 4791 eo
542 4738 710 4808 magis
739 4753 862 4794 vera
890 4738 1097 4794 laborat
1128 4751 1458 4810 paupertate.
1490 4743 1680 4799 Lutum
1704 4756 1787 4801 est
1811 4763 2024 4817 aurum,

447 4826 502 4881 in
524 4828 644 4882 aula
669 4829 879 4898 jacens,
908 4845 1013 4885 non
1044 4832 1187 4886 domi
1213 4842 1315 4887 tute
1336 4833 1496 4888 situm
1532 4853 1545 4891 :
1571 4836 1758 4892 czelum
1778 4839 1919 4895 enim
1944 4851 2029 4897 est

449 4916 645 4972 domus
664 4928 771 4972 tua.
790 4919 845 4975 Si
870 4930 1146 4991 propterea
1174 4937 1302 4993 ergo
1332 4924 1473 4979 litem
1506 4940 1720 4982 moveas
1748 4937 1803 4984 et
1825 4930 2028 5000 judicio

447 5007 763 5075 contendas,
782 5025 962 5068 annon
988 5020 1038 5069 te
1056 5012 1482 5070 condemnabunt
1501 5020 1715 5088 superni
1735 5021 1878 5077 cives
1894 5022 1917 5075 ?
1932 5038 2029 5079 au-

445 5114 551 5153 nnn
572 5098 788 5168 ejicient
814 5114 864 5157 te
884 5120 915 5157 e
937 5120 1029 5158 sua
1056 5107 1243 5175 patria,
1265 5107 1356 5178 qui
1375 5124 1434 5163 es
1459 5108 1592 5165 adeo
1627 5110 1864 5181 humilis,
1888 5114 2026 5171 adeo

443 5188 567 5243 vilis
593 5199 649 5245 et
682 5190 919 5258 abjectus
939 5233 956 5259 ,
988 5204 1043 5249 ut
1072 5212 1169 5267 pro
1194 5198 1405 5254 modico
1434 5199 1543 5255 luto
1586 5201 1720 5257 velis
1747 5208 2025 5275 pugnare?

442 5279 573 5335 Nam
616 5280 662 5336 si
696 5281 925 5336 mundus
972 5297 1114 5340 esset
1159 5297 1295 5353 tuus,
1342 5289 1537 5347 deinde
1564 5296 1880 5365 sumpsisset
1918 5298 2021 5352 ali-

438 5373 560 5442 quis
589 5387 734 5438 eum,
766 5374 1003 5428 converti
1033 5377 1201 5447 magis
1226 5389 1516 5449 oporteret.

506 5467 561 5521 3.
591 5465 779 5521 Nescis
805 5465 946 5533 quod
977 5466 1025 5522 si
1056 5467 1237 5526 decies
1263 5474 1507 5541 posueris
1533 5475 1718 5532 urbem
1743 5485 1898 5533 terrre
1919 5520 1934 5538 .
1963 5466 2020 5535 et

436 5558 644 5614 centies
670 5566 725 5611 et
752 5556 935 5612 decies
966 5558 1159 5615 millies
1178 5601 1193 5625 ,
1218 5570 1273 5616 et
1297 5562 1380 5618 bis
1417 5572 1621 5619 tantum
1648 5607 1660 5630 ,
1693 5582 1765 5623 ne
1786 5577 1870 5623 est
1897 5569 2017 5637 qui-

432 5652 555 5708 dem
581 5650 647 5704 ad
669 5650 944 5705 minimam
966 5660 1170 5720 partem
1196 5653 1454 5710 bonorum
1477 5672 1597 5727 quae
1619 5667 1743 5712 sunt
1768 5659 1819 5713 iu
1844 5659 2016 5714 caelis?

432 5744 535 5813 Qui
563 5759 693 5812 ergo
716 5756 776 5798 ea
805 5759 925 5812 qua:
955 5743 1041 5800 hic
1069 5753 1193 5801 sunt
1219 5746 1441 5803 miratur
1460 5788 1475 5813 ,
1514 5748 1600 5803 illa
1631 5749 1795 5806 afficit
1821 5760 2010 5807 contu-

1201 338 1261 396 S.
1298 335 1575 394 JOANNIS
1612 328 2089 392 CHRYSOSTOMI
2128 328 2445 389 ARCiIIEP.
2487 333 3019 393 CONSTANTINOP.
3630 340 3721 400 176

2165 433 2347 500 melis,
2377 435 2640 506 siquidem
2674 435 2790 491 hare
2810 436 2968 506 digna
2995 434 3263 492 existimat
3285 435 3336 493 in
3362 451 3478 507 quae
3505 438 3729 496 studium

2162 525 2439 592 conferat,
2468 542 2589 597 quae
2628 526 2697 581 ab
2734 527 2837 581 illis
2864 535 3012 582 tanto
3050 527 3247 582 distant
3275 528 3551 584 intervallo
3579 546 3593 584 :
3623 530 3730 586 imo

2161 635 2291 675 vero
2334 635 2432 675 nec
2474 620 2669 691 poterit
2715 620 2932 692 quidem
2979 620 3066 675 illa
3117 620 3363 675 admirari
3409 638 3422 675 :
3469 622 3730 692 quomodo

2162 712 2330 778 enim,
2360 727 2480 768 cmn
2509 713 2577 768 ad
2610 713 2724 767 haec
2750 712 3134 782 obstupescens
3163 712 3373 768 inhies?
3403 712 3731 769 Dissecemus

2156 803 2241 858 vel
2264 818 2387 858 sero
2409 802 2642 869 uindem,
2675 818 2879 874 quaeso,
2916 802 3069 857 funes
3094 813 3143 859 et
3167 803 3378 874 laqueos
3407 822 3423 858 :
3450 804 3562 859 lnec
3586 805 3727 861 enim

2156 905 2281 948 sunt
2313 909 2398 950 res
2425 904 2671 951 terrente.
2717 896 2978 963 Quamdiu
3019 895 3413 951 incurvabimur
3449 896 3727 951 deorsum?

2155 986 2413 1056 quamdiu
2439 1002 2538 1041 nos
2564 988 2703 1043 alter
2731 988 2884 1043 alteri
2930 987 3298 1043 insidiabimur
3321 1029 3334 1053 ,
3367 989 3501 1043 sicut
3526 988 3648 1045 ferte
3671 1000 3728 1045 et

2153 1079 2295 1136 sicut
2332 1080 2545 1150 pisces?
2573 1081 2684 1136 lino
2711 1097 2837 1137 vero
2867 1081 2993 1137 ferte
3025 1098 3129 1137 non
3163 1092 3348 1154 parant
3373 1083 3469 1138 sibi
3497 1084 3717 1139 invicem

2147 1167 2392 1235 insidias,
2442 1169 2536 1225 sed
2583 1170 2645 1224 iis
2683 1186 2802 1240 qua:
2848 1180 2973 1224 sunt
3009 1171 3203 1227 diversi
3228 1174 3439 1243 generis
3466 1192 3482 1230 :
3511 1188 3716 1246 utputa,

2145 1273 2305 1314 ursus
2334 1273 2515 1313 ursum
2553 1275 2657 1314 non
2687 1259 2968 1315 confestim
2996 1261 3273 1324 interimit,
3304 1278 3475 1335 neque
3498 1279 3721 1335 serpens

2145 1349 2213 1404 de
2242 1349 2419 1405 medio
2446 1351 2582 1405 tollit
2615 1360 2921 1421 serpentem
2946 1392 2963 1417 ,
2996 1362 3055 1406 ut
3083 1354 3171 1423 qui
3202 1365 3503 1410 revereatur
3529 1372 3722 1428 cogna-

2145 1440 2345 1495 tionem
2377 1456 2392 1494 :
2423 1449 2478 1495 tu
2506 1450 2685 1496 autem
2728 1458 2851 1497 eum
2890 1443 2981 1513 qui
3027 1452 3110 1498 est
3155 1444 3390 1514 ejusdem
3426 1449 3636 1517 generis
3666 1457 3722 1503 et

2144 1546 2266 1587 cum
2296 1546 2403 1602 quo
2416 1534 2538 1602 jura
2570 1533 2733 1589 habes
2756 1534 3186 1602 innumerabilia,
3214 1539 3603 1607 cognationem,
3634 1553 3719 1592 ra-

2146 1622 2346 1678 tionem
2372 1664 2386 1688 ,
2420 1625 2509 1678 Dei
2552 1624 2912 1695 cognitionem
2933 1665 2952 1693 ,
2984 1628 3092 1680 vim
3123 1636 3330 1683 naturae
3358 1637 3412 1683 et
3445 1629 3543 1684 alia
3571 1629 3725 1684 innu-

2145 1728 2314 1781 mera,
2341 1722 2397 1769 et
2420 1715 2507 1785 qui
2537 1724 2622 1770 est
2648 1715 2891 1784 ejusdem
2920 1726 3122 1773 naturae
3153 1720 3418 1791 particeps
3441 1762 3454 1786 ,
3486 1721 3721 1791 perimis,

2144 1813 2200 1857 et
2229 1803 2280 1857 in
2309 1804 2447 1859 mala
2473 1804 2646 1875 injicis
2686 1805 3115 1862 innumerabilia.
3162 1807 3298 1876 Quid
3329 1818 3438 1864 tum
3480 1813 3618 1866 enim
3638 1853 3652 1876 ,
3678 1813 3724 1866 si

2144 1894 2376 1965 gladium
2408 1910 2514 1950 non
2541 1896 2739 1967 adigis,
2784 1913 2959 1968 neque
2997 1900 3050 1954 in
3077 1900 3273 1956 collum
3305 1900 3574 1957 dexteram
3620 1904 3722 1958 im-

2145 1988 2377 2058 mergis?
2393 1989 2494 2042 alia
2527 1989 2655 2044 iacis
2679 1989 2780 2045 hoc
2804 1992 3067 2061 graviora,
3095 1993 3144 2046 in
3171 2002 3453 2064 perpetuas
3480 1996 3724 2065 injioicns

2145 2079 2440 2134 molestias.
2466 2080 2597 2134 Nam
2629 2082 2673 2134 si
2703 2081 2802 2136 hoc
2833 2083 3070 2148 fecisses,
3097 2084 3383 2140 liberasses
3412 2100 3532 2140 eum
3565 2101 3592 2139 a
3623 2087 3725 2141 sol-

2146 2170 2458 2227 licitudine:
2494 2187 2634 2228 nunc
2662 2182 2839 2228 autem
2864 2173 3037 2243 injicis
3060 2174 3110 2228 iu
3142 2174 3357 2242 famem,
3391 2178 3724 2243 servitutem,

2146 2262 2488 2332 tegritudines
2512 2274 2567 2318 et
2588 2264 2750 2318 multa
2776 2274 3014 2334 peccata.
3036 2266 3162 2321 ﬂare
3179 2266 3319 2331 dico,
3349 2277 3401 2323 et
3423 2284 3527 2323 non
3549 2284 3727 2324 cessa-

2144 2353 2215 2408 bo
2252 2353 2465 2418 dicere,
2497 2370 2603 2409 non
2650 2370 2745 2408 vos
2783 2355 3011 2411 incitans
3053 2356 3120 2412 ad
3161 2358 3365 2413 ctedem
3407 2359 3721 2423 faciendam,

2145 2460 2317 2516 neque
2341 2445 2633 2499 adhortans
2656 2456 2713 2499 ut
2737 2445 2804 2501 ad
2831 2448 3026 2502 malum
3049 2448 3138 2503 illo
3160 2451 3339 2505 minus
3363 2452 3604 2518 veniatis,
3628 2451 3723 2508 sed

2147 2552 2214 2591 ne
2238 2535 2520 2591 confidatis
2552 2546 2821 2606 tamquam
2862 2552 3049 2606 pteuas
3079 2555 3184 2595 non
3212 2542 3329 2597 sitis
3357 2542 3526 2597 daturi
3557 2559 3571 2598 :
3600 2558 3721 2597 nam

2149 2628 2248 2695 Qui
2296 2628 2477 2682 victum
2520 2628 2701 2682 adimit
2747 2631 2979 2697 proximo
3023 2641 3071 2687 et
3116 2650 3335 2703 panem,
3387 2637 3567 2690 occidit
3610 2634 3725 2690 eum

2146 2719 2330 2789 (Eccli.
2375 2720 2464 2775 54.
2510 2719 2625 2788 24).
2656 2720 3040 2778 Contineamus
3071 2725 3284 2781 tandem
3316 2728 3451 2797 apud
3484 2744 3582 2784 nos
3611 2744 3727 2782 ma-

2146 2827 2266 2877 nus,
2291 2827 2510 2882 qumso;
2533 2812 2639 2868 imo
2660 2828 2787 2867 vero
2808 2830 2916 2869 non
2941 2816 3332 2884 contineamus,
3354 2819 3446 2874 sed
3469 2834 3558 2875 eas
3579 2829 3726 2875 recte

2145 2903 2517 2969 extendamus,
2548 2919 2653 2956 non
2685 2903 2751 2958 ad
2780 2904 2927 2973 plura
2958 2906 3278 2976 acquirenda
3306 2923 3401 2978 per
3424 2910 3723 2975 avaritiam,

2144 2993 2239 3048 sed
2276 2994 2341 3047 ad
2371 2994 2767 3065 eleemosynam
2804 3013 2816 3048 :
2848 3011 2913 3051 ne
2956 2995 3251 3054 habeamus
3293 3015 3507 3054 manum
3556 3000 3721 3055 infru-

2144 3096 2419 3153 ctuosam,
2455 3102 2551 3142 nec
2595 3089 2796 3143 aridam
2833 3106 2996 3145 :nam
3037 3107 3158 3162 qua:
3199 3109 3305 3147 non
3348 3092 3471 3149 facit
3510 3093 3722 3165 quidem

2144 3177 2562 3249 eleemosynam,
2592 3188 2675 3233 est
2704 3179 2853 3236 arida
2886 3199 2899 3235 :
2933 3197 3052 3250 quae
3072 3192 3250 3238 autem
3280 3184 3442 3239 etiam
3465 3186 3607 3254 plura
3637 3200 3724 3239 ac-

2143 3270 2309 3340 quirit
2336 3285 2430 3339 per
2451 3270 2751 3337 avaritiam,
2775 3279 2859 3326 est
2876 3274 3200 3328 exsecranda
3225 3284 3280 3330 et
3305 3275 3535 3345 impura.
3556 3276 3724 3332 Nemo

2143 3360 2387 3417 comedat
2416 3376 2536 3416 cum
2566 3362 3114 3429 ejusmodimanibus;
3142 3374 3225 3420 est
3248 3366 3389 3422 enim
3408 3369 3722 3422 contumelia

2143 3465 2328 3507 eorum
2356 3452 2444 3521 qui
2468 3461 2593 3507 sunt
2615 3454 2809 3508 vocati.
2832 3454 2985 3520 Nam,
3007 3454 3094 3512 die
3125 3472 3329 3527 quaeso,
3381 3459 3427 3513 si
3454 3460 3572 3529 quis
3601 3474 3720 3515 cum

2150 3566 2249 3606 nos
2262 3557 2502 3605 curasset
2519 3547 2833 3604 accumbere
2851 3564 3015 3620 super
3031 3558 3240 3621 tapetes
3264 3559 3319 3606 et
3344 3553 3504 3608 molle
3521 3561 3728 3623 stragu-

2148 3643 2256 3699 lum
2291 3651 2346 3698 et
2385 3657 2516 3698 auro
2556 3634 2788 3697 intextas
2809 3651 2988 3699 vestes
3008 3644 3174 3698 lineas
3192 3644 3243 3698 in
3274 3644 3435 3700 domo
3462 3659 3648 3715 magna
3670 3654 3725 3702 et

2146 3733 2443 3806 splendida,
2460 3748 2810 3805 magnamque
2834 3743 2888 3788 et
2910 3735 3130 3789 multam
3154 3735 3473 3792 famulorum
3510 3738 3725 3819 adstare

2145 3825 2390 3897 iussisset
2431 3825 2842 3893 multitudinem,
2887 3826 3080 3883 deinde
3110 3843 3347 3885 mensam
3393 3840 3629 3900 parasset
3649 3846 3719 3886 ex

2144 3934 2273 3974 auro
2294 3927 2348 3973 et
2367 3931 2609 3990 argento,
2637 3928 2692 3975 et
2712 3919 2893 3974 multis
2916 3919 3186 3990 implesset
3206 3922 3470 3992 lautisque
3496 3931 3554 3978 et
3576 3938 3724 3978 sum—

2146 4013 2350 4081 ptuosis
2379 4027 2539 4067 omne
2564 4028 2732 4083 genus
2760 4012 2915 4080 cibis,
2944 4027 3043 4067 nos
3073 4025 3287 4084 cogeret
3309 4015 3597 4072 comedere
3628 4032 3643 4067 :
3672 4017 3720 4072 si

2142 4105 2315 4159 solum
2344 4104 2606 4161 ferremus
2628 4121 2749 4162 eum
2779 4120 2936 4162 cteno
2962 4121 3152 4161 manus
3180 4118 3463 4178 ringentem
3492 4117 3547 4164 et
3579 4118 3718 4164 ster-

2142 4210 2271 4252 core
2308 4196 2543 4252 humano
2566 4238 2582 4265 ,
2620 4206 2674 4254 et
2711 4199 2781 4253 ita
2829 4196 2982 4252 simul
3025 4198 3463 4266 accumbentem;
3513 4198 3721 4254 hancne

2140 4302 2354 4357 ptenam
2381 4289 2669 4357 sustineret
2692 4290 2973 4359 quispiam,
2997 4299 3050 4344 et
3075 4306 3180 4345 non
3208 4289 3346 4347 hanc
3366 4307 3479 4347 rem
3500 4292 3722 4348 duceret

2140 4395 2259 4435 esse
2286 4380 2697 4435 contumeliam?
2722 4381 2948 4436 Duceret
2991 4396 3154 4446 sane,
3186 4383 3407 4452 opinor,
3440 4392 3494 4437 et
3538 4383 3719 4438 statim

2140 4473 2394 4529 resiliret.
2438 4472 2592 4529 Nunc
2619 4484 2798 4529 autem
2843 4488 2947 4529 non
2989 4473 3138 4529 vides
3169 4490 3361 4531 manus
3403 4492 3531 4532 vero
3561 4491 3722 4532 cteuo

2138 4564 2417 4635 oppletas,
2444 4577 2603 4636 atque
2641 4567 2778 4622 adeo
2808 4567 2949 4637 ipsos
2987 4567 3147 4621 etiam
3185 4566 3366 4634 cibos,
3405 4580 3454 4624 et
3490 4584 3596 4623 non
3629 4583 3719 4624 re-

2136 4658 2270 4723 silis,
2298 4673 2403 4711 non
2430 4658 2812 4728 reprehendis;
2831 4658 2923 4713 sed
2954 4658 2998 4713 si
3025 4660 3096 4713 sit
3124 4659 3339 4728 quidem
3370 4660 3422 4714 iu
3452 4670 3716 4731 potestate

2135 4758 2189 4804 et
2216 4749 2566 4814 auctoritate,
2607 4765 2717 4805 rem
2766 4763 3010 4819 magnam
3052 4763 3174 4803 esse
3214 4749 3425 4816 statuis,
3472 4762 3527 4806 et
3570 4761 3713 4806 tuam

2135 4839 2315 4910 perdis
2341 4841 2611 4907 animam,
2639 4856 2862 4896 vesceus
2894 4840 3107 4896 talibus.
3137 4840 3338 4908 Quovis
3372 4843 3515 4897 enim
3554 4858 3712 4899 cceuo

2134 4934 2283 5003 pejor
2303 4941 2387 4987 est
2401 4934 2620 4988 avaritia
2642 4950 2655 4995 ;
2679 4935 2907 4986 animam
2925 4935 3068 4989 enim
3093 4934 3354 5003 inquinat,
3372 4950 3476 4990 non
3493 4952 3708 5007 corpus,

2131 5036 2185 5081 et
2209 5025 2371 5081 efficit
2400 5037 2458 5080 ut
2486 5024 2777 5080 difficiliter
2797 5025 2965 5094 possit
2987 5026 3115 5080 elui.
3142 5026 3222 5081 Tu
3245 5042 3375 5098 ergo
3405 5028 3589 5084 videns
3610 5029 3715 5085 hoc

2129 5130 2285 5172 οωηο
2309 5116 2522 5186 quidem
2554 5115 2745 5168 illitum
2772 5128 2893 5167 eum
2921 5117 3010 5185 qui
3041 5119 3329 5183 accumbit,
3357 5129 3412 5174 et
3439 5136 3630 5177 manus
3657 5131 3714 5177 et

2127 5208 2356 5270 oculos,
2405 5207 2624 5262 domum
2676 5220 2893 5277 quoque
2938 5217 2994 5262 et
3043 5224 3284 5266 mensam
3335 5228 3401 5268 eo
3449 5215 3708 5284 repletam

2126 5298 2476 5369 (stercoribus
2498 5297 2667 5363 enim,
2690 5305 2746 5351 et
2772 5297 2816 5351 si
2840 5298 2969 5367 quid
2994 5311 3075 5354 est
3103 5301 3188 5357 his
3213 5303 3564 5374 immundius,
3587 5318 3714 5364 sunt

2125 5392 2199 5446 illi
2224 5390 2328 5445 cibi
2356 5390 2662 5457 spurciores
2682 5399 2736 5445 et
2758 5389 3171 5464 obscreniores),
3201 5396 3273 5450 ita
3301 5396 3534 5454 afﬁceris
3556 5402 3709 5471 quasi

2125 5482 2447 5547 honoratus,
2489 5491 2545 5538 et
2588 5489 2857 5552 tamquam
2902 5482 3114 5541 futurus
3150 5488 3202 5542 in
3244 5488 3486 5546 deliciis?
3522 5502 3710 5550 etnec

2124 5574 2341 5629 Paulum
2372 5575 2584 5644 quidem
2614 5576 2845 5641 vereris,
2878 5576 2969 5646 qtii
2997 5576 3064 5633 ad
3098 5594 3339 5636 mensam
3367 5582 3705 5653 Graecorum,

2120 5666 2165 5720 si
2190 5664 2434 5730 velimus,
2470 5655 2601 5721 citra
2647 5666 3085 5734 impedimentum
3133 5670 3288 5725 nobis
3321 5676 3585 5741 permittit
3611 5691 3723 5765 εις-ι

2121 5756 2330 5823 cedere,
2359 5756 2426 5812 ad
2477 5771 2754 5814 avarorum
2793 5768 2970 5817 autem
3017 5772 3071 5818 et
3121 5776 3307 5837 cer-int
3351 5769 3444 5837 qui
3494 5768 3711 5827 damnis

3300 5836 3843 6110 \-
