4082 6212
301 380 328 433 i
343 379 415 432 75'

295 493 425 545 τότε
470 488 633 543 αὑτὸν
674 488 932 555 κολάζως
968 487 1063 543 ἐὰν
1108 490 1231 558 ἀφῶ
1267 490 1335 542 τά
1368 486 1682 558 ὑπάρχοντα
1708 523 1721 546 ,
1763 481 1885 534 τότε

296 580 443 636 αὐτὰ
469 580 609 649 ἐχως
641 579 736 632 ἐὰν
756 575 1078 632 ταπεινώσω
1102 576 1361 648 ἐμαυτὸν,
1385 574 1506 628 τότε
1539 571 1742 645 ὑψηλὸς
1765 569 1886 621 ἐσο-

304 684 443 740 μαι;
472 667 583 719 Ναὶ
610 708 626 729 ,
663 665 800 737 φησί
836 681 851 694 ·
899 663 1128 734 τοιαύτη
1163 662 1272 735 γάρ
1301 664 1335 734 ή
1365 661 1472 731 ἐμὴ
1502 659 1731 729 δύναμις
1750 695 1767 720 ,
1797 655 1888 709 διά

300 757 413 811 τῶν
444 755 706 810 ἐναντίων
725 754 796 808 τά
831 754 1050 808 ἐναντία
1075 754 1303 823 παρέχει
1334 763 1352 783 ·
1380 748 1614 821 εὐπορός
1644 749 1761 818 εἰμι
1792 746 1887 800 καί

302 848 640 916 εὐμήχανος,
707 842 783 914 μὴ
836 842 1056 914 δείσῃς’
1107 839 1185 907 τῷ
1235 840 1352 912 ἐμῷ
1393 838 1660 908 θελήματι
1702 838 1735 905 ή
1777 836 1888 888 τῶν

303 932 652 1004 πραγμάτων
682 929 967 983 ἀκολουθεῖ
994 929 1174 998 φύσις,
1200 929 1299 982 οὐκ
1332 928 1443 996 ἐγὼ
1469 929 1536 998 τῇ
1567 925 1727 996 φύσει
1755 924 1887 977 ἐπο-

307 1039 411 1091 μαι
449 1033 467 1049 '
514 1017 629 1087 ἐγὼ
674 1018 855 1072 πάντα
896 1018 1223 1089 ἐργάζομαι,
1257 1016 1358 1070 οὐκ
1397 1014 1511 1084 ἐγὼ
1539 1010 1633 1068 ὑπ’
1664 1012 1890 1067 ἐκείνων

304 1112 540 1178 ἄγομαι·
583 1106 667 1161 διδ
704 1106 801 1159 καὶ
836 1104 1237 1176 μεταπλάττειν
1278 1103 1374 1157 καὶ
1423 1098 1888 1174 μεταῤῥυθμίζειν

307 1198 452 1252 αὐτά
484 1196 741 1266 δύναμαι.
773 1196 885 1248 Καὶ
920 1195 973 1249 τί
1003 1193 1308 1262 θαυμάζεις
1335 1193 1383 1244 εἰ
1406 1193 1465 1244 ἐν
1490 1195 1601 1254 τοῖς
1624 1189 1890 1253 τοιούτοις

304 1286 523 1355 γίνεται
559 1287 622 1339 τὸ
656 1284 904 1350 τοιοῦτο;
932 1284 992 1337 τὸ
1027 1282 1160 1337 αὐτὺ
1184 1283 1293 1353 γὰρ
1330 1282 1425 1335 καλ⁸
1466 1282 1525 1334 ἐν
1556 1282 1668 1343 τοῖς
1707 1278 1889 1341 ἄλλοις

306 1376 520 1430 ἅπασιν
543 1374 818 1445 εὑρήσεις.

395 1553 528 1608 Ἐάν
554 1552 664 1624 γάρ
693 1551 981 1622 ἀδικήσῃς,
1016 1548 1300 1621 ἠδικήθης·
1333 1546 1426 1601 ἐὰν
1457 1545 1740 1618 ἀδικηθῇς,
1766 1544 1891 1598 τότε

306 1646 416 1698 οὐκ
447 1640 715 1712 ἠδικήθης
747 1656 761 1669 ·
806 1639 903 1692 ἐὰν
946 1637 1153 1711 ἀμύνῃ,
1196 1637 1320 1690 τότε
1348 1637 1450 1689 οὐκ
1483 1634 1678 1705 ήμύνω
1703 1675 1719 1699 ,
1754 1633 1894 1687 ἀλλά

310 1732 517 1786 σαυτὸν
547 1729 762 1800 ἠμύνω.
804 1729 859 1780 '0
889 1728 997 1798 γὰρ
1029 1724 1276 1795 ἀγαπῶν
1302 1722 1418 1791 τὴν
1443 1722 1704 1786 ἀδικίαν,
1735 1722 1890 1792 φησί,

301 1820 482 1890 μισεῖ
509 1819 626 1887 τὴν
656 1817 877 1872 ἑαυτοῦ
917 1813 1151 1884 ψυχήν.
1195 1812 1358 1883 ὐρᾷς
1404 1812 1486 1865 ὅτι
1515 1812 1615 1865 οὐκ
1647 1811 1855 1875 ἀδικεῖς
1877 1853 1893 1875 ,

306 1908 430 1965 ἀλλ’
487 1906 793 1978 ⁴Ιῖδικήθης;
859 1903 959 1957 Διά
1019 1901 1180 1955 τοῦτο
1225 1902 1320 1954 καὶ
1387 1901 1417 1955 ὁ
1470 1897 1684 1962 Παῦλός
1737 1913 1893 1968 φησιο

208 2044 213 2048 .
306 1999 417 2052 Διά
445 1998 506 2050 τί
540 1994 678 2063 οὑχί
697 1990 942 2061 μᾶλλον
976 1988 1281 2045 ἀδικεῖσθε
1306 2004 1326 2051 ;
1356 1984 1510 2050 Εἶδες
1535 1988 1620 2041 ὅτι
1649 1986 1750 2040 ούκ
1779 1985 1895 2039 ἔστι

307 2088 476 2141 τοῦτο
526 2082 872 2146 ἀδικεῖσθαι;
922 2082 1092 2134 Ὅταν
1136 2078 1388 2150 ὑϐρίσῃς,
1423 2077 1546 2130 τότε
1603 2076 1891 2146 ὑϐρίσθης.

222 2176 225 2179 “
308 2179 425 2234 Καὶ
451 2175 614 2231 τοῦτο
633 2176 698 2227 ἐκ
734 2173 934 2244 μέρους
970 2172 1149 2224 ίσασιν
1180 2172 1229 2222 οἰ
1269 2168 1459 2221 πολλοί
1496 2185 1511 2199 ·
1544 2166 1621 2230 ὡς
1649 2166 1776 2219 ὅταν
1809 2164 1898 2217 λέ-

308 2282 455 2334 γωσι
493 2263 631 2335 πρὸς
652 2261 919 2333 ἀλλήλους
939 2299 954 2323 ,
1000 2258 1148 2333 [251]
1177 2259 1440 2326 ’Ἄγωμεν
1480 2254 1730 2309 ἐντεῦθεν
1755 2295 1770 2319 ,
1822 2253 1896 2325 μὴ

311 2354 551 2425 ὑϐρίσῃς
606 2350 822 2405 σαυτόν.
864 2349 963 2402 Διὰ
1002 2347 1099 2413 τί;
1148 2346 1271 2399 Ὅτι
1302 2344 1437 2398 πολὺ
1484 2343 1546 2396 τὸ
1598 2344 1763 2414 μέσον
1804 2341 1897 2395 σοῦ

311 2441 594 2496 κάκείνου’
622 2438 721 2491 ὅσα
751 2435 861 2508 γὰρ
881 2435 947 2488 ἂν
972 2434 1221 2505 ὑϐρίσῃς,
1244 2434 1451 2494 ἐκεῖνος
1478 2431 1635 2495 δόξαν
1664 2430 1895 2499 ἡγεῖται.

311 2530 492 2584 Τοῦτο
520 2528 617 2581 ἐπὶ
643 2528 862 2581 πάντων
890 2523 1186 2594 ἐννοῶμεν,
1216 2523 1313 2575 καὶ
1342 2520 1605 2591 γινόμεθα
1631 2518 1900 2590 ὑψηλότε-

315 2640 404 2693 ροι
456 2619 570 2673 τῶν
614 2618 848 2690 ὕϐρεων.
892 2614 1051 2678 Πῶς,
1082 2611 1194 2683 ἐγὼ
1226 2612 1371 2681 λέγω
1400 2626 1414 2640 '
1447 2610 1543 2664 ἐάν
1575 2609 1710 2682 πρὸς
1738 2608 1900 2662 αὐτὸν

310 2714 408 2766 τὴν
433 2711 539 2782 τήν
573 2707 869 2779 ἁλουργίδα
909 2705 1101 2776 ἔχοντα
1149 2703 1330 2774 μάχην
1357 2701 1593 2772 ἔχωμεν,
1627 2699 1702 2770 τῷ
1740 2698 1901 2769 ὑϐρί-

316 2800 439 2865 ζειν
472 2796 637 2851 αὐτὸν
662 2795 810 2866 ἡμᾶς
842 2794 1040 2857 αὐτοὺς
1070 2791 1315 2862 ὑϐρίζειν
1340 2788 1644 2859 ἡγούμεθαο
1671 2789 1766 2842 καὶ
1792 2787 1902 2857 γὰρ

318 2886 619 2949 πλύνοντες
656 2886 884 2947 ἐκεῖνον,
931 2882 1025 2935 καὶ
1068 2882 1232 2951 ήμεῖς
1273 2877 1367 2932 τοῦ
1412 2876 1711 2930 πλύνεσθαι
1762 2875 1901 2943 ἄξιοι

319 2973 617 3044 γινόμεθα.
645 2970 707 3023 Τί
734 2970 937 3036 λέγεις,
960 2969 1081 3021 εἰπέ
1110 2984 1200 3037 μοι
1228 2984 1243 3032 ;
1274 2965 1383 3019 τῶν
1405 2964 1650 3036 οὐρανῶν
1680 2964 1903 3036 πολίτης

320 3060 426 3123 ῶν,
478 3057 575 3111 καὶ
616 3055 712 3125 τὴν
761 3053 878 3108 άνω
924 3051 1245 3121 φιλοσοφίαν
1294 3049 1455 3118 ἔχων,
1511 3048 1650 3119 μετά
1696 3047 1792 3101 τοῦ
1834 3047 1904 3100 τά

319 3149 490 3217 γήϊνα
524 3141 851 3214 φρονοῦντος
890 3140 1110 3203 πλύνεις
1159 3137 1385 3202 σαυτόν;
1429 3136 1550 3190 Κᾶν
1587 3135 1696 3205 γὰρ
1737 3135 1907 3206 μυρία

320 3237 586 3307 χρήματα
618 3233 911 3301 κέκτηται,
942 3229 1046 3284 κᾶν
1080 3230 1138 3281 ἐν
1173 3226 1464 3297 δυναστείᾳ
1547 3265 1561 3287 ,
1592 3223 1745 3277 οὐπω
1784 3221 1897 3278 οἶδε

322 3326 385 3379 τὸ
413 3324 581 3377 καλὸν
612 3322 674 3374 τὸ
716 3321 826 3375 σόν.
869 3318 961 3389 Μὴ
1001 3317 1234 3388 ὑϐρίσῃς
1266 3317 1481 3375 σαυτὸν,
1520 3316 1729 3367 ἐκεῖνον
1749 3313 1903 3383 ὑϐρί-

324 3412 456 3478 ζων·
488 3408 691 3465 σαυτοῦ
730 3411 932 3479 φεῖσαι,
954 3406 1026 3477 μὴ
1046 3404 1254 3458 ἐκείνου
1281 3420 1294 3432 ’
1319 3403 1513 3456 σαυτὸν
1550 3402 1803 3472 τίμησον,
1834 3401 1908 3471 μὴ

325 3505 556 3556 ἐκεῖνον.
587 3498 723 3568 Οὐχί
747 3496 1012 3568 παροιμία
1027 3492 1249 3563 τοιαύτη
1286 3491 1529 3569 ἐστὶν,ξΟ
1556 3489 1752 3559 τιμῶν,
1780 3491 1909 3544 ἐαυο

325 3592 422 3644 τὸν
456 3589 600 3659 τιμᾷ
625 3605 641 3654 ;
665 3585 906 3648 Εἰκότως
933 3600 949 3616 ο
971 3583 1032 3636 οὐ
1068 3583 1177 3653 γὰρ
1210 3581 1417 3634 ἐκεῖνον
1448 3578 1605 3648 τιμᾷ,
1634 3576 1750 3631 ἀλλ’
1778 3579 1912 3631 ἑαυα-

326 3685 440 3739 τόν.
472 3682 677 3735 ’Δκουε
702 3678 870 3748 σοφοῦ
892 3692 1037 3739 τινος
1054 3675 1326 3742 λέγοντος·
1352 3672 1620 3738 Ποίησον
1644 3669 1721 3739 τῇ
1737 3668 1912 3739 ψυχῇ

326 3792 449 3832 σου
484 3775 668 3844 τιμὴν
696 3771 850 3827 κατὰ
872 3769 988 3837 τὴν
1015 3768 1197 3833 ἀξίαν
1225 3764 1437 3832 αὐτῆς.
1478 3763 1544 3816 Τί
1576 3764 1724 3827 ἐστι,
1754 3762 1914 3816 Κατά

329 3866 448 3929 τὴν
501 3862 688 3927 ἀξίαν
740 3856 973 3926 αὑτῆς;
1022 3857 1086 3910 Et
1135 3851 1555 3924 ἐπλεονέκτησε,
1609 3850 1781 3921 φησί,
1840 3848 1916 3922 μὴ

330 3950 761 4021 πλεονεκτήσῃςο
795 3948 845 4000 εί
869 3944 1082 4016 ὕϐρισε,
1117 3941 1192 4013 μὴ
1218 3939 1468 4011 ὑϐρίσῃς.
1498 3937 1636 3991 Εἰπέ
1667 3954 1778 4007 μοι,
1804 3953 1914 3989 πα-

334 4038 584 4113 ρακαλῶ,
607 4038 754 4101 εἴτις
771 4035 939 4103 πένης
956 4032 1126 4103 πηλδν
1146 4029 1481 4103 έρριμμένον
1504 4024 1613 4080 ἀπὸ
1630 4025 1731 4095 τῆς
1748 4024 1917 4094 αὐλῆς

331 4108 497 4183 ἔλαϐε
520 4128 620 4192 τῆς
648 4124 770 4195 σῆς,
791 4119 901 4193 ἆρα
925 4120 992 4176 ἂν
1017 4119 1158 4191 ὑπὲρ
1181 4116 1374 4171 τούτου
1396 4114 1747 4185 δικαστήριον
1767 4108 1917 4182 αὐτῷ

332 4214 782 4284 συνεκρότησαςς
821 4204 1244 4279 Οὐδαμῶς..Διά
1285 4204 1373 4269 τί;
1411 4204 1533 4256 ἰνα
1563 4199 1639 4270 μὴ
1680 4198 1917 4271 ὑϐρίσῃς

330 4302 558 4365 σαυτὸν,
588 4301 677 4354 ἴνα
705 4299 780 4371 μὴ
802 4298 1001 4360 πάντες
1026 4312 1118 4348 σου
1146 4289 1481 4362 καταγνῶσι.
1508 4287 1680 4342 Τοῦτο
1707 4287 1802 4341 καὶ
1821 4285 1917 4339 νῦν

331 4392 571 4462 γίνεται’
614 4389 788 4460 πένης
815 4388 922 4458 γάρ
949 4385 1095 4438 ἐστιν
1115 4383 1144 4436 ὁ
1169 4379 1449 4444 πλούσιος,
1487 4377 1584 4431 καὶ
1611 4377 1723 4447 ὅσῳ
1754 4375 1917 4429 πλου-

339 4481 450 4543 τεῖ,
480 4476 725 4547 τοσούτῳ
748 4475 917 4547 πένης
935 4473 1146 4541 γίνεται
1168 4470 1269 4539 τὴν
1292 4468 1464 4530 ὄντως
1492 4465 1705 4519 πενίαν.
1739 4463 1917 4535 Πηλός

333 4569 489 4619 ἐστιν
514 4566 546 4618 ὁ
571 4562 795 4635 χρυσὸς,
827 4562 886 4614 ἐν
913 4558 1049 4628 αὐλῇ
1080 4555 1435 4629 ἐρριμμένος,
1461 4553 1564 4606 οὑκ
1591 4553 1651 4605 ἐν
1678 4554 1747 4623 τῇ
1767 4550 1918 4622 οἰκίᾳ

335 4673 437 4710 σου
466 4652 737 4722 κείμενος
758 4652 793 4721 ή
819 4647 929 4719 γάρ
956 4647 1105 4718 οἰκίᾳ
1129 4661 1224 4699 σου
1253 4644 1281 4695 ὀ
1304 4640 1534 4711 οὐρανός
1553 4641 1722 4694 ἐστιν.
1745 4639 1919 4710 ’Υπέρ

333 4742 537 4796 τούτου
563 4734 658 4793 οῦν
688 4736 1080 4807 συγκροτήσεις
1104 4730 1478 4800 δικαστήριον,
1515 4727 1613 4781 καὶ
1651 4726 1712 4781 οὐ
1743 4744 1919 4782 κατα-

333 4826 650 4899 γνώσονταί
683 4842 779 4879 σου
808 4825 859 4877 οἱ
893 4821 1004 4876 ἄνω
1024 4820 1274 4884 πολῖταις
1302 4817 1404 4870 οὐκ
1421 4815 1713 4870 ἐκϐαλοῦσί
1738 4832 1798 4869 σε
1822 4815 1923 4886 τῆς

337 4919 559 4974 ἑαυτῶν
592 4914 873 4984 πατρίδος,
898 4912 988 4966 τὸν
1020 4910 1165 4964 οὕτω
1194 4906 1471 4969 ταπεινὸν,
1502 4905 1596 4959 τὸν
1619 4905 1797 4968 οὑτως
1830 4905 1923 4959 εὐ-

336 5007 496 5078 τελῆ,
531 5005 609 5067 ὡς
639 5002 780 5073 ὑπὲρ
806 5000 989 5069 ὀλίγου
1019 4996 1192 5066 πηλοῦ
1225 4997 1496 5070 μάχεσθαι
1520 4994 1797 5067 αἱρεῖσθαι
1819 5011 1835 5060 ;
1861 4992 1923 5047 Εἰ

339 5096 455 5167 γάρ
504 5094 535 5148 ό
574 5092 787 5169 κόσμος
802 5086 871 5162 ἦν
903 5091 1024 5155 σὸς,
1061 5083 1182 5142 εἶτα
1215 5088 1380 5143 αὐτόν
1405 5105 1489 5154 τις
1524 5083 1720 5140 ἐλαϐεν
1745 5124 1760 5151 ,
1803 5085 1926 5138 ἐπι-

343 5181 664 5255 στραφῆναι
702 5180 897 5251 ἐχρῆν.

421 5385 493 5455 γ’.
509 5388 624 5440 Οὐκ
640 5379 787 5450 οἶδας
798 5385 880 5439 ὅτι
896 5384 1116 5451 δεκάκις
1128 5384 1230 5455 τὴν
1244 5380 1571 5452 οἰκουμένην
1590 5377 1684 5451 ἐάν
1701 5377 1822 5448 θῇς,
1839 5376 1933 5430 καὶ

351 5487 739 5555 ἐκατοντάκις,
773 5487 869 5541 καὶ
897 5485 1179 5557 μυριάκις,
1211 5484 1307 5538 καί
1335 5483 1416 5547 δίς
1442 5479 1716 5543 τοσοῦτον,
1751 5479 1780 5519 ι’
1810 5476 1929 5531 οὐδὲ

415 5696 439 5721 ⁸
464 5694 692 5759 Cnnjecil
710 5696 931 5759 παρέχειν
958 5693 1189 5759 Danaus.

421 5760 449 5801 ι
616 5759 688 5808 vel
728 5751 934 5806 οὑδῖτὸ
985 5756 1247 5805 πολλοστὸν
1270 5756 1425 5819 μέρος,
1451 5751 1522 5804 ιἐί
1542 5753 1674 5803 οὐδὲν
1706 5752 1821 5816 πρὸς
1840 5751 1894 5800 τὸ
1920 5786 1934 5810 ,

354 5824 551 5878 nouvil
571 5824 804 5872 Donatus.

1098 366 1166 423 IN
1206 364 1425 424 EPIST;
1458 365 1549 421 AD
1595 361 1958 421 IIEBRA'ZOS.
1992 358 2143 417 CAP.
2180 358 2271 414 XI.
2306 356 2542 414 HOMIL.
2583 355 2752 414 XXV.

3460 359 3565 416 Πϐ

1989 474 2126 546 πρὸς
2158 472 2221 525 τὸ
2244 471 2535 526 πολλοστὸν
2572 471 2736 542 μέρος
2760 469 2870 525 τῶν
2911 470 2970 522 ἐν
3001 470 3116 532 τοῖς
3147 468 3394 540 οὐρανοῖς
3419 471 3568 526 ἐστιν

1988 559 2242 629 ἀγαθῶν;
2292 547 2358 612 Ὀ
2397 558 2581 611 τοίνυν
2624 558 2691 611 τά
2729 556 2966 610 ἐνταῦθα
3005 556 3336 626 θαυμάζων,
3384 556 3569 610 ἐκεῖνα

1989 646 2234 719 ὕϐρισεν,
2270 646 2323 699 εῐ
2348 662 2413 715 γε
2450 645 2627 699 ταῦτα
2658 645 2727 712 άξ
2740 662 2793 699 ια
2833 644 3068 714 σπουδῆς
3100 643 3340 714 ἡγεῖται,
3379 642 3570 696 τοσοῦ-

1990 753 2081 790 τον
2106 735 2330 789 ἐκείνων
2352 732 2848 803 ἀπολιμπανόμενα
2868 748 2882 763 ⁶
2911 732 3113 803 μᾶλλον
3135 731 3193 784 δέ
3213 731 3334 784 οὐδέ
3360 729 3463 783 θαυ
3472 730 3571 799 μά-

1991 840 2082 877 σαι
2128 820 2281 894 [Ξῦεὶ]
2321 823 2505 874 ἐκεῖνα
2540 821 2828 891 δυνήσεται
2862 835 2879 850 ο
2917 820 3034 883 πῶς
3061 818 3205 889 γάρ,
3239 818 3374 889 πρὸς
3399 816 3572 870 ταῦτα

1990 909 2357 979 ἐπτοημένος;
2389 907 2746 978 Διατέμωμεν
2777 906 2875 976 ὀψὲ
2896 907 3029 975 γοῦν
3050 924 3204 971 ποτε,
3236 903 3570 978 παρακαλῶ,

1988 998 2059 1051 τά
2090 997 2300 1068 σχοινία
2329 999 2423 1049 καὶ
2460 996 2559 1059 τάς
2582 995 2888 1058 πλεκτάνας
2922 1011 2937 1025 ·
2968 995 3127 1047 τοῦτο
3155 993 3265 1063 γὰρ
3308 994 3377 1045 τά
3403 995 3571 1062 γήϊνα

1992 1086 2314 1155 πράγματα.
2342 1083 2522 1153 Μέχρι
2541 1083 2675 1135 πότε
2700 1082 2854 1135 κάτω
2882 1081 3164 1151 κύπτομεν
3194 1097 3207 1146 ;
3243 1078 3404 1151 μέχρι
3429 1070 3581 1141 τίνος

1994 1173 2245 1243 ἀλλήλοις
2271 1170 2722 1241 ἐπιϐουλεύομεν,
2745 1170 3000 1239 καθάπερ
3021 1170 3091 1223 τά
3114 1168 3304 1239 θηρία,
3323 1168 3576 1239 καθάπερ

1993 1262 2041 1315 οἱ
2069 1261 2280 1331 ίχθύεςς
2316 1260 2531 1313 Μᾶλλον
2560 1259 2636 1323 δέ,
2669 1258 2738 1310 τὰ
2763 1258 2928 1328 θηρία
2952 1258 3053 1310 οὐκ
3087 1255 3430 1309 ἐπιϐουλεύει
3477 1254 3576 1308 ἀλ-

1993 1347 2196 1419 λήλοις,
2240 1347 2377 1401 ἀλλά
2410 1349 2524 1410 τοῖς
2569 1346 2911 1415 ἀλλοφύλοις·
2953 1340 3087 1407 οἷον,
3126 1342 3326 1415 ἄρκτος
3370 1341 3575 1412 ἄρκτον

1992 1441 2092 1493 οὐκ
2120 1440 2338 1509 ἀναιρεῖ
2367 1436 2596 1509 ταχέως,
2632 1436 2754 1490 οὐδὲ
2781 1435 2904 1504 δφις
2934 1434 3058 1503 ὅφιν
3091 1435 3326 1503 ἀναιρεῖ,
3357 1433 3419 1485 τὸ
3451 1433 3583 1503 ὀμό-

1995 1528 2160 1596 φυλον
2183 1525 2518 1596 αἰδούμενος
2545 1526 2612 1578 σὺ
2640 1524 2696 1577 δὲ
2724 1524 2862 1594 μετὰ
2883 1522 2978 1576 τοῦ
3000 1522 3274 1593 ὁμοφύλου
3298 1520 3390 1573 καὶ
3410 1520 3577 1591 μυρία

1997 1614 2136 1685 ἔχων
2182 1612 2563 1684 δικαιώματα,
2601 1611 2663 1664 τὸ
2700 1610 2985 1679 συγγενὲς,
3016 1610 3077 1662 τὸ
3120 1606 3356 1676 λογικὸν,
3390 1606 3453 1658 τὸ
3482 1606 3574 1659 τὸν

1996 1702 2129 1756 Θεὸν
2174 1701 2397 1762 εἰδέναι,
2444 1701 2544 1769 τῆς
2588 1697 2805 1767 φύσεως
2843 1696 2944 1767 τὴν
2992 1696 3144 1765 ἰσχὺν
3173 1734 3189 1759 ,
3233 1693 3404 1766 μυρία
3444 1691 3581 1747 ἄλλα

1998 1792 2182 1861 ἕτερα,
2217 1789 2310 1842 τὸν
2342 1789 2581 1858 συγγενῆ
2622 1787 2718 1839 καὶ
2747 1785 2847 1855 τῆς
2879 1784 3048 1853 αὐτῆς
3083 1782 3298 1853 φύσεως
3332 1795 3584 1833 κεκοινω-

1998 1880 2224 1949 νηκότα,
2266 1874 2456 1929 τοῦτον
2495 1875 2763 1945 ἀναιρεῖς,
2810 1873 2908 1925 καὶ
2962 1870 3181 1941 μυρίοις
3232 1866 3584 1939 περιϐάλλεις

2001 1970 2210 2030 κακοῖς.
2240 1966 2306 2018 Τί
2340 1966 2450 2036 γὰρ
2476 2003 2490 2027 ,
2522 1964 2570 2016 εί
2603 1962 2679 2033 μὴ
2707 1961 2767 2014 τὸ
2796 1961 2947 2029 ξίφος
2974 1958 3158 2024 ὠθεῖς,
3198 1957 3332 2028 μηδὲ
3374 1954 3581 2026 βαπτί-

2001 2054 2113 2119 ζεις
2132 2055 2210 2115 εἰς
2236 2051 2334 2121 τὴν
2349 2051 2512 2121 δέρην
2535 2049 2633 2120 τὴν
2655 2046 2834 2112 δεξιάν
2860 2064 2874 2112 ;
2899 2047 3063 2117 ἕτερα
3080 2043 3438 2121 χαλεπώτερα
3459 2040 3585 2095 τού-

1999 2157 2093 2193 του
2131 2141 2329 2202 ποιεῖς,
2378 2137 2579 2198 λύπαις
2611 2134 2883 2204 διηνεκέσι
2933 2118 3323 2203 περιϐάλλωνξ
3358 2128 3572 2181 Ἐκεῖνο

2000 2228 2111 2300 γάρ
2140 2227 2190 2279 εί
2216 2225 2478 2297 εἰργάσω,
2515 2219 2831 2294 ἁπήλλαξας
2861 2220 2927 2272 ἂν
2960 2218 3123 2272 αὑτὸν
3150 2214 3452 2289 φροντίδοςθ
3486 2212 3585 2268 νῦν

2001 2315 2057 2368 δὲ
2072 2312 2217 2384 λιμῷ
2237 2314 2331 2365 καί
2344 2311 2561 2382 δουλεία
2582 2326 2648 2362 πε
2657 2307 2951 2378 ριϐάλλεις,
2980 2304 3457 2372 ἁποδυσπετήσεσι
3481 2300 3579 2354 καὶ

2003 2401 2300 2472 ἁμαρτίαις
2323 2398 2538 2469 ἑτέραις
2568 2395 2814 2456 πολλαῖς.
2844 2392 3030 2446 Ταῦτα
3063 2391 3209 2457 λέγω
3232 2430 3246 2453 ,
3276 2390 3370 2443 καὶ
3394 2389 3586 2457 λέγων

2002 2490 2063 2542 οὐ
2096 2487 2401 2557 παύσομαι,
2430 2485 2552 2554 οὐχὶ
2584 2482 2750 2553 φονᾷν
2782 2480 2927 2548 ὑμᾶς
2954 2476 3400 2547 παρασκευάζων
3425 2518 3440 2542 ,
3467 2475 3588 2528 οὐδὲ

2003 2577 2078 2641 ὡς
2113 2577 2206 2629 ἐπὶ
2235 2575 2456 2629 ἔλαττον
2496 2572 2708 2625 ἐκείνου
2747 2568 2918 2623 κακὸν
2963 2565 3220 2637 ἔρχεσθαι
3247 2565 3386 2635 πρὸς
3424 2562 3590 2617 τοῦτο

2005 2662 2473 2735 προτρεπόμενος,
2498 2658 2635 2716 ἀλλά
2673 2656 2748 2728 μὴ
2793 2656 3037 2727 θαρρεῖν,
3079 2653 3152 2716 ὼς
3187 2652 3262 2723 μὴ
3290 2652 3584 2722 μέλλοντας

2003 2753 2197 2807 δώσειν
2216 2752 2395 2820 δίκην.
2440 2751 2501 2803 '0
2528 2748 2963 2816 ἀφαιρούμενος
2993 2741 3123 2811 γάρ,
3158 2742 3343 2810 φησὶν,
3384 2738 3591 2806 ἐμϐίω-

2005 2854 2110 2894 σιν
2128 2842 2234 2893 τὸν
2252 2838 2520 2906 πλησίον
2542 2833 2729 2889 αὐτοῦ
2752 2833 2845 2885 καὶ
2865 2832 3068 2899 ἄρτον,
3098 2828 3341 2896 φονεύει
3378 2826 3587 2879 αὐτόν.

2008 2927 2388 2997 Κατάσχωμεν
2424 2922 2556 2995 παρ’
2589 2923 2805 2983 ἑαυτοῖς
2839 2918 2938 2982 τὰς
2972 2917 3160 2988 χεῖράς
3202 2931 3333 2968 ποτε
3355 2953 3371 2977 ,
3407 2928 3591 2983 παρα-

2008 3015 2180 3080 καλῶ,
2216 3014 2582 3083 κατάσχωμεν
2605 3027 2620 3043 ο
2653 3009 2852 3082 μᾶλλον
2874 3007 2929 3061 δὲ
2958 3005 3032 3077 μὴ
3062 3005 3447 3073 κατάσχωμεν,
3474 2998 3589 3053 ἀλλ’

2009 3103 2341 3171 ἐκτείνωμεν
2368 3100 2540 3162 αὐτὰς
2573 3097 2776 3161 καλῶς,
2816 3095 2889 3165 μὴ
2916 3094 3051 3164 πρὸς
3082 3090 3417 3154 πλεονεξίαν,
3454 3086 3594 3141 ἀλλά

2009 3190 2146 3260 πρὸς
2189 3185 2594 3257 ἐλεημοσύνηνο
2630 3184 2704 3254 μὴ
2741 3183 2988 3251 ἄκαρπον
3024 3179 3233 3248 ῑχωμεν
3269 3178 3371 3245 τὴν
3397 3178 3590 3245 χεῖρα,

2014 3275 2147 3348 μηδὲ
2192 3274 2396 3345 ξὴράν·
2442 3275 2475 3343 ἡ
2524 3271 2621 3342 μὲν
2648 3269 2757 3340 γὰρ
2805 3267 2879 3338 μὴ
2920 3264 3149 3319 ποιοῦσα
3196 3261 3591 3334 ἐλεημοσύνην,

2012 3363 2152 3435 ξηρά
2180 3377 2196 3394 ⁸
2228 3365 2261 3431 ή
2300 3360 2359 3415 δὲ
2392 3359 2491 3413 καὶ
2537 3354 2961 3416 πλεονεκτοῦσα,
3002 3352 3174 3423 μιαρά
3207 3353 3300 3402 καὶ
3349 3347 3594 3419 ἀκάθαρ.

2010 3468 2122 3513 τος.
2149 3448 2353 3519 Μηδεὶς
2401 3445 2538 3517 μετά
2579 3443 2837 3497 τοιούτων
2878 3440 3107 3495 ἐσθιέτω
3153 3436 3355 3509 χειρῶν
3387 3453 3400 3467 ·
3436 3434 3595 3504 ὕϐρις

2012 3536 2123 3607 γὰρ
2148 3536 2254 3591 τῶν
2284 3533 2638 3605 κεκλημένων
2658 3531 2837 3585 τοῦτο.
2870 3529 3007 3583 Εἰπέ
3028 3528 3138 3599 γάρ
3174 3544 3287 3597 μοι,
3311 3524 3364 3577 εἴ
3386 3540 3471 3586 τις
3503 3522 3596 3576 ἐπὶ

2015 3626 2280 3695 ταπήτων
2323 3623 2420 3677 καὶ
2467 3619 2761 3693 στρωμνῆς
2805 3617 3021 3686 ἁπαλῆς
3070 3616 3167 3669 καί⁵
3200 3611 3598 3685 χρυσοπάστων

2016 3712 2267 3766 σινδόνων
2292 3709 2619 3771 κατακλίνας
2653 3706 2801 3777 ἡμᾶς
2833 3705 2893 3758 ἐν
2931 3703 3068 3774 οἴκῳ
3100 3698 3341 3772 λαμπρῷ
3365 3700 3461 3751 καὶ
3498 3714 3595 3769 με·

2015 3800 2186 3872 γάλῳ,
2217 3799 2314 3852 καὶ
2341 3797 2477 3850 πολὺ
2511 3795 2717 3864 πλῆθος
2763 3793 3027 3846 διακόνιον
3068 3787 3593 3859 παραστησάμενος,

2016 3884 2137 3943 εἶτα
2176 3886 2379 3941 πίνακα
2426 3896 2454 3926 ι
2501 3882 2562 3948 ἐξ
2603 3880 2849 3953 ἀργύρου
2891 3876 3455 3950 παρασκευασάμενος
3497 3875 3596 3926 καὶ

2015 3974 2242 4047 χρυσοῦ,
2276 3973 2371 4027 καί
2399 3969 2611 4025 πολλῶν
2638 3967 2926 4040 ἐμπλήσας
2954 3956 3269 4035 ἐδεσμάτων
3301 3963 3396 4016 καὶ
3426 3960 3596 4014 πολυ-

2015 4062 2187 4117 τελῶν
2212 4061 2309 4115 καί
2336 4057 2719 4121 παντοδαπῶν,
2753 4055 3065 4127 ἠνάγκαζεν
3092 4052 3293 4105 ἐσθίειν
3312 4067 3326 4082 ⁸
3355 4051 3405 4104 εἰ
3436 4049 3599 4120 μόνον

2018 4147 2322 4220 ἀνεξόμεθα
2341 4145 2510 4201 αὑτοῦ
2539 4144 2639 4209 τὰς
2666 4146 2858 4215 χεῖρας
2885 4144 2966 4206 εἰς
2999 4140 3259 4214 βόρϐορον
3287 4138 3533 4210 χρίοντος
3561 4134 3596 4206 ἦ

2019 4240 2111 4293 καὶ
2142 4239 2346 4307 κόπρον
2381 4234 2752 4307 ἀνθρωπίνην,
2781 4231 2879 4286 καὶ
2906 4230 3050 4284 οὑτω
3094 4224 3603 4298 συγκατακλινομέ-

2019 4345 2139 4394 νου,
2177 4322 2289 4398 ἆρα
2321 4327 2387 4381 ἄν
2429 4341 2514 4386 τις
2546 4324 2752 4391 ταύτην
2776 4320 3038 4392 ἠνέσχετο
3066 4317 3166 4387 τὴν
3197 4317 3451 4381 κόλασιν,
3484 4314 3601 4367 ἀλλ’

2018 4418 2118 4488 οὐχ
2145 4415 2305 4487 ὓϐριν
2328 4414 2390 4468 τὸ
2408 4414 2641 4484 πρᾶγμα
2666 4409 2918 4481 ἐνόμιζεν
2939 4409 3038 4471 άν;
3065 4407 3281 4474 Ἔγωγε
3302 4400 3479 4474 οἶμαι,
3505 4401 3605 4457 καὶ

2020 4506 2225 4569 εὐθέως
2259 4503 2326 4559 ἂν
2363 4501 2700 4573 ἀπεπήδησε.
2737 4497 2851 4552 Νῦν
2894 4497 2952 4549 δὲ
2988 4493 3249 4566 βορϐόρου
3293 4493 3387 4545 τοῦ
3433 4491 3604 4553 ὅντως

2020 4593 2142 4665 οὐχί
2186 4591 2288 4656 τὰς
2339 4592 2532 4661 χεῖρας
2561 4586 2716 4662 [255]
2756 4586 2888 4657 ὁρᾷς
2923 4579 3427 4654 ἐμπεπλησμένας,
3465 4576 3603 4632 ἀλλά

2022 4682 2116 4736 καί
2148 4677 2292 4733 αὐτὰ
2319 4678 2390 4731 τὰ
2418 4676 2713 4748 ἐδέσματα,
2751 4673 2847 4726 καί
2873 4671 2973 4725 οὐκ
3002 4668 3310 4740 ἀποπηδᾷς,
3345 4667 3444 4720 οὐκ
3474 4667 3606 4718 ἀπο-

2024 4769 2271 4841 φεύγεις,
2297 4767 2398 4821 οὐκ
2420 4763 2703 4835 ἐπιτιμᾷς
2733 4760 2850 4814 ἀλλ’
2876 4760 2972 4814 ἐὰν
2996 4759 3056 4812 ἐν
3077 4755 3371 4827 δυναστείᾳ
3456 4791 3471 4813 ,
3505 4753 3605 4841 καί

2026 4840 2170 4930 μέγα
2200 4857 2261 4910 τὸ
2294 4855 2529 4927 πρᾶγμα
2554 4850 2804 4913 τίθεσαι,
2832 4849 2926 4902 καὶ
2961 4847 3061 4918 τήν
3102 4844 3281 4915 ψυχὴν
3313 4840 3604 4930 ἀπολλύεις

2022 4927 2123 5018 τήν
2150 4942 2375 5008 σαυτοῦ,
2400 4939 2625 4995 τοιαῦτα
2659 4937 2999 5006 σιτούμενος.
3032 4931 3238 4994 Παντὸς
3271 4930 3381 5001 γὰρ
3415 4927 3605 5000 βορϐό-

2029 5052 2123 5108 ρου
2153 5031 2435 5097 πλεονεξία
2455 5030 2654 5102 χείρων
2673 5045 2687 5058 ·
2715 5024 2894 5097 ψυχὴν
2923 5024 3053 5095 γὰρ,
3073 5022 3134 5076 οὐ
3158 5020 3317 5090 σῶμα
3345 5019 3565 5090 μολύνει
3586 5061 3602 5085 ,

2028 5107 2126 5178 καὶ
2158 5123 2303 5175 ποιεῖ
2331 5118 2718 5174 δυσέκπλυτον.
2743 5116 2815 5167 Σὺ
2844 5114 3024 5167 τοίνυν
3052 5111 3193 5182 δρῶν
3220 5109 3313 5164 τοῦ
3338 5107 3605 5180 βορϐόρου

2027 5211 2219 5264 τούτου
2241 5204 2727 5278 ἀνακεχρωσμένον
2758 5204 2855 5273 μὲν
2876 5201 2969 5253 τὸν
2993 5197 3475 5267 κατακλινόμενον,
3511 5195 3607 5248 καὶ

2029 5300 2129 5363 τὰς
2161 5299 2348 5369 χεῖρας
2375 5296 2470 5350 καί
2500 5293 2600 5365 τὴν
2621 5287 3267 5362 δψιν,.ἐμπεπλησμίνην
3299 5286 3355 5339 δὲ
3392 5284 3493 5354 τὴν
3528 5284 3611 5337 οἰ-

2033 5389 2180 5454 κίαν,
2219 5383 2686 5456 ἐμπεπλησμένην
2713 5381 2771 5434 δέ
2799 5380 2896 5435 καὶ
2928 5378 3028 5449 τὴν
3071 5377 3350 5448 τράπεζαν
3380 5372 3607 5446 (βολϐί-

2032 5494 2141 5530 των
2178 5476 2308 5543 γάρ,
2356 5471 2449 5526 καὶ
2493 5470 2546 5523 εῐ
2588 5487 2641 5523 τι
2686 5468 2894 5521 τούτων
2931 5468 3148 5539 χεῖρον,
3190 5460 3607 5533 ἀκαθαρτότερσ.

2035 5566 2219 5617 ἐκεῖνα
2241 5562 2334 5614 καί
2359 5557 2673 5631 μιαρώτερα
2707 5556 2776 5610 τά
2808 5551 3123 5625 ἐδέσματα),
3148 5549 3224 5614 ὡς
3252 5547 3317 5620 δὴ
3352 5546 3609 5620 τιμηθεὶς

2107 5809 2125 5835 ⁸
2150 5804 2282 5867 Conj.
2312 5804 2508 5858 πίνακας
2531 5800 2762 5853 Dunaeus.
