4082 6212
430 294 531 351 177

429 407 737 470 διάκεισαι,
785 407 877 460 καὶ
923 406 1000 471 ὡς
1053 407 1266 478 μέλλων
1300 409 1547 480 τρυφᾷν;
1599 410 1694 462 καὶ
1746 408 1867 463 οὐδὲ
1909 409 2004 460 τὸν

431 489 644 544 Παῦλον
684 489 952 554 δέδοικας,
1000 490 1083 554 εἰς
1134 491 1237 558 μὲν
1297 490 1567 561 Ἐλλήνων
1604 490 1912 562 τράπεζαν,
1955 491 2004 543 εἰ

431 573 775 646 βουλοίμεθα,
797 574 1091 639 ἀκωλύτως
1114 575 1505 646 συγχωροῦντα
1531 576 1807 640 ἀπελθεῖν,
1841 576 1923 638 εἰς
1949 574 2007 628 δὲ

396 654 528 739 βὰς
562 656 669 711 τῶν
698 657 1042 711 πλεονεκτῶν
1068 658 1189 711 οὐδέ
1215 658 1574 739 βουλομένους
1602 659 1814 725 ἐῶντας
1865 657 2007 712 Ἐὰν

429 742 539 811 γάρ
560 757 652 806 τις
680 739 944 810 ἀδελφὸς
968 741 1420 812 ὀνομαζόμενος,
1442 738 1483 815 ᾖ
1506 783 1521 807 ,
1554 745 1709 813 φησὶ,
1748 744 1973 811 πόρνος
1988 758 2003 772 ⁸

429 828 662 898 ἀδελφὸν
687 828 921 882 ἐνταῦθα
942 830 1116 898 λέγων
1145 830 1325 884 πάντα
1352 832 1446 885 τὸν
1474 833 1664 887 πιστὸν
1701 830 1914 896 ἁπλῶς,
1943 830 2006 884 οὐ

429 912 523 965 τὸν
565 913 888 983 μονάζοντα.
921 915 985 967 Τί
1025 915 1135 983 γάρ
1181 917 1302 968 ἐστι
1334 916 1393 969 :6
1436 916 1625 970 ποιοῦν
1654 916 1752 987 τὴν
1781 915 2009 983 ἀδελφό-

429 1012 605 1066 τητα;
649 996 709 1049 τὸ
739 996 962 1068 λουτρὸν
1000 1000 1101 1069 τῆς
1138 997 1591 1066 παλιγγενεσίας,
1628 999 1689 1051 :6
1717 998 2010 1068 δυνηθῆναι

434 1078 666 1132 καλέσαι
704 1079 922 1151 Πατέρα
954 1080 1219 1134 τὸνθεόν.
1263 1082 1427 1135 Ὥστε
1453 1082 1481 1134 6
1525 1083 1628 1152 μὲν
1666 1080 2012 1152 κατηχούμε-

433 1179 541 1227 νος,
568 1163 670 1216 κᾶν
706 1164 937 1234 μοναχδς
1020 1205 1035 1226 ,
1060 1166 1160 1218 οὐκ
1194 1164 1418 1235 ἁδελφός
1441 1177 1489 1206 ι·
1521 1168 1549 1220 ό
1570 1165 1624 1218 δέ
1653 1165 1841 1228 πιστὸς
1861 1203 1875 1228 ,
1907 1165 2012 1218 κᾶν

434 1246 703 1317 κοσμικὸς
796 1290 810 1313 ,
842 1247 1069 1317 ἀδελφός
1101 1250 1268 1302 ἐστιν.
1301 1249 1374 1301 Εἴ
1402 1266 1513 1316 τις,
1531 1248 1718 1318 φησὶν.
1749 1247 2012 1317 ἀδελφὸς

434 1331 890 1402 ὀνομαζόμενος.
924 1332 1061 1386 Οὐδὲ
1098 1332 1208 1404 γὰρ
1244 1332 1388 1403 ῐχνος
1420 1334 1541 1385 τότε
1570 1332 1892 1403 μονάζοντος
1921 1328 2010 1403 ἦν,

434 1415 571 1470 ἀλλὰ
611 1417 789 1470 πάντα
833 1416 969 1488 πρὸς
1012 1419 1315 1488 κοσμικοὺς
1357 1416 1628 1485 διελέγετο
1667 1418 1695 1469 6
1741 1415 2014 1487 μακάριος

437 1493 610 1563 οὗτος.
652 1499 794 1554 Ἐάν
817 1518 927 1567 τις,
960 1503 1146 1572 φησὶν,
1177 1501 1442 1570 ἁδελφός
1468 1500 1900 1571 ὀνομαζόμενος
1919 1540 1934 1562 .
1972 1494 2017 1571 ᾗ

437 1584 682 1651 πόρνος,
724 1585 762 1653 ἢ
808 1587 1209 1653 πλεονέκτης,
1250 1586 1290 1655 ἢ
1322 1586 1619 1652 μέθυσος.
1652 1583 1731 1649 τῷ
1769 1586 2014 1651 τοιούτῳ

431 1668 588 1736 μηδὲ
611 1670 979 1724 συνεσθίειν.
1012 1670 1153 1723 Ἀλλ’
1170 1670 1269 1724 οὐκ
1290 1670 1383 1723 ἐπὶ
1401 1669 1507 1723 τῶν
1535 1669 1804 1739 Ἐλλήνων
1819 1668 2011 1732 οὕτως,

437 1752 574 1804 ἀλλά
601 1753 653 1806 τί
675 1769 690 1817 ;
710 1751 844 1806 Ἐάν
867 1769 957 1819 τις
979 1751 1137 1822 ὑμᾶς
1163 1752 1394 1822 καλέσῃ
1425 1751 1546 1806 τῶν
1571 1753 1864 1813 ἀπίστων,
1888 1753 2015 1815 τοὺς

440 1834 708 1904 Ἕλληνας
737 1835 931 1904 λέγων,
968 1835 1067 1889 καί
1121 1835 1335 1902 θέλητε
1367 1837 1747 1902 πορεύεσθαι,
1780 1833 1903 1890 πᾶν
1947 1833 2014 1888 τὸ

438 1917 910 1985 παρατιθέμενον
931 1917 1072 1987 ὑμῖν
1090 1919 1344 1973 ἐσθίετε.
1384 1917 1526 1972 Ἐὰν
1547 1918 1617 1972 δέ
1636 1935 1729 1984 τις
1748 1916 2014 1986 ἀδελφὸς

437 1999 888 2071 ὀνομαζόμενος,
917 1995 980 2074 ᾖ,
1013 2002 1168 2071 φησὶ,
1193 2000 1477 2071 μέθυσος.

502 2167 567 2221 δ’.
605 2167 800 2234 Βαϐαῖ,
831 2168 972 2240 πόση
1004 2168 1037 2239 ἡ
1069 2168 1362 2240 ἀκρίϐειαι
1402 2169 1565 2241 ἡμεῖς
1590 2169 1648 2223 δέ
1669 2168 1729 2223 οὐ
1760 2168 1923 2241 μόνον
1951 2168 2012 2221 οὐ

437 2251 712 2323 φεύγομεν
730 2252 856 2314 τοὺς
883 2251 1171 2320 μεθύσους,
1223 2251 1359 2305 ἀλλὰ
1383 2252 1477 2305 καὶ
1497 2252 1850 2324 ἀπερχόμεθα
1877 2251 2014 2321 πρὸς

436 2336 655 2399 αὐτοὺς,
689 2334 1003 2405 μεθέξοντες
1017 2335 1125 2388 τῶν
1151 2334 1279 2405 παρ’
1306 2335 1508 2391 αὐτῶν.
1537 2336 1636 2389 Διὰ
1653 2335 1811 2389 τοῦτο
1834 2336 2013 2389 πάντα

436 2419 548 2472 ἀνω
572 2419 665 2474 καὶ
681 2419 833 2473 κάτω
854 2418 1168 2488 γεγένηται,
1194 2419 1375 2472 πάντα
1409 2417 1740 2487 συγκέχυται
1760 2420 1855 2471 καί⁸
1880 2421 2013 2473 ἀνα-

433 2502 739 2573 τέτραπται
781 2503 876 2555 καὶ
902 2500 1200 2555 ἀπόλωλεν.
1235 2500 1369 2554 Εἰπὲ
1397 2502 1506 2571 γάρ
1538 2518 1650 2571 μοι,
1679 2490 1737 2555 εἰ
1764 2502 2013 2556 καλέσειέ

439 2585 498 2635 σέ
529 2601 613 2648 τις
652 2583 761 2638 τῶν
796 2584 1054 2639 τοιούτων
1083 2584 1178 2637 ἐπὶ
1206 2583 1451 2637 ἑστίασιν
1478 2585 1912 2656 ἡτοιμασμένην,
1951 2584 2013 2638 σέ

433 2666 526 2720 τὸν
555 2666 767 2737 πένητα
801 2667 899 2720 καὶ
925 2667 1117 2737 εὐτελῆ
1167 2664 1546 2737 νομιζόμενον,
1596 2662 1718 2721 εἶτα
1755 2668 2012 2723 ἀκούσειε

434 2750 586 2822 παρᾶ
613 2749 707 2803 σοῦ
730 2751 811 2803 ὅτι
834 2751 1021 2820 ἐπειδὴ
1055 2751 1165 2805 61:6
1192 2750 1510 2815 πλεονεξίας
1533 2751 1650 2805 ἐστὶ
1677 2751 1750 2805 τὰ
1779 2769 2015 2823 παρατι-

435 2831 657 2903 θέμενα,
687 2833 786 2886 οὐκ
815 2831 1077 2905 ἀνέξομαι
1107 2833 1357 2904 μολύνειν
1402 2833 1502 2905 τὴν
1534 2833 1777 2905 ἐμαυτοῦ
1806 2834 2009 2907 ψυχὴν,

433 2920 533 2972 οὐκ
548 2917 614 2972 ἂν
632 2918 828 2991 ᾐδέσθη
849 2937 866 2982 ;
884 2920 986 2973 οὐκ
1014 2919 1081 2974 ἂν
1096 2920 1369 2991 ἐνετράπη
1392 2936 1406 2986 ;
1427 2920 1526 2975 οὐκ
1540 2921 1606 2975 ἂν
1622 2920 1970 2993 κατῃσχύνθη
1994 2940 2010 2990 ;

436 3000 586 3074 [εει]
618 3001 790 3055 Τοῦτο
814 3001 975 3074 μόνον
1011 3002 1195 3058 ἰκανὸν
1225 2998 1292 3076 ἦν
1321 3003 1631 3076 διορθῶσαι,
1664 3006 1761 3059 καὶ
1789 3006 2014 3076 ποιῆσαι

496 3132 707 3204 I_C9lb.,
725 3194 736 3204 .
760 3133 903 3182 ὥστε
925 3136 967 3204 6‘
996 3134 1079 3196 μὶν
1124 3133 1345 3199 μοναχὸς,
1366 3134 1423 3183 ἂν
1458 3134 1810 3200 κατηχούμενος
1851 3134 1904 3198 ἥ,
1926 3135 2016 3185 οὐκ

433 3196 650 3259 ἀδελφός,
672 3196 838 3244 minus
868 3200 1025 3247 recte.

1109 291 1168 349 S.
1205 281 1490 351 JOANNIS
1527 290 2017 352 CHRYSOSTOMI
2057 290 2375 349 ARCHIEP.
2412 289 2945 349 CONSTAN'I’INOP.

3578 290 3680 346 178

2104 406 2387 462 ταλανίσαι
2415 407 2514 478 μὲν
2541 407 2635 460 ἐπὶ
2665 406 2743 477 τῷ
2777 405 2991 477 πλούτῳ
3024 403 3219 459 ἑαυτὸν
3240 444 3258 470 ,
3296 405 3580 477 θαυμάσαι
3622 407 3685 462 δί

2106 489 2197 543 ἐπὶ
2233 493 2298 561 τῇ
2335 490 2495 561 πενίᾳ
2528 507 2608 551 σε,
2649 490 2701 541 εἴ
2734 507 2798 558 γε
2832 488 2980 559 ἐώρα
3010 489 3202 542 ἐαυτὸν
3232 488 3372 557 μετά
3413 488 3682 557 τοσαύτης

2108 574 2343 643 σπουδῆς
2357 564 2864 645 καταφρονούμενον
2880 591 2958 626 πα
2965 570 3039 644 ρὰ
3050 569 3169 625 σοῦ.
3198 570 3361 624 Ἀλλὰ
3375 573 3684 641 γεγόναμεν

2105 658 2282 712 δοῦλοι
2310 656 2635 727 ἀνθρώπων,
2681 657 2784 711 οὐκ
2822 654 2940 711 οἶδα
2964 656 3148 721 πόθεν,
3198 655 3295 709 τοῦ
3327 654 3546 709 Παύλου
3570 655 3685 709 ἀνω

2108 742 2202 795 καὶ
2234 741 2384 795 κάτω
2407 741 2657 812 βοῶντος·
2694 741 2791 808 Μὴ
2821 741 3063 810 γίνεσθε
3097 738 3306 793 δοῦλοι
3334 738 3682 806 ἀνθρώπων.

2109 828 2279 883 Πόθεν
2295 824 2389 883 οὖν
2409 830 2711 898 γεγόναμεν
2729 827 2904 881 δοῦλοι
2923 827 3019 881 ἀνθ
3030 826 3226 897 ρώπων
3245 844 3261 893 ;
3307 826 3528 897 Ἐπειδὴ
3549 826 3685 897 πρό-

2107 935 2264 988 τερον
2301 918 2538 989 γαστρὸς
2561 916 2862 987 ἐγενόμεθα
2902 914 3080 970 δοῦλοι
3114 916 3209 969 καὶ
3254 915 3556 986 χρημάτων
3587 915 3686 970 καὶ

2109 1005 2269 1074 δόξης
2299 1004 2397 1058 καὶ
2440 1005 2550 1057 τῶν
2600 1004 2774 1059 ἄλλων
2802 1003 3057 1056 ἁπάντων
3082 1018 3096 1032 ⁸
3141 1000 3537 1072 προεδώκαμεν
3581 1002 3687 1072 τὴν

2110 1087 2444 1157 ἐλευθερίαν,
2479 1088 2546 1158 ἢν
2589 1087 2884 1158 ἐχαρίσατο
2930 1088 3062 1157 ἡμῖν
3100 1085 3129 1137 6
3175 1083 3429 1154 Χριστός.
3482 1084 3549 1136 Τί
3590 1081 3688 1139 οὖν

2114 1171 2262 1242 μένει
2297 1170 2388 1223 τὸν
2438 1170 2729 1240 γενόμενον
2764 1168 2971 1234 δοῦλον,
3012 1168 3134 1222 εἰπέ
3165 1184 3296 1237 μοι;
3356 1166 3556 1219 Ἀκουε
3588 1166 3688 1220 τοῦ

2111 1252 2347 1324 Χριστοῦ
2377 1253 2645 1321 λέγοντος·
2689 1253 2751 1305 '0
2774 1251 2992 1318 δοῦλος
3028 1253 3099 1305 οὐ
3115 1250 3283 1319 μένει
3320 1246 3389 1301 ὲν
3414 1247 3489 1317 τῇ
3526 1250 3691 1317 οἰκίᾳ

2110 1340 2198 1402 εἰς
2246 1336 2351 1389 τόν
2404 1333 2610 1391 αἰῶνα.
2654 1337 2842 1405 Ἔχεις
2894 1334 3170 1401 ἀπόφασιν
3243 1331 3547 1403 αὐτοτελῆ,
3604 1334 3691 1387 ὃτι

2112 1419 2368 1473 οὐδέποτε
2422 1420 2498 1483 εἰς
2558 1417 2836 1488 βασιλείαν
2887 1416 3235 1488 εἰσέρχεται·
3292 1423 3326 1492 ἡ
3378 1420 3487 1491 γὰρ
3540 1416 3691 1471 οἰκία

2112 1502 2268 1556 τοῦτό
2292 1505 2459 1556 ἐστιν.
2500 1502 2603 1556 Ἐν
2633 1500 2743 1573 γὰρ
2794 1499 2868 1569 τῇ
2898 1501 3076 1568 οἰκίᾳ,
3123 1502 3279 1572 φησὶ,
3318 1502 3429 1557 τοῦ
3459 1500 3693 1568 Πατρός

2110 1603 2229 1655 μου
2251 1586 2430 1655 μοναί
2460 1584 2686 1638 πολλαί
2700 1585 2877 1638 εἰσιν.
2921 1583 2980 1636 Ὀ
3006 1583 3186 1637 τοίνυν
3219 1586 3406 1649 δοῦλος
3437 1586 3496 1638 οὐ
3536 1584 3692 1654 μένει

2115 1672 2173 1722 ἐν
2204 1673 2270 1742 τῇ
2291 1669 2439 1740 οἰκίᾳ
2487 1670 2569 1732 εἰς
2600 1668 2692 1721 τὸν
2722 1667 2929 1720 αἰῶνα·
2961 1666 3148 1720 δοῦλον
3172 1668 3380 1722 ἐκεῖνον
3418 1668 3566 1736 λέγει
3595 1667 3693 1719 τὸν

2113 1753 2214 1824 τῆς
2250 1751 2525 1823 ἁμαρτίας
2583 1749 2766 1804 δοῦλον
2797 1765 2812 1781 ο
2866 1748 2895 1802 6
2930 1748 2988 1802 δέ
3030 1749 3105 1820 μὴ
3144 1750 3322 1820 μένων
3356 1753 3414 1804 ἐν
3439 1753 3505 1821 τῇ
3542 1750 3696 1819 οἰκίᾳ

2114 1838 2196 1899 εἰς
2228 1836 2318 1889 τὸν
2363 1834 2558 1899 αἰῶνα,
2606 1834 2665 1888 ἐν
2711 1836 2778 1905 τῇ
2811 1833 3004 1905 γεέννῃ
3040 1834 3189 1902 μένει
3230 1835 3312 1896 εἰς
3359 1834 3452 1888 τὸν
3492 1834 3692 1897 αἰῶνα,

2115 1919 2409 1989 οὐδαμόθεν
2425 1919 2565 1988 ἔχων
2594 1916 2971 1989 παραμυθίαν.
3003 1916 3167 1970 Ἀλλὰ
3186 1918 3292 1987 γὰρ
3321 1918 3403 1981 εἰς
3432 1916 3694 1971 τοσοῦτον

2115 2004 2327 2065 κακίας⁸
2374 2002 2444 2055 τὰ
2499 2002 2803 2072 πράγματα
2855 1995 3041 2071 ἦλθεν,
3069 2000 3147 2064 ὡς
3185 2001 3283 2055 καὶ
3320 2000 3696 2071 ἐλεημοσύνας

2115 2089 2315 2151 αὐτοὺς
2364 2086 2475 2141 61:6
2523 2086 2733 2140 τούτων
2771 2087 2967 2148 ποιεῖν,
3016 2085 3113 2138 καὶ
3141 2084 3369 2148 πολλοὺς
3410 2084 3693 2155 δέχεσθαι.

2114 2172 2214 2225 Διὰ
2234 2170 2391 2225 τοῦτο
2437 2172 2470 2240 ἡ
2509 2168 2791 2240 παρρησία
2815 2166 2972 2238 ἡμῶν
3016 2167 3368 2233 ἐκκέκοπται,
3426 2169 3524 2221 καὶ
3567 2167 3697 2221 οὐδὲ

2114 2253 2441 2323 ἐπιτιμῆσαι
2496 2269 2603 2305 τινι
2657 2250 2952 2320 δυνάμεθα.
3021 2251 3160 2304 Ἀλλ’
3210 2253 3360 2322 ὅμως
3431 2249 3535 2304 κᾶν
3582 2249 3699 2303 61:6

2113 2337 2209 2391 :05
2240 2336 2333 2390 νῦν
2360 2335 2656 2405 φεύγωμεν
2685 2334 2783 2405 τὴν
2805 2333 3056 2387 ἐντεῦθεν
3088 2333 3294 2405 βλάϐην
3317 2350 3330 2364 ⁸
3360 2335 3521 2403 ὑμεῖς
3547 2350 3608 2386 τε
3637 2334 3693 2386 οἰ

2112 2422 2204 2476 τὸν
2251 2420 2508 2491 βόρϐορον
2555 2419 2744 2474 τοῦτον
2787 2418 3154 2482 ἀνελίττοντες
3176 2418 3229 2484 ι’,
3278 2418 3558 2473 παύσασθε
3589 2421 3695 2488 τῆς

2112 2503 2368 2573 τοιαύτης
2393 2503 2592 2573 λύμης,
2616 2503 2711 2555 καὶ
2748 2502 3000 2572 ἐπίσχετε
3027 2501 3126 2573 τὴν
3170 2503 3227 2554 ἐν
3268 2504 3381 2565 τοῖς
3424 2501 3694 2564 τοιούτοις

2115 2586 2434 2656 συμποσίοις
2482 2586 2658 2656 ὁρμὴν
2678 2624 2693 2649 ,
2730 2584 2785 2638 εἴ
2816 2603 2932 2647 πως
2959 2585 3064 2639 κᾶν
3089 2584 3186 2639 νῦν
3221 2583 3541 2655 δυνηθῶμεν
3571 2583 3683 2650 ἐξι-

2110 2668 2414 2723 λεώσασθαι
2449 2669 2540 2722 τὸν
2563 2669 2718 2732 Θεὸν,
2754 2668 2851 2722 καὶ
2878 2670 3061 2739 τυχεῖν
3112 2667 3223 2722 τῶν
3250 2666 3682 2737 ἐπηγγελμένων

2111 2752 2332 2821 ἀγαθῶν
2355 2767 2369 2781 ⁸
2401 2745 2475 2805 ὧν
2502 2751 2711 2820 γένοιτο
2737 2751 2949 2814 πάντας
2981 2752 3128 2821 ἡμᾶς
3166 2752 3467 2822 ἐπιτυχεῖν,
3497 2750 3688 2821 χάριτι

2112 2837 2209 2891 καὶ
2238 2836 2617 2907 φιλανθρωπίᾳ
2640 2835 2733 2889 τοῦ
2774 2835 2979 2904 Κυρίου
3005 2835 3164 2906 ἡμῶν
3200 2835 3377 2905 Ἰησοῦ
3420 2834 3686 2907 Χριστοῦ,

2118 2919 2236 2991 μεθ’
2268 2914 2330 2974 οὗ
2358 2917 2436 2989 τῷ
2463 2919 2638 2987 Πατρί
2667 2917 2785 2989 ἅμα
2809 2917 2887 2988 τῷ
2909 2917 3051 2989 ἁγίῳ
3074 2918 3356 2989 Πνεύματι
3387 2917 3692 2989 δόξα,κρά-

2114 3020 2226 3068 τος,
2247 3004 2402 3075 τιμὴ,
2422 3002 2620 3057 νῦνκαί
2636 3002 2743 3066 ἀεὶ,
2764 3002 2861 3055 καὶ
2874 3002 2953 3066 εἰς
2968 3002 3091 3066 τοὺς
3108 3002 3312 3066 αἰῶνας
3327 3002 3434 3055 τῶν
3451 3002 3685 3057 αἰώνων.

2129 3086 2321 3158 Ἀμήν.

2176 3199 2207 3240 δ
2227 3197 2465 3257 ColberL,
2487 3198 2828 3263 ἀνορύττοντες.

3302 3319 3355 3338 ‘

3356 3319 3627 3338 *ι-

1790 3400 1942 3474 [-235]
1978 3402 2221 3457 OMIAIA
2257 3399 2403 3470 Kq'.

437 3497 638 3555 Πίστει
664 3492 761 3547 καί
794 3492 933 3563 περὶ,
947 3492 1301 3563 μελλόντων
1325 3494 1483 3559 ηὐλό

505 3653 672 3691 σκων
727 3633 989 3688 ἕκαστον
1026 3632 1145 3686 τῶν
1199 3630 1346 3686 υἱῶν
1402 3632 1626 3702 Ἰωσὴφ
1686 3633 2015 3702 ηὐλόγησε,

507 3653 672 3691 σκων
727 3649 989 3688 εκαστον
1026 3649 1145 3686 των
1199 3649 1346 3686 υιων
1407 3649 1626 3702 ἰωσηφ
1686 3649 2015 3755 ῃυλοᾶσησε,

507 3708 601 3782 καί
629 3705 1094 3782 προσεκύνησεν
1134 3702 1242 3782 ,ἐπὶ
1289 3702 1355 3782 τό
1403 3702 1593 3782 ἇθίρον
1640 3720 1749 3782 της
1789 3704 1828 3782 ρ
1872 3703 2016 3782 ϐδ-ου

504 3775 713 3830 αὐτοῦ.
750 3775 955 3828 Πίστει
986 3772 1209 3840 Ἰωσὴφ
1236 3772 1552 3835 τελευτῶν,
1585 3772 1851 3843 περὶτῆς
1883 3772 2017 3843 ἐξότ’

504 3846 615 3901 δου
655 3844 775 3899 τῶν
799 3844 947 3900 υἱῶν
988 3843 1238 3912 Ἰσραὴλ
1271 3841 1709 3913 ἐμνημόνευσε,
1743 3843 1842 3897 καί
1881 3841 2016 3911 περί

504 3916 623 3971 τῶν
648 3914 847 3969 ὀστῶν
872 3913 1058 3969 αὐτοῦ
1083 3915 1441 3970 ἐνετείλατο.

503 4082 573 4137 α’.
595 4081 840 4143 Πολλοὶ,
863 4081 1019 4149 φησί,
1040 4080 1338 4149 προφῆται
1354 4081 1452 4135 καί
1476 4080 1693 4134 δίκαιοι
1717 4080 2010 4149 ἐπεθύμη-

432 4183 556 4220 σαν
584 4164 733 4219 ἰδεῖν
750 4163 789 4217 ἆ
811 4162 1094 4227 βλέπετε,
1113 4163 1209 4215 καί
1228 4164 1339 4217 οὐκ
1354 4159 1541 4223 εἶδον.
1571 4163 1669 4216 καί
1694 4162 1953 4216 ἀκοῦσαι
1972 4159 2012 4213 ἃ

431 4247 703 4308 ἀκούετε,
737 4244 837 4299 καὶ
868 4245 981 4299 οὐκ
1024 4242 1324 4312 ἥκουσαν.
1374 4242 1522 4309 *Αρα
1553 4243 1729 4297 πάντα
1767 4243 1837 4296 τὰ
1878 4242 2010 4312 μέλ-

432 4334 591 4386 λοντα
621 4330 820 4402 ⁴ᾔδεσαν
851 4329 903 4382 οἰ
929 4326 1164 4393 δίκαιοι;
1213 4327 1324 4380 Καὶ
1374 4325 1599 4396 σφόδρα.
1655 4326 1719 4378 Εἰ
1772 4323 1881 4394 γὰρ
1913 4324 2010 4380 καὶ

430 4418 520 4472 διὰ
572 4416 672 4488 τὴν
710 4414 997 4470 ἀσθένειαν
1040 4410 1149 4465 τῶν
1201 4411 1279 4483 μὴ
1339 4410 1652 4480 δυναμένων
1702 4408 1864 4463 αὐτὸν
1919 4409 2007 4463 δέ-

432 4499 649 4566 ξισθαι,
703 4498 803 4552 οὐκ
834 4495 1251 4551 ἀπεκαλύπτετο
1299 4496 1328 4548 6
1358 4506 1384 4535 ι
1409 4493 1556 4559 Υἰὸς,
1608 4494 1719 4555 τοῖς
1754 4494 1814 4545 ἐν
1837 4493 2005 4564 ἀρετῇ

430 4584 833 4653 διαλάμπουσιν
883 4578 1109 4643 εἰκότως
1187 4575 1623 4631 ἀπεκαλύπτετο.
1683 4573 1857 4629 Τοῦτο
1914 4579 2008 4630 καὶ

431 4669 528 4723 νῦν
558 4670 587 4721 6
614 4666 823 4728 Παῦλός
858 4679 1025 4733 φησιν
1046 4701 1062 4727 ,
1092 4660 1173 4715 ὅτι
1202 4661 1272 4715 :6
1302 4660 1566 4731 μέλλοντα
1600 4660 1818 4731 ᾔδεσαν,
1853 4676 2007 4715 τουτ-

430 4753 577 4815 ἐστι,
629 4749 728 4819 τὴν
772 4747 1066 4819 ἀνάστασιν
1119 4743 1212 4798 τοῦ
1255 4742 1515 4815 Χριστοῦ.
1576 4745 1649 4798 Ἦ
1707 4738 1800 4798 οὖν
1848 4743 2007 4798 τοῦτό

432 4850 587 4902 φησι,
622 4815 770 4903 ἢτὺ,
826 4815 1029 4883 Πίοῗτει
1076 4826 1210 4897 περὶ
1252 4827 1624 4897 μελλόντων,
1654 4828 1716 4881 οὐ
1755 4828 2007 4901 περὶτοῦ

435 4915 719 4983 μέλλοντος
741 4912 957 4977 αἰῶνος,
991 4911 1127 4967 ἀλλά
1161 4912 1290 4982 περί
1315 4912 1422 4965 τῶν
1452 4912 1685 4967 ἐνταῦθα
1706 4913 2008 4982 μελλόντων

431 5000 657 5067 ὕστερον
672 4996 937 5064 γίνεσθαι,
950 4996 1225 5061 λέγει.“Αν
1247 4995 1352 5068 γὰρ
1371 4995 1447 5069 μὴ
1461 4997 1635 5065 τοῦτο,
1659 4999 1775 5064 πῶς
1794 4999 2007 5071 ἀνθρωο

432 5098 533 5142 πος
558 5077 869 5148 καθήμενος
894 5080 952 5131 ἐν
969 5078 1115 5151 ξένῃ,
1140 5078 1391 5143 τοιαύτας
1414 5080 1665 5148 εὐλογίας
1682 5082 1909 5152 ἠδύνατο
1926 5081 2009 5135 δι-

430 5163 578 5217 δόναι
600 5178 615 5225 ;
650 5159 768 5223 πῶς
781 5160 868 5214 δαί⁵
886 5160 1049 5213 πάλιν
1066 5160 1330 5232 ἐπέτυχεν
1358 5161 1628 5231 εὐλογίας,
1650 5165 1743 5218 καὶ
1758 5165 1857 5219 οὐκ
1879 5164 2003 5218 ἔλα-

431 5250 525 5300 ϐεν
558 5245 729 5314 αὐτήν
748 5261 765 5310 ;
820 5243 985 5312 Ὁρᾷς
999 5244 1080 5297 ὅτι
1096 5245 1233 5316 ὅπερ
1250 5245 1386 5317 ἐφην
1401 5247 1494 5299 ἐπὶ
1510 5246 1610 5316 μέν
1628 5246 1724 5299 τοῦ
1756 5248 2005 5318 Ἀϐραὰμ

431 5332 529 5385 καὶ
544 5330 637 5383 ἐπὶ
663 5327 759 5383 τοῦ
791 5325 984 5380 Ἰακὼϐ
1006 5326 1154 5381 ἐστιν
1186 5329 1382 5396 εἰπεῖν,
1400 5331 1481 5384 ὅτι
1507 5331 1608 5384 οὐκ
1628 5329 1882 5383 ἀπώνατο
1902 5330 2003 5400 τῆς

430 5413 700 5483 εὐλογίας,
740 5412 857 5467 ἀλλ’
894 5411 973 5474 είς
999 5411 1257 5481 ἐκγόνους
1290 5413 1479 5483 ἐξῆλθε
1503 5413 1569 5466 :6
1584 5413 1693 5466 τῶν
1715 5412 1995 5480 εὐλογιῶν,

434 5495 595 5560 αὐτὸς
614 5497 671 5551 δέ
708 5497 816 5550 τῶν
845 5494 1148 5567 μελλόντων
1176 5494 1397 5567 ἐτυχενς
1429 5496 1755 5568 εὑρίσκομεν
1780 5495 1889 5567 γὰρ
1910 5494 2001 5548 τὸν

433 5682 611 5803 Θέόῗίε
631 5685 793 5750 Colb.,
831 5695 979 5748 alque
1035 5689 1105 5738 ita
1160 5687 1287 5750 legit
1331 5686 1434 5737 Lal.
1463 5688 1730 5753 Interpres.
1786 5685 2001 5740 Savilius

1486 3505 1675 3567 γησεν
1699 3492 2020 3567 ’ζσαὰκτὸν
2117 3494 2347 3564 ἀδελφὸν
2389 3494 2588 3565 μᾶλλον
2624 3493 3056 3551 ἀπολελαυκότα.
3098 3497 3157 3550 '0
3195 3495 3295 3567 μὲν
3321 3496 3428 3567 γὰρ
3473 3499 3533 3551 ἐν
3560 3499 3687 3553 605n-

520 3566 729 3622 Ἰακὼϐ
756 3564 853 3617 καί
880 3562 988 3617 τὸν
1037 3562 1246 3617 Ἠσαῦ.
1279 3562 1498 3631 Πίστει
1529 3563 1736 3617 Ἰακὼϐ
1760 3562 2021 3631 ἀποθνή-

2116 3577 2238 3647 λείᾳ
2265 3578 2359 3631 καὶ
2407 3577 2599 3649 θητείᾳ
2643 3579 2736 3631 καὶ
2785 3578 3052 3643 κινδύνοις
3088 3580 3183 3633 καὶ
3232 3580 3549 3645 ἐπιϐουλαῖς
3592 3585 3689 3639 καὶ

2117 3660 2356 3721 ἀπάταις
2374 3662 2468 3714 καὶ
2488 3661 2671 3730 φόϐοις
2690 3661 2782 3715 τὸν
2802 3662 3020 3716 ᾶπαντα
3037 3662 3308 3731 διεγένετο
3327 3664 3540 3734 χρόνον,
3560 3668 3689 3737 ἐρωο

2115 3744 2357 3816 τώμενός
2373 3763 2430 3798 τε
2454 3745 2604 3816 παρὰ
2631 3745 2724 3798 τοῦ
2746 3745 2945 3815 Φαραὼ
2965 3748 3119 3818 φησί·
3147 3746 3363 3815 Μικραί
3385 3748 3483 3802 καί
3501 3762 3687 3819 πονη-

2106 3829 2209 3899 ραὶ
2229 3832 2289 3883 αἰ
2320 3828 2532 3899 ἡμέραι
2546 3846 2663 3899 μου
2686 3830 3032 3901 γεγόνασιν·
3049 3834 3253 3896 ἐκεῖνος
3271 3832 3328 3886 δὲ
3352 3836 3408 3887 ἐν
3419 3832 3571 3905 ἀδείᾳ
3593 3835 3690 3888 καὶ

2115 3912 2373 3982 αὐθεντία
2407 3911 2596 3985 πολλῇ,
2643 3913 2739 3966 καὶ
2791 3913 2929 3984 μετὰ
2958 3912 3133 3969 ταῦτα
3156 3911 3224 3987 ἦν
3252 3917 3399 3987 αὐτῷ
3434 3916 3683 3988 φοϐερός.

2113 3995 2226 4050 Ποῦ
2258 3992 2350 4049 οὖν
2374 3995 2639 4067 ἐξέϐησαν
2666 3996 2722 4048 αἰ
2751 3995 3014 4065 εὐλογίαι,
3047 3997 3287 4070 ἀλλ’ἢέν
3301 3999 3377 4071 τῷ
3408 4001 3686 4071 μέλλοντι;

2124 4078 2288 4150 Ὁρᾷς
2319 4078 2400 4131 ὅτι
2438 4078 2645 4133 ἀνωθεν
2663 4081 2711 4131 οἰ
2738 4081 2963 4152 πονηροί
2978 4080 3087 4134 τῶν
3116 4082 3352 4138 ἐνταῦθα
3380 4085 3684 4156 ἀπήλαυονο

2082 4165 2158 4215 -οἰ
2191 4163 2247 4215 δὲ
2276 4162 2471 4215 δίκαιοι
2502 4162 2832 4225 τούναντίον,
2863 4164 2924 4216 οὐ
2965 4163 3073 4235 μὴν
3106 4167 3325 4232 πάντες.
3364 4170 3492 4223 ’1δού
3526 4168 3634 4237 γὰρ
3658 4168 3686 4221 ὀ

2124 4244 2373 4316 Ἀϐραὰμ
2396 4245 2602 4309 δίκαιος
2621 4241 2690 4318 ἦν
2715 4248 2813 4301 καὶ
2854 4248 3135 4321 ἀπήλαυσε
3164 4252 3258 4305 καὶ
3287 4252 3398 4305 τῶν
3423 4251 3681 4316 ἐνταῦθα,

2112 4328 2249 4399 πλὴν
2285 4328 2421 4398 μετὰ
2454 4327 2683 4398 θλίψεως
2706 4329 2801 4383 καὶ
2824 4331 3145 4402 πειρασμῶν
3172 4349 3185 4363 '
3205 4334 3297 4386 καὶ
3320 4334 3429 4406 γὰρ
3456 4334 3685 4400 πλοῦτος

2106 4406 2176 4481 ἦν
2206 4410 2355 4481 αὐτῷ
2385 4411 2565 4482 μόνον,
2599 4414 2723 4466 ἐπεὶ
2767 4413 2835 4466 τὰ
2864 4414 3001 4468 ἀλλα
3034 4417 3215 4470 πάντα
3246 4416 3479 4487 θλίψεως
3513 4418 3684 4487 ἔγεμε

2107 4495 2178 4548 :6
2210 4498 2329 4549 κατ’
2351 4494 2531 4549 αὐτόν.
2556 4496 2628 4548 Οὐ
2651 4497 2760 4567 γὰρ
2788 4497 2905 4550 ἔστι
2926 4498 3019 4552 τὸν
3046 4498 3253 4553 δίκαιον
3279 4501 3353 4572 μὴ
3378 4501 3679 4567 θλίϐεσθαι,

2108 4578 2211 4634 κᾶν
2240 4579 2467 4649 πλουτῇ’
2501 4581 2627 4634 ὅταν
2656 4580 2764 4651 γὰρ
2787 4580 3042 4654 βούληται
3065 4584 3533 4648 πλεονεκτεῖσθαι,
3566 4584 3682 4638 66:-

2109 4662 2343 4726 κεῖσθαι,
2383 4660 2533 4734 [256]
2571 4662 2639 4716 :6
2670 4662 2807 4718 ἀλλα
2842 4665 3095 4736 πάσχειν,
3125 4667 3339 4737 ἀνάγκη
3374 4667 3677 4722 θλίϐεσθαι.

2110 4747 2272 4800 ’Ὥστε
2302 4745 2406 4799 κᾶν
2454 4744 2701 4816 ἀπολαύῃ
2745 4746 2840 4799 τοῦ
2895 4747 3155 4813 πλούτου,
3187 4751 3289 4804 οὐκ
3334 4750 3581 4814 ἀλύπως.
3614 4752 3680 4803 Τί

2104 4830 2341 4901 δήποτες
2374 4829 2497 4883 Ὀτι
2545 4829 2602 4882 ἐν
2633 4827 2808 4898 θλίψει
2863 4829 2982 4883 ἐστί
3016 4832 3111 4885 καὶ
3153 4832 3338 4906 ὀδύνῃ.
3372 4834 3438 4890 Εἰ
3471 4835 3529 4888 δὲ
3555 4835 3678 4888 τότε

2105 4914 2163 4968 ἐν
2213 4912 2390 4983 θλίψει
2444 4915 2492 4967 οι
2543 4913 2764 4979 δίκαιοι,
2817 4913 3000 4986 πολλῷ
3035 4916 3236 4984 μᾶλλον
3294 4917 3411 4973 νῦν.
3472 4919 3679 4973 Πίστει

2103 4996 2235 5067 περί
2263 4997 2631 5066 μελλόντων,
2687 4996 2853 5066 φησὶν
2871 5037 2887 5062 ,
2925 5000 3266 5070 εὐλόγησεν
3310 5002 3515 5058 Ἰσαὰκ
3566 5004 3680 5058 τὸν

2116 5079 2329 5135 Ἰακὼϐ
2370 5079 2469 5133 καί
2519 5078 2627 5133 τὸν
2668 5078 2870 5136 Ἠσαῦ.
2907 5081 3098 5136 Καίτοι
3144 5100 3209 5152 γε
3268 5084 3472 5156 μείζων
3529 5082 3599 5157 ἦν
3649 5088 3679 5139 6

2115 5161 2285 5215 Ἡσαῦ
2307 5176 2321 5192 ο
2356 5158 2494 5239 ἀλλὰ
2520 5162 2839 5233 προτίθησιν
2864 5162 2972 5216 61:6
2995 5165 3094 5235 τῆς
3123 5166 3324 5239 ἀρετῆς
3339 5167 3430 5221 τὸν
3456 5167 3675 5223 Ἰακώϐ.

2113 5243 2278 5315 Ὁρᾷς
2298 5242 2378 5296 ὅτι
2401 5237 2470 5313 ἦν
2500 5243 2534 5312 ἡ
2571 5244 2788 5310 πίστις;
2818 5245 2994 5298 Πόθεν
3026 5249 3136 5317 γὰρ
3170 5237 3537 5319 ἐπηγγείλατο
3564 5253 3678 5313 τοῖς

2103 5328 2241 5390 υἰοίς
2285 5325 2356 5378 τὰ
2410 5325 2650 5381 τοσαῦτα
2673 5327 2873 5395 ἀγαθὰ,
2922 5328 2955 5399 ἢ
3006 5331 3115 5386 ἀπὸ
3144 5332 3238 5387 τοῦ
3288 5333 3565 5388 πιστεύειν
3593 5332 3674 5404 τῷ

2101 5408 2221 5480 Θεῷ
2244 5408 2494 5477 πάντως;
2525 5410 2732 5465 Πίστει
2761 5411 2971 5467 Ἰακὼό
2991 5416 3399 5484 ἀποθνήσκων
3409 5417 3675 5472 ἕκαστον

2100 5492 2219 5546 τῶν
2246 5490 2394 5545 υἰῶν
2431 5492 2652 5563 Ἰωσὴφ
2672 5496 3030 5566 εὐλόγησεν.
3070 5499 3337 5555 Ἐνταῦθα
3366 5500 3473 5571 χρὴ
3503 5500 3674 5555 θεῖναι

2108 5574 2206 5637 :6;
2221 5574 2471 5643 εὐλογίας
2494 5576 2641 5642 ὅλας,
2669 5577 2753 5631 ἵνα
2788 5581 2881 5633 καὶ
2908 5583 2940 5652 ἡ
2964 5583 3144 5647 πίστις
3183 5584 3280 5638 καὶ
3308 5585 3342 5653 ἡ
3366 5586 3672 5656 προφητεία

2109 5656 2273 5740 αὐτοῦ
2331 5660 2628 5729 κατάδηλος
2669 5661 2913 5733 γένηται.
2942 5666 3052 5721 Καὶ
3077 5667 3526 5735 προσεκύνησε,
3570 5684 3676 5738 φη⁸
3746 5668 3779 5740 λ,

2109 5738 2215 5808 σίν,
2244 5740 2341 5797 ἐπὶ
2397 5743 2461 5798 τὸ
2490 5742 2674 5813 ἄκρον
2713 5744 2819 5815 τῆς
2851 5747 3077 5816 ῥάϐδου
3130 5752 3338 5809 αὐτοῦ.
3412 5750 3671 5807 Ἐνταῦθα
