4088 6204
221 338 324 391 Πτ

217 439 458 490 ditantur
493 429 714 493 alienis,
765 442 831 480 ne
885 425 1121 479 volentes
1173 419 1387 491 quidem
1459 419 1603 472 sinit.
1679 414 1811 470 Nam

218 529 288 580 ait
346 527 457 590 (α),
523 521 582 576 Si
643 521 686 572 is
717 519 803 586 qui
850 520 1008 583 frater
1055 514 1345 567 nominatur
1398 512 1528 563 inter
1576 525 1696 573 vos,
1740 516 1812 561 est

227 619 512 687 fornicator
530 631 548 678 ;
569 613 785 665 fratrem
819 609 902 661 hic
933 607 1117 660 dicens
1145 603 1384 658 absolute
1409 600 1652 671 quemvis
1681 599 1808 652 fide-

221 712 348 768 lem,
381 724 488 760 non
517 719 641 759 eum
665 703 753 770 qtti
781 709 864 754 est
897 697 1211 752 monachus.
1239 693 1369 748 Nam
1396 692 1522 763 quid
1561 691 1812 760 estquod

223 801 290 854 fut
312 799 354 853 it
383 792 816 852 fraternitatem?
847 791 1116 843 lavacrum
1149 785 1573 856 regenerationis
1597 824 1612 847 ,
1653 796 1812 852 posse

227 895 393 946 Deum
452 890 663 944 Patrem
718 897 929 939 vocare.
985 878 1343 948 Quamobrem
1395 875 1811 932 catechumeuus

225 980 438 1040 etiamsi
465 979 536 1032 sit
566 973 875 1038 monachus,
919 985 1022 1025 non
1049 980 1132 1024 est
1155 969 1320 1023 frater
1354 985 1366 1021 :
1402 966 1574 1020 fidelis
1609 974 1808 1028 autem,

224 1075 436 1132 etiamsi
465 1070 767 1126 mundanus
800 1067 911 1130 sit,
943 1080 1036 1118 seu
1065 1061 1362 1128 saecularis,
1396 1070 1477 1117 est
1524 1060 1706 1114 frater.
1750 1059 1811 1112 Si

225 1170 359 1239 quis,
386 1166 577 1235 inquit,
599 1163 756 1231 frater
779 1159 1069 1214 nominatur
1095 1157 1140 1226 (l
1157 1195 1171 1208 .
1205 1155 1322 1209 Cor.
1344 1156 1396 1209 5.
1423 1154 1536 1222 11).
1559 1153 1689 1207 Nam
1714 1166 1812 1206 nec

229 1259 396 1311 ullqu
416 1254 632 1325 quidem
658 1262 783 1305 huic
804 1257 923 1304 erat
947 1245 1194 1302 monachi
1223 1244 1522 1315 vestigium,
1546 1244 1637 1298 sed
1659 1258 1813 1296 umn-

223 1340 381 1393 dauis
412 1358 505 1394 seu
533 1339 881 1393 saecularibus
910 1339 1020 1391 lucc
1046 1339 1226 1391 omnia
1251 1338 1463 1392 dicebat
1491 1338 1575 1392 hic
1603 1338 1811 1392 beatus.

225 1432 288 1486 Si
307 1435 373 1494 is,
418 1431 608 1498 inquit,
635 1431 724 1499 qui
763 1435 921 1495 frater
944 1431 1262 1494 nominetur,
1299 1431 1361 1482 sit
1391 1432 1697 1500 fornicator,
1726 1440 1816 1483 aut

222 1537 431 1585 avarus,
462 1533 547 1574 aut
579 1521 820 1586 ebriosus,
841 1536 954 1573 cum
973 1521 1266 1590 hujusmodi
1290 1537 1378 1573 nec
1402 1519 1564 1572 cibum
1592 1537 1812 1575 sumere.

222 1611 329 1666 Sed
373 1627 478 1666 non
518 1612 586 1665 ita
617 1613 727 1681 agn
769 1627 889 1667 eum
920 1610 1207 1680 gentilibus
1231 1651 1247 1676 ,
1295 1610 1388 1665 sed
1419 1610 1579 1680 quid?
1612 1611 1671 1665 Si
1699 1613 1815 1681 quis

222 1712 369 1755 uocat
394 1719 480 1756 ros
507 1701 812 1770 infidelium,
843 1711 889 1754 et
917 1702 1067 1754 vultis
1098 1702 1190 1763 ire,
1219 1718 1367 1756 onme
1393 1702 1528 1771 quod
1556 1702 1692 1756 vobis
1713 1719 1810 1770 ap-

221 1794 433 1862 ponitur
458 1793 799 1862 camedite(l.
843 1791 961 1850 Cor.
998 1793 1083 1848 10.
1107 1792 1222 1862 9.7).
1273 1791 1332 1848 Si
1371 1793 1482 1862 quis
1508 1804 1696 1860 autem,
1727 1794 1812 1848 iu-

221 1886 357 1954 quit,
389 1889 549 1954 frater
577 1886 882 1949 nominatur,
918 1895 962 1940 et
991 1886 1054 1962 sit
1083 1883 1328 1939 ebriosus.

293 1979 352 2032 4.
388 1977 548 2046 Papre
596 1993 753 2048 quam
799 1988 986 2032 exacte
1016 1979 1248 2048 loquitur
1275 1989 1329 2033 et
1371 1982 1655 2033 accurate!
1711 1993 1810 2033 nes

223 2080 403 2123 autem
451 2084 556 2122 non
597 2069 766 2122 solum
807 2084 913 2122 non
959 2068 1186 2139 fugimus
1211 2069 1476 2134 ebriosos,
1524 2069 1616 2124 sed
1653 2070 1811 2123 etiam

224 2175 321 2215 eos
356 2159 569 2214 adimus
590 2201 603 2222 ,
636 2175 818 2213 eorum
850 2175 966 2228 qua:
1010 2160 1079 2212 ab
1128 2160 1256 2228 ipsis
1296 2169 1630 2227 apponuntur
1654 2157 1816 2214 futuri

229 2250 541 2320 participes.
571 2249 862 2318 Propterea
893 2251 1068 2304 omnia
1091 2265 1292 2319 susque
1323 2250 1494 2318 deque
1521 2258 1647 2304 sunt
1701 2251 1815 2319 agi-

230 2353 359 2407 tata,
388 2342 568 2394 omnia
603 2350 727 2395 sunt
757 2341 998 2403 confusa,
1033 2356 1219 2395 eversa
1246 2351 1300 2395 et
1329 2341 1555 2410 perdita.
1580 2340 1710 2394 Nam
1732 2341 1819 2394 die

228 2433 391 2495 mihi,
428 2434 472 2485 si
506 2433 627 2501 quis
657 2447 845 2486 eorum
888 2432 976 2500 qui
1018 2440 1142 2485 sunt
1169 2432 1474 2502 hujusmodi
1506 2443 1555 2487 te
1584 2433 1819 2486 invitarit

227 2523 293 2576 ad
325 2524 654 2587 convivium,
699 2532 751 2578 te
778 2523 865 2593 qui
897 2524 1222 2577 existimaris
1263 2540 1464 2594 pauper
1494 2526 1721 2596 vilisque
1765 2537 1819 2580 et

228 2614 474 2682 abjectus
498 2654 513 2675 ,
547 2613 741 2668 deinde
769 2629 797 2666 a
834 2625 884 2668 te
912 2614 1140 2674 audierit
1171 2632 1182 2667 :
1213 2614 1475 2682 Quoniam
1503 2632 1620 2686 qute
1650 2631 1820 2686 appo—

228 2714 432 2758 nuntur
462 2714 612 2775 parta
632 2715 754 2758 sunt
783 2720 848 2758 ex
874 2706 1115 2760 avaritia.
1145 2721 1250 2759 non
1292 2707 1461 2776 patiar
1489 2724 1660 2762 meam
1701 2707 1818 2776 pol-

228 2796 383 2850 luere
407 2797 635 2848 animam
665 2813 677 2849 :
707 2811 884 2848 annon
913 2796 1071 2849 fuerit
1099 2796 1375 2860 reveritus,
1411 2813 1585 2850 annon
1615 2798 1816 2868 pudore

228 2888 500 2943 affectus?
535 2888 645 2943 lloc
686 2888 858 2942 solum
898 2889 1167 2943 sufficeret
1217 2888 1282 2943 ad
1328 2890 1719 2958 corrigendum,
1765 2903 1819 2945 et

229 2979 580 3033 efficiendum
607 2989 662 3032 ut
687 2994 746 3032 se
780 2979 992 3046 quidem
1035 2981 1284 3034 miserum
1332 2981 1551 3036 duceret
1596 2993 1811 3052 propter

282 3067 358 3130 (α)
384 3066 478 3116 llic
500 3069 662 3130 incipit
682 3068 879 3118 humilia
902 3070 1137 3131 vigesima
1160 3075 1322 3134 quinta
1347 3076 1395 3122 in
1420 3075 1554 3124 Colb.

997 325 1062 382 IN
1099 327 1314 385 EPIST.
1359 327 1448 382 AD
1486 307 1852 380 1181111Εο5.
1891 316 2042 372 CAP.
2086 317 2173 373 XI.
2244 317 2476 374 llOMlL.
2527 316 2718 371 XXVI.

3398 316 3499 370 178

1915 414 2150 471 divitias.
2179 424 2229 468 te
2252 424 2430 468 autem
2466 412 2822 467 admiraretur
2858 422 3076 482 propter
3107 423 3494 481 paupertatem,

1915 509 1960 563 si
1990 523 2048 562 se
2075 507 2278 560 videret
2324 521 2353 559 a
2396 515 2446 560 te
2477 515 2621 559 tanto
2651 504 2827 560 studio
2853 505 3077 576 despici.
3104 504 3207 560 Sed
3239 505 3362 560 facti
3401 523 3491 560 su-

1918 616 2054 665 mus,
2090 599 2270 653 nescio
2299 597 2454 662 unde,
2485 597 2630 653 Servi
2678 597 2976 664 hominum,
3006 613 3126 653 cum
3157 597 3349 653 Paulus
3373 612 3493 651 sus~
3553 637 3559 647 .

1918 707 2020 763 que
2048 691 2218 760 deque
2243 690 2435 744 clamet
2467 707 2480 743 :
2508 688 2682 742 Nolite
2706 689 2816 757 ﬁeri
2840 689 2969 742 servi
2993 688 3251 742 hominum
3279 689 3353 756 (t.
3381 688 3500 742 Cor.

1920 786 1974 839 7.
2003 784 2120 850 93).
2154 781 2305 838 Unde
2335 781 2458 836 facti
2495 797 2682 835 sumus
2707 782 2846 835 servi
2878 781 3196 836 hominum?
3219 781 3350 849 Quia
3378 781 3504 836 facti

1923 888 2108 930 sumus
2132 873 2272 928 servi
2305 872 2504 926 ventris
2530 881 2584 925 et
2611 874 2850 940 pecuniae
2877 881 2929 925 et
2955 872 3140 940 glorite
3177 885 3229 927 et
3273 872 3503 927 aliorum

1925 971 2164 1031 omnium
2206 967 2581 1038 :prodidinius
2632 967 2934 1022 libertatem
2981 981 3082 1036 qua
3135 981 3236 1020 nos
3293 967 3508 1021 donavit

1928 1060 2193 1117 Christus.
2219 1058 2353 1125 Quid
2383 1071 2511 1126 ergo
2527 1066 2708 1112 manet
2727 1072 2850 1110 eum
2871 1057 2962 1124 qui
2991 1057 3161 1110 factus
3187 1066 3269 1111 est
3295 1072 3505 1119 servus,

1931 1150 2018 1206 dic
2045 1150 2210 1204 mihi?
2239 1149 2376 1202 Audi
2409 1148 2678 1202 Christum
2711 1147 2978 1201 dicentem
3012 1165 3024 1201 :
3061 1147 3250 1202 Servus
3273 1165 3370 1200 non
3403 1165 3513 1200 ma-

1928 1252 2009 1296 net
2041 1242 2090 1294 in
2117 1241 2265 1294 domo
2296 1241 2345 1292 in
2374 1251 2616 1293 aeternum
2670 1237 2848 1310 (Joan.
2873 1240 2926 1294 8.
2955 1237 3069 1309 55).
3105 1238 3279 1292 Habes
3301 1239 3516 1291 absolu-

1930 1343 2036 1387 tam
2084 1333 2426 1396 sententiam,
2469 1331 2611 1400 quod
2660 1346 2950 1400 numquam
2983 1331 3034 1384 in
3076 1346 3296 1400 regnum
3341 1331 3514 1396 ingre-

1928 1423 2072 1477 ditnr
2109 1438 2121 1473 :
2163 1422 2263 1475 hoc
2313 1422 2457 1476 enim
2487 1432 2570 1475 est
2599 1422 2810 1475 domus.
2846 1421 2978 1476 Nam
3008 1421 3076 1476 In
3107 1423 3278 1486 domo,
3314 1424 3504 1491 inquit,

1931 1513 2104 1567 Patris
2133 1515 2230 1566 mei
2278 1515 2562 1567 mansiones
2589 1516 2761 1568 multa:
2787 1523 2904 1568 sunt
2937 1513 3236 1584 (Joan.H.
3269 1515 3347 1585 9.).
3383 1515 3516 1569 Ser-

1937 1619 2035 1658 vus
2065 1620 2192 1673 ergo
2223 1620 2326 1657 non
2369 1616 2547 1658 manet
2581 1605 2630 1658 in
2673 1606 2831 1658 domo
2879 1605 2930 1658 in
2976 1615 3232 1659 teternum
3262 1623 3275 1659 :
3303 1623 3513 1660 servum

1931 1697 2059 1750 dicit
2086 1697 2286 1764 peccati
2316 1714 2329 1750 :
2359 1697 2447 1766 qui
2469 1707 2644 1750 autem
2671 1699 2722 1750 in
2747 1697 2914 1750 domo
2940 1711 3044 1751 non
3067 1706 3246 1752 manet
3276 1699 3328 1752 in
3354 1709 3515 1752 acter-

1933 1804 2082 1852 num,
2117 1789 2166 1842 in
2195 1789 2433 1858 gehenna
2463 1799 2639 1841 manet
2669 1789 2720 1842 in
2768 1798 3048 1852 internum,
3072 1789 3269 1843 nullam
3316 1789 3517 1844 habens

1933 1881 2376 1935 consolationem.
2395 1878 2498 1933 Sed
2515 1879 2655 1931 enim
2680 1893 2764 1932 res
2785 1879 2847 1931 ad
2870 1896 2985 1930 eam
3011 1879 3282 1933 redierunt
3306 1882 3478 1950 impro
3498 1911 3511 1921 -

1932 1967 2152 2022 bitatem
2181 1978 2235 2023 et
2265 1970 2476 2038 vitium,
2506 1981 2562 2026 ut
2607 1972 2767 2027 etiam
2798 1988 2862 2028 ex
2896 1975 3026 2042 ipsis
3052 1975 3246 2029 faciant
3273 1976 3516 2030 eleemo-

1931 2073 2110 2128 synas,
2152 2069 2231 2113 et‘
2254 2061 2450 2115 multos
2495 2063 2776 2117 accipiant.
2809 2065 3097 2133 Propterea
3133 2075 3400 2135 amputata
3435 2077 3518 2122 est

1933 2158 2109 2200 nostra
2152 2149 2389 2216 libertas,
2431 2162 2485 2205 et
2519 2169 2621 2205 non
2652 2169 2931 2222 possumus
2960 2156 3186 2224 aliquem
3212 2159 3508 2225 increpare.

1930 2236 2032 2290 Sed
2067 2254 2206 2293 nunc
2231 2239 2298 2294 de
2329 2250 2529 2296 Caetera
2560 2242 2822 2312 fugiamus
2864 2260 3057 2298 noxam
3097 2261 3215 2315 qtue
3252 2247 3374 2300 inde
3403 2247 3516 2301 ori-

1933 2338 2019 2381 tur
2052 2346 2064 2381 :
2111 2339 2166 2384 et
2195 2347 2290 2384 vos
2319 2333 2406 2401 qui
2441 2333 2542 2388 hoc
2587 2335 2754 2388 lutum
2785 2336 3031 2398 volvitis,
3067 2347 3275 2390 cessate
3305 2337 3373 2391 ab
3416 2336 3517 2392 hac

1927 2421 2188 2490 pernicie,
2226 2433 2280 2477 et
2301 2424 2546 2480 cohibete
2563 2438 2796 2482 vestrum
2813 2431 3103 2499 appetitum
3121 2431 3188 2484 ab
3211 2429 3515 2498 hujusmodi

1925 2523 2206 2589 conviviis,
2230 2523 2274 2576 si
2293 2521 2474 2592 aliquo
2502 2523 2664 2579 modo
2687 2525 2953 2595 possimus
2971 2525 3160 2581 saltem
3181 2543 3322 2582 nunc
3342 2530 3510 2585 Deum

1932 2615 2164 2684 placare,
2190 2625 2244 2668 et
2272 2614 2411 2667 bona
2442 2617 2698 2682 consequi
2734 2615 2995 2684 promissa
3026 2634 3040 2669 :
3073 2634 3192 2677 ante
3213 2618 3370 2674 detur
3394 2635 3504 2674 om-

1931 2706 2087 2758 nibus
2127 2705 2339 2774 assequi
2370 2747 2385 2771 ,
2441 2706 2610 2774 gratia
2653 2715 2707 2760 et
2737 2707 3067 2777 benignitate
3098 2710 3309 2765 Domini
3341 2713 3509 2768 nostri

1924 2794 2050 2848 Jesu
2081 2793 2302 2859 Christi,
2334 2811 2454 2851 cum
2487 2811 2593 2862 quo
2623 2795 2762 2849 Patri
2804 2813 2906 2851 una
2949 2814 3068 2852 cmn
3099 2810 3283 2854 sancto
3313 2802 3514 2870 Spiritu

1925 2886 2114 2952 gloria,
2146 2886 2449 2956 imperium,
2475 2887 2664 2951 honor,
2685 2903 2824 2940 nunc
2841 2897 2891 2941 et
2920 2904 3150 2956 semper,
3170 2901 3224 2944 et
3249 2892 3299 2944 in
3321 2893 3516 2946 Stecula

1928 2976 2267 3028 sa‘culorum.
2302 2978 2492 3028 Amen.

3130 3195 3462 3216 *Ψ

1577 3261 1911 3325 HOMILIA
1955 3263 2194 3324 XXVI.

234 3405 366 3458 Car.
399 3407 486 3459 11.
517 3422 570 3458 v.
601 3406 693 3461 90.
729 3406 862 3460 Fide
887 3420 934 3460 et
956 3409 1018 3461 de
1038 3407 1224 3475 futuris
1249 3407 1506 3461 benedixit
1546 3404 1693 3460 Isaac
1721 3403 1823 3456 Ja-

319 3497 406 3548 rob
429 3507 474 3549 et
504 3496 665 3551 Esau.
695 3497 784 3551 9|.
816 3497 945 3551 Fide
968 3497 1126 3550 Iacob
1157 3498 1376 3550 moriens
1427 3497 1656 3564 singulos
1691 3495 1828 3563 ﬁlio-

312 3605 426 3640 rum
475 3587 668 3658 Joseph
717 3588 988 3653 benedixit,
1042 3599 1086 3640 et
1131 3588 1359 3641 adoravit
1389 3588 1645 3658 fastigium
1675 3587 1830 3655 virga:

310 3683 441 3749 ejus.
477 3680 570 3734 99..
608 3679 740 3734 Fide
779 3681 971 3751 .loseph
1003 3682 1220 3736 moriens
1261 3681 1327 3736 de
1360 3681 1671 3751 profectione
1695 3680 1830 3746 [ilio-

315 3789 430 3822 rum
461 3773 626 3826 Israel
661 3785 962 3826 memoratus
991 3783 1083 3840 est,
1113 3784 1157 3826 et
1197 3773 1262 3828 de
1295 3774 1489 3828 ossibus
1532 3773 1636 3826 suis
1680 3789 1829 3825 man-

308 3863 470 3915 darit.

317 3956 339 4006 l
402 3954 580 4020 Multi,
621 3956 810 4025 inquit,
856 3958 1116 4024 propheta:
1143 3966 1191 4010 et
1209 3958 1340 4027 justi
1369 3959 1634 4027 cupierunt
1665 3961 1834 4012 videre

239 4061 357 4116 qua:
382 4046 586 4111 videtis,
618 4055 665 4098 et
697 4063 796 4099 non
821 4047 1089 4112 viderunt;
1117 4058 1162 4100 et
1199 4050 1377 4102 audire
1405 4065 1518 4118 qua:
1562 4051 1748 4104 auditis
1786 4061 1832 4104 et

241 4153 344 4188 non
370 4137 643 4190 audierunt
663 4137 878 4205 (Matth.
906 4139 992 4194 15.
1016 4139 1126 4208 f't').
1157 4139 1424 4209 Numquid
1452 4143 1627 4194 omnia
1658 4140 1831 4195 futura

243 4235 514 4280 noverunt
552 4227 725 4296 justi?
752 4228 1004 4284 Maxime.
1033 4229 1167 4284 Nam
1197 4231 1241 4284 si
1273 4232 1395 4286 ideo
1425 4247 1531 4286 non
1563 4233 1834 4287 revelaba-

248 4328 334 4369 tnr
367 4317 536 4372 Filius
558 4331 780 4388 propter
807 4320 1230 4376 imbecillitatem
1273 4337 1456 4376 eorum
1483 4324 1574 4391 qui
1605 4338 1709 4377 non
1744 4339 1837 4392 po-

248 4418 421 4460 terant
455 4409 628 4477 ipsum
649 4410 941 4478 suscipere,
971 4411 1056 4474 iis,
1079 4412 1169 4480 qui
1198 4411 1390 4466 virtute
1403 4411 1833 4480 resplendebaut,

249 4501 442 4552 merito
492 4501 856 4554 revelabatur.
908 4501 1019 4556 lloc
1077 4519 1218 4557 nunc
1257 4505 1414 4557 etiam
1446 4504 1576 4558 dicit
1620 4505 1836 4570 Paulus,

255 4590 395 4659 quiod
447 4591 689 4645 sciebant
735 4591 951 4657 futura,
982 4609 1174 4663 nempe
1223 4595 1420 4650 Christi
1487 4598 1841 4651 resurrectio-

252 4699 398 4736 nem.
434 4681 531 4736 νει
562 4684 722 4753 igitur
750 4683 852 4739 hoc
869 4685 1024 4748 dicit;
1053 4687 1140 4740 vel
1165 4686 1318 4751 illud,
1349 4686 1480 4742 Fide
1508 4687 1570 4742 de
1617 4690 1802 4758 futuris
1823 4730 1838 4754 ,

255 4773 452 4827 dicitur
481 4790 588 4828 non
613 4775 681 4828 de
705 4775 884 4830 futuro
903 4779 1228 4843 szeculo,sed
1259 4779 1326 4834 de
1355 4780 1417 4834 iis
1445 4796 1564 4850 qua:
1591 4781 1677 4836 hic
1705 4791 1844 4850 post-

252 4880 312 4917 ea
353 4875 477 4917 sum
525 4865 723 4920 futura.
776 4866 834 4922 Si
886 4867 988 4923 hoc
1018 4884 1122 4924 non
1167 4879 1330 4935 esset,
1363 4873 1630 4942 quomodo
1682 4873 1844 4928 homo

253 4953 449 5006 sedens
484 4955 536 5008 in
568 4965 709 5010 terra
738 4959 1020 5028 peregrina
1051 4960 1184 5014 tales
1213 4960 1368 5016 daret
1399 4963 1843 5018 benedictiones?

256 5045 532 5112 quomodo
560 5046 880 5103 obtinuisset
907 5049 1359 5117 benedictionem,
1395 5064 1448 5108 et
1474 5071 1590 5108 eam
1625 5072 1728 5109 non
1759 5073 1846 5110 ac-

259 5135 441 5228 cepit?
487 5135 646 5191 Vides
685 5137 828 5206 quod
862 5139 1000 5194 idem
1048 5141 1334 5228 dicendupt
1377 5144 1428 5198 in
1477 5144 1673 5214 Joseph
1705 5147 1844 5215 quod

259 5223 370 5277 dixi
393 5226 443 5277 in
470 5226 794 5293 Abrahamo,
816 5231 955 5300 quod
979 5247 1082 5286 non
1103 5248 1229 5287 usus
1251 5223 1322 5287 sit
1345 5233 1732 5302 benedictione,
1753 5237 1847 5291 sed

248 5313 660 5368 benedictiones
700 5314 948 5368 exierunt
974 5316 1038 5368 ad
1067 5328 1356 5384 posteros;
1391 5321 1500 5389 ipse
1529 5331 1708 5374 autem
1759 5320 1842 5370 fu-

251 5417 366 5460 tura
396 5418 479 5460 est
509 5416 830 5477 assequutus
850 5407 874 5460 ?
897 5408 1197 5464 invenimus
1227 5413 1372 5467 enim
1404 5416 1615 5468 fratrem
1643 5413 1705 5464 iis
1729 5425 1843 5462 ma-

260 5503 326 5569 gis
357 5502 606 5570 potitum.
635 5502 767 5555 Nam
804 5503 918 5571 ipse
941 5503 1156 5570 quidem
1193 5505 1246 5558 in
1277 5507 1536 5560 servitute
1559 5516 1610 5559 et
1641 5505 1692 5558 in
1733 5504 1838 5556 vita

256 5594 585 5648 mercenaria
611 5602 665 5647 et
696 5593 749 5646 in
783 5593 1037 5660 perieulis
1067 5604 1121 5647 et
1160 5596 1211 5648 in
1259 5597 1463 5650 insidiis
1491 5605 1546 5650 et
1597 5600 1646 5649 in
1693 5596 1844 5648 decc-

260 5694 307 5750 pt
321 5685 529 5738 ionibus
546 5696 599 5738 et
631 5686 683 5738 in
705 5685 982 5740 timoribus
1009 5696 1119 5741 toto
1142 5699 1378 5757 tempore
1393 5698 1476 5744 est
1497 5700 1734 5744 versatus
1754 5705 1768 5751 ;
1789 5697 1838 5740 et

259 5790 284 5826 a
300 5776 573 5831 Pharaone
591 5777 950 5846 interrogatus
964 5777 1302 5848 dicit,Paut‘i,
1322 5781 1508 5852 inquit,
1527 5791 1574 5835 et
1594 5780 1713 5834 ntali
1743 5783 1846 5847 fue-

1920 3405 2040 3448 runt
2056 3395 2162 3450 dies
2183 3398 2280 3449 mei
2302 3395 2453 3467 (Gen.
2471 3399 2559 3452 47.
2580 3401 2634 3469 9)
2665 3417 2677 3454 :
2703 3400 2791 3456 ille
2817 3417 2946 3457 vero
2971 3405 3024 3458 in
3063 3407 3349 3463 securitate
3377 3406 3508 3460 vixit

1923 3493 1978 3540 et
2007 3501 2194 3556 magna
2225 3489 2557 3553 auctoritate,
2603 3501 2658 3544 et
2689 3504 2869 3561 postea
2894 3495 2989 3548 fuit
3014 3497 3062 3550 ei
3093 3497 3366 3552 terribilis.
3400 3496 3496 3552 libi

1923 3589 2050 3644 ergo
2097 3588 2389 3632 evenerunt
2428 3579 2832 3638 benedictioncs
2876 3587 2979 3640 nisi
3018 3589 3068 3641 in
3101 3589 3320 3643 futuro?
3351 3589 3514 3644 Vides

1925 3668 2064 3737 quod
2085 3669 2151 3722 ab
2170 3670 2319 3724 initio
2341 3673 2500 3726 rebus
2527 3678 2878 3742 przescutibus
2901 3680 3051 3748 potiti
3083 3692 3204 3734 sunt
3225 3681 3514 3749 mali;justi

1927 3772 2102 3814 autem
2123 3775 2330 3828 contra,
2359 3779 2462 3818 non
2491 3775 2668 3820 tamen
2687 3783 2893 3824 omnes.
2924 3771 3060 3825 Ecce
3077 3774 3217 3825 enim
3245 3772 3510 3825 Abraham

1928 3862 2043 3906 erat
2063 3855 2260 3920 justus,
2290 3863 2343 3908 et
2371 3860 2711 3924 praesentium
2743 3877 2920 3916 rerum
2952 3866 3160 3932 copiam
3192 3865 3394 3931 habuit,
3419 3867 3516 3920 sed

1928 3960 2048 3996 cuin
2100 3943 2389 3999 afflictione
2431 3956 2486 4001 et
2515 3949 2898 4006 tentationibus
2932 3970 2945 4005 :
2979 3956 3175 4008 etenim
3204 3958 3332 4008 solas
3363 3966 3517 4012 erant

1929 4035 2159 4100 ἀὶνίιίω;
2214 4036 2449 4107 alioquin
2479 4049 2634 4094 erant
2667 4041 2784 4110 ejus
2813 4045 2990 4098 omnia
3021 4047 3172 4114 plena
3209 4047 3516 4103 afflictioni-

1931 4127 2266 4198 bus.,Neque
2295 4130 2438 4183 enim
2465 4130 2580 4185 fieri
2602 4143 2778 4202 potest
2809 4146 2866 4188 ut
2896 4151 2998 4189 non
3030 4137 3296 4207 affligatur
3315 4138 3516 4208 justus,

1933 4219 2141 4272 etiamsi
2173 4222 2241 4273 sit
2265 4220 2414 4275 dives
2445 4239 2458 4275 :
2489 4239 2611 4280 nam
2644 4226 2858 4294 quando
2882 4229 2990 4283 vult
3021 4230 3072 4283 in
3101 4232 3260 4284 rebus
3288 4231 3398 4285 suis
3429 4231 3520 4285 ιω-

1933 4313 2210 4380 di,injnria
2239 4312 2378 4368 affici
2409 4325 2462 4370 et
2488 4315 2589 4370 alia
2619 4320 2742 4383 pati,
2790 4335 3009 4374 necesse
3036 4330 3118 4375 est
3151 4332 3207 4374 ut
3233 4321 3518 4390 aflligatur.

1935 4403 2290 4483 Quamobrem
2311 4407 2518 4460 etiamsi
2535 4410 2737 4462 fruatur
2753 4410 2973 4473 divitiis,
3001 4412 3307 4464 fruituruou
3321 4411 3523 4481 absque

1938 4495 2199 4548 molestia.
2225 4495 2434 4563 Quare?
2463 4498 2722 4565 Quoniam
2747 4511 2828 4554 est
2847 4501 2900 4553 in
2929 4500 3216 4555 afflictione
3240 4511 3294 4556 et
3313 4502 3523 4555 dolore.

1937 4584 1992 4638 Si
2021 4596 2196 4639 autem
2220 4587 2348 4655 justi
2375 4602 2500 4643 tunc
2548 4601 2701 4644 erant
2735 4592 2784 4645 in
2815 4591 3122 4658 afflictione,
3155 4593 3318 4647 multo
3350 4593 3522 4661 magis

1941 4694 2101 4733 nunc.
2132 4678 2262 4733 Fide
2289 4690 2336 4733 et
2362 4681 2424 4733 de
2451 4684 2656 4752 futuris,
2689 4684 2876 4753 inquit,
2909 4684 3161 4740 benedixit
3189 4684 3340 4738 Isaac
3364 4683 3531 4736 Jacob

1949 4786 1995 4828 et
2026 4774 2186 4830 Esau.
2213 4777 2368 4847 Atqui
2392 4777 2532 4830 Esau
2560 4787 2675 4830 erat
2697 4774 2866 4845 major
2885 4787 3041 4840 natu;
3071 4775 3162 4830 sed
3181 4787 3398 4845 propter
3423 4776 3533 4827 vir-

1952 4877 2114 4921 tutem
2145 4868 2407 4936 prmponit
2430 4867 2620 4921 .lacoh.
2656 4866 2818 4920 Vides
2836 4877 3029 4935 quanta
3055 4876 3198 4920 esset
3227 4866 3397 4919 fides?
3424 4865 3536 4921 Un-

1948 4957 2140 5012 denam
2167 4958 2510 5026 pollicebatur
2532 4957 2651 5010 filiis
2677 4966 2782 5010 tam
2811 4957 2974 5009 multa
2994 4958 3153 5021 bona,
3182 4957 3281 5010 nisi
3305 4972 3369 5011 eo
3391 4959 3535 5026 quod

1949 5049 2167 5102 omnino
2215 5048 2324 5100 Deo
2365 5046 2648 5101 crederet?
2683 5047 2812 5100 lt'ide
2848 5046 3007 5099 Jacob
3049 5049 3266 5101 moriens
3306 5051 3537 5120 singulos

1949 5141 2168 5209 filiorum
2215 5137 2406 5208 Joseph
2457 5138 2730 5192 benedixit.
2788 5138 2884 5191 llic
2938 5138 3196 5206 ponenda:
3234 5151 3360 5194 sunt
3407 5151 3538 5194 tota:

1949 5229 2368 5294 benedictioues,
2395 5238 2521 5284 utet
2544 5229 2674 5282 fides
2691 5238 2745 5283 et
2768 5229 3043 5298 praphetia
3073 5229 3189 5298 ejus
3210 5231 3279 5284 sit
3306 5232 3526 5284 manife-

1948 5329 2052 5374 sta.
2098 5318 2162 5371 Et
2202 5322 2453 5384 adoravit,
2506 5321 2695 5390 inquit,
2747 5320 3006 5391 fastigium
3063 5323 3216 5391 virga:
3260 5325 3386 5393 ejus.
3434 5323 3536 5376 llic

1947 5409 2181 5461 ostendit
2210 5409 2352 5477 quod
2379 5427 2482 5464 non
2502 5411 2672 5464 solum
2704 5411 2918 5476 dixerit,
2949 5411 3039 5465 sed
3063 5413 3222 5466 etiam
3243 5412 3375 5465 adeo
3396 5429 3526 5466 cou-

1946 5496 2068 5553 fidc:
2085 5510 2138 5554 et
2165 5499 2378 5566 futuris,
2401 5511 2457 5554 ut
2484 5502 2642 5556 etiam
2672 5517 2729 5556 re
2753 5502 2864 5572 ipsa
2887 5504 3215 5558 Ostenderet.
3240 5504 3370 5558 Nam
3395 5521 3533 5574 quov

1945 5592 2086 5644 niam
2119 5604 2455 5646 surreCturus
2471 5602 2584 5646 erat
2611 5609 2704 5648 rex
2733 5595 2868 5648 alius
2889 5609 2952 5648 ex
2977 5591 3252 5664 Ephraim,
3276 5605 3528 5665 propter-

1944 5698 2028 5745 ca,
2093 5682 2263 5752 inquit
2291 5697 2305 5734 :
2341 5681 2403 5736 Et
2428 5683 2654 5737 adoravit
2669 5685 2926 5754 fastigium
2952 5685 3104 5756 virga
3132 5687 3259 5756 eius.
3289 5687 3399 5742 Hoc
3421 5697 3533 5746 est,

1942 5777 2150 5833 etiamsi
2183 5786 2324 5833 esset
2353 5791 2515 5832 senex
2543 5777 2676 5848 jam,
2702 5777 2955 5836 adorabat
2978 5778 3196 5849 Josepb,
3221 5783 3530 5853 significans
