4088 6204
537 410 698 464 totius
726 405 906 478 populi
934 404 1302 461 adorationem
1332 402 1382 457 ei
1403 403 1653 457 futuram.
1687 403 1753 458 Et
1779 402 1880 459 hoc
1905 405 2116 475 quidem

529 500 639 570 jam
658 498 859 565 evenit,
883 495 1096 566 quando
1118 509 1239 549 cum
1257 493 1548 548 adorarunt
1567 492 1759 549 fratres
1778 494 1915 564 ejus;
1937 508 2118 566 postea

534 599 712 645 autem
743 600 859 644 erat
883 588 1043 642 etiam
1074 594 1389 641 eventurum
1413 600 1508 654 per
1527 584 1710 641 decem
1739 585 1930 641 tribus.
1958 587 2121 642 Vides

533 681 803 753 quomodo
829 679 1077 750 prmdixit
1102 693 1165 733 ea
1210 693 1330 748 qute
1359 685 1541 747 postea
1559 689 1714 734 erant
1740 677 1947 734 futura?
1973 681 2121 736 vides

532 782 782 844 quantam
819 772 1081 825 haberent
1111 768 1309 824 iidem?
1337 769 1608 840 quomodo
1636 770 1919 827 crederent
1945 772 2012 827 de
2040 772 2118 827 fu-

535 864 707 918 turis?
735 862 985 923 Namalia
1017 859 1233 930 quidem
1264 875 1384 928 qua:
1406 868 1531 914 sunt
1558 858 1646 914 hic
1666 861 1970 929 praesentia,
1996 872 2120 917 sunt

532 955 777 1024 exempla
804 953 949 1008 male
978 952 1210 1021 patiendi
1239 960 1291 1006 et
1317 950 1516 1005 nullius
1541 949 1666 1005 boni
1691 950 1919 1018 fruendi,
1948 962 2003 1007 ut
2029 968 2119 1008 ac-

532 1046 661 1099 cidit
689 1046 740 1098 in
771 1044 1073 1099 Abrahamo
1098 1051 1153 1097 et
1175 1043 1226 1096 in
1256 1041 1422 1096 Abele
1450 1058 1464 1096 :
1497 1042 1600 1096 alia
1657 1051 1838 1098 autem
1876 1053 2001 1098 sunt
2023 1060 2119 1100 ex-

531 1135 707 1203 empla
736 1134 951 1200 fidei,nt
973 1133 1023 1186 in
1048 1131 1181 1197 Noe,
1205 1129 1348 1200 quod
1369 1131 1439 1186 sit
1469 1131 1628 1197 Deus,
1660 1133 1801 1200 quod
1832 1131 1899 1188 sit
1929 1150 2113 1189 remu-

534 1228 761 1283 neratio.
806 1225 941 1281 Nam
997 1225 1100 1279 hoc
1145 1239 1337 1278 nomen
1372 1222 1497 1291 ﬁdes
1544 1224 1691 1279 varie
1734 1225 2017 1294 accipitur,
2063 1236 2117 1282 et

534 1318 694 1374 modo
725 1318 827 1371 hoc
856 1315 1016 1370 modo
1062 1313 1192 1369 illud
1221 1314 1490 1384 significot
1523 1331 1536 1368 :
1568 1313 1656 1368 hic
1683 1324 1862 1370 autem
1893 1316 2112 1384 indicat,

533 1410 673 1479 quod
703 1409 770 1463 sit
797 1406 1178 1469 remuneratio,
1199 1404 1341 1475 quod
1365 1420 1469 1459 non
1494 1405 1545 1459 in
1568 1405 1756 1461 iisdem
1777 1407 1964 1463 eadem
2004 1426 2117 1465 ma-

534 1512 678 1565 neat.
711 1500 931 1570 etquod
975 1498 1285 1554 certandum
1326 1498 1395 1551 sit
1418 1507 1540 1552 ante
1573 1499 1810 1567 prtemia.
1855 1500 1986 1569 Quae
2016 1517 2113 1556 au-

534 1604 643 1649 tem
692 1594 743 1646 in
786 1590 986 1660 Joseph
1038 1598 1351 1653 evenerunt,
1407 1598 1531 1643 sunt
1555 1590 1719 1643 solius
1775 1589 1895 1646 ﬁdei
1929 1609 1943 1645 :
1972 1594 2109 1662 quod

536 1684 851 1754 promiserat
881 1680 1207 1745 Abrahamo,
1259 1678 1402 1749 quod
1463 1677 1641 1733 fuerat
1682 1681 1966 1751 pollicitus,
2004 1683 2120 1740 Tibi

534 1774 663 1827 dabo
680 1784 724 1825 et
745 1771 921 1825 semini
940 1780 1025 1823 tuo
1046 1779 1230 1823 terram
1251 1768 1401 1832 hanc,
1426 1769 1842 1839 audivitJoseph
1874 1789 1887 1824 :
1916 1783 1971 1828 et
1996 1789 2117 1829 cum

532 1875 678 1922 esset
709 1865 759 1919 in
793 1875 935 1919 terra
962 1861 1154 1926 aliena,
1186 1857 1411 1912 necdum
1442 1854 1652 1910 videret
1679 1854 1925 1910 evenisse
1968 1866 2105 1920 pra:-

533 1958 842 2018 dictionem,
873 1967 940 2006 ne
972 1951 1048 2005 sic
1074 1948 1288 2018 quidem
1317 1945 1604 2016 despondit
1630 1944 1889 2009 animum,
1916 1941 2012 1996 sed
2042 1941 2113 1995 ita

535 2048 785 2109 credidit,
818 2045 1060 2099 utetiam
1083 2041 1289 2096 diceret
1310 2039 1377 2094 de
1406 2040 1570 2104 exitu,
1599 2047 1654 2094 et
1679 2037 1745 2092 de
1765 2037 1876 2091 suis
1896 2033 2117 2090 manda-

538 2146 623 2194 ret
648 2137 879 2193 ossibus.
915 2134 1028 2189 Non
1060 2147 1187 2202 ergo
1222 2131 1339 2200 ipse
1365 2130 1514 2186 solus
1551 2126 1798 2194 credidit,
1830 2126 1926 2183 scd
1956 2127 2116 2181 etiam

544 2228 679 2283 alios
721 2225 931 2281 induxit
955 2224 1020 2278 ad
1049 2222 1230 2277 ﬁdem.
1255 2220 1379 2276 ldeo
1405 2221 1564 2276 etiam
1605 2219 1880 2274 mandavit
1907 2226 1965 2293 ut
1987 2231 2121 2271 sam-

543 2334 638 2389 per
651 2319 848 2374 exitum
861 2317 927 2373 ,in
942 2316 1121 2369 animo
1137 2322 1447 2379 versentur;
1476 2328 1579 2367 non
1607 2320 1786 2366 autem
1812 2310 1880 2365 de
1902 2310 2116 2364 ossibus

542 2410 845 2464 mandasset
863 2408 963 2462 nisi
982 2405 1050 2461 de
1072 2404 1250 2460 futuro
1266 2403 1442 2458 reditu
1464 2402 1668 2456 firmam
1692 2400 2119 2472 persuasionem,

546 2501 833 2555 habuisset.
891 2496 1252 2564 Quamobrem
1300 2510 1421 2549 cum
1469 2493 1656 2548 dicunt
1705 2492 1866 2560 aliqui
1914 2506 1931 2543 :
1981 2490 2121 2544 Ecce

544 2594 703 2649 etiam
729 2592 850 2660 iusti
873 2604 1055 2645 curam
1082 2595 1366 2659 gesserunt
1407 2594 1876 2640 monumentorum
1902 2601 1914 2637 :
1936 2588 2019 2638 eis
2037 2583 2119 2636 di-

542 2699 728 2742 camus
757 2681 899 2753 quod
927 2681 1047 2736 ideo
1074 2692 1260 2734 curam
1288 2685 1571 2748 gesserunt
1591 2718 1605 2742 ,
1660 2675 1898 2745 alioquin
1942 2684 2119 2728 autem

548 2775 768 2830 minime
792 2791 805 2827 :
835 2772 1039 2828 sciebat
1061 2771 1206 2826 enim
1228 2768 1371 2839 quod
1406 2766 1614 2821 Domini
1640 2776 1713 2820 est
1742 2777 1873 2820 terra
1901 2775 1947 2819 et
1966 2766 2129 2833 pleni-

549 2872 668 2925 tudo
690 2870 798 2940 ejus
825 2864 943 2937 (Ps.
970 2865 1063 2920 25.
1093 2866 1170 2931 1).
1218 2863 1333 2917 Νοη
1366 2862 1468 2916 hoc
1503 2875 1633 2930 ergo
1663 2859 1925 2930 ignoravit
1953 2857 2041 2926 qui
2073 2856 2126 2911 in

551 2971 695 3015 tanta
728 2959 861 3013 vixit
900 2955 1235 3028 phil050phia
1266 2995 1280 3021 ,
1313 2953 1402 3024 qui
1454 2962 1566 3007 toto
1611 2960 1853 3020 tempore
1897 2951 2027 3004 vixit
2070 2949 2124 3003 in

551 3050 804 3121 Egypto.
856 3048 1017 3119 Atqui
1059 3047 1255 3102 licebat
1282 3046 1353 3108 ei,
1386 3045 1428 3098 si
1458 3043 1642 3110 vellet,
1670 3044 1887 3106 reverti,
1938 3040 2135 3096 licebat

552 3156 655 3194 non
684 3140 887 3209 lugere,
912 3153 1010 3192 nec
1038 3152 1180 3207 aegre
1217 3135 1356 3190 ferre
1379 3144 1434 3189 et
1473 3135 1742 3205 plangere.
1777 3132 1881 3188 Sed
1912 3142 1966 3188 et
2008 3146 2128 3186 eum

554 3240 754 3301 patrem
789 3229 917 3283 illuc
945 3226 1281 3289 reduxisset,
1311 3242 1407 3279 cur
1434 3241 1556 3279 ossa
1594 3240 1807 3294 quoque
1847 3239 1940 3280 sua
1985 3223 2134 3277 illinc

551 3322 742 3376 abduci
771 3319 971 3389 jussit?
1001 3334 1178 3372 annon
1200 3318 1404 3371 scilicet
1429 3316 1758 3386 propterea?

621 3411 676 3464 2.
712 3410 875 3475 Petri,
930 3406 1105 3473 Pauli,
1137 3408 1354 3461 Joannis
1393 3417 1438 3461 et
1481 3407 1687 3460 Thema:
1710 3396 1978 3473 manifesta
2017 3414 2136 3459 sunt

552 3503 809 3573 sepulcra.
835 3497 1056 3564 —Quid
1075 3513 1225 3562 vero,
1252 3498 1338 3552 dic
1361 3498 1490 3551 mihi
1512 3512 1718 3566 quaeso,
1748 3497 1913 3566 ipsius
1940 3494 2137 3565 Moysis

554 3612 676 3650 ossa
704 3608 881 3647 annon
913 3591 1012 3644 sita
1044 3601 1161 3644 sunt
1196 3591 1248 3644 in
1278 3601 1418 3645 terra
1446 3589 1652 3643 aliena?
1681 3589 1907 3644 Aaronis
1935 3596 2137 3650 autem,

556 3687 812 3750 Danielis,
837 3684 1106 3748 Ieremia,
1129 3693 1183 3739 et
1205 3684 1567 3753 apostolorum
1601 3683 1911 3749 multorum,
1944 3697 2011 3736 ne
2036 3681 2139 3734 sci-

557 3794 674 3831 mus
698 3775 911 3846 quidem
937 3775 1023 3829 ubi
1047 3776 1148 3829 sita
1180 3775 1306 3829 sint.
1334 3774 1466 3830 Nam
1488 3774 1632 3830 Petri
1660 3774 1875 3844 quidem
1907 3783 1961 3827 et
1990 3773 2137 3827 Pauli

556 3878 611 3923 ct
629 3869 849 3924 Joannis
873 3879 926 3923 et
950 3868 1170 3923 Timone
1195 3879 1316 3924 nota
1348 3880 1472 3923 sunt
1498 3869 1739 3938 sepulcra
1776 3868 1880 3939 (a);
1914 3867 2138 3921 aliorum

558 3968 759 4023 :mtcm,
801 3974 921 4013 cum
952 3960 1060 4013 sint
1101 3969 1207 4012 tam
1241 3960 1414 4023 mulli,
1458 3975 1719 4030 nusquam
1750 3968 1871 4013 sunt
1900 3968 2042 4011 nota.
2070 3957 2143 4011 De

558 4062 625 4100 eo
647 4062 774 4112 ergo
802 4061 868 4099 ne
896 4046 1229 4115 plangamus,
1260 4066 1433 4118 neque
1463 4049 1598 4104 adeo
1628 4050 1820 4118 pusillo
1849 4060 1899 4104 et
1931 4048 2145 4117 abjectu

561 4134 730 4185 simus
751 4134 929 4186 animo
954 4150 970 4186 :
1001 4151 1121 4187 nam
1151 4137 1475 4206 ubicumque
1505 4138 1761 4193 fuerimus
1789 4139 2003 4207 sepului,
2038 4138 2144 4189 Do-

564 4229 694 4284 mini
722 4243 795 4285 est
822 4242 977 4293 terra,
1002 4238 1050 4284 et
1079 4229 1335 4299 plenitudo
1376 4230 1508 4299 ejus.
1550 4227 1714 4282 Plane
1750 4227 1809 4279 fit
1850 4221 1991 4293 quod
2023 4219 2136 4274 ficri

559 4336 772 4396 oportet
802 4342 817 4381 :
849 4324 1032 4394 lugere
1059 4330 1238 4375 autem
1260 4330 1313 4375 et
1342 4320 1596 4391 plangere
1625 4326 1679 4372 et
1704 4316 1901 4371 deflere
1931 4330 2024 4367 eos
2050 4311 2138 4379 qui

558 4425 930 4480 excesserunt,
963 4430 1026 4469 ex
1058 4412 1252 4484 pusillo
1293 4421 1348 4467 et
1376 4410 1584 4479 abjecto
1609 4408 1779 4462 oritur
1817 4406 2016 4460 animo.
2045 4403 2137 4457 ‘25.

562 4511 692 4565 Fide
716 4507 919 4579 Moyses
942 4518 1087 4561 natus
1110 4505 1389 4559 occultatus
1418 4511 1489 4556 est
1528 4501 1683 4554 tribus
1710 4497 1958 4552 mensibus
1987 4512 2017 4548 a
2049 4506 2140 4564 pa-

558 4600 779 4657 rentibus
808 4600 932 4653 suis.
962 4596 1119 4651 Vides
1148 4595 1287 4665 quod
1310 4594 1396 4648 hic
1417 4592 1701 4663 sperabant
1723 4604 1842 4660 qua:
1861 4596 2141 4658 postmor-

560 4703 663 4747 tem
693 4698 846 4745 erant
872 4688 1069 4751 futura,
1101 4686 1311 4754 impleri
1340 4685 1391 4739 in
1422 4683 1604 4738 terra?
1644 4682 1708 4736 Et
1753 4679 1917 4734 multa
1944 4691 2139 4732 eveue-
2197 4694 2200 4697 ·

468 4792 477 4801 ‘
558 4794 683 4839 runt
730 4792 850 4854 post
879 4789 1103 4835 mortem
1126 4794 1331 4832 eorum.
1368 4777 1478 4832 lloc
1514 4775 1579 4830 ad
1631 4775 1682 4830 id
1727 4771 1868 4844 quod
1921 4770 2136 4842 quidam

555 4879 760 4940 dicunt,
790 4876 916 4931 ll.ec
946 4883 1061 4943 post
1088 4879 1316 4926 mortem
1351 4870 1454 4923 illis
1489 4869 1703 4933 fiebant,
1732 4881 1851 4936 qua:
1882 4879 1986 4919 non
2014 4870 2140 4917 sunt

554 4970 828 5036 assequuti
857 4968 1114 5027 viventes,
1141 4979 1311 5033 neque
1332 4961 1623 5017 credebant
1649 4961 1823 5014 futura
1847 4966 1967 5028 post
1995 4970 2137 5010 mor-

556 5068 684 5113 tem.
742 5057 810 5110 Et
859 5073 963 5111 non
992 5056 1127 5111 dixit
1155 5055 1352 5124 Joseph
1390 5072 1402 5108 :
1435 5051 1562 5107 Mihi
1610 5050 1810 5106 viventi
1853 5066 1959 5103 non
1990 5046 2139 5101 dedit

555 5149 775 5212 terram,
797 5164 967 5218 neque
991 5150 1123 5218 patri
1148 5164 1288 5214 meo,
1319 5161 1489 5216 neque
1513 5159 1613 5199 avo
1639 5158 1781 5208 meo,
1802 5142 1956 5211 cujus
1975 5141 2136 5195 etiam

554 5241 836 5313 oportebat
888 5242 1124 5295 revereri
1172 5241 1423 5294 virtutem
1461 5256 1473 5296 :
1506 5237 1606 5292 hos
1635 5248 1813 5290 autem
1846 5234 2137 5291 sceleratos

555 5335 621 5390 iis
644 5331 952 5405 dignabitur
999 5331 1194 5400 quibus
1243 5332 1362 5386 illos
1410 5346 1514 5384 non
1543 5338 1625 5384 est
1677 5325 1968 5398 dignatus?
1992 5324 2135 5379 Nihil

555 5426 746 5481 horum
769 5424 922 5491 dixit,
952 5422 1047 5477 sed
1078 5421 1180 5476 fide
1219 5422 1395 5475 omnia
1423 5422 1551 5476 vicit
1592 5428 1646 5474 et
1671 5416 1963 5488 superavit.
1998 5415 2138 5469 Dixit

551 5516 620 5573 de
645 5517 835 5583 Abele,
863 5515 929 5571 de
955 5512 1088 5581 Noe,
1119 5513 1185 5567 de
1215 5512 1542 5577 Abrahamo,
1567 5510 1635 5565 de
1657 5510 1826 5575 lsaac,
1855 5507 1921 5562 de
1944 5505 2133 5570 Iacob,

619 5613 690 5721 (al
717 5611 792 5660 De
814 5610 970 5667 Petri,
1005 5608 1150 5665 Pauli.
1187 5618 1239 5659 et
1258 5608 1460 5659 Joannis
1490 5606 1728 5679 sepulcris
1757 5621 1901 5657 nemo
1922 5605 2121 5657 dubitat.

619 5686 638 5721 ε
662 5673 860 5721 "Ineunte
883 5671 1110 5721 sepulcro
1131 5673 1211 5721 ubi
1233 5671 1398 5721 fuerit.
1423 5683 1519 5719 non
1542 5679 1607 5719 na
1630 5682 1838 5720 eertum.

561 5671 638 5735 De
662 5671 860 5722 'l'homte
883 5671 1110 5735 sepulcro
1131 5673 1211 5721 ubi
1233 5671 1398 5733 fuerit,
1423 5683 1519 5719 non
1542 5671 1607 5719 ita
1630 5682 1838 5720 eertum.

1309 292 1368 361 S.’
1408 301 1684 361 JOANNIS
1718 292 2192 360 CllRYSOSTOMl
2232 292 2545 351 ARClllEP.
2588 288 3114 348 CONSTANTINOP.

3709 288 3807 342 illa

2237 397 2305 452 de
2326 396 2546 468 Joscph,
2578 396 2668 467 qui
2700 402 2825 450 sunt
2854 408 3039 450 omnes
3066 390 3235 464 gloria
3263 389 3496 461 insignes
3520 396 3573 443 et
3592 388 3829 443 admira—

2237 489 2392 544 biles.
2427 489 2634 544 Rursus
2661 495 2822 558 auget
2841 485 3288 550 consolationem,
3317 497 3430 537 rem
3455 481 3730 536 deducens
3754 478 3819 535 ad

2237 582 2371 635 viles
2393 593 2670 651 personas.
2702 578 2834 633 Nam
2872 576 3015 648 quod
3056 575 3402 631 admirabiles
3439 572 3653 643 quidem
3700 587 3822 642 per-

2235 688 2382 728 sona:
2409 672 2525 727 haec
2557 671 2664 727 sint
2686 685 2878 741 passae,
2910 678 2965 725 et
2991 667 3132 739 quod
3166 666 3270 722 illis
3300 667 3537 721 minores
3558 679 3822 735 apparue-

2235 767 2365 832 riut,
2396 779 2502 820 non
2546 772 2631 820 est
2654 764 2790 819 adeo
2820 777 2981 833 grave
3010 779 3024 815 :
3054 761 3198 832 quod
3228 770 3406 817 autem
3458 758 3694 813 minores
3720 757 3819 816 vLsi

2233 856 2340 912 sint
2371 855 2714 927 ignobilibus,
2741 856 2843 911 hoc
2868 868 2997 909 vero
3023 862 3107 908 est
3134 866 3315 922 grave.
3345 851 3408 906 Et
3441 848 3626 919 incipit
3664 862 3694 902 a
3725 864 3817 919 pa-

2234 949 2475 1006 rentibus
2502 949 2718 1021 Moysis,
2747 949 2834 1019 qui
2866 947 3085 1002 minime
3129 956 3281 1001 erant
3311 945 3567 1015 insignes,
3598 951 3656 1000 et
3684 943 3819 999 nihil

2233 1042 2339 1097 tale
2371 1041 2635 1097 habebant
2667 1041 2824 1111 quale
2854 1039 3021 1097 filius.
3043 1039 3110 1094 Et
3136 1036 3260 1093 ideo
3290 1035 3586 1108 procedens
3606 1050 3822 1107 quoque

2230 1144 2390 1204 auget
2414 1134 2490 1190 rei
2510 1133 2843 1189 insolentiam
2867 1146 3156 1188 recensens
3178 1131 3428 1185 mulieres
3441 1128 3750 1184 meretrices
3760 1136 3820 1183 et

2233 1227 2423 1283 viduas
2452 1244 2467 1281 :
2501 1225 2633 1281 Fide
2653 1227 2818 1293 enim,
2849 1224 3039 1297 inquit,
3076 1222 3255 1276 Rahab
3279 1221 3518 1276 meretrix
3541 1237 3641 1276 non
3666 1220 3820 1292 periit

2227 1338 2341 1376 cum
2354 1320 2649 1385 incredulis,
2673 1320 2928 1389 excipiens
2944 1315 3287 1387 exploratores
3305 1330 3420 1367 cum
3443 1329 3567 1384 pace
3590 1315 3663 1383 (υ.
3695 1313 3755 1369 5f
3770 1312 3813 1383 ).

2230 1414 2297 1468 Et
2328 1428 2430 1468 non
2458 1412 2633 1468 solmu
2666 1410 2809 1477 fidei,
2836 1408 2931 1464 sed
2962 1408 3122 1463 etiam
3149 1404 3478 1461 infidelitatis
3501 1404 3648 1475 ponit
3674 1418 3817 1458 mer-

2228 1504 2438 1570 cedem,
2463 1512 2521 1557 ut
2541 1502 2594 1557 in
2624 1501 2757 1557 Noe.
2789 1499 3004 1555 Interim
3034 1507 3213 1553 autem
3246 1509 3468 1551 necesse
3513 1504 3596 1549 est
3634 1494 3815 1550 dicere

2226 1595 2291 1652 de
2317 1595 2625 1667 parentibus
2650 1595 2868 1665 Moysis.
2900 1592 3099 1648 Omnes
3121 1591 3389 1645 masculos
3417 1589 3624 1644 Pharao
3646 1589 3807 1659 jussit

2227 1689 2480 1755 interfici,
2526 1696 2578 1744 et
2631 1688 2811 1742 nullus
2861 1684 3047 1756 effugit
3101 1682 3420 1755 periculmn.
3480 1678 3629 1735 Unde
3676 1692 3803 1747 ergo

2224 1792 2506 1854 sperarunt
2535 1781 2569 1836 ii
2598 1779 2711 1835 fore
2736 1789 2795 1834 ut
2823 1788 3099 1835 servarent
3134 1775 3428 1830 infantem?
3452 1773 3528 1828 Ex
3580 1770 3704 1825 fide.
3729 1769 3802 1823 Ex

2225 1889 2329 1946 qua
2357 1873 2500 1929 fide?
2524 1872 2806 1938 Viderunt,
2834 1871 3026 1942 inquit.
3055 1870 3351 1939 elegantem
3382 1867 3653 1921 infantem.
3688 1862 3808 1933 Ipse

2227 1975 2473 2036 aspectus
2497 1980 2591 2020 eos
2617 1964 2836 2019 attraxit
2859 1963 2925 2017 ad
2956 1962 3134 2018 fidem.
3169 1961 3243 2014 Ita
3274 1959 3453 2015 statim
3476 1956 3543 2012 ab
3570 1955 3725 2010 initio
3755 1965 3809 2008 ct

2228 2060 2296 2114 ab
2327 2060 2456 2130 ipsis
2484 2058 2660 2114 fasciis
2686 2058 2833 2127 justo
2872 2054 3039 2109 multa
3094 2053 3266 2107 infusa
3294 2060 3409 2106 erat
3451 2048 3652 2119 gratia,
3700 2060 3806 2100 non

2231 2165 2432 2208 natura:
2461 2151 2554 2207 sed
2580 2151 2673 2205 Dei
2702 2163 2884 2220 opera.
2912 2145 3205 2203 Considera
3236 2144 3377 2200 enim
3410 2161 3422 2195 :
3449 2141 3626 2195 statim
3655 2150 3808 2193 natus

2231 2246 2451 2315 pulcher
2499 2244 2763 2315 apparuit,
2821 2255 2927 2296 non
2972 2237 3245 2294 deformis.
3285 2233 3421 2303 Quid
3465 2232 3567 2288 hoc
3592 2230 3813 2287 effecit?

2229 2339 2342 2395 Non
2373 2348 2579 2397 natura.
2614 2336 2705 2391 sed
2748 2335 2919 2406 gratia
2961 2333 3076 2397 Dei,
3113 2344 3232 2401 qua:
3260 2338 3316 2383 et
3357 2326 3635 2382 barbaram
3668 2325 3808 2379 illam

2231 2433 2480 2488 excitavit
2503 2430 2779 2485 mulierem
2807 2425 3109 2497 Egyptiam
3133 2432 3186 2478 et
3208 2418 3591 2483 corroboravit,
3612 2426 3666 2472 et
3690 2432 3810 2470 eum

2229 2527 2436 2596 accepit
2461 2534 2514 2581 et
2536 2522 2824 2591 assumpsit
2846 2540 2857 2574 :
2883 2531 3201 2589 quamquam
3226 2513 3355 2569 fides
3372 2512 3424 2567 in
3447 2511 3529 2565 bis
3555 2525 3660 2565 non
3686 2508 3813 2563 satis

2230 2623 2464 2693 amplum
2520 2618 2702 2673 habuit
2753 2621 3124 2686 argumentum
3175 2626 3189 2663 :
3233 2608 3359 2680 quid
3406 2606 3547 2662 enim
3592 2618 3658 2658 ex
3698 2603 3811 2657 visu

2232 2715 2382 2771 credi
2420 2708 2791 2784 poterat?sed
2842 2721 2956 2770 vos,
2983 2702 3176 2774 inquit,
3231 2715 3300 2755 ex
3359 2698 3520 2754 rebus
3560 2694 3813 2759 creditis.

2234 2812 2393 2866 etiam
2433 2806 2597 2860 multa
2637 2802 2897 2856 habentes
2939 2798 3061 2853 fidei
3109 2798 3330 2867 pignora
3385 2791 3458 2864 (a)
3484 2810 3498 2845 :
3524 2806 3647 2845 nam
3695 2805 3815 2843 cum

2233 2899 2430 2973 gaudio
2468 2895 2741 2964 suscipere
2765 2892 3024 2946 booorum
3054 2887 3428 2955 direptionem,
3461 2889 3515 2936 et
3541 2895 3815 2950 quaecum-

2236 2970 2339 3063 que
2361 2998 2480 3045 sunt
2505 2983 2830 3055 hujusmodi,
2866 2980 2985 3033 fidei
3010 2987 3120 3033 erat
3143 2988 3196 3032 et
3215 2974 3530 3030 tolerantiae.
3556 2970 3661 3026 Sed
3686 2984 3818 3040 quo-

2236 3061 2377 3139 niam
2426 3082 2510 3137 isti
2537 3092 2748 3150 quoque
2794 3072 3158 3133 crediderunt,
3207 3066 3401 3123 deinde
3433 3064 3618 3136 pusillo
3641 3073 3693 3116 et
3724 3061 3819 3114 ab-

2231 3176 2377 3246 jecto
2409 3171 2621 3227 fuerunt
2658 3166 2871 3229 animo,
2911 3159 3145 3217 ostendit
3182 3156 3323 3228 quod
3368 3156 3582 3210 illorum
3605 3166 3819 3223 quoque

2240 3243 2373 3321 fides
2396 3263 2618 3318 multum
2641 3256 3030 3313 exleudebatur
3062 3270 3077 3307 :
3104 3250 3275 3322 qualis
3298 3248 3392 3303 fuit
3415 3247 3547 3302 fides
3569 3243 3818 3307 Abrahzr,

2239 3357 2448 3415 etiamsi
2497 3370 2583 3409 res
2623 3352 2931 3425 viderentur
2965 3360 3217 3418 pugnare.
3261 3343 3326 3397 Et
3370 3358 3471 3395 non
3512 3340 3819 3402 timuerunt,

2241 3450 2430 3520 inquit,
2458 3447 2590 3517 regis
2617 3445 2857 3498 edictum.
2889 3439 3049 3508 Atqui
3078 3434 3208 3490 illud
3235 3447 3395 3502 opere
3419 3429 3689 3493 constitit;
3717 3427 3824 3482 hoc

2239 3517 2420 3597 autem
2449 3547 2563 3593 erat
2590 3535 2746 3605 plane
2785 3530 2927 3585 nuda
2953 3527 3194 3599 quietiam
3242 3521 3589 3592 exspectatio.
3630 3519 3694 3573 Et
3719 3517 3828 3574 hoc

2240 3632 2454 3701 quidem
2476 3637 2591 3683 erat
2613 3634 2889 3697 parentum
2915 3638 2928 3673 :
2953 3621 3067 3689 ipse
3091 3632 3216 3671 vero
3242 3614 3450 3684 Moyses
3470 3610 3601 3665 nihil
3623 3609 3822 3664 attulit.

2244 3699 2450 3778 Deinde
2479 3730 2665 3774 rursus
2692 3714 2788 3769 eis
2829 3709 3151 3766 conveniens
3191 3705 3345 3759 affert
3381 3700 3704 3769 exemplum,
3735 3699 3823 3753 vel

2242 3815 2421 3886 potius
2449 3811 2542 3865 illo
2570 3807 2758 3877 majus.
2784 3803 2953 3872 Quale
2978 3798 3143 3854 illud?
3165 3798 3257 3852 2i.
3284 3795 3434 3855 Fide.
3458 3793 3648 3861 inquit,
3673 3788 3826 3859 Moy-

2245 3882 2321 3961 ses
2351 3902 2559 3977 grandis
2589 3903 2753 3972 factus
2769 3895 2965 3965 negavit
2981 3909 3034 3946 se
3056 3907 3161 3945 esse
3182 3889 3345 3957 ﬁlium
3369 3886 3490 3954 ﬁlim
3515 3882 3824 3944 Pharaonis,

2243 4000 2334 4055 ’25.
2374 3995 2537 4066 Magis
2566 3992 2753 4061 eligens
2779 3986 2929 4058 aﬂligi
2958 4000 3070 4037 cum
3097 3983 3285 4053 populo
3307 3978 3424 4044 Dei,
3450 3994 3603 4047 quam
3626 3985 3825 4044 tempo-

2245 4089 2403 4143 ralem
2426 4089 2617 4155 peccati
2637 4081 2817 4134 habere
2828 4075 3203 4148 jucundilatent
3224 4089 3239 4136 ;
3264 4071 3356 4125 ‘26.
3383 4073 3600 4140 majores
3620 4067 3826 4120 diuitias

2244 4179 2502 4234 a'stt'mans
2530 4177 2766 4232 thesauro
2793 4174 3157 4247 [Egypt‘iorum
3191 4174 3554 4244 improperiutn
3590 4171 3777 4229 Christi
3801 4188 3826 4225 :

2242 4270 2516 4341 aspiciebat
2541 4270 2675 4323 enim
2721 4270 2773 4322 in
2815 4268 3287 4322 remunerationem.
3323 4267 3615 4336 Tamquam
3642 4265 3689 4337 si
3742 4265 3826 4319 eis

2244 4359 2447 4414 diceret
2478 4378 2491 4413 :
2521 4358 2688 4415 Nemo
2707 4361 2940 4413 vestrum
2970 4359 3171 4413 dimisit
3194 4357 3416 4427 regiam,
3438 4371 3659 4425 eamque
3681 4371 3823 4425 pra:-

2241 4452 2652 4520 claram,ncquc
2665 4450 2923 4518 ejusmodi
2954 4450 3459 4517 thesauros,neque,
3484 4463 3605 4501 cum
3634 4447 3825 4500 liceret

2244 4558 2364 4597 esse
2385 4543 2547 4608 lilium
2576 4544 2735 4613 regis,
2762 4542 2864 4596 hoc
2889 4541 3145 4611 despexit.
3180 4542 3314 4595 sicut
3336 4540 3457 4594 fecit
3491 4539 3714 4608 Moyses.
3756 4537 3827 4591 Et

2243 4633 2382 4701 quod
2402 4620 2505 4686 non
2521 4643 2721 4688 temere
2735 4649 2795 4687 ac
2808 4633 2993 4687 leviter
3010 4628 3822 4699 dimiserit.signitiravitdicens:

2247 4720 2493 4791 Negavit;
2522 4723 2624 4777 hoc
2648 4737 2749 4785 est,
2781 4722 2913 4785 odit,
2943 4729 3216 4775 aversatus
3243 4730 3344 4774 est.
3374 4718 3674 4774 Caeloenim
3694 4733 3823 4786 pro-

2248 4814 2417 4884 posito
2438 4826 3023 4884 eratsupervaraneum
3070 4811 3320 4867 admirari
3350 4812 3544 4881 regiam
3574 4810 3820 4881 Egypti.

2314 4904 2369 4960 3.
2398 4903 2465 4957 Et
2484 4904 2609 4959 vide
2633 4920 2792 4973 quam
2816 4903 3205 4957 admirabiliter
3220 4901 3323 4956 hoc
3351 4903 3585 4971 posuerit
3605 4900 3822 4953 Paulus.

2243 4993 2358 5048 Non
2384 4994 2540 5060 dixit,
2571 4994 2801 5064 Major-es
2843 4994 3055 5048 divitias
3081 4992 3353 5046 :estimaus
3383 4991 3636 5045 thesauro
3656 4987 3819 5059 Egy-

2245 5085 2473 5155 ptiorum
2492 5085 2679 5138 czelmn
2701 5094 2750 5137 et
2770 5099 2888 5153 qua:
2902 5093 3026 5137 sunt
3048 5084 3099 5136 in
3116 5082 3260 5137 caelis
3281 5098 3296 5146 ;
3316 5080 3410 5136 sed
3435 5080 3561 5150 quid
3578 5079 3601 5131 2
3622 5077 3824 5148 Impro-

2243 5179 2441 5249 perium
2465 5176 2673 5230 Christi.
2710 5175 2840 5230 Nam
2884 5184 3099 5245 propter
3126 5174 3395 5229 Christum
3444 5172 3653 5241 probris
3676 5170 3818 5249 afﬁci

2244 5269 2433 5323 melius
2462 5267 2802 5329 existimavit,
2829 5242 2997 5336 quam
3014 5279 3133 5321 esse
3166 5265 3216 5318 in
3245 5264 3425 5333 quiete
3447 5271 3503 5317 et
3529 5261 3691 5315 animi
3721 5242 3825 5315 re;

2245 5359 2496 5413 missione
2526 5376 2540 5412 :
2571 5359 2645 5412 ita
2683 5358 2843 5412 etiam
2886 5357 2989 5412 hoc
3016 5357 3188 5426 ipsum
3230 5369 3329 5424 per
3356 5369 3415 5408 se
3440 5362 3557 5408 erat
3592 5366 3821 5406 merces.

2247 5450 2414 5523 Magis
2441 5452 2631 5523 eligens
2650 5450 2803 5522 aﬁligi
2830 5466 2946 5503 cum
2976 5450 3164 5519 populo
3184 5448 3299 5502 Dei.
3328 5446 3460 5502 Nam
3484 5460 3581 5500 vos
3606 5444 3823 5515 quidem

2246 5559 2342 5614 pro
2369 5545 2519 5600 vobis
2545 5543 2815 5615 patimini;
2840 5543 2931 5597 ille
2959 5552 3141 5598 autem
3167 5556 3265 5612 pro
3300 5541 3422 5596 aliis
3449 5539 3633 5610 elegit,
3661 5548 3716 5594 et
3739 5537 3823 5592 luo

2210 5706 2219 5715 ,
2299 5664 2373 5723 (a)
2401 5661 2492 5711 llic
2514 5673 2716 5721 magnus
2737 5659 2901 5709 hiatu:
2925 5666 3004 5709 est,
3027 5662 3076 5708 ia
3101 5658 3236 5712 Colb.
