4088 6204
324 301 420 355 l8!

313 423 450 475 bens
478 432 543 473 ac
571 417 759 472 volens
804 429 1037 496 seipsum
1066 414 1298 484 conjecit
1337 414 1390 467 in
1424 422 1529 469 tam
1560 412 1725 467 multa
1758 414 1903 482 peri-

312 514 457 576 cula,
481 526 601 565 cum
626 510 675 565 ei
701 510 887 563 liceret
914 519 965 562 et
1013 508 1097 577 pie
1124 522 1284 576 agere
1309 515 1364 561 et
1394 506 1495 560 t‘rui
1528 505 1702 560 bonis.
1738 506 1902 570 Quam

314 603 665 677 temporalem,
696 603 887 671 inquit,
912 601 1104 671 peccati
1132 600 1314 653 habere
1346 599 1674 669 voluptatem.
1704 598 1905 653 Pecca-

312 707 427 749 tum
445 694 581 748 dixit
599 694 745 748 nolle
764 708 884 746 cum
906 692 1023 746 aliis
1048 691 1209 762 afﬂigi
1238 708 1250 744 :
1277 692 1380 746 hoc
1401 691 1591 761 inquit,
1625 702 1903 761 peccatqu

314 787 661 842 existimavit.
692 786 748 840 Si
780 801 907 855 ergo
949 784 1037 839 ille
1092 791 1368 853 peccatum
1419 782 1750 837 existimavit
1800 799 1904 835 non

316 887 565 947 prompto
589 885 643 930 ct
688 877 852 930 alacri
891 874 1072 929 animo
1115 888 1236 929 cum
1281 874 1401 928 aliis
1444 873 1622 944 allligi,
1655 889 1902 944 magnum

313 986 445 1039 ergo
473 971 669 1023 bonum
700 978 783 1023 est
809 966 1046 1027 afﬂictio,
1082 967 1133 1021 iu
1161 982 1319 1035 quam
1351 982 1409 1039 se
1430 966 1657 1036 conjecit
1678 981 1708 1020 e
1735 967 1899 1036 regia.

316 1024 441 1115 llaic
472 1071 650 1114 autem
680 1059 903 1113 faciebat
932 1024 1723 1128 qumdam'magna‘praividcns
1747 1076 1759 1111 :
1787 1024 1906 1111 ideo

316 1154 395 1205 sic
423 1152 579 1211 dixit,
610 1150 837 1220 Major-es
863 1149 1064 1202 divitias
1084 1149 1342 1203 restituatis
1366 1148 1616 1201 thesauris
1631 1146 1906 1219 zEgyptio-

313 1260 431 1295 runt
482 1241 846 1313 improperiant
898 1240 1110 1294 Christi.
1164 1238 1303 1308 Quid
1356 1249 1475 1304 est,
1530 1238 1906 1309 Improperium

316 1336 542 1391 Christi?
584 1337 695 1390 lloc
723 1343 834 1399 est,
889 1334 1249 1405 Opprobrium
1298 1334 1442 1404 quod
1482 1348 1579 1388 vos
1626 1333 1901 1402 patimini,

316 1426 668 1495 opprobrium
714 1424 856 1494 quod
885 1424 1131 1479 Christus
1159 1424 1451 1478 sustinuit:
1480 1432 1573 1478 aut
1610 1423 1749 1493 quod
1780 1438 1904 1492 pro-

318 1528 441 1585 pter
464 1516 734 1570 Christum
766 1514 1039 1578 sustinuit,
1070 1513 1283 1582 quando
1306 1524 1523 1584 propter
1544 1525 1747 1583 petram
1779 1529 1905 1583 pro-

318 1611 434 1663 bris
465 1608 815 1667 afﬁciebatur,
864 1623 930 1662 ex
983 1622 1082 1677 qua
1123 1623 1314 1678 aquam
1357 1606 1559 1661 eduxit.
1592 1606 1746 1660 l’etra
1774 1606 1906 1659 enim

310 1698 423 1740 erat
476 1687 707 1741 Christus
763 1687 857 1755 (l.
907 1686 1027 1741 Cor.
1095 1688 1184 1743 10.
1213 1689 1281 1757 4)
1319 1729 1332 1752 ,
1378 1690 1567 1759 inquit.
1621 1691 1903 1759 Quomodo

308 1776 662 1845 approbrium
733 1777 972 1831 Christi?
1047 1778 1178 1844 Quia
1239 1778 1393 1834 bonis
1466 1783 1700 1850 palemis
1749 1799 1904 1839 ever-

312 1868 479 1922 timur
533 1868 742 1937 probris
793 1869 1099 1935 afﬁcimur,
1156 1870 1294 1926 male
1339 1872 1569 1941 patimur
1618 1873 1685 1927 ad
1737 1873 1906 1929 Deum

310 1959 706 2029 confugientes.
740 1961 1037 2016 Verisimile
1086 1972 1202 2016 erat
1229 1963 1376 2017 illum
1430 1978 1639 2034 quoque
1696 1966 1907 2036 probris

312 2050 461 2103 affici
511 2050 722 2119 quando
761 2049 927 2105 audiit
971 2070 986 2107 :
1038 2050 1180 2105 Nam
1216 2070 1295 2106 me
1324 2054 1398 2107 ris
1442 2054 1751 2122 interﬁcere,
1778 2057 1907 2110 sicut

315 2142 428 2193 heri
501 2141 805 2212 interfecisti
838 2140 1141 2212 Egyptium
1203 2144 1406 2214 (Exod.
1475 2145 1533 2200 9..
1588 2146 1744 2217 ΜΗ
1793 2149 1906 2204 Hoc

313 2244 403 2289 est
432 2234 815 2303 improperinm
836 2234 1060 2298 Christi,
1088 2236 1154 2291 ad
1180 2237 1338 2291 ﬁnem
1364 2252 1531 2308 usque
1559 2248 1613 2294 et
1637 2239 1702 2293 ad
1729 2250 1907 2297 extre-

318 2341 466 2379 nium
498 2341 664 2394 usque
684 2325 927 2393 spiritum
957 2327 1093 2382 male
1125 2328 1229 2395 pati
1259 2347 1271 2382 :
1301 2329 1438 2383 sicut
1468 2331 1682 2400 probris
1702 2330 1906 2387 afficie-

316 2416 480 2471 batur
500 2414 907 2478 etandieliat,Si
922 2412 1086 2469 Filius
1108 2417 1202 2470 Dei
1226 2433 1277 2472 es
1298 2418 1524 2489 (Matth.
1551 2420 1642 2473 27.
1666 2420 1771 2493 40)
1795 2463 1809 2487 ,
1840 2423 1908 2478 ab

319 2505 389 2558 iis
416 2518 515 2573 pro
541 2504 736 2574 quibus
763 2504 815 2558 iu
846 2520 1060 2560 crucem
1090 2507 1366 2576 agebatur.
1399 2510 1465 2563 ab
1490 2510 1677 2564 horum
1707 2516 1907 2568 contri-

319 2596 556 2651 bulibus.
590 2597 701 2651 lloc
727 2608 810 2652 est
834 2598 1215 2667 improperium
1252 2599 1483 2667 Christi,
1515 2604 1726 2672 quando
1761 2607 1908 2674 quis-

322 2691 468 2759 piam
498 2705 528 2742 a
573 2691 684 2743 suis
704 2731 719 2756 ,
752 2691 965 2759 quando
986 2689 1055 2745 ab
1102 2692 1166 2745 iis
1186 2734 1201 2758 ,
1248 2708 1385 2763 quos
1414 2694 1676 2749 beneficio
1705 2695 1869 2749 aflicit
1892 2739 1904 2758 ,

322 2782 540 2850 probris
563 2781 808 2836 afficitur.
846 2782 941 2837 llle
970 2783 1111 2838 enim
1143 2784 1209 2838 ab
1248 2799 1314 2839 eo
1338 2786 1634 2855 patiebatur
1675 2788 1912 2855 quierat

322 2872 586 2927 beneficio
632 2871 877 2927 affectus.
923 2873 1019 2928 Hic
1047 2889 1140 2929 eos
1166 2877 1435 2941 excitavit,
1462 2878 1748 2935 ostendens
1768 2881 1910 2950 quod

324 2962 574 3018 Christus
620 2979 833 3033 quoque
881 2963 997 3019 hcce
1040 2952 1356 3035 patiebatur,
1414 2978 1470 3022 et
1512 2969 1742 3040 Moyses,
1791 2971 1911 3025 duae

321 3055 487 3109 clarae
513 3064 567 3109 et
606 3055 842 3125 insignes
872 3070 1138 3124 personat.
1170 3057 1526 3124 Quamobrem
1570 3060 1671 3115 hoc
1713 3064 1913 3130 impro-

323 3147 534 3215 perium
587 3154 669 3199 est
717 3146 887 3215 magis
911 3145 1108 3201 Christi
1148 3163 1305 3218 quam
1334 3149 1553 3220 Moysis,
1601 3152 1854 3221 quoniam
1881 3170 1909 3206 τι

325 3238 439 3292 suis
462 3238 578 3292 lucc
599 3252 791 3307 passus
813 3248 916 3293 est.
946 3238 1052 3294 Sed
1070 3254 1241 3309 neque
1264 3240 1352 3295 ille
1376 3240 1595 3297 fulmina
1615 3244 1913 3310 emittebat,

328 3344 500 3398 neque
527 3327 616 3382 hic
661 3329 862 3398 aliquid
888 3339 970 3385 est
1016 3345 1226 3399 passus,
1258 3331 1351 3387 sed
1380 3334 1588 3403 probris
1638 3336 1912 3392 afﬁcieba-

328 3428 431 3481 tur,
459 3427 515 3473 et
542 3418 751 3473 ferebat
798 3421 998 3485 omnia,
1047 3421 1154 3475 illis
1181 3423 1518 3479 moventibus
1542 3425 1736 3495 capita.
1766 3426 1913 3494 Quo-

328 3510 469 3563 niam
501 3524 631 3579 ergo
662 3510 951 3566 verisimile
970 3520 1087 3565 erat
1110 3527 1203 3569 eos
1232 3529 1445 3584 quoque
1486 3515 1601 3571 haec
1627 3517 1833 3586 audire,
1862 3528 1917 3575 et

328 3602 640 3656 desiderare
670 3604 1178 3687 remunerationem,
1207 3606 1339 3661 dicit
1381 3606 1653 3663 Christum
1680 3618 1734 3665 et
1764 3610 1916 3681 Moy-

328 3705 444 3745 sem
470 3692 595 3745 talia
616 3706 737 3747 esse
761 3708 1064 3762 perpessos.
1091 3695 1323 3765 Requies
1343 3712 1470 3767 ergo
1489 3708 1541 3753 et
1561 3702 1806 3756 remissio
1835 3711 1919 3758 est

332 3785 537 3853 peccati
561 3802 575 3850 ;
608 3786 819 3855 probris
841 3796 1017 3840 autem
1046 3787 1208 3853 affici,
1239 3788 1456 3844 Christi.
1480 3791 1618 3858 Quid
1645 3808 1773 3863 ergo
1798 3809 1915 3848 ma-

330 3877 448 3930 vis?
474 3876 855 3946 improperinm
878 3878 1097 3945 Christi,
1117 3894 1185 3933 an
1214 3882 1450 3950 requiem
1473 3893 1527 3936 et
1542 3883 1703 3937 animi
1726 3884 1920 3941 remis-

331 3969 582 4023 sionem?
609 3970 700 4022 ‘27.
736 3968 868 4023 Fide
895 3970 1094 4041 reliquit
1121 3970 1432 4043 zEgyptum,
1464 3991 1565 4027 non
1594 3976 1777 4029 veritus
1803 3978 1919 4032 aui-

333 4062 620 4115 mositatem
646 4061 779 4132 regis
802 4062 1133 4118 :iuvisibilem
1159 4067 1291 4119 enim
1322 4076 1577 4137 tamquam
1604 4069 1777 4124 videns
1805 4089 1921 4126 sns-

335 4155 509 4206 tinuit.
538 4153 677 4220 Quid
733 4154 900 4209 dicis?
928 4172 1033 4210 non
1064 4158 1274 4212 timuit?
1294 4160 1453 4229 Atqui
1476 4161 1605 4216 dicit
1627 4161 1922 4234 Scriptura,

337 4246 480 4316 quod
522 4262 644 4301 cum
670 4248 961 4304 audivisset
983 4249 1178 4315 timuit,
1211 4260 1265 4305 et
1292 4251 1412 4307 ideo
1460 4253 1579 4324 fuga
1622 4270 1733 4311 sua:
1761 4257 1922 4312 saluti

320 4338 610 4393 ‘consuluit
634 4348 692 4392 et
714 4339 912 4408 aufugit
935 4348 989 4393 et
1014 4337 1194 4394 furtim
1221 4355 1281 4396 se
1310 4343 1596 4411 subduxit,
1643 4357 1697 4403 et
1725 4358 1910 4417 postea

336 4438 454 4481 erat
475 4428 529 4481 in
560 4427 776 4482 timore.
799 4427 1029 4483 Attende
1057 4428 1347 4501 diligenter
1367 4440 1419 4488 et
1438 4446 1686 4492 accurate
1700 4439 1753 4492 ei
1782 4439 1923 4508 quod
1948 4420 1967 4457 ‘

336 4521 537 4574 dictum
562 4529 682 4575 est:
708 4520 859 4586 illud,
901 4519 1025 4577 Non
1048 4523 1236 4578 veritus
1258 4524 1389 4579 iram
1415 4528 1569 4597 regis,
1592 4529 1727 4585 dixit
1747 4532 1921 4601 respi-

332 4614 485 4667 ciens
500 4611 568 4665 ad
599 4611 650 4665 id
674 4612 815 4681 quod
842 4620 1024 4681 postea
1045 4613 1329 4671 adstiterit.
1353 4616 1615 4674 Timentis
1635 4600 1924 4677 enimerat

332 4720 441 4758 non
470 4705 738 4774 attingere
788 4718 977 4760 rursus
1021 4705 1388 4763 defensionem
1430 4720 1485 4764 et
1523 4714 1876 4781 patrocinium
1901 4756 1917 4783 ,

329 4811 510 4865 neque
530 4812 645 4851 rem
674 4796 889 4866 aggredi
913 4812 928 4860 ;
951 4797 1125 4853 denuo
1148 4809 1328 4854 autem
1354 4801 1636 4871 attingere,
1666 4814 1783 4871 erat
1805 4806 1920 4876 ejus

331 4892 422 4960 qui
459 4890 571 4945 Deo
600 4890 781 4944 omnia
809 4891 1197 4946 committebat.
1221 4891 1337 4947 Non
1368 4894 1512 4949 enim
1533 4895 1686 4964 dixit,
1716 4898 1921 4965 Quint-it

328 5000 450 5051 me,
500 4993 555 5037 et
595 4983 851 5053 indagat,
907 4998 1007 5038 nec
1031 4984 1203 5040 audeo
1240 4984 1427 5041 eadem
1463 5004 1648 5044 rursus
1676 4991 1914 5062 aggredi.

326 5077 460 5131 Erat
488 5078 667 5145 itaque
693 5076 814 5131 fidei
832 5076 1036 5147 fugere.
1063 5076 1170 5133 Cur
1194 5092 1323 5149 ergo
1346 5095 1450 5134 non
1477 5083 1692 5147 mansit,
1714 5083 1918 5153 inquit?

324 5169 403 5224 Ne
453 5170 508 5224 in
539 5171 823 5238 pra-visum
854 5184 913 5224 se
956 5171 1201 5240 injiceret
1246 5174 1559 5242 periculum.
1613 5176 1724 5231 lloc
1771 5179 1912 5233 enim

320 5263 432 5329 jam
490 5271 605 5317 erat
666 5262 939 5328 tentantis,
1002 5262 1053 5317 in
1107 5264 1281 5318 media
1348 5267 1593 5333 prosilire
1654 5270 1910 5338 pericula,

322 5365 378 5408 et
402 5353 615 5417 dicere,
666 5352 885 5406 Videam
943 5367 1009 5406 an
1061 5369 1147 5408 me
1196 5365 1373 5409 servet
1421 5357 1579 5413 Deus.
1613 5360 1722 5416 lloc
1750 5364 1911 5417 etiam

268 5488 273 5497 ,
324 5446 543 5501 Christo
584 5442 721 5498 dixit
773 5442 1048 5509 diabolus,
1107 5444 1253 5500 Mitte
1308 5456 1354 5500 te
1407 5448 1639 5502 deorsum
1697 5450 1906 5522 (Matth.

319 5541 371 5594 4.
423 5537 524 5605 6).
580 5534 745 5590 Vides
800 5535 941 5605 quod
1002 5541 1107 5593 hoc
1182 5539 1252 5592 sit
1303 5539 1657 5612 diabolicum,
1710 5552 1912 5599 temere

318 5640 371 5684 et
428 5627 825 5683 inconsiderate
870 5642 933 5683 se
975 5629 1026 5682 in
1076 5630 1307 5697 pericula
1338 5633 1638 5704 conjicere,
1681 5645 1738 5691 et
1788 5646 1905 5691 ten-

320 5733 431 5780 tare
472 5739 541 5779 an
575 5722 718 5778 Deus
756 5722 1077 5776 conservet?
1124 5722 1217 5776 Eis
1261 5725 1404 5784 eiiim
1456 5742 1683 5797 praeesse
1711 5740 1762 5785 et
1812 5745 1909 5787 eos

657 5818 934 5881 PATROL.
980 5819 1097 5882 Gn.
1146 5821 1370 5885 LXIII.

1122 291 1186 347 IN
1228 290 1441 347 EPIST.
1472 290 1559 345 AD
1598 289 1964 349 HEBREOS.
2008 288 2158 345 CAP.
2196 282 2281 337 Xl.
2338 286 2569 342 IIOMIL.
2615 285 2801 343 XXVI.

3485 293 3586 349 18!

2008 407 2236 480 amplius
2287 402 2573 459 defendere
2626 416 2729 455 non
2776 407 3026 470 poterat,
3072 413 3192 454 eum
3238 409 3345 457 tam
3395 402 3585 474 ingrati

2003 509 2184 562 essent
2205 497 2390 560 animi,
2414 496 2504 565 qui
2530 493 2898 548 adiciebantur
2921 492 3181 547 beneficio
3207 509 3221 547 ;
3248 493 3435 549 fuisset
3457 512 3586 567 ergo

2008 594 2236 651 Stultitia
2266 600 2320 647 et
2350 589 2544 644 mentis
2576 586 2820 641 vecordia
2854 586 2959 640 illic
2994 599 3233 640 manere.
3258 585 3385 641 Hrec
3407 598 3583 642 autem

2002 687 2178 744 omnia
2205 683 2341 739 facta
2368 690 2527 745 sunt,
2560 678 2700 749 quod
2728 679 2797 732 ita
2822 678 3083 733 tolerabat
3107 688 3376 749 tamquam
3400 680 3585 735 videns

2002 777 2244 847 eumqui
2284 790 2388 828 non
2443 771 2587 827 cadit
2635 771 2734 824 sub
2786 770 3163 841 aspectutu.(a)
3228 770 3280 824 Si
3325 784 3455 841 ergo
3487 789 3585 826 nos

2000 883 2215 941 quoque
2230 867 2395 920 Deum
2410 871 2587 917 mente
2604 874 2815 928 semper
2829 856 3123 923 videamus,
3141 859 3185 912 si
3202 860 3251 913 in
3267 861 3384 929 ejus
3401 875 3577 916 recor-

1999 963 2215 1017 datione
2243 971 2455 1025 semper
2472 960 2706 1007 nostram
2726 964 3002 1005 versemus
3013 951 3409 1020 cogitationem,
3427 955 3581 1008 nobis

1999 1052 2176 1110 omnia
2198 1064 2413 1119 semper
2438 1054 2596 1101 erunt
2626 1043 2823 1109 facilia,
2854 1042 3033 1096 omnia
3058 1041 3373 1109 tolerabilia,
3399 1046 3576 1098 omnia

1998 1147 2153 1203 facile
2194 1144 2461 1203 feremus,
2507 1138 2709 1193 erimus
2736 1134 2987 1189 omnibus
3014 1135 3341 1203 superiores.
3370 1134 3424 1191 Si
3456 1139 3577 1207 quis

1996 1240 2138 1297 enim
2179 1236 2369 1291 videns
2416 1233 2706 1294 dilectum,
2748 1228 2832 1281 vel
2862 1227 3039 1293 potius
3083 1226 3200 1296 ejus
3245 1229 3571 1292 recordans,

1991 1329 2227 1400 exsurgit
2254 1329 2434 1382 animo
2458 1332 2513 1378 et
2538 1331 2717 1376 mente
2744 1320 2803 1373 ιιι
2822 1318 3057 1384 sublimi,
3082 1330 3133 1373 et
3152 1320 3327 1373 omnia
3370 1320 3472 1374 l'crt
3499 1321 3576 1373 fa-

1992 1428 2112 1489 cile,
2134 1439 2196 1478 ex
2229 1420 2345 1491 ejus
2371 1415 2627 1472 memoria
2658 1413 2872 1483 capiens
2888 1412 3214 1482 voluptatem
3242 1413 3365 1483 :qui
3397 1422 3575 1467 versat

1990 1518 2043 1572 in
2060 1514 2384 1585 Cogitatione
2414 1524 2535 1566 eum
2561 1508 2649 1578 qui
2680 1520 2777 1560 nos
2798 1519 2924 1559 vere
2950 1504 3198 1573 dignatus
3213 1513 3295 1558 est
3320 1519 3501 1561 amare
3518 1517 3573 1559 et

1993 1609 2111 1679 ejus
2154 1604 2426 1668 meminit,
2459 1599 2672 1673 quando
2715 1598 2796 1654 vel
2826 1598 3105 1652 molestum
3137 1597 3336 1666 aliquid
3377 1598 3573 1652 sentiet

1994 1689 2076 1740 vel
2110 1686 2345 1741 terribile
2370 1698 2423 1741 et
2446 1687 2805 1756 periculosum
2835 1686 3154 1741 extimescet
3178 1683 3204 1737 ‘t
3233 1682 3447 1754 quando
3473 1686 3582 1740 erit

1995 1779 2190 1848 pusillo
2216 1787 2271 1832 et
2316 1778 2525 1849 abjeclo
2554 1778 2782 1833 animo?
2824 1778 3143 1847 Numquam.
3195 1777 3385 1832 Omnia
3435 1781 3579 1832 enim

1994 1869 2148 1922 nobis
2176 1868 2422 1923 videntur
2449 1867 2721 1933 difficilia,
2754 1868 2894 1937 quod
2936 1867 3028 1921 Dei
3060 1866 3260 1920 nullam
3288 1866 3583 1922 habeamus

1994 1959 2310 2013 memoriam
2341 1966 2398 2013 ut
2439 1958 2635 2013 habere
2664 1968 2912 2028 oportet,
2946 1957 3088 2027 quod
3120 1972 3225 2012 non
3254 1972 3377 2013 eum
3411 1958 3462 2011 in
3490 1974 3580 2012 σο·

1993 2053 2249 2122 gitatione
2286 2061 2546 2121 perpetuo
2571 2052 3008 2106 cireumferamus
3039 2068 3053 2107 :
3091 2052 3283 2106 merito
3311 2051 3455 2106 enim
3484 2067 3579 2104 nu-

1994 2142 2076 2197 bis
2102 2143 2327 2209 dixerit,
2355 2141 2564 2197 Oblitus
2592 2157 2654 2197 es
2684 2142 2825 2209 mei,
2854 2157 2953 2213 ego
2998 2157 3211 2213 quoque
3256 2143 3330 2195 tui
3384 2141 3579 2196 oblivi~

1994 2251 2114 2291 scar
2147 2252 2160 2289 :
2191 2245 2245 2291 et
2274 2235 2472 2305 duplici
2503 2235 2711 2289 ratione
2743 2233 2803 2288 lit
2831 2235 3051 2300 malum,
3084 2233 3227 2303 quod
3254 2241 3310 2288 et
3336 2247 3434 2287 nos
3462 2231 3578 2302 ejus

1994 2328 2394 2392 obliviscamur,
2421 2336 2475 2381 et
2493 2327 2607 2396 ipse
2630 2325 2819 2380 nostri.
2845 2325 2971 2380 lliec
2992 2325 3135 2380 enim
3163 2326 3270 2379 duo
3291 2333 3414 2379 sunt
3441 2324 3579 2378 inter

1994 2435 2053 2476 se
2079 2421 2293 2491 quidem
2325 2419 2602 2489 complexa
2621 2460 2634 2485 ,
2663 2428 2790 2474 sunt
2813 2427 2988 2473 tamen
3013 2418 3140 2473 duo.
3167 2417 3298 2472 Nam
3327 2432 3576 2488 magnam

1994 2510 2208 2581 quidem
2237 2526 2350 2565 rem
2376 2508 2500 2563 facit
2540 2508 2633 2562 Dei
2660 2508 2953 2573 memoria;
2997 2522 3242 2577 magnam
3293 2508 3476 2575 etiam,
3524 2520 3578 2562 et

1994 2600 2134 2672 quod
2159 2614 2256 2654 nos
2276 2615 2398 2655 eum
2417 2598 2707 2654 habeamus
2731 2598 2784 2652 in
2801 2596 3211 2653 memoriaJImc
3225 2592 3348 2649 facit
3363 2601 3421 2648 ut
3439 2598 3577 2652 bona

1995 2694 2251 2763 eligamus
2270 2709 2285 2758 ;
2307 2691 2419 2757 illa,
2431 2698 2493 2746 ut
2507 2689 2873 2762 perﬁciamus,
2885 2695 2939 2743 et
2950 2690 3015 2745 ad
3030 2688 3191 2744 linem
3234 2689 3576 2745 deducamus.

1999 2785 2285 2855 Propterea
2310 2784 2437 2838 dicit
2457 2783 2716 2854 propheta
2742 2795 2757 2837 :
2787 2782 2983 2836 Memor
3029 2799 3112 2837 ero
3135 2784 3208 2835 tui
3228 2782 3290 2836 de
3312 2793 3443 2836 terra
3467 2783 3582 2836 Jor-

1998 2876 2167 2942 tlanis,
2191 2882 2236 2929 et
2254 2872 2571 2927 Hermouiim
2588 2889 2620 2925 a
2638 2881 2807 2926 monte
2839 2873 3038 2927 modico
3072 2871 3241 2941 (Psal.
3258 2873 3344 2926 41.
3358 2870 3436 2943 7).
3457 2873 3581 2928 ﬂare

1997 2969 2126 3024 dicit
2153 2965 2378 3037 populus
2400 2965 2491 3036 qui
2512 2973 2628 3020 erat
2652 2965 2704 3019 iu
2736 2964 3005 3035 Babylone
3021 2963 3243 3031 ,Blemor
3262 2981 3347 3018 ero
3364 2966 3456 3019 tui.

2068 3062 2122 3117 4.
2168 3060 2310 3129 Ergo
2340 3069 2392 3113 et
2438 3073 2567 3122 nos,
2614 3065 2672 3110 ut
2698 3058 2786 3126 qui
2817 3057 2985 3111 simus
3028 3056 3083 3109 in
3132 3055 3437 3127 Babylone,
3467 3056 3582 3111 hate

1997 3154 2257 3209 dicamus.
2286 3150 2398 3204 Etsi
2421 3149 2562 3204 enim
2595 3164 2700 3202 non
2727 3146 2979 3202 sedemus
3005 3146 3145 3201 inter
3170 3147 3373 3215 hostes,
3398 3163 3583 3203 sumus

2001 3255 2178 3299 tamen
2207 3243 2348 3296 inter
2377 3240 2644 3295 inimicos.
2674 3239 2805 3293 Nam
2837 3254 2902 3292 ex
2934 3238 3042 3292 illis
3069 3239 3157 3302 alii
3186 3239 3399 3309 quidem
3426 3241 3580 3295 sedc-

1997 3338 2126 3393 bant
2153 3344 2420 3405 tamquam
2464 3331 2664 3404 captivi
2690 3347 2704 3384 :
2729 3330 2816 3384 alii
2842 3337 3021 3383 autem
3050 3344 3118 3384 ne
3140 3330 3440 3386 sentiebant
3464 3333 3580 3401 qui-

1998 3429 2120 3485 dem
2145 3426 2533 3497 captivitatem,
2563 3433 2621 3477 ut
2645 3422 2848 3487 Daniel,
2883 3432 2941 3476 ut
2967 3431 3075 3477 tres
3098 3421 3271 3492 pueri,
3316 3421 3579 3492 quietiam

2000 3539 2121 3579 eum
2151 3529 2335 3576 essent
2379 3518 2431 3573 in
2460 3518 2804 3589 captivitate,
2855 3518 2972 3587 ipso
3020 3531 3178 3587 rege,
3226 3517 3313 3586 qui
3363 3532 3456 3573 eos
3484 3516 3581 3571 ab-

1997 3614 2223 3671 duxerat
2268 3612 2320 3667 in
2363 3611 2757 3679 captivitatem,
2790 3617 2941 3663 erant
2986 3609 3039 3662 in
3079 3609 3169 3662 illa
3214 3608 3325 3679 ipsa
3365 3609 3583 3678 regione

1997 3708 2295 3764 clariores:
2326 3704 2524 3760 etenim
2572 3705 2813 3772 captivos
2842 3701 3101 3755 adorabat
3143 3701 3189 3755 is
3227 3701 3316 3770 qui
3360 3700 3581 3755 abduxit

1998 3801 2051 3856 in
2082 3799 2466 3868 captivitatem.
2514 3793 2703 3847 Vidisti
2735 3801 2933 3862 quanta
2962 3807 3048 3847 res
3074 3793 3143 3845 sit
3170 3792 3376 3845 virtus?
3408 3792 3581 3846 Etiam

1997 3911 2119 3951 eum
2160 3900 2342 3948 essent
2370 3890 2422 3943 in
2470 3886 2780 3956 captivitate
2812 3884 3069 3939 adorabat
3108 3893 3378 3954 tamquam
3407 3884 3581 3939 domi-

1997 4004 2117 4045 nos.
2148 3985 2239 4041 Ille
2258 3997 2388 4051 ergo
2411 3990 2528 4036 erat
2556 3978 2801 4049 captivus
2828 3978 2995 4047 magis
3022 3993 3178 4046 quam
3206 3977 3281 4031 hi.
3316 3978 3432 4034 Non
3455 3977 3580 4033 fuis-

1996 4093 2079 4138 set
2105 4094 2255 4150 azque
2278 4073 2607 4139 mirandum,
2641 4072 2684 4125 si
2715 4086 2835 4125 eum
2861 4080 3042 4125 essent
3066 4070 3116 4124 in
3144 4084 3239 4124 sua
3271 4070 3467 4141 patria,
3496 4072 3585 4125 ille

1996 4175 2219 4233 veniens
2252 4184 2346 4226 eos
2380 4168 2690 4232 adorasset,
2723 4175 2815 4219 aut
2844 4163 2889 4219 si
2938 4164 3045 4218 illic
3084 4174 3401 4234 regnasscnt
3435 4183 3448 4218 :
3488 4167 3585 4219 mi-

1996 4268 2164 4325 rabile
2194 4272 2277 4320 est
2302 4272 2485 4316 autem
2517 4257 2659 4329 quod
2688 4272 2807 4311 cum
2835 4270 2930 4312 eos
2959 4254 3238 4320 vinxisset,
3267 4265 3321 4310 et
3345 4257 3586 4325 captivos

1999 4364 2050 4416 in
2083 4365 2342 4428 potestate
2390 4367 2484 4408 sua
2530 4351 2788 4415 haberet,
2828 4347 3082 4404 omnibus
3123 4346 3431 4402 videntibus
3477 4364 3582 4401 non

2010 4426 2206 4513 puduit
2232 4460 2329 4499 eos
2370 4442 2623 4510 adorare,
2665 4454 2721 4501 et
2758 4443 2949 4499 Manaa
2979 4440 3175 4495 libare.
3208 4432 3419 4490 Videtis
3446 4426 3593 4499 quod

2012 4551 2101 4591 res
2132 4535 2229 4591 Dei
2257 4544 2387 4591 sunt
2429 4553 2618 4592 revera
2665 4537 2964 4607 praeclarae,
2997 4545 3085 4585 res
3121 4536 3304 4583 autem
3345 4523 3597 4577 humana:

2006 4642 2132 4689 sunt
2160 4630 2392 4686 umbra?
2426 4629 2708 4700 Ignorabat
2738 4640 2866 4697 ergo
2911 4640 2971 4679 se
2998 4623 3097 4677 sibi
3128 4622 3377 4677 dominos
3424 4618 3594 4673 addu-

2005 4741 2130 4783 cere
2153 4767 2169 4793 ,
2198 4734 2253 4781 et
2272 4738 2408 4796 quos
2434 4731 2551 4778 erat
2578 4721 2896 4777 adoraturus
2916 4760 2931 4783 ,
2963 4721 3058 4772 eas
3080 4716 3224 4785 ipsos
3249 4714 3301 4767 in
3323 4712 3593 4767 fornacem

2008 4820 2227 4890 injicere
2247 4835 2262 4884 ;
2286 4816 2383 4872 sed
2406 4816 2509 4871 hoc
2536 4815 2641 4871 illis
2666 4822 2782 4870 erat
2809 4814 2978 4867 instar
2998 4810 3219 4865 somnii.

2082 4909 2393 4965 Timentibus
2423 4906 2589 4961 Deum
2610 4905 2742 4959 nihil
2763 4904 3047 4957 molestum.
3076 4929 3149 4940 —
3172 4899 3485 4954 Timeamus
3509 4911 3595 4952 er-

2003 5019 2105 5073 go,
2130 5018 2163 5058 o
2184 5001 2403 5064 dilecti,
2438 5000 2721 5054 timeamus
2762 4996 2927 5050 Deum
2960 5011 2971 5046 :
3005 4994 3128 5046 licet
3150 4990 3321 5046 siums
3351 4990 3403 5044 in
3428 4990 3596 5057 capti-

2007 5099 2200 5161 vitate,
2240 5093 2442 5148 erimus
2484 5089 2721 5145 omnium
2745 5085 3028 5143 clarissimi
3057 5101 3068 5135 :
3094 5083 3235 5138 adsit
3275 5084 3433 5137 timor
3463 5080 3590 5145 Dei,

2006 5199 2059 5243 ct
2110 5187 2242 5242 nihil
2288 5185 2391 5239 erit
2422 5182 2708 5238 molestum
2732 5221 2745 5243 ,
2777 5178 2889 5232 sive
2932 5176 3135 5230 dixeris
3184 5183 3549 5244 paupertatem
3577 5213 3590 5235 ,

2007 5283 2119 5335 sive
2171 5277 2417 5333 morbum
2442 5318 2457 5341 ,
2489 5275 2598 5329 sive
2629 5270 2990 5341 captivitatem
3019 5310 3033 5335 ,
3083 5268 3198 5323 sive
3240 5267 3551 5321 servitutem
3576 5306 3590 5327 ,

2007 5373 2119 5427 sive
2147 5369 2355 5441 quidvis
2397 5367 2719 5429 molestum;
2747 5361 2840 5417 sed
2867 5361 2958 5415 illa
3000 5360 3111 5430 ipsa
3140 5359 3292 5414 nobis
3329 5370 3488 5425 opem
3511 5354 3590 5408 fe-

2009 5472 2129 5518 rent
2154 5462 2219 5517 ad
2250 5459 2543 5516 contraria.
2576 5457 2677 5527 Ipsi
2706 5461 2859 5512 erant
2882 5453 3107 5523 captivi,
3141 5459 3194 5506 et
3214 5463 3308 5503 rex
3339 5462 3433 5503 eos
3458 5446 3592 5501 ado~

2010 5554 2146 5607 ravit
2177 5571 2189 5606 :
2221 5548 2686 5607 tabernaculorum
2718 5546 2893 5616 opifex
2941 5551 3056 5599 erat
3083 5540 3311 5607 Paulus,
3348 5548 3402 5595 et
3430 5537 3481 5594 ei
3509 5553 3597 5593 sao

2094 5724 2165 5787 (ιι)
2190 5722 2278 5773 llic
2304 5736 2499 5789 quoque
2524 5721 2679 5775 hiatus
2702 5722 2927 5774 habetur.

3206 5817 3281 5881 ω
