4088 6204
466 255 564 312 4όὸ
1173 251 1228 306 S.
1269 245 1481 308 JOANN
1490 244 1548 303 IS
1582 240 2048 300 CIIRYSOSTOMI

461 374 776 434 eriticabant
819 381 1091 440 tamquam
1126 367 1254 421 Deo.
1309 362 1402 415 ilic
1449 363 1618 415 oritur
1663 359 1916 430 qnzrstio,
1951 374 2049 409 ρων

463 462 1106 538 apostoliprobibnortmt
1133 457 1394 513 sacriﬁcia
1419 497 1434 521 ,
1464 469 1558 508 sua
1591 454 1911 508 vestimenta
1961 453 2043 507 di-

469 558 770 622 sciderunt,
814 564 868 608 et
901 567 944 606 ιο
974 561 1153 620 εωριο
1182 563 1289 604 ιοοε
1314 547 1671 612 abduxerunt,
1693 544 2049 602 etﬂeveruut

465 652 704 706 dicentes
723 691 737 713 ,
773 647 909 712 Quid
959 644 1171 715 facitis?
1198 653 1254 695 ει·
1271 658 1362 695 nos
1387 641 1626 694 mortales
1654 656 1831 694 sumus
1858 640 2048 694 similes

465 744 598 799 vobis
624 741 850 795 homines
876 738 1015 806 (Act.
1049 736 1134 791 l4.
1166 735 1258 802 M)
1297 752 1310 788 :
1341 733 1524 789 Daniel
1550 741 1728 786 autem
1758 732 1887 788 nihil
1924 731 2049 788 fecit

467 830 795 904 huiusmodi.
843 828 977 883 Nam
1021 825 1164 897 quod
1196 826 1312 895 ipse
1347 838 1562 894 quoque
1601 833 1747 878 esset
1792 823 2045 892 humilis,

468 937 517 980 et
566 939 672 979 nou
716 922 891 976 minus
934 935 1094 990 quam
1125 918 1228 988 ipsi
1280 917 1390 972 Deo
1435 915 1653 971 oli'erret
1690 916 1952 986 gloriam,
1981 933 2046 973 ex

466 1015 645 1070 multis
686 1012 900 1083 quidem
942 1020 1027 1065 est
1070 1008 1449 1077 perspicuum:
1481 1005 1708 1061 Maxime
1736 1007 1949 1076 quidem
1994 1019 2051 1064 et

467 1114 589 1161 ante
617 1104 795 1159 omnia
827 1119 895 1158 ex
920 1116 985 1156 eo
1011 1099 1153 1171 quod
1181 1116 1210 1153 a
1241 1099 1352 1154 Deo
1379 1098 1694 1169 diligeretur
1725 1099 1827 1155 hoc
1856 1113 2002 1171 patet
2028 1122 2040 1157 :

472 1215 581 1258 oon
604 1197 748 1252 enim
773 1196 947 1264 ipsum
971 1192 1061 1246 Dei
1081 1191 1339 1245 hOnorem
1358 1190 1456 1243 sibi
1478 1202 1821 1258 usurpantem
1839 1193 2052 1250 sivisset

472 1291 674 1352 vivere,
706 1285 903 1340 nedum
933 1297 1051 1338 esse
1081 1283 1131 1334 in
1158 1281 1359 1336 honore
1387 1289 1442 1334 et
1479 1281 1872 1338 existimatione
1915 1301 1929 1338 :
1959 1299 2048 1338 se-

467 1378 642 1436 cundo
663 1386 864 1443 autem,
892 1375 1032 1442 quod
1055 1388 1175 1428 cum
1199 1373 1362 1427 multa
1387 1372 1629 1427 libertate
1649 1372 1860 1429 dicebat
1881 1395 1892 1428 :
1917 1376 2050 1432 Mihi

465 1488 682 1541 quoque,
707 1487 736 1524 o
753 1485 858 1533 rex,
877 1484 975 1520 non
997 1473 1046 1519 tu
1063 1465 1460 1535 sapientia,qua:
1486 1476 1560 1518 est
1585 1466 1634 1518 in
1667 1470 2050 1534 mc,revelatum

466 1567 646 1620 esthoc
673 1561 965 1633 mysterium
987 1559 1144 1629 (Dan.
1170 1559 1223 1611 2.
1243 1557 1332 1626 50)
1365 1575 1376 1610 :
1411 1566 1463 1611 et
1494 1559 1649 1611 tertio
1691 1575 1895 1628 rursus,
1927 1563 2049 1632 quia

467 1659 519 1712 in
553 1650 666 1710 lacu
690 1662 804 1708 erat
831 1661 1050 1722 prepter
1074 1651 1236 1704 Deum
1257 1665 1272 1714 ;
1292 1660 1343 1703 et
1371 1650 1580 1718 quando
1598 1651 1773 1706 cibum
1798 1655 1845 1707 ei
1872 1657 2051 1712 attulit

469 1747 725 1820 prOpheta
759 1762 773 1797 :
809 1743 1115 1797 Recordatus
1143 1751 1244 1806 est,
1278 1743 1478 1809 inquit,
1513 1743 1607 1795 mei
1635 1741 1775 1798 Deus
1804 1744 1965 1816 (Dan.
1995 1749 2050 1809 Δ.

470 1833 561 1904 37)
587 1849 602 1888 :
633 1832 770 1888 adeo
798 1841 914 1888 erat
937 1831 1152 1888 humilis
1171 1841 1222 1887 et
1244 1840 1528 1887 contritus.
1554 1832 1610 1886 ln
1641 1832 1757 1886 lacu
1785 1842 1898 1887 erat
1926 1847 2052 1900 pro-

474 1936 590 1991 pter
622 1924 784 1977 Deum
807 1964 822 1989 ,
853 1933 904 1977 et
928 1939 986 1979 se
1012 1922 1281 1994 indignum
1310 1925 1654 1979 existimabat
1691 1934 1746 1978 ut
1792 1926 1908 1992 ejus
1963 1940 2048 1978 re-

474 2014 805 2079 cordaretur,
829 2025 884 2069 et
911 2023 968 2068 ut
992 2014 1355 2070 exaudiretur.
1380 2014 1487 2069 Nos
1510 2023 1686 2068 autem
1731 2030 1852 2069 cum
1895 2015 2053 2069 innu-

476 2105 749 2161 merabilia
780 2107 1103 2164 exsecranda
1149 2107 1437 2161 audeamus
1469 2107 1775 2173 admittere,
1807 2117 1861 2162 ct
1888 2109 2055 2162 simus

475 2199 719 2253 omnium
733 2198 1126 2254 sceleratissimi
1153 2199 1446 2252 ctmaxime
1463 2199 1799 2268 exsccrandi,
1827 2201 1872 2254 si
1898 2215 2001 2254 non
2025 2213 2054 2254 a

481 2290 653 2356 [trima
689 2291 1002 2359 precatione
1035 2291 1289 2345 fuerimus
1313 2291 1570 2358 exauditi,
1599 2291 1920 2348 recedimus.
1946 2293 2052 2348 Rc-

477 2396 604 2435 vera
639 2382 862 2435 multum
895 2383 1034 2436 inter
1063 2381 1183 2435 illos
1213 2392 1264 2435 ct
1291 2397 1392 2436 nos
1420 2383 1666 2449 interest,
1695 2394 1950 2452 quantum
1979 2386 2056 2438 in.

478 2484 559 2528 ter
597 2475 782 2529 carlqu
829 2483 884 2528 et
913 2483 1106 2528 terram
1129 2515 1144 2536 ,
1168 2484 1225 2528 et
1271 2474 1314 2528 si
1347 2474 1471 2543 quid
1510 2483 1597 2530 est
1637 2477 1885 2545 amplius.
1919 2477 2058 2545 Quid

477 2566 654 2620 dicis?
683 2575 801 2634 post
835 2574 940 2618 tam
986 2566 1154 2621 multa
1184 2576 1328 2620 recte
1356 2575 1410 2619 et
1439 2567 1693 2636 praeclare
1720 2580 1866 2637 gesta
1886 2610 1903 2635 ,
1938 2581 2060 2640 post

479 2656 794 2711 miraculum
846 2657 895 2709 iu
945 2656 1060 2710 lacu
1106 2655 1342 2722 factum,
1373 2659 1506 2714 adeo
1546 2658 1798 2716 lmntilem
1843 2673 1893 2720 te
1939 2681 2060 2722 esse

479 2749 797 2806 existimas?
821 2747 1013 2812 Certe,
1063 2750 1268 2819 inquit,
1317 2766 1439 2806 nam
1477 2769 1828 2826 quaecumque
1868 2757 2059 2814 feceri-

478 2858 633 2905 mus,
665 2842 803 2898 servi
846 2840 1061 2896 inutiles
1107 2856 1290 2896 sumus
1328 2842 1478 2913 (Luc.
1524 2845 1612 2900 l7.
1656 2847 1770 2913 10).
1816 2848 1888 2902 Ita
1929 2862 2061 2906 ante

480 2934 698 3003 longum
729 2942 939 3003 tempus
969 2933 1213 3003 implevit
1235 2936 1600 3005 evangelicum
1633 2951 1981 3010 praeceptum,
2005 2955 2060 3000 et

481 3039 540 3078 se
573 3025 704 3079 nihil
729 3026 1094 3081 existimabat.
1131 3024 1268 3080 Deus
1289 3067 1304 3089 ,
1331 3027 1638 3097 inquiebat,
1671 3033 1769 3086 mei
1797 3044 1868 3087 est
1889 3052 2060 3090 recer-

482 3119 654 3172 datus.
692 3117 820 3184 Ejus
867 3133 1055 3172 rursus
1081 3119 1252 3173 oratio
1281 3119 1402 3174 vide
1429 3129 1625 3190 quanta
1666 3122 1818 3192 plena
1863 3127 1932 3181 sit
1959 3127 2061 3182 hu-

483 3211 746 3266 militate?
770 3210 859 3266 Sic
884 3220 938 3266 et
962 3221 1070 3266 tres
1099 3211 1249 3280 pueri
1278 3211 1526 3266 dicebant
1553 3231 1565 3265 :
1592 3211 1940 3284 Peccavimus,
1959 3220 2064 3273 ini-

483 3319 578 3371 quo
617 3305 810 3374 egimus
838 3302 1059 3372 (Dau.3.
1103 3302 1230 3371 Q9);
1280 3312 1332 3357 et
1355 3304 1550 3373 ubique
1576 3319 1728 3361 suam
1773 3311 2066 3370 ostendunt

486 3395 860 3450 humilitatem.
883 3395 1042 3462 Atqui
1074 3394 1258 3449 Daniel
1281 3395 1506 3450 habebat
1531 3398 1948 3459 innumerabiles
1976 3407 2064 3462 sui

486 3487 774 3542 cvtoilendi
801 3486 1148 3548 occasiones,
1185 3485 1278 3539 sed
1317 3486 1521 3541 sciebat
1549 3490 1693 3558 quod
1738 3492 1852 3549 lure
1888 3497 2064 3550 omnia

489 3580 536 3634 ei
559 3580 783 3634 aderant
811 3592 878 3633 eo
905 3577 1046 3648 quod
1086 3592 1191 3631 nou
1229 3578 1598 3645 extollere-tur,
1627 3598 1727 3638 nec
1760 3584 2065 3642 thesaurum

489 3671 746 3740 corrupit.
765 3669 894 3724 Nam
915 3668 1051 3739 apud
1075 3684 1263 3724 oumes
1278 3669 1520 3724 homines
1535 3671 1656 3726 etin
1677 3675 1924 3732 universo
1939 3679 2068 3735 orbe

492 3777 753 3818 terrarum
787 3778 890 3817 non
919 3772 1137 3832 propter
1165 3760 1278 3816 haec
1299 3762 1470 3816 solum
1503 3763 1906 3836 dccantabatur,
1927 3769 2070 3839 quod

490 3871 584 3908 rex
609 3855 658 3908 in
685 3852 875 3909 facient
899 3851 1189 3922 prociderit
1211 3851 1322 3906 etei
1350 3853 1613 3922 libaverit,
1634 3855 1724 3910 sed
1750 3858 1890 3928 quod
1913 3859 2071 3916 deum

491 3965 614 4005 eum
632 3949 1018 4004 existimaverit
1049 3949 1114 4013 is,
1143 3949 1237 4019 qui
1274 3949 1466 4020 ubique
1505 3961 1763 4008 terrarum
1806 3964 2071 4028 tamquam

491 4041 626 4094 deus
671 4040 1056 4094 honorabatur.
1097 4041 1228 4094 Nam
1284 4042 1480 4110 ipsein
1537 4045 1837 4100 universam
1877 4058 2072 4115 terrain

494 4129 771 4183 obtinebat
822 4128 1151 4182 dominatum
1184 4148 1202 4184 :
1231 4131 1278 4183 id
1321 4133 1465 4200 quod
1510 4144 1592 4188 est
1636 4137 1970 4204 perspicuum
2009 4155 2075 4196 ex

494 4218 725 4275 Jereuiia
749 4235 761 4271 :
784 4217 885 4282 Qui
915 4227 1120 4283 terram,
1146 4219 1332 4287 inquit,
1355 4221 1518 4274 induit
1541 4232 1791 4293 tamquam
1817 4231 2079 4285 vestimen—

497 4325 603 4367 tum
646 4311 777 4383 (Jcr.
816 4311 906 4365 27.
945 4310 1089 4381 6);ct.
1114 4311 1427 4383 rursuszft‘go
1455 4330 1564 4369 eum
1588 4318 1702 4370 dedi
1729 4317 2077 4377 Nabuchodo-

498 4423 650 4460 nosor
669 4422 809 4458 servo
825 4421 950 4458 meo.
979 4404 1116 4458 Etcx
1145 4403 1338 4474 iisquae
1358 4406 1541 4460 scribit
1563 4407 1661 4462 hoc
1690 4427 1870 4466 rursus
1891 4413 2077 4484 liquet,

499 4501 643 4569 quod
670 4509 777 4550 non
805 4492 980 4546 solum
1008 4487 1117 4542 illic
1147 4487 1239 4540 ubi
1261 4495 1394 4548 erat,
1429 4485 1728 4539 habebatur
1753 4485 1805 4538 in
1833 4487 2062 4537 admira-

501 4589 667 4652 tione,
705 4590 798 4642 sed
838 4584 1001 4638 etiam
1034 4581 1250 4649 ubique,
1281 4589 1332 4632 et
1369 4578 1543 4648 major
1581 4576 1882 4631 habebatur
1909 4590 2067 4645 quam

497 4677 544 4733 si
577 4681 871 4748 praesentes
894 4687 1016 4726 eum
1055 4671 1317 4724 vidissent
1356 4668 1826 4754 reliqttaeﬁentes,
1854 4664 2069 4736 quando

495 4769 660 4822 etiam
684 4767 853 4820 literis
879 4763 1196 4819 servitutem
1227 4759 1512 4815 confessus
1532 4769 1617 4814 est
1641 4767 1694 4814 et
1723 4757 2068 4812 miraculum.

499 4859 604 4914 Sed
626 4875 816 4914 rursus
841 4857 1136 4911 habebatur
1160 4854 1212 4906 in
1235 4852 1595 4908 admiratione
1619 4861 1838 4923 propter
1858 4852 2071 4921 sapien-

498 4952 650 5002 tiam.
679 4949 821 5002 Nam
849 4959 904 5002 tu
932 4965 1009 5013 es,
1049 4946 1248 5017 inquit,
1275 4946 1564 5015 sapientior
1598 4944 1811 4998 Daniele
1847 4941 2064 5015 (Ezech.

493 5041 583 5095 28.
616 5041 704 5107 5)?
733 5042 796 5094 Et
842 5053 963 5110 post
1009 5041 1123 5094 haac
1161 5040 1342 5093 munia
1387 5038 1524 5094 adeo
1560 5046 1675 5094 erat
1721 5037 1971 5102 humilis,
2009 5042 2069 5090 ut

497 5131 692 5186 millies
725 5142 942 5200 propter
974 5131 1260 5186 Dominum
1291 5139 1436 5186 esset
1463 5129 1780 5184 moriturus.

476 5219 484 5266 ἰ
561 5224 615 5278 5.
648 5221 757 5276 Cur
782 5237 930 5290 ergo,
955 5236 1077 5275 cum
1115 5227 1257 5276 esset
1296 5219 1430 5275 adeo
1458 5218 1698 5282 humilis,
1731 5231 1839 5270 non
1865 5214 2065 5284 repulit

494 5330 668 5385 neque
693 5312 839 5384 regis
866 5311 1235 5366 adorationem
1254 5352 1268 5374 ,
1292 5326 1468 5380 neque
1499 5307 1790 5364 libamina?
1821 5305 1933 5361 lloc
1954 5321 2063 5360 non

488 5406 698 5475 dicam;
723 5405 854 5462 mihi
879 5403 1022 5460 enim
1046 5404 1240 5460 sufﬁcit
1263 5405 1439 5460 solum
1462 5403 1640 5458 dicere
1662 5399 2012 5472 quastionem
2041 5412 2059 5453 :

2088 243 2126 294 .-\
2141 242 2403 299 RCIIIEP.
2442 242 2975 299 CONSTANTINOP.

3633 241 3720 294 lii

2164 369 2308 438 quod
2343 370 2609 440 reliquum
2646 380 2729 423 est
2769 369 2924 423 vobis
2960 366 3194 433 dimitto,
3215 376 3270 421 ut
3293 367 3371 422 vel
3394 367 3475 420 sic
3499 375 3731 419 ment-tr.

2164 471 2396 516 vestram
2417 463 2666 517 excitem.
2684 459 2818 515 Illud
2838 476 2966 516 vero
2987 476 3201 526 moneo,
3221 468 3277 514 ut
3306 460 3486 512 omnia
3514 469 3732 528 propter

2160 551 2253 609 Dei
2292 556 2540 610 timorem
2580 556 2954 624 eligatis,cum
2979 556 3103 609 talia
3125 554 3370 608 habeatis
3390 553 3659 620 exetupla,
3679 560 3730 606 et

2154 647 2299 714 quod
2319 656 2470 700 certo
2488 662 2550 701 ea
2568 663 2784 718 quoque
2800 663 2921 717 qua:
2940 649 3027 701 hic
3042 657 3169 701 sunt
3189 662 3566 715 assequentur,
3585 644 3628 699 si
3651 643 3734 697 fu-

2153 745 2275 790 tura
2297 738 2510 793 sincere
2532 738 3024 807 apprehendamus.
3062 737 3195 791 Nam
3219 738 3364 807 quod
3391 737 3494 790 hoc
3515 751 3623 790 non
3649 737 3728 791 fe-

2151 829 2288 883 cerit
2307 844 2372 884 ex
2396 831 2731 900 arrogantia,
2752 831 3106 900 perspicuum
3131 839 3214 884 est
3237 846 3301 884 ex
3322 845 3388 882 eo
3408 827 3552 898 quod
3575 828 3730 882 dive-

2154 918 2402 984 rit,Dona
2423 930 2514 973 tua
2535 923 2638 973 sint
2660 923 2752 974 tibi
2774 920 2934 989 (Dan.
2952 921 3004 974 5.
3027 921 3136 988 l7).
3155 919 3362 974 Etenim
3386 929 3467 973 est
3486 919 3598 973 lliI’C
3622 920 3727 974 alia

2149 1009 2315 1064 etiam
2337 1013 2589 1080 quaestio,
2611 1011 2883 1082 quomodo
2906 1011 3083 1066 verbis
3108 1011 3390 1080 repellens,
3412 1011 3568 1064 factis
3592 1010 3726 1079 ipsis

2146 1101 2409 1159 honorem
2447 1105 2705 1174 suscepit,
2740 1112 2793 1159 et
2832 1115 3080 1174 torquem
3120 1105 3374 1174 gestavit.
3395 1102 3460 1156 Et
3480 1103 3724 1158 Herodes

2143 1197 2363 1266 quidem
2387 1212 2512 1251 cum
2532 1195 2901 1262 audisset,Est
2918 1211 3014 1250 eoa:
3027 1195 3145 1260 Dei,
3158 1204 3207 1248 et
3225 1211 3326 1247 non
3339 1195 3562 1248 hominis
3577 1193 3721 1264 (Act.

2143 1289 2232 1342 12.
2258 1289 2374 1359 22),
2399 1290 2658 1359 quoniam
2683 1305 2791 1342 non
2813 1288 2962 1342 dedit
2988 1288 3213 1357 gloriam
3253 1286 3384 1346 Deo,
3406 1287 3637 1355 crepuit,
3666 1297 3720 1340 et

2137 1378 2312 1435 effusa
2337 1390 2465 1435 sunt
2489 1382 2697 1436 viscera
2721 1381 2868 1449 ejus:
2885 1382 2973 1434 hic
2993 1386 3173 1434 autem
3195 1381 3356 1434 etiam
3385 1379 3478 1432 Dei
3501 1382 3720 1435 admisit

2140 1473 2422 1536 honorem,
2451 1489 2559 1526 non
2585 1473 2750 1528 verba
2780 1482 3010 1527 tantum.
3053 1471 3159 1526 Sed
3187 1487 3408 1527 necesse
3430 1483 3513 1527 est
3535 1473 3717 1527 dicere

2135 1563 2395 1632 quidnam
2433 1565 2534 1619 hoc
2563 1565 2655 1618 sit.
2684 1563 2796 1618 illic
2824 1563 3043 1633 quidem
3083 1563 3332 1618 homines
3363 1565 3415 1617 iu
3453 1564 3712 1632 majorem

2134 1655 2405 1710 cadebant
2439 1656 2826 1720 idololatriam,
2858 1656 2945 1710 hic
2973 1663 3152 1711 autem
3181 1670 3288 1710 non
3321 1656 3528 1710 itidem.
3561 1658 3712 1722 Quo-

2134 1747 2326 1802 modo?
2354 1746 2669 1818 Nainrquod
2696 1748 2784 1803 hic
2811 1750 3157 1804 existimatus
3179 1757 3324 1804 esset
3347 1751 3492 1815 talis,
3523 1751 3587 1804 ad
3615 1751 3708 1806 Dei

2134 1839 2392 1893 honorem
2443 1840 2788 1911 pertinebat;
2838 1856 2962 1895 nam
3000 1851 3288 1911 propterea
3324 1842 3477 1910 prius
3510 1842 3643 1896 dixit
3696 1861 3713 1896 ι

2135 1925 2268 1979 Mihi
2292 1937 2460 1980 autem
2483 1944 2582 1980 non
2604 1929 2653 1980 in
2677 1928 2945 1997 sapientia,
2969 1943 3084 1994 qua:
3111 1937 3181 1982 cst
3210 1929 3263 1982 in
3293 1945 3372 1983 me
3389 1969 3404 1992 ,
3423 1931 3701 1983 revelatum

2134 2026 2208 2070 est
2233 2016 2393 2088 (Dan.
2422 2017 2479 2071 2.
2512 2017 2621 2089 50).
2655 2019 2901 2088 Alioquin
2932 2034 3029 2072 nec
3069 2020 3306 2073 cernitur
3345 2018 3629 2075 admittere
3649 2020 3713 2074 li-

2132 2109 2344 2164 bamina
2375 2127 2388 2164 :
2417 2110 2554 2166 dixit
2593 2112 2734 2165 enim
2756 2152 2772 2176 ,
2827 2111 3030 2180 inquit,
3076 2111 3218 2182 quod
3248 2119 3462 2182 oportet
3507 2112 3674 2168 libare
3694 2155 3710 2178 ,

2133 2203 2354 2260 minime
2380 2213 2556 2258 autem
2584 2213 2667 2258 est
2705 2205 3044 2276 manifestum
3069 2203 3210 2274 quod
3250 2220 3338 2258 res
3375 2203 3605 2259 deducta
3646 2206 3717 2258 sit

2131 2295 2196 2349 ad
2225 2294 2494 2350 eifectum.
2528 2296 2638 2350 illic
2665 2311 2794 2350 vero
2823 2295 3163 2350 adduxerunt
3213 2303 3392 2349 tauros
3433 2303 3490 2349 ut
3519 2293 3714 2348 immo—

2143 2385 2315 2441 larcnt
2341 2402 2356 2438 :
2383 2395 2440 2441 et
2468 2387 2727 2441 vocabant
2753 2387 2977 2441 alterum
3006 2385 3218 2456 quidem
3241 2387 3460 2452 Jovem,
3488 2387 3717 2441 alterum

2142 2490 2273 2532 vero
2297 2475 2640 2531 Mercurium.
2669 2478 2934 2548 Torquem
2959 2486 3137 2533 autem
3159 2477 3392 2543 admisit,
3425 2485 3484 2532 ut
3508 2492 3566 2532 se
3588 2477 3715 2531 red-

2137 2568 2289 2622 deret
2338 2565 2717 2634 manifestum;
2761 2569 2990 2623 libamen
3047 2580 3224 2623 autem
3253 2584 3348 2623 cur
3387 2585 3492 2622 non
3522 2567 3716 2622 dicitur

2138 2659 2438 2727 repellere?
2458 2659 2663 2714 Etenim
2682 2661 2790 2715 illic
2805 2676 2909 2715 non
2931 2661 3188 2726 fecerunt,
3208 2660 3301 2716 sed
3316 2661 3549 2730 aggressi
3569 2669 3714 2722 sunt,

2137 2758 2192 2805 et
2233 2750 2620 2820 prohibuerunt
2666 2753 2891 2823 apostoli
2929 2772 2940 2806 :
2987 2752 3331 2823 quamobrem
3375 2751 3460 2804 hic
3502 2766 3721 2819 quoque

2135 2842 2417 2912 Oportebat
2452 2845 2630 2898 statim
2679 2844 2939 2913 repellere
2968 2862 2981 2898 :
3011 2853 3067 2898 et
3088 2844 3196 2898 illic
3220 2851 3361 2898 totus
3402 2851 3512 2896 erat
3541 2857 3719 2912 popu-

2137 2934 2236 3000 lus,
2266 2935 2353 2988 hic
2375 2945 2552 2990 autem
2581 2944 2856 3006 tyrannus.
2888 2934 2996 2990 Cur
3017 2950 3146 3004 ergo
3173 2950 3298 2989 eum
3323 2933 3388 2988 ab
3415 2934 3503 2988 iila
3529 2947 3586 2987 re
3606 2949 3712 2986 non

2135 3024 2455 3088 abduxerit,
2487 3026 2598 3080 dixi
2628 3035 2783 3080 antea
2807 3069 2821 3092 ,
2855 3026 2995 3097 quod
3045 3042 3150 3081 non
3201 3026 3401 3080 libabat
3449 3035 3718 3093 tamquam

2136 3116 2238 3171 deo
2266 3116 2333 3171 ad
2365 3117 2710 3173 evertendam
2763 3119 3071 3188 religionem
3092 3161 3105 3183 ,
3151 3118 3247 3173 sed
3295 3128 3512 3188 propter
3547 3117 3720 3184 majus

2138 3209 2472 3262 miraculum.
2512 3207 2830 3276 Quomodo?
2859 3209 3083 3280 Propter
3131 3209 3295 3264 Deum
3327 3209 3453 3264 fecit
3486 3208 3718 3262 edictum

2136 3313 2258 3353 cum
2308 3299 2587 3354 Dominum
2636 3299 2898 3360 confitens
2944 3300 3110 3354 :idco
3161 3299 3276 3369 ejus
3306 3299 3562 3353 honorem
3612 3313 3720 3351 non

2136 3390 2431 3446 auferebat.
2461 3390 2732 3448 llliantem
2765 3407 2867 3446 non
2897 3392 2973 3445 sic
2992 3435 3006 3458 ,
3031 3392 3122 3446 sed
3150 3392 3293 3462 ipsos
3320 3392 3570 3462 putabam
3599 3405 3724 3446 esse

2137 3484 2268 3538 deos
2295 3502 2308 3537 :
2345 3493 2625 3554 propterea
2655 3486 3004 3553 repellebant.

2209 3575 2310 3630 Cur
2334 3577 2522 3630 Daniel
2547 3576 2641 3630 sibi
2684 3579 2906 3631 oblatum
2941 3577 3156 3632 libamen
3206 3578 3411 3631 admisit
3445 3586 3490 3630 et
3518 3593 3581 3629 an
3625 3575 3726 3627 nd-

2139 3668 2346 3721 miserit.
2375 3697 2447 3706 —
2475 3667 2570 3721 ilic
2591 3676 2769 3722 autem
2796 3683 2916 3721 cum
2947 3667 3247 3732 adorasset,
3280 3678 3401 3722 tunc
3431 3668 3529 3720 hoc
3557 3666 3677 3720 facit
3705 3683 3721 3720 :

2142 3776 2245 3814 non
2287 3761 2426 3813 enim
2472 3775 2593 3814 eum
2653 3759 2894 3813 adoravit
2942 3769 3208 3828 tamquam
3237 3759 3416 3825 deum,
3447 3759 3539 3812 sed
3585 3768 3726 3811 tam-

2139 3866 2295 3921 quam
2355 3849 2624 3905 hominem
2678 3850 2994 3918 sapientem.
3041 3849 3147 3904 Sed
3219 3865 3317 3903 nec
3367 3858 3569 3902 certum
3643 3855 3728 3901 est

2143 3941 2282 4012 quod
2310 3941 2550 3997 libaverit
2578 3959 2592 3995 :
2621 3940 2769 4008 Quod
2798 3941 2844 3994 si
2884 3941 3043 3996 etiam
3086 3940 3300 4007 libavit,
3329 3939 3509 3994 libavit
3534 3938 3583 3993 id
3618 3953 3727 3992 non

2140 4033 2462 4102 suscipiente
2492 4032 2728 4088 Daniele.
2759 4030 2924 4099 Quid,
2961 4031 3102 4101 quod
3132 4031 3290 4086 etiam
3319 4031 3486 4100 ipsum
3519 4029 3730 4083 vocavit

2142 4127 2381 4180 Baltasar
2407 4125 2573 4195 ipsius
2598 4123 2681 4179 dei
2727 4124 2971 4178 nomen?
3016 4123 3091 4177 Ita
3121 4122 3252 4178 deos
3285 4135 3409 4176 suos
3435 4121 3564 4175 nihil
3611 4135 3726 4174 nia-

2140 4233 2300 4288 gnum
2349 4215 2753 4280 existimabant,
2781 4229 2901 4270 cum
2945 4213 3108 4268 etiam
3139 4212 3406 4281 captivum
3431 4212 3508 4265 sic
3563 4224 3723 4263 voca-

2144 4319 2224 4364 ret
2248 4307 2337 4376 qui
2367 4321 2555 4363 omnes
2594 4306 2817 4376 jubebat
2843 4303 3040 4359 variam
3061 4314 3116 4359 et
3134 4302 3478 4372 multiplicem
3499 4300 3730 4355 adorare

2147 4402 2428 4473 imaginem
2450 4441 2466 4468 ,
2510 4411 2562 4456 et
2591 4401 2680 4470 qui
2705 4399 2916 4455 colebat
2942 4397 3228 4453 draconem
3254 4413 3268 4450 :
3292 4404 3346 4449 et
3371 4403 3525 4473 erant
3553 4392 3731 4460 Baby-

2159 4471 2289 4556 lonii
2312 4497 2470 4567 longe
2499 4491 2824 4548 amantiores
2850 4488 2916 4542 iis
2939 4483 3034 4555 qui
3073 4488 3228 4537 erant
3275 4471 3483 4567 Lystris
3509 4487 3523 4524 :
3549 4480 3744 4567 quam.

2159 4592 2344 4645 obrein
2369 4559 2476 4642 non
2502 4583 2698 4639 licebat
2735 4595 2829 4636 eos
2856 4577 3034 4634 statim
3058 4572 3250 4627 adhoc
3276 4565 3555 4622 inducere.
3579 4559 3746 4611 Multa

2160 4689 2417 4752 praeterea
2467 4677 2570 4733 dici
2607 4682 2874 4746 possunt,
2918 4668 3015 4726 sed
3065 4667 3280 4721 interim
3310 4661 3435 4752 haec
3453 4651 3746 4710 sufficiunt.

2159 4749 2214 4830 Si
2271 4787 2399 4844 ergo
2455 4769 2700 4824 volumus
2748 4768 2929 4822 omnia
2988 4761 3124 4816 bona
3184 4749 3484 4849 consequi;
3537 4755 3742 4849 quiera-

2163 4884 2280 4924 mus
2329 4881 2451 4938 qum
2497 4863 2564 4918 ad
2617 4862 2782 4916 Deum
2811 4854 3104 4927 pertinent.
3135 4849 3285 4905 Sicut
3312 4844 3454 4938 enim
3483 4844 3748 4938 quinum:

2155 4976 2280 5025 runt
2299 4925 2420 5036 quae
2445 4967 2571 5016 sunt
2593 4951 2797 5016 mundi,
2815 4925 2888 5004 et
2917 4946 2999 5000 his
3026 4951 3082 4999 et
3105 4939 3214 5036 illis
3239 4932 3498 4991 excidunt
3521 4925 3752 5036 :ita-qtti

2159 5030 2481 5134 praeponunt
2505 5064 2625 5120 qua:
2658 5043 2728 5099 ad
2769 5042 2936 5096 Deum
2978 5034 3314 5134 pertinent,‘
3339 5035 3565 5134 utraque

2452 5108 2538 5199 Ne.
2553 5155 2680 5209 ergo
2704 5135 2822 5192 haec
2851 5138 3157 5201 quaeramus
3179 5164 3196 5189 ,
3224 5118 3320 5175 sed
3346 5117 3435 5226 il‘la
3465 5131 3480 5166 :
3505 5121 3564 5226 tit
3584 5108 3747 5205 etiam

2320 5202 2599 5314 promissa
2615 5202 3037 5297 consequamur,
3059 5218 3111 5275 in
3128 5213 3346 5310 Christo
3367 5207 3496 5265 Jesu
3523 5202 3752 5260 Domino

2173 5349 2375 5399 ιῖοθιιιο.
