4088 6208
316 292 421 346 183

1172 298 1237 356 IN
1271 274 1621 360 enisum
1658 303 2016 364 nmmos.
2054 309 2208 366 car.
2252 313 2344 370 XI.
2386 314 2613 374 nontL.
2661 316 2865 378 XXVII.

3498 323 3601 377 186

950 540 953 541 ⁷
1634 534 1986 601 HOMILIA
2027 537 2296 599 XXVII.

310 662 442 717 Car.
476 663 566 717 ll.
596 677 648 716 v.
676 661 770 719 28.
801 660 934 717 Fide
957 663 1224 718 celebravit
1253 619 1444 733 pascha
1468 674 1516 719 et
1544 661 1810 734 sanguinis
1837 661 1912 730 εί·
1946 707 1949 710 .

382 755 641 825 fusionem
665 797 681 822 ,
722 771 787 809 ne
821 755 905 826 qui
948 754 1175 810 uastabat
1211 755 1497 827 primitiua,
1543 763 1767 826 tangeret
1803 770 1909 813 eos.

381 846 478 902 9.9.
506 846 643 901 Fide
662 848 968 902 transierunt
988 864 1131 902 mare
1155 846 1401 915 Rubrum,
1426 858 1682 919 tamquam
1702 864 1794 919 per
1814 848 1912 901 ari-

380 939 506 992 dam
547 950 736 993 terram
762 940 940 1009 :quod
975 939 1169 1010 experti
1207 937 1468 1011 ιΕθῃριὶἰ,
1508 940 1730 994 derorati
1769 947 1906 992 sunt.

384 1029 476 1086 30.
521 1028 659 1084 Fide
694 1030 831 1084 muri
870 1029 1077 1105 Iericho
1120 1039 1438 1096 corruerunt,
1466 1032 1682 1087 circuitu
1708 1031 1908 1085 dierum

383 1132 597 1192 septem.
625 1123 714 1180 3|.
751 1121 886 1177 Fide
913 1122 1093 1178 Raltab
1122 1118 1361 1180 meretrix
1388 1140 1489 1180 non
1516 1126 1665 1196 periit
1688 1140 1805 1178 cum
1829 1123 1908 1178 in:

383 1215 630 1281 credulis,
652 1215 911 1287 excipiens
937 1216 1285 1283 exploratores
1308 1234 1422 1272 cum
1450 1234 1596 1289 pace.

382 1309 435 1362 l.
468 1307 632 1363 llulta
659 1307 798 1364 solet
823 1308 1019 1366 Paulus
1048 1310 1331 1382 interiecta
1357 1311 1585 1382 probare
1610 1327 1675 1368 ac
1701 1314 1905 1368 contir-

304 1415 483 1465 rnare,
512 1408 572 1469 et
596 1409 681 1456 est
702 1400 893 1459 creber
916 1403 1221 1459 sententiis.
1257 1403 1401 1461 Talis
1432 1405 1576 1460 enim
1616 1415 1700 1463 est
1731 1407 1905 1478 gratia

305 1492 545 1562 Spiritus
574 1509 589 1546 :
616 1507 725 1587 non
742 1492 808 1590 in
831 1493 1117 1590 verborum
1143 1496 1484 1590 multitudine
1506 1500 1745 1590 coptinet
1774 1517 1905 1573 pau-

301 1600 405 1640 cos
424 1584 639 1651 sensus,
662 1587 757 1643 sed
782 1586 836 1642 itt
866 1586 1151 1643 verborum
1173 1588 1435 1646 brevitate
1459 1584 1682 1650 multam
1705 1603 1760 1651 et
1784 1611 1901 1651 ma-

300 1689 466 1744 gnam
516 1676 653 1732 indit
699 1675 1125 1748 intelligentiam.
1173 1678 1307 1736 Vide
1347 1695 1517 1751 ergo,
1562 1698 1685 1739 eum
1732 1685 1903 1744 instar

302 1767 701 1823 adhortationis
725 1767 795 1824 de
824 1769 930 1824 ﬁde
954 1769 1279 1837 dissereret,
1308 1771 1465 1842 cujus
1494 1772 1676 1844 ﬁgurae
1701 1784 1756 1831 et
1782 1792 1901 1848 my-

301 1861 459 1917 sterii
490 1861 799 1927 admoneat,
829 1862 982 1932 cujus
1008 1862 1268 1919 habemus
1290 1866 1595 1923 veritatem.
1626 1866 1779 1933 Fide,
1812 1869 1897 1924 itt-

304 1954 448 2025 quit,
478 1953 743 2008 celebravit
773 1953 978 2009 Pascha
1005 1965 1051 2010 et
1078 1958 1342 2028 sanguinis
1369 1955 1687 2029 eﬁ‘usionem,
1720 1977 1784 2016 ne
1812 1964 1901 2032 qui

305 2045 536 2099 restabat
566 2045 901 2116 primogenita
922 2063 1007 2101 eos
1028 2057 1274 2118 tangeret.
1293 2050 1374 2123 (a)
1406 2049 1543 2119 Quid
1567 2061 1649 2108 est
1674 2055 1898 2127 sangui-

304 2137 395 2191 nis
422 2137 648 2193 ell’usio?
686 2138 869 2209 Agnus
898 2138 1297 2195 sacriﬁcabatur
1335 2140 1387 2194 itt
1426 2141 1667 2211 aedibus,
1691 2155 1746 2203 et
1773 2162 1898 2203 san-

302 2232 429 2299 guis
449 2230 567 2301 ejus
588 2230 895 2286 illinebatur
919 2232 1184 2302 postibus,
1208 2241 1263 2288 et
1287 2231 1389 2287 hoc
1413 2245 1530 2290 crat
1555 2252 1664 2307 quo
1691 2240 1900 2297 munie-

304 2328 466 2379 batur
515 2318 795 2391 (Egyptius
838 2318 1107 2375 interitus.
1153 2319 1212 2377 Si
1253 2337 1385 2393 ergo
1420 2325 1642 2395 sanguis
1678 2328 1804 2398 agni
1848 2329 1900 2382 in

301 2414 489 2472 medio
517 2412 890 2484 [Egyptiorum
920 2420 977 2467 et
1017 2411 1073 2466 in
1106 2422 1252 2469 tanto
1289 2415 1457 2470 exitio
1494 2416 1691 2473 illaesos
1722 2428 1904 2476 custo-

300 2510 491 2564 diebat
517 2506 735 2564 lodices
751 2545 768 2572 ,
805 2505 977 2561 multo
1001 2506 1172 2576 magis
1195 2522 1297 2561 nos
1320 2509 1663 2567 conservabit
1685 2514 1903 2582 sanguis

300 2602 533 2666 Christi,
561 2599 729 2654 illitos
749 2613 856 2653 non
884 2598 1162 2669 postibus,
1195 2598 1293 2655 sed
1326 2601 1527 2663 nostris
1552 2602 1746 2660 animis
1772 2621 1786 2658 :
1816 2613 1902 2661 et-

300 2691 454 2748 enim
482 2704 626 2746 nunc
652 2704 867 2760 quoque
893 2688 984 2759 qui
1012 2697 1184 2743 vastat
1212 2698 1268 2744 et
1293 2691 1491 2760 perdit,
1521 2694 1573 2747 in
1604 2693 1705 2751 hac
1726 2694 1901 2752 media

302 2794 470 2839 nocte
494 2782 699 2838 circuit.
729 2780 836 2837 Sed
857 2796 1133 2836 armemnr
1152 2781 1246 2837 illo
1269 2784 1552 2840 sacriﬁcio.
1588 2785 1899 2845 Unctionem

300 2885 473 2930 vocat
501 2873 809 2929 eﬁusionem
842 2889 861 2951 ε⁸
879 2889 944 2928 ex
973 2872 1207 2944 Aigypto
1232 2873 1375 2929 enim
1406 2891 1504 2931 nos
1529 2876 1715 2934 eduxit
1737 2880 1900 2950 Deus,

298 2984 339 3024 ε
371 2964 634 3032 tenebris,
661 2981 731 3019 ex
762 2964 1087 3019 idololatria.
1115 2965 1275 3036 Atqui
1296 2967 1439 3037 quod
1462 2967 1661 3025 factum
1684 2972 1900 3042 quidem

300 3060 426 3125 fuit,
462 3058 599 3114 nihil
638 3067 784 3125 erat;
829 3057 972 3128 quod
1010 3069 1192 3114 autem
1224 3058 1353 3117 hinc
1383 3062 1781 3131 perficiebatur,
1812 3081 1903 3125 res

301 3165 518 3221 magna.
544 3148 677 3204 Nam
703 3148 845 3220 quod
876 3149 1074 3205 factum
1100 3148 1316 3219 quidem
1349 3151 1476 3220 fuit,
1504 3163 1624 3211 erat
1647 3159 1900 3228 sanguis;

300 3243 449 3312 quod
474 3250 661 3297 autem
683 3240 1037 3308 eﬂieiebatur,
1058 3244 1206 3297 salus
1229 3249 1288 3298 et
1315 3243 1608 3301 obstructio
1633 3262 1695 3303 ac
1720 3250 1905 3318 prohi-

303 3334 441 3390 bitio
488 3332 762 3388 interitus.
801 3331 1004 3387 Timuit
1040 3335 1356 3405 sanguinem
1398 3337 1653 3408 angelus;
1703 3340 1906 3398 sciebat

300 3428 449 3482 enim
492 3425 648 3495 cujus
692 3432 841 3481 esset
881 3426 1072 3497 typus;
1120 3426 1364 3496 horruit,
1410 3439 1638 3487 mortem
1692 3434 1904 3491 Domini

301 3517 550 3586 cogitans
582 3532 598 3569 :
624 3524 905 3584 prepterca
933 3532 1041 3570 non
1070 3517 1319 3588 tangebat
1345 3529 1545 3588 postes.
1588 3522 1729 3579 Dixit
1756 3524 1908 3597 Moy-

302 3622 435 3673 ses,
474 3605 702 3677 Ungite;
759 3613 815 3661 et
857 3615 1159 3676 unxerunt,
1207 3607 1528 3682 fueruntque
1576 3613 1908 3674 conﬁdentes

303 3708 360 3754 et
389 3698 590 3753 securi.
621 3698 728 3754 Vos
753 3707 932 3755 autem
959 3699 1128 3770 ipsius
1143 3702 1264 3772 agni
1286 3702 1547 3760 habentes
1567 3710 1905 3779 sanguinem,

252 3858 255 3861 _
304 3807 415 3846 non
446 3789 752 3846 conﬁditis?
794 3790 927 3847 Fide
964 3795 1272 3848 transierunt
1300 3812 1441 3851 mare
1469 3797 1736 3867 Rubrum,
1770 3804 1905 3857 taru-

300 3899 459 3953 mm
485 3899 578 3954 per
599 3883 799 3936 aridam
819 3892 1028 3941 terram.
1059 3884 1265 3941 Rursus
1294 3896 1471 3947 totum.
1485 3891 1738 3962 populum
1761 3910 1910 3949 com-

308 3982 469 4043 parat
501 3974 722 4044 populo,
754 3989 823 4030 ne
861 3974 1072 4042 dicant,
1113 3976 1227 4033 Non
1272 3993 1560 4049 possumus
1605 4000 1727 4041 esse
1771 3988 1911 4044 sicut

307 4068 504 4122 sancti.
535 4066 687 4131 Fide,
720 4068 912 4138 inquit,
942 4071 1251 4126 transierunt
1292 4090 1433 4130 mare
1481 4077 1737 4136 Rubrum.
1772 4093 1903 4136 tam-

313 4168 580 4227 quam‘per
603 4159 803 4212 aridam
821 4168 1008 4213 terram
1028 4175 1046 4212 :
1066 4159 1201 4228 quod
1225 4161 1416 4231 experti
1432 4159 1670 4231 Adgyptii
1690 4160 1896 4229 fuerunt

314 4251 580 4305 submersi.
615 4250 718 4306 Hie
744 4251 824 4305 eis
853 4262 1066 4306 revocat
1092 4252 1147 4305 in
1178 4251 1488 4307 memoriam
1527 4268 1589 4306 ea
1616 4267 1733 4322 qua:
1773 4266 1894 4320 per-

315 4342 460 4410 pessi
486 4351 613 4397 sunt
640 4341 695 4395 in
725 4339 975 4413 Egypto.
1008 4341 1286 4409 Quomodo
1312 4342 1449 4397 fide?
1477 4342 1741 4409 Quoniam
1769 4356 1893 4411 spe-

310 4442 501 4489 rarunt
524 4448 585 4489 se
614 4448 712 4503 per
732 4448 880 4487 mare
906 4432 1243 4497 transituros,
1265 4441 1320 4487 et
1346 4433 1466 4488 ideo
1493 4435 1751 4487 orabant:
1781 4433 1890 4486 imo

308 4539 441 4579 vero
463 4534 578 4579 erat
606 4525 818 4595 Moyses
841 4524 930 4594 qui
950 4524 1157 4578 orabat.
1187 4523 1345 4578 Vides
1373 4523 1513 4593 quod
1543 4524 1735 4593 ubique
1755 4523 1888 4578 ﬁdes

304 4615 541 4671 humana
567 4623 856 4686 exsuperat
882 4615 1156 4670 ratiocinia
1181 4625 1237 4670 et
1266 4615 1679 4671 imbecillitatem
1709 4624 1761 4670 et
1787 4615 1886 4669 ltu-

302 4707 628 4763 ntilitatcm?
660 4707 847 4772 vides,
874 4707 1033 4762 simul
1061 4715 1115 4762 et
1140 4706 1459 4771 credebant,
1492 4716 1546 4762 et
1566 4707 1880 4776 supplicium

298 4803 688 4865 cxtimoerunt,
729 4808 783 4852 et
819 4799 874 4853 in
910 4799 1168 4867 sanguine
1200 4799 1478 4865 ostiorum,
1519 4810 1572 4853 ct
1608 4799 1659 4853 in
1699 4799 1881 4855 Rubro

299 4892 476 4947 mari?
512 4892 580 4948 Et
604 4891 708 4946 hoc
731 4891 1035 4946 declarabat
1062 4891 1225 4946 fuisse
1250 4905 1438 4960 aquam
1461 4932 1476 4956 ,
1517 4907 1614 4961 per
1656 4906 1750 4946 eos
1791 4891 1879 4963 qui

293 4984 613 5039 ceciderunt
650 4992 706 5037 et
748 4983 800 5035 in
834 4997 897 5036 ea
940 4982 1153 5036 fuerunt
1182 4980 1443 5054 suilocati,
1477 4990 1529 5036 et
1564 4998 1669 5037 non
1715 4981 1878 5038 fuiSse

298 5073 587 5135 visionem,
617 5071 712 5126 sed
741 5071 1035 5126 veritatem.
1078 5069 1182 5125 Sed
1216 5070 1355 5126 sicut
1387 5071 1476 5141 qui
1511 5070 1725 5126 fuerunt
1749 5087 1876 5127 con-

292 5164 497 5235 amipli
522 5180 553 5218 a
584 5164 848 5229 leonibus,
870 5163 1227 5219 ostendebant
1264 5178 1444 5218 rerum
1474 5165 1750 5220 veritatem
1771 5205 1788 5231 ,
1820 5175 1873 5220 ct

292 5256 381 5323 qui
406 5254 674 5311 combusti
703 5253 918 5309 fuerunt
940 5254 992 5308 itt
1019 5253 1256 5320 fornace,
1288 5254 1359 5310 ita
1392 5270 1533 5311 nunc
1558 5271 1765 5325 quoque
1793 5258 1872 5312 vi-

292 5348 389 5403 des
411 5362 502 5403 res
520 5347 743 5404 easdem
761 5347 843 5402 his
867 5345 1082 5417 quidem
1105 5346 1268 5402 fuisse
1288 5347 1446 5402 saluti
1465 5357 1519 5404 et
1540 5348 1740 5419 gloriae,
1767 5349 1873 5404 illis

291 5448 469 5494 autem
492 5437 682 5493 exitio.
710 5437 940 5493 Tantum
971 5437 1169 5495 bonum
1196 5447 1281 5495 est
1306 5437 1438 5493 fides
1466 5456 1479 5493 :
1507 5454 1628 5493 nam
1658 5439 1868 5509 quando

293 5530 353 5583 ad
394 5538 598 5585 tantam
635 5530 942 5585 venerimus
986 5529 1424 5600 perplexitatem,
1469 5541 1525 5586 ut
1568 5530 1744 5586 nullus
1784 5531 1866 5586 in-

343 5692 415 5756 (tt)
441 5695 532 5747 llic
557 5699 804 5751 liomiliam
829 5704 998 5768 incipit
1020 5706 1158 5759 Colb.

2030 662 2478 731 veniaturexilus,
2499 673 2625 718 tunc
2643 664 2947 734 liberantur,
2967 669 3175 725 etiamsi
3198 672 3264 726 ad
3285 673 3449 743 ipsam
3469 692 3603 731 mor-

2027 762 2132 806 tem
2151 752 2683 837 vetterimus,ctiamsi
2700 766 2993 825 resnostrat
3010 760 3115 815 sint
3134 762 3289 829 plane
3304 764 3603 837 desperatae

2026 853 2079 900 ct
2113 832 2426 915 deploratae.
2455 844 2594 913 Quid
2634 845 2777 900 enim
2816 849 3052 904 restabat
3087 852 3267 907 aliud?
3287 832 3522 930 mgiptii
3545 868 3603 915 ot

2021 950 2169 990 mare
2207 950 2300 991 eos
2332 933 2736 993 circumdabant
2780 936 3045 1007 inermes,
3089 951 3145 997 et
3185 949 3465 1016 oportebat
3502 967 3593 1008 eos

2019 1027 2100 1082 vel
2141 1027 2393 1083 sull‘ocari
2433 1027 2693 1099 fugientes
2714 1069 2729 1094 ,
2760 1030 2842 1085 vel
2873 1029 3108 1088 incidere
3133 1034 3185 1088 in
3218 1052 3403 1093 manus
3426 1040 3592 1114 [Egy-

2013 1121 2235 1192 ptiacas.
2280 1119 2385 1175 Sed
2424 1128 2598 1175 tamen
2627 1135 2660 1176 a
2685 1123 2844 1177 rebus
2866 1122 3001 1178 adeo
3028 1125 3204 1182 dubiis
3237 1138 3290 1182 et
3328 1132 3597 1200 perplexis

2010 1230 2105 1270 eos
2134 1213 2378 1270 liberavit
2410 1228 2474 1268 ac
2502 1216 2860 1269 conservavit.
2903 1216 2998 1272 His
3028 1218 3166 1274 idem
3198 1238 3345 1279 mare
3375 1225 3586 1294 quidem

2009 1314 2232 1360 stratum
2276 1303 2371 1358 fuit
2411 1304 2549 1359 sicut
2585 1312 2725 1358 terra
2745 1344 2761 1371 ,
2793 1304 2910 1361 illos
2937 1320 3113 1364 autem
3143 1312 3426 1368 submersit
3456 1324 3586 1370 tam-

2006 1411 2174 1470 quam
2203 1410 2371 1451 mare.
2421 1394 2531 1449 Illic
2555 1394 2768 1465 quidem
2791 1396 3201 1456 obliviscebatur
3236 1413 3458 1470 naturte,
3499 1406 3583 1463 ltic

2003 1464 2466 1544 ctiam‘advcrsus
2518 1487 2664 1558 ipsos
2691 1490 3013 1548 armabatur.
3058 1493 3189 1549 Fide
3214 1499 3349 1551 muri
3371 1499 3579 1556 Jericlto

2001 1589 2296 1635 corruerunt
2334 1580 2547 1633 circuitu
2587 1589 2773 1653 septem
2809 1582 3023 1638 dierum.
3068 1586 3185 1641 Non
3228 1590 3370 1645 enim
3410 1608 3582 1649 sonus

2002 1674 2245 1728 tubarum
2275 1684 2452 1745 potest
2479 1691 2665 1732 muros
2689 1677 2923 1747 dejicere
2942 1721 2958 1746 ,
2990 1681 3198 1737 etiamsi
3231 1687 3376 1742 tntlle
3402 1703 3576 1744 annos

1996 1764 2255 1828 senuerit,
2284 1764 2380 1820 sed
2405 1764 2534 1821 ﬁdes
2559 1776 2736 1835 potest
2764 1770 2962 1824 omnia.

2064 1856 2119 1910 2.
2151 1856 2311 1911 Vides
2351 1871 2469 1911 eam
2510 1856 2707 1926 ubique
2757 1856 2972 1923 mutari,
3015 1871 3117 1908 non
3167 1856 3570 1927 consequentia,

1994 1963 2098 2003 nec
2122 1948 2237 2018 lege
2266 1956 2491 2015 naturae,
2519 1946 2615 2002 sed
2647 1947 2831 2001 omnia.
2854 1947 2968 2001 ﬁeri
2997 1955 3190 2016 praeter
3218 1949 3572 2018 exspectatio-

1995 2037 2150 2094 nem?
2188 2038 2328 2107 Ergo
2362 2036 2449 2092 hic
2485 2052 2697 2108 quoque
2729 2045 2921 2107 praeter
2960 2038 3410 2107 es~pcctationem
3440 2039 3571 2093 titntt

1992 2129 2191 2184 omnia.
2230 2127 2362 2183 Nam
2389 2128 2638 2198 quoniam
2665 2145 2873 2198 susque
2898 2129 3072 2199 deque
3106 2128 3315 2184 dicebat
3340 2128 3564 2185 creden-

1990 2218 2117 2273 dum
2161 2232 2281 2274 esse
2319 2218 2433 2288 spei
2481 2219 2672 2273 futura:
2706 2260 2720 2284 ,
2777 2219 2878 2274 ltoe
2943 2229 3112 2274 totum
3171 2219 3313 2290 quod
3368 2220 3566 2275 dicit-nr

1990 2311 2176 2379 movit,
2196 2311 2487 2367 ostendens
2508 2311 2649 2381 quod
2679 2327 2781 2365 non
2801 2327 2942 2366 nunc
2968 2313 3161 2377 solum,
3186 2312 3279 2367 sed
3308 2312 3468 2368 ctiam
3497 2313 3565 2369 ab

1988 2400 2336 2456 initio-omnia
2364 2400 2618 2455 miracula
2646 2417 2740 2471 per
2765 2401 2903 2456 hanc
2925 2411 3041 2456 acta
3069 2412 3193 2457 sunt
3221 2411 3276 2457 et
3307 2402 3560 2471 perfecta.

1987 2491 2119 2546 Fide
2148 2491 2328 2545 lia/tab
2356 2492 2591 2545 meretrix
2624 2508 2723 2545 non
2758 2493 2906 2563 periit
2944 2510 3057 2546 cum
3092 2491 3396 2556 incredulis,
3429 2494 3561 2546 exci—

1985 2584 2128 2656 piens
2153 2585 2498 2653 exploratores
2523 2600 2639 2637 cum
2674 2600 2815 2654 pace.
2857 2583 3036 2654 Turpe
3064 2593 3147 2640 est
3174 2599 3303 2655 ergo
3329 2584 3371 2639 si
3399 2584 3560 2640 etiam

1984 2677 2267 2730 meretrice
2313 2675 2618 2744 appareatis
2663 2674 2829 2745 magis
2876 2673 3135 2731 increduli
3179 2692 3193 2729 :
3238 2687 3559 2744 quamquam

1984 2767 2070 2821 illa
2110 2768 2252 2821 viros
2285 2767 2486 2822 audivit
2527 2775 2732 2837 tantum
2754 2767 3129 2822 annuntiantes
3153 2776 3207 2822 ct
3230 2766 3410 2823 statim
3438 2781 3560 2821 cre-

1982 2858 2136 2914 didit.
2185 2857 2330 2913 Finis
2366 2874 2492 2929 ergo
2522 2868 2605 2913 est
2638 2868 2997 2928 consequutus
3025 2880 3038 2913 :
3067 2874 3187 2913 nam
3216 2875 3343 2914 cum
3371 2874 3558 2914 omnes

1984 2951 2286 3019 periissem,
2310 2950 2422 3004 sola
2446 2949 2540 3004 fuit
2561 2950 2727 3006 salva.
2753 2948 2868 3004 Non
2890 2949 3022 3003 dixit
3041 2949 3180 3020 apud
3203 2964 3283 3015 se,
3310 2950 3414 3004 Ero
3436 2965 3556 3004 cum

1981 3041 2161 3095 multis
2195 3041 2282 3111 qui
2323 3050 2446 3095 sunt
2486 3039 2587 3094 mei
2622 3054 2766 3093 :non
2807 3038 2958 3107 dixit,
2992 3040 3171 3111 Egone
3197 3056 3410 3111 possum
3436 3056 3557 3096 esse

1982 3133 2296 3205 prudentior
2333 3141 2410 3186 tot
2444 3133 2572 3187 viris
2612 3131 3029 3202 intelligentibns
3053 3132 3140 3202 qni
3170 3147 3272 3187 llOll
3297 3132 3552 3198 credunt,

1978 3235 2033 3281 et
2056 3240 2155 3295 ego
2180 3224 2379 3280 credo?
2409 3224 2548 3278 Nihil
2570 3223 2701 3278 dixit
2726 3222 3006 3294 ejusmodi,
3028 3208 3169 3293 quod
3193 3224 3556 3279 verisimiliter

1978 3323 2115 3377 alius
2155 3321 2380 3378 dixisset
2420 3334 2474 3377 et
2513 3320 2751 3386 fecisset,
2780 3314 2873 3375 sed
2904 3320 3060 3375 dictis
3087 3317 3329 3374 credidit.
3364 3317 3453 3373 5‘3.
3491 3317 3555 3371 Et

1978 3415 2098 3484 quid
2127 3414 2292 3467 adhuc
2314 3414 2519 3467 diram?
2548 3412 2743 3482 deﬁciet
2767 3428 2844 3467 me
2863 3421 3059 3481 tempus
3077 3420 3411 3464 enarrantem.
3438 3409 3551 3463 Non

1977 3508 2205 3577 amplius
2222 3507 2292 3583 de
2316 3516 2512 3562 tantem
2535 3506 2682 3576 pottit
2705 3504 2941 3570 nomina,
2970 3503 3061 3558 sed
3088 3519 3208 3558 cum
3231 3504 3476 3558 desiisset
3499 3505 3549 3557 iu

1979 3600 2338 3665 meretricem,
2386 3608 2441 3653 et
2480 3613 2573 3653 eos
2620 3597 2905 3654 excitasset
2941 3611 3038 3667 per
3077 3596 3381 3666 qualitatem
3425 3608 3550 3664 per—

1976 3706 2143 3757 sonie,
2168 3706 2272 3746 non
2297 3688 2524 3757 amplius
2545 3689 2731 3742 dilatat
2754 3687 3018 3752 historias,
3040 3702 3105 3740 ne
3129 3686 3369 3740 videatur
3394 3685 3552 3740 nimis

1976 3784 2179 3856 prolixa
2210 3784 2283 3836 uti
2314 3782 2550 3847 ratione;
2598 3796 2704 3832 non
2736 3788 2910 3833 tamen
2939 3792 3030 3832 eas
3058 3776 3310 3842 dimittit,
3338 3776 3430 3831 sed
3459 3777 3571 3842 ad-,

1975 3875 2188 3931 modum
2218 3873 2486 3943 sapienter
2515 3870 2795 3941 percurrit,
2832 3878 3113 3939 utrumque
3138 3883 3352 3933 curans,
3384 3878 3439 3923 et
3466 3884 3550 3924 sa-

1976 3968 2213 4023 tietatem
2257 3964 2485 4036 fugiens,
2534 3971 2588 4019 et
2632 3961 3013 4017 sententiarum
3056 3960 3396 4017 crebritatem
3443 3978 3548 4016 non

1974 4059 2242 4130 perimens
2267 4075 2280 4113 :
2317 4071 2487 4126 neque
2517 4055 2736 4110 omnino
2766 4054 2944 4118 siluit,
3000 4069 3173 4124 neque
3200 4053 3386 4109 dicens
3410 4064 3551 4110 attu-

1973 4152 2034 4206 lit
2070 4151 2393 4216 molestiam,
2414 4148 2507 4204 sed
2532 4158 2814 4218 utrumque
2836 4146 2977 4203 facit.
3003 4147 3134 4202 Nam
3158 4147 3369 4218 quando
3398 4150 3548 4220 quis-

1974 4242 2113 4312 piam
2140 4242 2486 4297 vehcmcttter
2526 4238 2819 4303 contendit,
2870 4240 2913 4296 si
2955 4246 3141 4310 pergat
3184 4240 3547 4308 cetttendcre,

1973 4340 2162 4388 enecat
2198 4331 2491 4385 auditorem
2536 4345 2883 4399 persuasum,
2933 4329 3173 4384 molestia
3213 4328 3471 4395 afﬁciens,
3494 4342 3551 4388 et

1974 4422 2218 4493 prmbens
2238 4420 2305 4477 de
2321 4437 2380 4476 se
2398 4422 2704 4490 opinionem
2719 4419 2859 4491 quod
2876 4420 2944 4473 sit
2964 4419 3276 4473 ambitiosos
3298 4430 3351 4473 et
3378 4419 3550 4475 bono-

1970 4513 2043 4566 ris
2059 4511 2284 4582 cupidus
2304 4518 2517 4582 oportet
2539 4511 2683 4567 enim
2709 4527 2768 4567 se
2793 4511 3200 4567 accommodare
3224 4512 3457 4567 utilitati.
3483 4513 3552 4568 Et

1966 4603 2088 4673 quid
2100 4602 2270 4656 adhuc
2287 4602 2452 4656 dicunt
2464 4604 2490 4658 7
2506 4603 2705 4675 inquit:
2721 4604 2915 4672 deﬁciet
2932 4620 3009 4658 me
3024 4614 3218 4676 tempus
3235 4616 3553 4661 euarrantem

1967 4696 2029 4750 de
2042 4694 2273 4777 ριιάεοη,
2294 4695 2482 4763 Barac,
2511 4696 2788 4767 Sampson,
2809 4695 3015 4769 Iephte,
3042 4697 3227 4766 David,
3251 4699 3483 4766 Samuel,
3504 4708 3554 4754 et

1969 4787 2249 4858 prophetis.
2272 4788 2500 4855 Quidam
2522 4787 2742 4843 Paulum
2762 4788 3181 4858 reprehendunt,
3201 4789 3342 4859 quod
3361 4788 3552 4857 Barac,

1967 4880 2231 4951 Sampson
2257 4878 2530 4960 etJepltte
2566 4878 2620 4933 in
2662 4878 2749 4934 his
2794 4889 2957 4948 ponat
2997 4880 3150 4934 locis.
3200 4880 3338 4947 Quid
3381 4880 3553 4937 dicis!

1966 4984 2087 5024 cum
2130 4969 2467 5025 meretricem
2497 4969 2769 5039 posuerit,
2801 4968 2900 5024 hos
2931 4986 3035 5025 non
3065 4971 3269 5042 ponet?
3302 4971 3382 5028 Ne
3423 4973 3553 5029 milii

1966 5061 2107 5115 enim
2136 5060 2396 5131 reliquam
2427 5075 2614 5115 eorum
2642 5059 2804 5115 vitam
2833 5061 3033 5116 dixeris
3053 5101 3067 5127 ,
3096 5062 3193 5118 sed
3221 5080 3346 5119 num
3375 5065 3553 5121 credi-

1965 5153 2160 5207 derunt
2197 5159 2253 5207 et
2294 5151 2397 5208 ﬁde
2431 5152 2900 5223 rcsplenducrunt.
2939 5153 3004 5207 Et
3028 5159 3311 5227 prophetis,
3345 5159 3433 5215 35.
3465 5162 3553 5231 qui

1965 5260 2054 5313 per
2092 5243 2246 5312 ﬁdem
2285 5245 2509 5298 vicerunt
2550 5261 2727 5316 regna.
2762 5243 2924 5302 Vides
2961 5247 3103 5318 quod
3140 5264 3249 5305 non
3291 5250 3424 5305 ferat
3450 5250 3553 5308 hoc

1967 5335 2332 5390 testimonium
2352 5334 2419 5391 de
2444 5336 2548 5390 vita
2573 5336 2826 5406 prteclara
2854 5354 2868 5391 :
2895 5353 3000 5392 non
3024 5339 3169 5395 enim
3192 5349 3309 5396 erat
3336 5340 3387 5395 id
3408 5342 3550 5412 quod

1966 5426 2233 5495 prmeipue
2273 5426 2648 5497 qutnrebatur;
2695 5427 2788 5483 sed
2819 5428 2942 5485 ﬁdei
2968 5430 3183 5487 interim
3208 5439 3326 5485 erat
3351 5432 3551 5487 exami-

1964 5518 2129 5572 natio.
2163 5515 2297 5572 Nam
2327 5516 2413 5573 dic
2436 5517 2591 5586 mihi,
2620 5534 2798 5575 annon
2826 5519 2931 5578 ﬁde
2957 5516 3267 5576 uniliersum
3300 5523 3549 5580 confece-

1962 5613 2120 5668 runt?
2163 5611 2479 5679 Quomodo?
2528 5613 2632 5668 Per
2669 5614 2843 5684 ﬁdem,
2887 5616 3080 5689 inquit,
3110 5616 3332 5672 vicerunt
3371 5634 3545 5689 regna,

1965 5722 2154 5774 nempe
2198 5706 2439 5764 chcon.
2491 5705 2703 5775 Onerati
2744 5718 2859 5764 sunt
2902 5710 3170 5779 iustitiam.
3223 5709 3449 5779 Quinam
3492 5710 3548 5767 lii
