4088 6208
514 317 614 378 187

508 442 668 504 sntit?
698 442 860 498 Iidem
885 441 1107 496 omnino
1138 438 1213 493 illi
1245 456 1260 492 :
1289 448 1386 493 aut
1414 438 1798 505 benignitatem
1828 438 1915 495 hic
1940 437 2097 508 justi-

510 536 636 590 tiam
664 535 807 589 dicit.
846 533 1030 604 Adepti
1055 540 1172 586 sunt
1200 531 1631 600 repromissiones.
1681 530 1755 585 De
1792 529 1985 585 Davide
2011 545 2096 585 ar-

509 626 680 681 bitror
695 641 815 681 eum
838 624 1036 679 dicere.
1068 624 1336 688 Quasnam
1364 621 1781 692 proutissioncs?
1812 621 1884 676 De
1908 623 1972 676 iis
1988 623 2097 693 agit

508 716 577 777 de
602 720 794 792 quibus
817 716 1048 779 dicebat,
1077 714 1220 787 quod
1252 730 1437 770 semen
1465 713 1580 785 ejus
1610 728 1885 770 sessurum
1912 715 1978 768 sit
2007 729 2097 769 su-

508 822 605 881 per
626 808 806 864 sedem
825 807 961 875 ejus.
993 805 1360 861 Obturotierunt
1381 822 1470 860 ora
1496 807 1715 870 leonum,
1743 806 1828 861 54.
1853 807 2096 861 exstinxe-

508 910 624 954 rnnt
654 901 893 970 impetum
922 896 1074 969 ignis,
1101 896 1388 970 e/fugerunt
1411 898 1567 951 aciem
1592 897 1773 968 gladii.
1802 896 1935 953 Vide
1961 913 2087 969 quo-

508 993 669 1049 modo
713 998 867 1048 erant
916 992 970 1046 in
1021 992 1135 1060 ipsa
1179 999 1386 1054 morte,
1434 986 1618 1044 Daniel
1660 985 2021 1045 circumdatus
2061 1004 2092 1044 a

511 1084 753 1141 leonibus
777 1124 792 1150 ,
827 1091 936 1138 tres
964 1082 1115 1152 pueri
1145 1080 1235 1152 qui
1265 1080 1531 1151 degebant
1557 1080 1609 1134 in
1638 1078 1889 1143 fornace,
1926 1080 2096 1136 Abrae

514 1174 660 1244 ham,
688 1175 853 1240 Isaae,
881 1172 1047 1230 Jacob
1075 1174 1127 1227 in
1152 1168 1380 1228 diversis
1407 1169 1816 1235 tentationibus;
1846 1176 1902 1226 et
1926 1185 1993 1227 ne
2017 1169 2096 1227 sic

507 1270 724 1343 quidem
750 1269 1104 1339 desperarent
1155 1263 1267 1322 Hoc
1289 1265 1432 1320 enim
1461 1273 1541 1320 est
1576 1263 1706 1319 ﬁdes
1733 1284 1746 1319 :
1771 1261 1983 1335 quando
2007 1276 2095 1318 res

508 1364 561 1417 iu
585 1360 907 1418 contrarium
931 1370 1147 1425 exeunt,
1174 1368 1299 1413 tunc
1324 1363 1533 1428 oportet
1558 1354 1779 1411 credere
1798 1353 1938 1427 quod
1967 1354 2093 1409 nihil

507 1452 718 1511 eveniat
748 1450 1096 1517 contrarium,
1125 1446 1220 1504 sed
1247 1450 1425 1504 omnia
1451 1446 1849 1518 consequentia.
1882 1442 2095 1518 E/fuge-

509 1557 627 1601 runt
656 1544 813 1599 aciem
833 1540 1012 1615 gladii.
1049 1538 1310 1595 Existimo
1337 1555 1458 1595 eum
1492 1553 1677 1593 rursus
1705 1535 1885 1594 dicere
1909 1537 1977 1593 de
2004 1537 2097 1591 tri-

510 1624 611 1675 bus
654 1621 853 1692 pueris.
903 1619 1273 1676 Convaluerunt
1320 1624 1383 1677 de
1420 1624 1731 1691 inﬁrmitate,
1776 1630 1932 1697 fortes
1972 1626 2095 1695 {acti

506 1721 621 1766 sunt
651 1712 703 1766 in
734 1711 882 1776 bello,
913 1721 1077 1765 castra
1103 1721 1348 1768 verterunt
1375 1723 1675 1767 exterarum.
1710 1713 1805 1769 llic
1828 1715 1984 1770 tacite
2015 1716 2087 1770 si-

508 1803 726 1872 gniﬁcat
751 1801 892 1872 quod
921 1802 1114 1857 factum
1143 1811 1224 1857 est
1252 1803 1304 1856 in
1334 1802 1505 1857 reditu
1527 1819 1557 1858 a
1581 1803 1873 1877 Babylone.
1917 1804 1990 1860 De
2012 1807 2091 1860 in-

511 1893 790 1963 ﬁrmitate:
817 1893 920 1947 hoc
948 1901 1048 1954 est.
1079 1893 1145 1949 de
1171 1894 1500 1964 captivitate.
1541 1895 1765 1963 Quando
1786 1911 1882 1967 res
1912 1894 2092 1952 Judai-

509 2000 586 2038 e:e
599 1984 709 2055 jam
726 1993 880 2041 erant
901 1985 1215 2057 desticratze,
1234 1987 1446 2057 quando
1474 2002 1502 2042 a
1530 1999 1867 2048 mortuorum
1883 1992 2092 2047 ossibus

510 2076 642 2131 nihil
681 2076 1015 2142 diﬁ‘erebant,
1046 2087 1171 2133 tunc
1208 2078 1311 2134 illis
1346 2078 1505 2135 ﬁebat
1543 2082 1762 2138 reditus.
1804 2082 1932 2149 Quis
1974 2097 2092 2152 Spe-

512 2177 683 2223 rasset
712 2166 947 2223 futurum
975 2177 1030 2223 ut
1060 2169 1294 2225 redirent
1323 2184 1352 2224 a
1385 2169 1677 2242 Babylone,
1707 2183 1762 2226 et
1788 2188 1890 2227 non
1918 2173 2090 2229 solum

510 2258 766 2329 redirent,
797 2261 890 2318 sed
919 2262 1079 2317 etiam
1109 2261 1274 2318 fortes
1304 2262 1511 2329 ﬁerent,
1542 2275 1596 2319 et
1623 2274 1889 2321 verterent
1916 2283 1976 2322 ac
2005 2266 2091 2322 fu-

512 2360 699 2422 garent
727 2364 902 2407 eastra
929 2354 1273 2408 exterarum?
1301 2353 1370 2409 At
1396 2354 1547 2410 nobis
1566 2397 1581 2422 ,
1611 2355 1799 2426 inquit,
1830 2357 1960 2413 nihil
1990 2360 2093 2414 tale

511 2444 720 2499 aecidit.
753 2443 855 2499 Sed
883 2444 997 2499 hsce
1020 2453 1144 2499 sunt
1166 2445 1271 2516 typi
1301 2443 1617 2500 futurorum.
1650 2447 1962 2518 Acceperunt
1981 2442 2121 2504 mu?

512 2532 657 2589 lieres
679 2534 742 2589 de
766 2536 1126 2591 resurrectione
1146 2547 1369 2591 mortuos
1396 2554 1534 2592 suos.
1571 2537 1646 2595 De
1677 2541 1947 2609 prophetis
1978 2541 2092 2601 hac

511 2624 658 2694 dicit,
687 2642 878 2698 nempe
918 2628 984 2683 de
1028 2627 1222 2684 Elisan
1261 2638 1315 2684 et
1357 2628 1474 2685 Elia
1503 2648 1517 2685 :
1546 2641 1786 2687 mortuos
1828 2635 1968 2688 enim
2020 2635 2094 2690 illi

511 2715 851 2773 suseitarunt.
895 2717 985 2774 55.
1028 2720 1130 2778 Alii
1172 2730 1340 2774 autem
1383 2720 1590 2776 distenti
1623 2731 1759 2790 sunt,
1797 2741 1897 2779 non
1936 2727 2097 2781 susci-

513 2806 701 2877 pientes
728 2811 1150 2882 redemptionem,
1184 2821 1239 2865 ut
1265 2811 1521 2868 meliorem
1557 2815 1832 2870 invenirent
1865 2832 2094 2872 resurre-

511 2902 746 2957 ctionem.
778 2904 845 2958 At
871 2919 966 2959 nos
993 2920 1099 2959 non
1128 2905 1395 2975 assequuti
1418 2921 1601 2961 sumus
1622 2909 2092 2967 resurrectionem.

513 2990 617 3049 Sed
647 3011 885 3066 possum,
916 2993 1117 3067 inquit,
1149 2995 1434 3053 ostendere
1461 2997 1620 3053 etiam
1649 2999 1768 3053 illos
1795 3000 1957 3056 fuisse
1988 3002 2098 3057 dis-

514 3095 718 3151 sectus,
758 3086 850 3142 sed
888 3084 1308 3157 redemptionem
1340 3103 1447 3142 non
1476 3089 1798 3160 suscepisse,
1829 3100 1888 3147 ut
1912 3093 2100 3149 melio-

516 3192 625 3233 rem
671 3187 1086 3251 assequerentur
1133 3179 1603 3237 resurrectionem.
1652 3180 1759 3238 Cur
1804 3182 1967 3251 enim,
2012 3183 2099 3242 die

515 3267 666 3336 mihi,
690 3285 807 3323 cum
833 3270 1016 3325 liceret
1037 3270 1231 3336 vivere,
1254 3270 1579 3327 noluerunt?
1597 3285 1774 3327 annon
1797 3274 1916 3343 quia
1936 3275 2096 3331 vitam

515 3360 894 3428 exspectabant
920 3357 1237 3414 meliorem?
1265 3359 1330 3413 Et
1353 3359 1443 3431 qui
1469 3360 1602 3417 alios
1630 3362 1968 3430 suscitaram,
1998 3364 2099 3434 ipsi

456 3492 459 3495 .
517 3451 652 3505 mori
690 3452 998 3522 elegerunt,
1031 3460 1090 3506 ut
1113 3439 1389 3508 meliorem
1420 3465 1833 3525 assequerentur
1861 3471 2102 3515 resurre-

515 3543 771 3607 ctionem,
795 3560 899 3599 non
932 3543 1087 3600 talem
1109 3543 1321 3616 qualem
1348 3546 1494 3615 pueri
1518 3547 1822 3602 mulierum.
1850 3547 1947 3605 Hic
1969 3550 2100 3608 mihi

517 3636 730 3693 videtur
756 3646 810 3694 et
837 3637 1095 3695 Joannem
1126 3639 1348 3694 innuere
1389 3647 1445 3695 et
1478 3638 1732 3695 Jacobum
1768 3659 1781 3695 :
1813 3643 2102 3711 ἀποτυμπα-

518 3742 676 3800 νισμὸς
709 3732 850 3787 enim
895 3742 977 3788 est
1013 3731 1203 3802 capitis
1231 3733 1545 3803 amputatio.
1571 3731 1791 3789 Licchat
1817 3735 1895 3791 eis
1920 3737 2102 3793 videre

518 3821 707 3887 solem,
751 3822 942 3877 licebat
983 3837 1090 3876 non
1137 3821 1477 3892 redarguere,
1515 3831 1570 3878 et
1618 3832 1793 3878 tamen
1838 3824 1927 3895 qni
1970 3826 2104 3882 alios

519 3913 925 3979 suseitaverant,
951 3914 1256 3968 maluerunt
1281 3915 1561 3981 excedere,
1586 3925 1642 3971 ut
1663 3916 1935 3971 meliorem
1960 3935 2108 3976 asse-

522 4016 814 4073 quereutnr
838 4006 1413 4061 resurrectionemuiili.
1435 4007 1534 4060 Alii
1560 4022 1672 4061 vero
1695 4008 1911 4062 ludibria
1933 4024 1978 4064 et
2000 4029 2106 4063 rer-

523 4089 642 4149 bera
685 4094 911 4164 experti,
961 4094 1169 4165 insuper
1209 4102 1257 4147 et
1293 4093 1496 4147 vincula
1533 4102 1580 4147 et
1614 4108 1855 4160 carceres,
1898 4089 2112 4162 lapidati

521 4178 667 4250 sunt,
693 4183 814 4237 secti
841 4192 979 4249 sunt,
1006 4182 1181 4237 tentati
1206 4190 1345 4239 sunt.

597 4274 650 4332 3.
682 4276 737 4330 In
768 4274 833 4330 iis
858 4275 1074 4339 desinit,
1107 4273 1161 4329 in
1191 4272 1276 4340 iis,
1306 4273 1542 4342 inquam,
1572 4287 1691 4343 qua:
1717 4279 1871 4327 erant
1893 4271 2114 4340 conjun-

524 4367 690 4422 etiora
713 4375 768 4421 et
793 4363 959 4435 magis
982 4363 1283 4420 familiaria.
1310 4361 1437 4417 Haec
1461 4364 1602 4417 enim
1630 4362 1859 4417 maxime
1886 4360 2113 4416 afferunt

524 4459 975 4523 consolationem,
1004 4457 1218 4528 quando
1247 4472 1311 4513 ex
1337 4454 1525 4511 eadem
1560 4470 1719 4511 causa
1761 4455 1919 4510 fuerit
1960 4465 2110 4510 ortus

524 4551 678 4605 dolor
708 4566 722 4581 ·
755 4549 993 4619 alioquin
1020 4547 1227 4603 etiamsi
1255 4547 1625 4603 vehementius
1652 4547 1871 4611 dixeris,
1907 4561 2009 4600 non
2040 4545 2111 4600 sit

524 4649 701 4696 autem
731 4655 797 4695 ex
823 4639 1007 4695 eadem
1037 4651 1195 4693 causa
1222 4649 1370 4693 ortus
1397 4637 1572 4702 dolor,
1602 4639 1733 4692 nihil
1761 4637 1948 4692 efﬁcis.
1980 4637 2110 4691 Pro-

527 4741 706 4801 pterea
740 4734 790 4785 in
821 4732 921 4786 hoc
947 4729 1078 4784 ﬁnlit
1109 4728 1429 4798 orationem,
1462 4728 1646 4785 dicens
1669 4728 1895 4795 vincula,
1925 4743 2110 4783 carce-

526 4836 633 4891 res,
660 4823 904 4885 verbera,
928 4822 1301 4893 lapidationes,
1323 4838 1385 4877 ea
1408 4823 1635 4877 innuens
1657 4838 1774 4891 qua:
1803 4821 2114 4876 acciderunt

525 4914 793 4984 Stephano
822 4925 872 4970 et
899 4915 1205 4981 Zacharire;
1235 4924 1289 4970 et
1312 4913 1429 4970 ideo
1451 4914 1728 4985 subiunxit
1749 4932 1761 4967 :
1782 4912 1847 4968 In
1868 4913 2114 4969 occisione

525 5008 684 5077 gladii
715 5010 900 5061 mortui
925 5017 1058 5063 sunt.
1094 5006 1233 5076 Quid
1264 5006 1432 5062 dicis?
1456 5008 1542 5061 alii
1571 5007 1784 5078 quidem
1815 5005 2114 5076 eﬁ'ugeruut

524 5100 690 5157 aciem
719 5101 913 5171 gladii;
946 5102 1036 5156 alii
1056 5112 1233 5156 autem
1254 5100 1450 5155 mortui
1474 5108 1601 5155 sunt
1626 5100 1679 5154 in
1710 5100 1976 5155 occisione
1998 5098 2113 5167 gla-

523 5195 634 5250 dii?
672 5194 796 5266 quid
842 5204 922 5248 est
964 5193 1104 5249 huc?
1139 5202 1312 5250 utrum
1357 5192 1563 5257 laudas,
1592 5199 1768 5246 utrum
1794 5191 2115 5246 admiraris?

524 5287 643 5346 hoc.
672 5302 738 5341 an
778 5283 947 5340 illud?
995 5278 1244 5353 Maxime,
1287 5283 1486 5355 inquit,
1524 5294 1579 5338 et
1608 5280 1709 5337 hoc
1735 5291 1787 5338 et
1819 5282 1979 5344 illud;
2014 5282 2115 5337 hoe

528 5388 795 5450 tamquam
816 5375 970 5432 vobis
999 5375 1343 5445 eonjunctum
1373 5386 1427 5431 et
1445 5374 1728 5438 familiare,
1754 5372 1881 5427 illud
1909 5381 2111 5438 autem,

522 5473 772 5542 quoniam
795 5468 955 5526 etiam
988 5468 1040 5522 in
1059 5467 1172 5538 ipsa
1197 5476 1370 5522 morte
1397 5467 1564 5521 valuit
1603 5466 1756 5531 ﬁdes,
1780 5474 1836 5521 et
1856 5475 1940 5521 est
1958 5473 2115 5536 typus

523 5566 846 5619 lutnrorum.
884 5561 999 5618 Duo
1028 5569 1153 5615 sunt
1181 5561 1325 5617 enim
1374 5559 1631 5615 miracula
1677 5559 1836 5626 ﬁdei,
1878 5561 2020 5631 quod
2061 5569 2116 5615 et

524 5671 711 5725 magna
739 5655 961 5719 efﬁciat,
985 5662 1040 5709 et
1063 5666 1252 5724 magna
1283 5653 1535 5723 patiatur,
1560 5665 1614 5708 et
1641 5653 1774 5707 nihil
1801 5668 1860 5708 se
1889 5654 1995 5723 pati
2024 5669 2116 5708 ex-

526 5747 742 5805 istimet.
772 5748 882 5805 Nec
912 5756 1090 5816 potes,
1120 5747 1311 5817 inquit,
1340 5746 1522 5804 dicere
1551 5745 1691 5818 quod
1720 5756 1896 5804 essent
1924 5760 2113 5818 pecca-

1253 313 1310 371 s.
1347 311 1625 369 JOANNIS
1645 310 1778 367 cun
1790 287 2115 368 rsosrotu
2145 308 2460 369 ARCHIEP.
2498 309 3029 369 consummes.

3680 309 3782 366 it'lﬂ

2192 436 2337 482 tores
2357 435 2411 482 et
2430 425 2675 481 homines
2706 424 2858 480 nihili
2882 439 3037 479 :uam
3064 422 3164 481 etsi
3203 431 3369 479 totum
3397 426 3652 482 mundum
3677 428 3783 483 illis

2188 537 2254 577 ex
2274 521 2513 578 adverso
2540 518 2813 584 statueris,
2865 517 3079 573 invenio
3130 517 3249 573 illos
3279 518 3455 587 pretio
3500 519 3552 573 in
3584 528 3782 576 statera

2190 608 2623 684 praeponderare.
2654 608 2776 663 Ideo
2798 609 2958 663 etiam
2982 609 3058 663 sic
3077 607 3229 675 dixit,
3254 607 3449 675 Quibus
3469 610 3651 681 dignus
3682 628 3781 666 non

2190 714 2296 757 erat
2322 703 2558 756 mundus.
2602 699 2738 768 Quid
2773 715 2902 770 ergo
2946 698 3030 754 hie
3070 707 3224 754 erant
3262 702 3560 771 accepturi,
3589 703 3782 772 quibus

2191 795 2320 850 nihil
2378 793 2597 866 dignum
2652 801 2768 847 erat
2809 792 2834 843 ‘t
2904 791 3002 846 llic
3060 805 3246 846 eorum
3311 801 3544 847 utentem
3586 793 3780 865 erigit,

2189 886 2441 944 erudiens
2477 900 2545 941 ne
2578 885 2688 939 sint
2726 883 2868 938 al‘ﬁxi
2926 885 3313 955 prmsentibus,
3368 894 3423 940 et
3471 893 3529 941 ut
3579 887 3780 958 majora

2190 979 2368 1033 animo
2396 978 2597 1048 agitem
2622 976 2871 1031 omnibus
2896 990 3015 1045 qua:
3051 983 3176 1030 sunt
3228 976 3281 1030 in
3331 977 3437 1031 vita
3497 981 3780 1047 ptmsenti;

2190 1068 2453 1140 siquidem
2510 1076 2654 1123 totus
2710 1065 2940 1121 mundus
2983 1081 3088 1120 non
3141 1074 3226 1121 est
3269 1067 3334 1122 iis
3383 1066 3597 1139 dignus.
3645 1069 3782 1138 Quid

2190 1178 2320 1236 ergo
2372 1163 2453 1218 vis
2505 1161 2595 1217 hic
2648 1160 2930 1232 accipere?
2983 1161 3235 1230 probrum
3289 1170 3372 1216 est
3418 1169 3473 1215 et
3508 1175 3784 1218 contume-

2192 1257 2282 1316 lia,
2319 1254 2362 1310 si
2407 1253 2496 1308 hic
2538 1251 2842 1308 mercedem
2882 1251 3171 1320 acceperis.
3214 1250 3292 1304 Ne
3339 1252 3606 1306 mttndana
3654 1268 3780 1324 ergo

2188 1346 2369 1395 mente
2403 1338 2670 1409 agitemus
2689 1379 2705 1404 ,
2742 1351 2918 1408 neque
2944 1337 3033 1393 hic
3056 1352 3360 1410 qureramus
3385 1340 3775 1395 remuneratio-

2189 1444 2333 1496 nem,
2360 1443 2534 1500 neque
2562 1429 2732 1484 simus
2750 1429 2887 1484 adeo
2908 1444 3173 1501 pauperes
3201 1448 3212 1484 :
3243 1445 3363 1485 nam
3385 1431 3433 1487 si
3455 1441 3596 1486 totus
3623 1447 3778 1486 mun-

2189 1521 2290 1576 dus
2316 1535 2423 1575 non
2447 1530 2530 1576 est
2554 1521 2636 1575 his
2665 1518 2857 1591 dignus
2875 1561 2890 1587 ,
2918 1522 3043 1593 quid
3078 1531 3279 1592 partem
3307 1523 3541 1594 quieris?
3568 1519 3634 1577 Et
3660 1539 3775 1579 me-

2188 1613 2294 1668 rito
2319 1632 2333 1668 :
2363 1622 2488 1668 sunt
2527 1614 2670 1669 enirn
2713 1615 2871 1669 amici
2914 1615 3029 1669 Dei.
3075 1615 3328 1670 Mundam
3370 1632 3500 1685 ergo
3532 1617 3616 1671 hic
3651 1616 3779 1672 dicit

2189 1704 2606 1770 multitudinem,
2635 1713 2727 1759 aut
2758 1704 2924 1775 ipsam
2954 1716 3257 1761 creaturam
3283 1725 3295 1761 :
3325 1718 3609 1778 utrumque
3632 1708 3777 1763 enim
3834 1730 3842 1741 ·

2189 1796 2327 1852 solet
2363 1797 2544 1852 dicere
2584 1794 2877 1867 Scriptura.
2909 1798 2965 1853 Si
2996 1801 3268 1861 universa,
3298 1799 3496 1869 inquit,
3528 1808 3777 1854 creatura

2192 1888 2365 1957 posita
2393 1883 2553 1941 fuerit
2574 1902 2694 1941 cum
2724 1888 2834 1942 suis
2863 1887 3166 1942 hominibus
3185 1928 3200 1953 ,
3232 1888 3779 1957 nomium’mqnabunt

2193 1993 2380 2035 eorum
2428 1980 2654 2050 pretium
2690 1998 2704 2036 :
2731 1989 2785 2034 et
2815 1981 3025 2035 merito.
3072 1979 3218 2036 Sicut
3249 1981 3389 2034 enim
3421 1980 3600 2034 decies
3627 1980 3778 2033 mille

2195 2072 2373 2142 pondo
2397 2073 2567 2144 paleae
2596 2081 2651 2127 et
2679 2071 2807 2127 fmui
2837 2088 2939 2125 non
2966 2072 3299 2143 aequaverint
3328 2072 3554 2142 pretium
3585 2071 3775 2126 decem

2196 2164 2629 2237 margaritarum,
2660 2165 2730 2219 ita
2760 2179 2856 2219 nec
2882 2164 2956 2219 illi
2985 2181 2999 2217 :
3030 2164 3214 2219 Melior
3245 2175 3318 2219 est
3352 2170 3485 2219 enim
3521 2181 3654 2218 unus
3693 2166 3778 2234 fa-

2195 2258 2333 2312 ciens
2374 2257 2686 2311 voluntatem
2734 2256 2980 2323 Domini,
3034 2272 3187 2326 quam
3233 2257 3396 2311 decies
3440 2258 3578 2310 mille
3620 2254 3780 2322 iniqui

2197 2348 2383 2419 (Eccli.
2409 2350 2494 2404 16.
2522 2351 2598 2419 5);
2627 2350 2807 2405 decies
2831 2348 2976 2405 mille
3004 2363 3107 2404 non
3136 2350 3334 2404 multos
3351 2350 3555 2414 dicens,
3579 2348 3674 2404 sed
3704 2350 3785 2402 in-

2198 2444 2401 2496 ﬁnitam
2425 2443 2844 2498 multitudinem.
2872 2444 3057 2514 Cogita
3081 2452 3275 2515 quanta
3298 2458 3383 2498 res
3404 2444 3473 2499 sit
3491 2443 3782 2511 virjustns.

2199 2533 2342 2588 Dixit
2364 2532 2515 2588 Iesus
2541 2533 2706 2600 Nave,
2738 2536 2848 2590 Stet
2873 2537 2953 2607 sol
2978 2546 3154 2590 contra
3182 2536 3411 2598 Gabaon,
3435 2545 3483 2590 et
3509 2536 3632 2589 luna
3658 2551 3783 2587 con-

2199 2635 2278 2680 tra
2306 2625 2486 2680 rallem
2517 2624 2668 2678 Elom
2685 2636 2717 2692 ;‘
2744 2635 2791 2679 et
2827 2629 3018 2697 fectant
3042 2637 3116 2680 est
3145 2627 3293 2697 (los.
3318 2628 3408 2681 10.
3440 2624 3562 2694 12).
3594 2625 3787 2682 Veniat

2198 2733 2328 2789 ergo
2371 2718 2652 2773 universus
2691 2717 2836 2772 orbis
2874 2726 3031 2772 teme
3056 2759 3071 2781 ,
3116 2717 3222 2771 imo
3263 2731 3390 2772 vero
3426 2716 3567 2783 duo,
3599 2726 3654 2773 et
3681 2728 3787 2772 tres

2202 2811 2387 2878 etiam,
2418 2818 2475 2865 et
2513 2817 2760 2879 quatuor,
2803 2817 2857 2863 et
2897 2808 3081 2876 viginti
3122 2808 3283 2863 orbes
3324 2816 3500 2870 terras,
3530 2816 3584 2862 et
3611 2808 3788 2863 dicant

2203 2903 2307 2980 hoc
2334 2910 2389 2957 et
2417 2901 2641 2967 faciant;
2686 2899 2782 2954 sed
2819 2914 2924 2953 non
2962 2907 3233 2969 poterunt.
3265 2900 3358 2955 Dei
3385 2909 3560 2954 autent
3586 2900 3788 2953 amicus

2201 2992 2357 3047 amici
2400 2991 2700 3061 imperabat
2736 2991 3034 3055 creaturis;
3088 2990 3195 3045 imo
3222 3006 3348 3045 vero
3378 2990 3787 3044 auticnnrsuum

2201 3085 2430 3155 rogavit,
2458 3092 2513 3138 et
2542 3083 2807 3138 cedebant
2831 3097 2950 3152 qum
2980 3082 3286 3137 serviebant
3307 3120 3320 3144 ,
3355 3091 3408 3137 et
3437 3081 3657 3137 inferior
3686 3082 3789 3136 im-

2206 3178 2428 3250 perabat
2456 3175 2724 3246 supernis.
2755 3173 2919 3231 Y-ides
2949 3174 3091 3245 quod
3116 3189 3179 3229 ea
3208 3182 3380 3227 creata
3406 3175 3507 3226 sint
3543 3175 3593 3227 in
3622 3174 3786 3255 servi-

2205 3279 2396 3337 tutem,
2417 3282 2632 3335 cursum
2654 3267 3005 3322 constitutum
3035 3264 3346 3341 implentia?
3379 3265 3491 3319 Hoc
3510 3274 3592 3318 est
3618 3266 3789 3334 majus

2203 3374 2361 3432 quam
2410 3374 2530 3430 qua:
2576 3357 2713 3413 facta
2760 3365 2885 3411 sunt
2921 3370 2953 3411 a
2998 3356 3200 3427 Moyse.
3248 3353 3464 3423 Quare?
3509 3354 3624 3409 Non
3666 3364 3791 3410 sunt

2204 3431 2347 3507 enim
2379 3450 2550 3520 paria,
2580 3450 2845 3519 imperare
2872 3431 3030 3513 mari,
3060 3454 3119 3502 et
3145 3447 3211 3500 iis
3237 3461 3353 3515 qua:
3378 3454 3504 3499 sunt
3534 3445 3585 3498 iu
3613 3445 3747 3499 caelo
3775 3461 3790 3500 :

2207 3556 2328 3596 nam
2357 3540 2486 3596 illud
2516 3554 2727 3611 quoque
2750 3548 2835 3594 est
2860 3553 3111 3608 magnum
3138 3546 3194 3592 et
3220 3537 3375 3592 valde
3403 3549 3673 3606 magnum,
3697 3536 3790 3589 sed

2209 3649 2313 3689 non
2337 3648 2454 3705 par.
2485 3632 2623 3688 Audi
2645 3645 2774 3687 vero
2794 3644 2892 3686 cur
2914 3631 3034 3686 tatis
3056 3631 3127 3685 sit
3152 3629 3392 3685 effectus.
3422 3628 3637 3693 Quare?
3663 3626 3791 3683 Jesu

2209 3729 2403 3781 no‘meu
2427 3733 2545 3779 erat
2573 3731 2731 3794 typus
2755 3721 2976 3777 Christi.
3010 3721 3297 3792 Pr0pterea
3325 3729 3551 3787 ergoret
3571 3728 3791 3789 propter

2212 3819 2381 3890 ipsam
2406 3818 2457 3872 in
2488 3825 2615 3888 typo
2636 3815 3044 3887 appellationem
3069 3814 3233 3870 verita
3257 3825 3340 3870 est
3362 3802 3629 3869 creatura.
3659 3811 3792 3878 Quid

2210 3911 2380 3968 vero?
2406 3908 2546 3966 alius
2569 3925 2674 3965 non
2693 3917 2914 3965 vocatus
2938 3908 3035 3962 fuit
3054 3907 3243 3963 Jesus?
3267 3907 3370 3963 Sed
3396 3909 3493 3962 iste
3514 3915 3792 3977 preptrrea

2214 4007 2437 4059 vocatus
2464 4005 2549 4049 est
2574 3994 2625 4048 in
2657 3994 2825 4063 ﬁgura
2857 4008 2872 4045 :
2904 4005 3026 4045 nam
3065 3987 3342 4043 dicebatur
3381 3988 3540 4041 etiam
3571 3988 3744 4040 Auses
3773 4000 3790 4041 :

2216 4098 2500 4160 propterea
2531 4092 2791 4139 mutatum
2820 4082 2917 4135 fuit
2941 4095 3168 4143 nomen;
3199 4078 3470 4147 praedictio
3499 4077 3640 4132 enim
3677 4083 3792 4131 erat

2140 4189 2147 4195 ’
2211 4188 2267 4234 et
2294 4176 2594 4248 prophetia.
2628 4175 2745 4244 ipse
2775 4171 3025 4241 populum
3059 4168 3353 4223 introduxit
3389 4169 3442 4222 in
3485 4166 3794 4237 promissio-

2170 4322 2175 4327 .
2210 4284 2356 4335 nem,
2390 4269 2527 4322 sicut
2554 4265 2712 4320 Jesus
2738 4264 2793 4317 in
2821 4263 3035 4323 eretum,
3069 4276 3173 4314 non
3205 4261 3311 4324 lex,
3344 4259 3483 4312 sicut
3512 4274 3615 4314 nec
3638 4258 3793 4328 Moy-

2211 4375 2330 4426 ses,
2360 4358 2453 4414 sed
2485 4358 2681 4412 mansit
2708 4364 2859 4411 extra
2888 4371 2903 4409 :
2937 4366 3041 4408 non
3078 4360 3254 4420 potest
3290 4350 3375 4404 lex
3418 4348 3756 4403 introducere
3777 4387 3792 4412 ,

2209 4451 2301 4507 sed
2321 4451 2509 4522 gratia.
2532 4449 2692 4504 Vides
2716 4446 2909 4516 ﬁguras
2926 4443 3107 4499 multis
3126 4452 3273 4497 retro
3299 4440 3434 4497 actis
3457 4441 3789 4510 temporibus

2211 4544 2357 4613 prius
2378 4540 2630 4597 describi.
2651 4536 2935 4609 Imperavit
2948 4542 3228 4596 creaturae,
3246 4531 3353 4587 imo
3364 4546 3494 4587 vero
3510 4533 3794 4602 praecipuae

2209 4636 2347 4707 parti
2395 4642 2677 4699 creatum,
2709 4630 2957 4685 deorsum
2985 4635 3135 4682 stans
3159 4625 3258 4695 ipsi
3287 4624 3467 4694 capiti,
3491 4632 3549 4678 ut
3577 4622 3792 4693 quando

2208 4726 2407 4782 videris
2445 4726 2496 4781 in
2525 4725 2691 4795 ﬁgura
2712 4721 2942 4778 hominis
2965 4720 3148 4776 Jesum
3174 4717 3362 4773 eadem
3391 4717 3679 4781 dicentem,
3726 4731 3792 4770 ne

2209 4819 2537 4890 perturberis
2565 4832 2697 4872 neve
2723 4813 2992 4869 terrearis.
3024 4813 3142 4881 Ipse
3180 4811 3340 4865 etiam
3370 4810 3582 4863 vivente
3609 4807 3792 4876 Moyse

2210 4913 2342 4967 ludit
2365 4921 2419 4967 et
2441 4910 2637 4980 iugavit
2665 4907 2846 4962 hostes
2879 4926 2891 4960 :
2921 4904 3009 4959 hic
3036 4903 3197 4958 etiam
3226 4901 3438 4956 vivente
3476 4900 3591 4969 lege
3611 4897 3787 4950 omnia

2209 5004 2565 5068 administrat,
2598 5000 2691 5055 sed
2721 5010 2826 5055 non
2852 5006 3053 5069 aperte.
3084 4995 3189 5052 Sed
3212 4995 3489 5049 videamus
3508 5000 3703 5063 quanta
3721 4989 3793 5044 sit

2210 5100 2377 5153 virtus
2405 5109 2728 5151 sanctorum.

2279 5192 2332 5245 4.
2364 5190 2549 5245 Contra
2572 5203 2656 5241 eos
2679 5186 2764 5255 qui
2793 5183 2971 5238 uelum
3013 5179 3245 5235 dicebant
3280 5194 3390 5234 esse
3411 5177 3683 5249 spltarram.
3717 5205 3789 5216 —

2209 5285 2265 5341 Si
2300 5284 2384 5338 hic
2415 5282 2535 5337 talia
2566 5286 2879 5350 cperantur,
2906 5276 2951 5331 si
2982 5275 3070 5331 hic
3099 5289 3161 5330 ea
3195 5273 3393 5327 iaciunt
3421 5286 3540 5341 qua:
3588 5268 3786 5341 angeli,

2208 5376 2334 5448 quid
2376 5374 2532 5430 illic?
2561 5380 2819 5444 quantum
2864 5370 3063 5423 habent
3108 5364 3496 5436 splendorem?
3537 5360 3790 5416 Fortasse

2209 5470 2572 5540 unusquisque
2594 5473 2829 5520 vestrum
2854 5461 3015 5517 vellet
3042 5474 3164 5515 esse
3186 5455 3510 5526 hujusmodi,
3529 5464 3586 5508 ut
3605 5460 3789 5523 posset

2208 5564 2471 5633 imperare
2498 5560 2596 5615 soli
2623 5569 2677 5615 et
2709 5557 2866 5612 lunae.
2914 5554 3010 5610 llic
3033 5554 3067 5607 ii
3095 5552 3185 5623 qui
3220 5551 3410 5605 ctelum
3458 5548 3639 5602 dicunt
3664 5559 3785 5600 esse

2209 5652 2644 5727 διιιιτιιτειιιι,‹ιιιὶ(1
2673 5648 2945 5705 dixerint?
2974 5646 3081 5702 Cur
3103 5661 3207 5699 non
3234 5643 3388 5709 dixit,
3418 5642 3535 5696 Stet
3557 5640 3659 5705 sol,
3693 5638 3787 5693 sed

2207 5746 2439 5814 addidit,
2481 5745 2590 5802 Stet
2635 5751 2812 5799 contra
2856 5738 3095 5803 Gaboou,
3125 5746 3170 5791 et
3220 5736 3344 5791 luna
3383 5741 3561 5790 contra
3606 5730 3788 5786 vallem
