4088 6208
410 322 512 380 180

1219 323 1285 384 IN
1320 323 1534 383 EPIST.
1577 326 1669 382 AD
1707 322 2065 384 HEBIUEOS.
2104 328 2257 386 CAP.
2299 330 2390 388 XI.
2430 332 2641 390 noun.
2705 333 2912 423 XXVll.

3541 341 3640 393 190

395 448 589 504 Elom.â€™
613 445 726 504 Hoc
740 455 843 511 est,
872 446 1012 503 diem
1058 445 1219 503 faciat
1250 447 1528 518 majorem.
1559 447 1670 503 Hoc
1699 449 1858 504 etiam
1899 450 1977 506 fa-
2060 447 2238 504 affecit
2270 465 2282 502 :
2316 447 2520 515 Audivi,
2547 450 2738 520 inquit,
2760 450 3004 522 gemitum
3021 466 3214 527 eorum,
3236 459 3283 506 et
3311 457 3547 510 descendi
3567 460 3635 511 ad

385 550 536 595 ctum
562 539 729 595 estin
761 538 1034 602 Ezechia;
1078 537 1159 593 sol
1213 539 1546 593 retrocessit.
1595 538 1701 594 Sed
1752 539 1854 595 hoc
1894 552 1975 597 est

387 630 481 685 illo
507 629 895 694 admirabilius,
926 644 1118 699 nempe
1138 628 1401 683 contraria
1420 629 1502 683 via
1527 644 1714 685 rursus
1745 631 1970 702 ingredi,

386 737 510 776 cum
532 735 749 777 cursum
789 736 942 774 suum
970 719 1205 775 nondum
1237 720 1576 776 confecisset.
1601 720 1709 776 Sed
1737 722 1821 777 his
1854 738 1971 777 ma-

384 816 499 890 jora
523 830 621 871 nos
643 829 1013 885 assequemur,
1054 812 1101 869 si
1128 813 1377 869 velimus.
1395 812 1526 869 Nam
1550 829 1795 886 quaenam
1817 816 1973 872 nobis

385 905 633 975 promisit
650 903 896 959 Christus
912 905 935 958 ?
950 903 1065 959 Non
1096 903 1209 959 fore
1231 913 1290 958 ut
1315 903 1485 961 solem
1505 905 1777 974 sistamus,
1799 921 1972 977 neque

384 997 588 1061 lunam,
614 1010 788 1066 neque
816 996 947 1051 solis
969 995 1501 1066 retrogradationem,
1533 997 1631 1052 sed
1656 999 1828 1068 quid?
1867 1000 1969 1056 Ve-

383 1091 600 1157 nientes,
641 1089 833 1160 inquit,
864 1089 934 1143 ad
966 1090 1132 1159 ipsum
1169 1106 1262 1161 ego
1281 1099 1330 1143 et
1377 1082 1722 1158 Patet-meus,
1747 1100 1795 1146 et
1823 1109 1971 1148 man-

378 1183 574 1237 sionem
601 1180 740 1253 apud
766 1197 881 1235 eum
904 1181 1146 1251 faciemus
1175 1179 1357 1250 (loan.
1386 1181 1474 1239 H.
1501 1181 1620 1251 25).
1651 1181 1789 1250 Quid
1834 1183 1966 1239 mibi

378 1286 516 1341 Opus
545 1281 627 1327 est
669 1271 784 1327 sole
833 1279 891 1327 et
934 1272 1059 1327 luna
1097 1279 1151 1327 ct
1202 1271 1285 1325 his
1310 1271 1580 1327 miraculis
1607 1314 1622 1339 ,
1672 1289 1793 1329 cum
1852 1275 1964 1346 ipse

377 1364 620 1417 omnium
652 1362 910 1419 Dominus
955 1363 1021 1418 ad
1050 1378 1136 1418 mc
1173 1362 1482 1425 descendat,
1510 1372 1562 1419 et
1592 1364 1731 1433 apud
1764 1382 1849 1421 me
1875 1366 1963 1420 tir-

376 1471 503 1509 mus
529 1463 739 1508 maneat
767 1463 820 1509 et
844 1454 1085 1509 stabilis?
1116 1453 1217 1508 hoc
1254 1453 1383 1507 mihi
1409 1468 1511 1507 non
1536 1465 1618 1511 est
1640 1470 1793 1525 opus,
1823 1457 1961 1526 Quid

381 1533 531 1583 etum
560 1532 690 1584 mihi
744 1530 853 1589 ullo
884 1535 1072 1590 horum
1101 1551 1233 1607 opus
1271 1545 1398 1596 est?
1446 1543 1559 1613 ipse
1582 1547 1684 1600 erit
1733 1548 1866 1603 mihi
1910 1549 1962 1601 in

374 1620 549 1675 solem
566 1633 620 1677 et
637 1622 817 1679 lunam
840 1634 893 1681 et
918 1626 1114 1683 lucem.
1141 1627 1296 1696 Nam,
1324 1630 1411 1685 dic
1433 1632 1583 1699 mihi,
1600 1636 1727 1705 quid
1751 1636 1963 1706 malles,

374 1712 580 1781 regiam
608 1713 896 1783 ingressus,
928 1733 996 1771 an
1018 1717 1215 1791 aliquid
1245 1730 1600 1779 transmutare
1626 1742 1810 1782 eorum
1841 1746 1960 1800 quae

376 1802 479 1855 fixa
508 1812 657 1870 sunt,
688 1821 753 1859 an
782 1822 962 1877 regem
996 1809 1088 1863 tibi
1122 1819 1266 1864 tanta
1295 1813 1620 1886 conjungere
1671 1816 1962 1873 familiari-

373 1902 505 1956 tate,
527 1904 583 1949 ut
612 1897 661 1951 ei
682 1898 1006 1966 persuadeas
1033 1911 1084 1954 ut
1114 1898 1180 1955 ad
1214 1911 1264 1957 te
1284 1901 1558 1960 deveniat?
1586 1923 1764 1964 nonne
1789 1911 1957 1964 multo

370 1986 542 2054 magis
569 1984 689 2050 hoc,
721 2003 876 2057 quam
913 1990 1077 2046 illud?
1103 1992 1238 2058 Quid
1291 1996 1465 2049 vero?
1498 2012 1602 2052 non
1650 2000 1865 2068 mirum,
1910 2004 1951 2058 si

367 2091 490 2145 qum
519 2076 681 2164 homo
710 2079 955 2150 imperat,
985 2083 1099 2139 lucc
1125 2100 1336 2155 quoque
1360 2086 1639 2145 Christus?
1666 2092 1769 2149 Sed
1800 2095 1953 2149 Chri-

368 2175 504 2226 stus,
530 2169 717 2240 inquit,
748 2188 852 2226 non
882 2185 1030 2245 rogat
1058 2176 1291 2244 Patrem,
1310 2180 1402 2234 sed
1428 2196 1524 2238 sua
1552 2182 1678 2239 facit
1721 2190 1953 2243 auctori-

369 2267 496 2313 tate.
523 2260 689 2317 Recte
719 2280 732 2317 :
766 2265 996 2333 primum
1019 2282 1145 2338 ergo
1166 2269 1426 2326 confitere
1449 2273 1590 2343 quod
1618 2275 1827 2332 Patrem
1844 2294 1949 2335 non

366 2358 538 2419 rogat,
567 2360 620 2405 et
645 2366 739 2407 sua
769 2354 890 2408 facit
910 2357 1264 2425 auctoritate;
1286 2368 1341 2415 et
1379 2370 1504 2418 tunc
1532 2379 1596 2419 ex
1632 2376 1682 2419 te
1703 2365 1949 2423 sciscita-

365 2440 483 2507 hor,
524 2442 634 2499 imo
686 2453 739 2500 te
765 2445 969 2503 docebo
1012 2447 1154 2504 circa
1183 2452 1565 2521 precationem,
1614 2472 1771 2527 quam
1802 2458 1944 2524 facit,

364 2537 558 2595 fecisse
590 2556 686 2610 per
710 2545 1204 2614 attemperationem
1222 2556 1277 2603 et
1303 2550 1653 2604 oeconomiam
1683 2550 1811 2622 (non
1833 2561 1948 2606 erat

360 2628 505 2682 enim
536 2630 778 2685 Christus
800 2634 977 2689 minor
992 2634 1117 2690 Jesu
1144 2635 1336 2705 Nave),
1367 2639 1582 2709 etquod
1612 2649 1817 2709 poterat
1848 2655 1946 2694 nos

364 2718 557 2772 docere
597 2720 715 2774 sine
742 2722 1008 2778 oratione.
1033 2723 1181 2780 Sicut
1206 2726 1347 2780 enim
1376 2728 1686 2798 magistrum
1712 2728 1939 2785 audiens

360 2808 745 2866 balbutientem
787 2821 842 2867 et
870 2813 1132 2870 elementa
1183 2825 1587 2881 recensentem,
1635 2833 1742 2872 non
1797 2818 1935 2875 dicis

361 2901 537 2970 ipsum
576 2903 854 2972 ignorare;
887 2915 942 2961 et
978 2905 1192 2976 quando
1228 2908 1559 2979 interrogat:
1596 2907 1694 2963 Ubi
1733 2909 1942 2963 esthoc

356 2991 723 3047 elementum?
762 2996 872 3049 scis
916 2996 1057 3066 quod
1089 3011 1193 3053 non
1218 2996 1474 3068 ignorans
1495 2997 1808 3069 interrogat,
1847 2999 1939 3054 sed

356 3081 675 3153 discipulum
702 3084 891 3140 volens
931 3086 1210 3142 instituere
1240 3103 1254 3141 :
1283 3087 1355 3142 ita
1380 3087 1541 3143 etiam
1564 3086 1807 3144 Christus
1835 3105 1935 3144 non

356 3175 596 3229 oratione
623 3174 868 3244 indigens
915 3177 1123 3242 orabat,
1152 3177 1247 3233 sed
1293 3186 1345 3233 te
1372 3177 1626 3233 inducere
1662 3179 1848 3234 volens
1878 3189 1937 3234 ut

359 3264 571 3320 assidue
600 3266 679 3321 sis
706 3275 943 3322 attentus
970 3268 1236 3331 orationi,
1294 3276 1352 3323 ut
1398 3283 1519 3325 eam
1563 3269 1776 3324 emittas
1822 3270 1939 3327 sine

354 3357 771 3425 intermissione,
790 3368 848 3415 ut
872 3359 1067 3425 sobrie,
1086 3370 1280 3416 etcum
1300 3361 1467 3415 multa
1484 3360 1773 3432 vigilantia.
1794 3361 1940 3434 Vigi-

353 3447 466 3505 lare
485 3459 666 3506 autem
694 3466 800 3506 non
821 3452 944 3508 dico
958 3454 1127 3508 solum
1147 3463 1308 3509 noctu
1323 3454 1640 3524 expergisci,
1660 3453 1753 3510 sed
1776 3455 1936 3510 etiam

354 3538 584 3595 interdiu
596 3541 832 3596 sobrium
856 3544 1041 3598 essein
1068 3540 1349 3615 precibus:
1378 3543 1429 3598 Is
1460 3544 1603 3598 enim
1635 3545 1940 3615 appellatur

350 3631 596 3702 vigilans.
646 3633 826 3689 Potest
862 3637 1004 3691 enim
1048 3653 1168 3693 esse
1198 3646 1255 3692 ut
1285 3638 1402 3707 quis
1431 3647 1590 3692 noctu
1619 3653 1780 3693 orans
1810 3638 1937 3694 dor-

352 3723 503 3789 miat,
549 3733 605 3779 ct
632 3725 861 3781 interdiu
893 3744 997 3782 nou
1027 3743 1187 3783 orans
1226 3728 1450 3799 vigilet,
1478 3729 1692 3799 quando
1727 3731 1937 3786 animus

348 3814 509 3872 fuerit
533 3816 601 3871 ad
640 3818 806 3873 Deum
836 3819 1069 3875 intentus
1089 3821 1324 3891 quando,
1346 3822 1544 3892 cogitat
1565 3838 1682 3877 cum
1705 3839 1808 3893 quo
1834 3823 1947 3877 dis-

346 3917 514 3975 serat,
547 3908 615 3965 ad
655 3926 813 3981 quem
857 3911 1017 3966 verba
1061 3912 1239 3979 faciat,
1286 3912 1498 3982 quando
1524 3913 1572 3967 ci
1602 3913 1653 3967 in
1703 3924 1931 3969 mentem

344 4000 497 4055 venit
520 4000 659 4070 quod
680 4002 854 4073 angeli
877 4002 1087 4058 adstent
1106 4017 1227 4057 cum
1257 4011 1490 4058 tremore
1501 4012 1557 4059 et
1583 4004 1795 4068 timore,
1820 4004 1935 4074 ipse

342 4101 524 4145 autem
554 4091 759 4147 accedit
785 4094 1018 4147 oscitans
1044 4101 1098 4149 et
1123 4108 1182 4149 se
1204 4093 1418 4149 fricans.

422 4180 643 4235 Precum
671 4191 859 4252 quanta
883 4183 949 4237 sit
978 4185 1159 4238 eis.-â€”-
1183 4183 1369 4255 Magna
1391 4201 1538 4240 arma
1568 4197 1686 4241 sunt
1722 4202 1930 4258 preces,

341 4274 389 4327 si
418 4288 540 4328 cum
578 4290 641 4329 ea
671 4291 773 4345 qua
798 4291 893 4345 par
918 4285 1003 4331 est
1028 4287 1207 4332 mente
1237 4280 1384 4334 fiant.
1415 4278 1480 4332 Et
1501 4289 1560 4333 ut
1581 4294 1764 4333 earum
1814 4280 1928 4332 vim

342 4366 635 4434 intelligas,
670 4367 793 4421 hinc
822 4368 1093 4438 perpende
1123 4385 1137 4421 :
1166 4368 1550 4437 impudentiam
1593 4381 1647 4424 et
1677 4370 1925 4440 iniquita-

347 4461 479 4515 tcm,
507 4453 877 4509 crudelitatem
916 4464 972 4508 et
1000 4457 1357 4525 importunam
1404 4455 1676 4510 audaciam
1708 4455 1928 4506 vincunt

343 4544 578 4598 assidua:
608 4558 794 4612 preces
820 4563 833 4597 :
862 4544 1048 4599 Audite
1098 4545 1259 4609 enim,
1297 4545 1485 4615 inquit,
1526 4546 1649 4615 quid
1677 4544 1814 4598 dicat
1836 4544 1931 4614 ju-

342 4636 443 4688 dea:
492 4634 772 4703 iniquitatis
801 4634 951 4705 (Luc.
995 4636 1047 4691 8.
1078 4635 1162 4706 6).
1195 4637 1260 4690 Et
1302 4650 1488 4690 rursus
1529 4636 1748 4690 vincunt
1790 4634 1932 4690 desi-

342 4723 487 4778 diam
524 4741 540 4777 :
573 4733 629 4778 et
653 4726 793 4793 quod
826 4741 931 4779 non
973 4726 1096 4781 fecit
1134 4726 1383 4792 amicitia,
1418 4726 1518 4779 hoc
1545 4725 1754 4779 assidua
1807 4723 1932 4779 fecit

343 4814 711 4883 interpellatio
738 4833 749 4866 :
779 4815 843 4869 Et
866 4818 911 4870 si
929 4834 1028 4870 non
1055 4833 1113 4870 eo
1142 4816 1277 4887 quod
1302 4819 1366 4869 sit
1386 4818 1714 4887 ejusamicus,
1738 4816 1928 4883 inquit,

342 4906 482 4958 dabis
509 4906 575 4968 ei,
606 4905 696 4958 sed
722 4917 885 4959 (auten
916 4918 1122 4976 propter
1150 4908 1258 4977 ejus
1281 4907 1646 4976 impudentiam
1669 4947 1685 4973 ,
1721 4922 1930 4974 surgens

339 4998 482 5052 dabit
507 4999 557 5053 ei
585 4998 739 5069 (Luc.
780 5000 863 5053 Î—.
894 5000 969 5071 8).
1002 5000 1068 5054 Î•Î¹
1106 5015 1223 5055 cam
1276 5016 1392 5069 qua:
1423 5007 1540 5054 erat
1580 4999 1809 5067 indigna,
1844 4997 1930 5051 di-

340 5108 501 5163 gnam
530 5092 656 5148 fecit
704 5094 989 5147 assiduitas
1022 5112 1033 5147 :
1066 5092 1186 5147 Non
1237 5103 1330 5158 est,
1362 5093 1551 5163 inquit,
1584 5092 1770 5145 bonum
1796 5090 1930 5143 acci-

341 5200 464 5250 pere
504 5201 690 5255 panem
719 5185 962 5253 ï¬liorum,
992 5194 1038 5238 et
1074 5184 1210 5238 dare
1234 5183 1460 5238 canibus.
1514 5182 1702 5246 Etiam,
1728 5182 1921 5251 inquit,

345 5276 565 5333 Domine
595 5295 615 5332 :
640 5296 758 5332 nam
785 5288 834 5332 et
853 5280 1010 5333 catuli
1051 5280 1316 5334 comedunt
1345 5296 1373 5333 e
1413 5294 1585 5332 mensa
1609 5276 1927 5330 dominorum

337 5386 552 5426 suorum
575 5370 790 5442 (Matth.
823 5372 910 5428 15.
934 5371 1025 5426 26.
1053 5371 1169 5444 27).

410 5464 465 5519 5.
509 5463 869 5519 Attendamus
913 5478 1041 5533 ergo
1066 5463 1292 5518 orationi
1325 5481 1338 5517 :
1368 5471 1492 5518 sunt
1538 5475 1726 5530 magna
1775 5477 1924 5516 arma

339 5568 554 5624 preces,
600 5555 644 5609 si
677 5553 807 5608 fiant
848 5563 1052 5609 attente
1080 5563 1135 5609 ct
1164 5554 1398 5619 assidue,
1444 5554 1488 5608 si
1542 5552 1745 5623 absque
1783 5554 1924 5607 inani

337 5646 535 5716 gloria,
563 5647 608 5701 si
636 5642 759 5701 cum
817 5663 952 5717 puro
981 5655 1037 5702 et
1082 5648 1295 5702 sincero
1336 5645 1550 5702 affectu.
1577 5645 1757 5701 Oratio
1789 5646 1925 5702 bella

338 5736 559 5806 evertit,
582 5736 696 5807 ipsa
726 5745 940 5807 gentem
972 5738 1232 5810 integram
1263 5748 1318 5794 et
1370 5737 1634 5810 indignam
1668 5738 1926 5795 beneï¬cio

2054 554 2138 591 eos
2192 539 2481 595 liberandos
2524 539 2717 613 (Exod.
2749 541 2803 595 5.
2832 541 2928 610 8):
2955 542 3128 596 oratio
3175 552 3259 598 est
3290 542 3633 614 pharmacum

2053 628 2304 695 salutare,
2325 639 2378 684 et
2403 614 2694 701 prohibens
2723 641 2966 701 peccata,
2987 643 3039 687 et
3066 632 3516 690 medicamentum
3539 637 3634 692 de-

2056 718 2322 773 lictorum.
2355 719 2411 773 ln
2435 735 2497 774 ea
2535 730 2652 775 erat
2684 722 2898 777 assidue
2944 723 3100 777 vidua
3145 724 3234 779 illa
3276 726 3459 780 relicta
3491 729 3625 783 Sola.

2054 811 2187 866 Nam
2211 812 2254 866 si
2284 828 2501 869 oremus
2541 829 2662 868 eum
2697 814 3014 883 humilitate,
3063 817 3106 871 si
3138 826 3322 887 pectus
3352 822 3631 888 pulsantes

2052 915 2106 956 ttt
2139 904 2455 973 publicanus
2475 946 2490 971 ,
2523 906 2567 960 si
2603 920 2665 961 ca
2693 922 2811 976 qua:
2842 908 2929 962 ille
2960 909 3270 977 loquentes,
3299 911 3343 963 si
3365 910 3626 979 dicamus,

2028 992 2178 1081 ,Î•ÎµÎ¹Î¿
2223 996 2475 1067 propitius
2522 997 2647 1051 mihi
2675 999 2925 1068 peccaturi
2958 998 3110 1069 (Luc.
3151 1002 3239 1056 18.
3284 1004 3398 1071 15),
3448 1007 3627 1060 omnia

2050 1102 2462 1159 consequemur.
2506 1089 2637 1145 Nam
2678 1091 2776 1145 etsi
2810 1105 2913 1145 nou
2941 1106 3126 1148 sumus
3155 1094 3439 1162 publicani,
3464 1096 3628 1152 habe-

2051 1193 2169 1233 mus
2194 1180 2294 1235 alia
2318 1189 2535 1250 peccata
2564 1181 2705 1235 illius
2729 1182 2960 1250 peccatis
2990 1198 3094 1236 non
3128 1184 3356 1239 minora.
3389 1186 3465 1241 Ne
3494 1187 3626 1243 mihi

2050 1271 2249 1326 dixeris
2297 1279 2351 1327 te
2400 1273 2451 1328 in
2490 1269 2719 1343 quadam
2752 1288 2908 1344 parva
2942 1290 2999 1329 re
3030 1290 3280 1344 peccasse
3313 1295 3327 1331 :
3369 1293 3453 1333 res
3482 1280 3624 1337 enim

2049 1364 2291 1418 eamdem
2331 1363 2491 1419 habet
2516 1375 2780 1420 naturam.
2810 1365 2961 1422 Sicut
2986 1367 3127 1422 enim
3164 1369 3414 1426 similiter
3433 1372 3624 1428 dicitur
3684 1384 3687 1387 '

2046 1455 2335 1523 homicida,
2366 1465 2420 1512 et
2449 1458 2536 1526 qui
2564 1471 2756 1528 parvos
2787 1474 2980 1528 pueros
3016 1461 3307 1527 interemit,
3338 1472 3394 1519 et
3422 1466 3510 1535 qui
3542 1468 3622 1521 vi-

2045 1561 2164 1601 rum
2189 1563 2205 1601 :
2234 1549 2304 1602 ita
2328 1549 2492 1603 etiam
2521 1559 2604 1606 est
2631 1564 2843 1617 avarus,
2867 1560 2921 1606 et
2942 1554 3030 1622 qui
3062 1554 3112 1607 in
3144 1555 3345 1621 multis,
3365 1566 3418 1612 et
3446 1563 3533 1628 qui
3566 1561 3618 1614 iu

2042 1636 2456 1705 paucis,fraudat
2481 1642 2805 1711 quempiam.
2847 1640 2913 1697 Et
2940 1644 3147 1714 injuria:
3175 1657 3408 1718 acceptae
3436 1665 3619 1704 recor-

2041 1726 2207 1794 datio,
2239 1745 2344 1784 non
2375 1743 2457 1787 est
2484 1746 2723 1801 parvum,
2748 1736 2841 1790 sed
2873 1750 3121 1807 magnum
3148 1751 3425 1806 peccatum
3459 1760 3473 1796 :
3511 1743 3617 1797 Eo-

2040 1834 2155 1872 rum
2183 1825 2322 1876 enim
2344 1824 2429 1890 qui
2452 1823 2657 1895 injuria!
2679 1837 2900 1897 acreptte
2922 1840 3041 1883 sunt
3073 1847 3337 1901 memores,
3366 1835 3460 1889 vite
3500 1848 3616 1890 sunt

2036 1903 2104 1993 ad
2124 1903 2529 1975 mortemUâ€™rov.
2555 1908 2642 1962 12.
2670 1909 2797 1979 23);
2833 1923 2909 1977 et,
2946 1916 3048 1980 Qui
3081 1918 3317 1975 irascitur
3342 1929 3491 1993 fratri
3524 1945 3614 1984 suo

2038 1992 2149 2047 sine
2173 2009 2349 2060 causa,
2379 1998 2474 2051 erit
2515 1999 2758 2055 obnoxius
2778 2004 3020 2072 gelteumt
3065 2008 3277 2079 (Matth.
3396 2017 3524 2087 22);
3559 2029 3613 2075 ct

2035 2084 2124 2152 qui
2183 2096 2336 2142 vocat
2386 2088 2602 2157 fratrem
2650 2107 2803 2148 suum
2846 2094 3044 2152 fatuum
3076 2111 3127 2155 et
3155 2084 3516 2177 insipientem,
3554 2123 3610 2167 ct

2034 2179 2135 2231 alia
2167 2179 2416 2243 plurima.
2455 2181 2892 2240 Reverendornm
2948 2191 3108 2244 etiam
3154 2208 3609 2260 sacramentorum

2037 2271 2330 2340 participes
2356 2287 2540 2329 sumus
2584 2276 2821 2346 indigne,
2849 2289 2899 2334 et
2950 2280 3271 2355 invidemus,
3306 2299 3357 2345 ct
3389 2293 3608 2349 maledi-

2035 2365 2137 2418 ctis
2181 2365 2480 2434 appetimus
2511 2385 2525 2421 :
2555 2369 2769 2439 quidam
2806 2387 2871 2427 ex
2923 2374 3076 2430 nobis
3115 2392 3258 2451 saepe
3303 2384 3462 2437 etiam
3489 2398 3611 2441 sunt

2035 2453 2303 2509 inebriati.
2337 2455 2535 2512 Horum
2585 2474 2717 2514 vero
2748 2465 3160 2537 unumquodque
3211 2470 3382 2538 ipsum
3432 2490 3527 2543 per
3553 2492 3611 2531 se

2033 2544 2227 2601 sufficit
2247 2547 2311 2602 ad
2339 2550 2708 2619 expellendum
2727 2568 2757 2608 c
2777 2569 2942 2625 regno
2968 2572 2983 2611 :
3011 2559 3226 2627 quando
3252 2571 3428 2619 autem
3450 2568 3607 2622 simul

2034 2651 2437 2707 congeruntur,
2491 2657 2778 2712 quamnam
2828 2646 3140 2707 habebimus
3200 2653 3611 2715 defensionem?

2035 2725 2215 2789 Multa,
2256 2744 2286 2784 Î¿
2333 2728 2536 2797 dilecti,
2584 2734 2740 2788 nobis
2783 2751 2919 2807 opus
2946 2749 3027 2793 est
3061 2744 3393 2814 puniitentia,
3444 2750 3607 2806 multa

2032 2819 2295 2886 oratione,
2312 2822 2473 2878 multa
2510 2824 2815 2894 tolerantia,
2836 2830 3000 2885 multa
3018 2834 3352 2901 assiduitate.
3382 2848 3440 2893 ut
3469 2841 3606 2896 bona

2033 2913 2189 2968 nobis
2217 2916 2478 2984 promissa
2527 2920 2791 2987 possimus
2821 2912 3054 2993 assequi.
3081 2926 3329 2986 Dicamus
3359 2947 3486 3004 ergo
3512 2949 3612 2991 nos

2032 3019 2262 3075 quoque,
2294 3004 2562 3075 PrOpitius
2590 3018 2696 3063 esto
2722 3011 2850 3065 mihi
2878 3016 3131 3082 peccotori
3147 3033 3170 3081 ;
3208 3018 3318 3074 imo
3347 3037 3477 3078 vero
3502 3039 3609 3079 non

2034 3095 2204 3150 solum
2248 3096 2507 3161 dicamus,
2531 3098 2626 3153 Sed
2671 3101 2828 3155 etiam
2850 3105 3145 3162 sentiamus
3179 3124 3243 3164 ac
3294 3114 3608 3183 cogitemus,

2033 3194 2088 3240 et
2108 3184 2154 3238 si
2181 3185 2317 3239 alius
2342 3200 2437 3242 nos
2466 3186 2547 3242 sic
2565 3199 2800 3256 accuset,
2830 3206 2900 3246 ne
2928 3193 3242 3252 irascamur.
3262 3200 3476 3258 Audivit
3497 3205 3607 3271 ille,

2037 3275 2157 3331 Non
2182 3293 2295 3331 sum
2322 3279 2448 3333 sicut
2469 3279 2770 3351 publicanus
2796 3283 2930 3352 iste;
2976 3301 3075 3342 nec
3114 3289 3303 3360 iratus,
3336 3295 3429 3350 sed
3460 3312 3609 3353 com-

2035 3377 2263 3439 punctus
2286 3379 2369 3424 est
2397 3388 2410 3423 :
2441 3371 2716 3426 victoriam
2741 3373 2987 3441 obtâ€™nnit,
3013 3387 3065 3433 et
3085 3382 3426 3451 opprobrium
3444 3387 3611 3457 depo-

2033 3460 2160 3513 suit.
2194 3458 2453 3517 lndicavit
2478 3462 2568 3518 ille
2594 3464 2817 3531 vulnus;
2852 3466 2935 3522 hic
2963 3468 3308 3538 pharmacum
3340 3480 3607 3548 quaesivit.
3682 3480 3693 3499 â€™

2034 3551 2281 3607 Dicamus
2308 3567 2455 3624 ergo,
2484 3553 2749 3625 Propitius
2768 3569 2874 3613 esto
2895 3562 3021 3615 mihi
3040 3568 3293 3632 peccatori
3312 3583 3333 3632 Í¾
3361 3570 3454 3625 sed
3481 3581 3535 3627 et
3563 3574 3609 3628 si

2032 3642 2168 3698 alius
2211 3644 2373 3710 dicat,
2403 3660 2471 3701 ne
2519 3647 2882 3719 indignemur.
2926 3651 3020 3708 Sin
3061 3665 3238 3711 autem
3266 3659 3364 3729 ipsi
3391 3660 3605 3732 quidem

2033 3734 2270 3790 dicamus
2296 3736 2363 3791 de
2386 3736 2539 3794 nobis
2567 3740 2703 3794 mala
2731 3741 3157 3812 innumerabilia,
3192 3755 3249 3803 et
3280 3751 3346 3804 ab
3374 3753 3492 3807 aliis
3512 3770 3603 3809 an-

2032 3825 2241 3881 dieutes
2268 3826 2582 3895 irascamur,
2614 3845 2720 3884 non
2744 3842 2821 3887 est
2855 3832 2958 3889 hoc
2986 3836 3168 3907 utique
3214 3818 3486 3897 humilitas
3508 3862 3602 3900 ne-

2032 3934 2136 3988 que
2161 3916 2449 3985 confessio,
2466 3920 2557 3975 sed
2585 3924 2872 3980 ostentatio
2895 3934 2948 3980 et
2964 3926 3134 3983 inanis
3153 3930 3339 4000 gloria.
3360 3934 3607 3991 Ostenta-

2034 4011 2178 4064 tione
2193 4016 2295 4073 est,
2311 4009 2499 4078 inquit,
2514 4011 2750 4081 seipsum
2763 4028 2955 4069 vocare
2968 4027 3297 4086 peccatorem
3311 4021 3571 4080 ?Maxime
3592 4043 3607 4080 :

2033 4098 2346 4153 humilitatis
2387 4098 2530 4153 cnim
2562 4100 2956 4159 existimatione
3001 4104 3244 4177 fruimur,
3294 4110 3347 4165 in
3375 4113 3611 4168 admira-

2032 4192 2175 4247 tione
2204 4190 2482 4257 habemur,
2517 4192 2761 4249 laudibus
2790 4196 3137 4253 extollimur:
3170 4202 3212 4256 si
3245 4218 3372 4258 vero
3414 4204 3482 4261 de
3510 4221 3609 4260 no-

2030 4283 2112 4338 bis
2137 4282 2364 4337 dicimus
2389 4284 2734 4350 contrarium,
2758 4285 3105 4357 dcspicimur.
3126 4291 3480 4358 Quamobrem
3510 4296 3610 4352 hoc

2030 4390 2243 4446 quoque
2269 4374 2493 4430 facimus
2523 4385 2740 4444 propter
2764 4377 3010 4446 gloriam.

2106 4465 2387 4519 Hnrttilitas
2432 4465 2553 4535 quid
2580 4466 2664 4520 sit.
2697 4497 2768 4507 â€”
2793 4467 2929 4534 Quid
2958 4478 3044 4525 est
3087 4480 3263 4525 autem
3301 4472 3610 4531 humilitas?

2033 4556 2228 4611 Prolira
2256 4556 2458 4626 ingesta
2488 4556 2646 4623 ferre,
2672 4567 2943 4626 peccatum
2988 4576 3294 4631 agnoscere,
3323 4564 3463 4619 ferre
3494 4581 3607 4619 ma-

2034 4649 2242 4703 ledicta.
2276 4648 2352 4703 Ne
2380 4648 2479 4702 hoc
2509 4650 2721 4717 quidem
2753 4648 2914 4705 fuerit
2944 4651 3277 4717 humilitatis,
3312 4655 3409 4709 sed
3442 4655 3600 4727 beni-

2028 4731 2115 4801 gni
2142 4730 2304 4784 animi
2334 4737 2387 4784 et
2408 4729 2642 4798 ingenui.
2658 4730 2808 4785 Nunc
2824 4740 3001 4786 autem
3020 4744 3118 4785 nos
3145 4731 3358 4800 quidem
3376 4731 3605 4787 dicimus

2030 4830 2361 4891 peccatores,
2408 4819 2884 4905 indignos,ctâ€™alia
2929 4821 3373 4883 innumerabilia;
3417 4822 3514 4877 sed
3561 4826 3605 4879 si

2026 4911 2146 4981 quis
2170 4910 2304 4965 alius
2329 4910 2481 4965 nobis
2510 4926 2671 4964 unum
2724 4926 2789 4965 ex
2820 4910 2903 4965 his
2929 4911 3165 4981 objiciat,
3194 4926 3335 4981 mgre
3362 4911 3604 4979 ferimus,

2028 5001 2335 5058 efferamur.
2385 5000 2547 5056 Vides
2574 5000 2714 5070 quod
2746 5002 2847 5055 hoc
2877 5016 2982 5056 non
3014 5003 3082 5055 sit
3112 5002 3401 5069 confessio,
3431 5021 3607 5076 neque

2027 5095 2190 5151 animi
2240 5094 2581 5164 ingenuitas?
2612 5093 2797 5149 Dixisti
2848 5094 3075 5165 teipsum
3117 5109 3236 5151 esse
3292 5097 3497 5154 talem:
3540 5116 3608 5154 ne

2029 5186 2295 5252 irascaris,
2336 5185 2378 5240 si
2423 5184 2492 5239 ab
2534 5185 2651 5239 aliis
2679 5185 2729 5239 id
2758 5186 2909 5240 audis
2951 5196 3006 5241 et
3033 5189 3311 5258 argueris;
3342 5204 3463 5244 nam
3511 5190 3603 5243 tibi

2026 5281 2104 5337 sic
2135 5281 2270 5338 levia
2307 5279 2606 5336 redduntur
2627 5290 2865 5351 peccata,
2890 5282 3106 5352 quando
3127 5284 3216 5338 alii
3244 5284 3602 5353 exprobrant;

2027 5375 2127 5430 sibi
2174 5373 2315 5430 enim
2357 5388 2495 5429 onus
2539 5374 2858 5444 imponunt,
2909 5383 2961 5430 te
3006 5382 3183 5430 autem
3225 5375 3485 5430 inducunt
3537 5376 3603 5430 ad

2030 5466 2438 5536 philosophiam.
2474 5466 2611 5520 Audi
2638 5465 2764 5536 quid
2796 5466 2937 5523 dicat
2964 5467 3155 5522 beatus
3183 5466 3367 5530 David,
3394 5466 3606 5536 quando

2024 5573 2145 5612 eum
2180 5557 2562 5614 exsecrabatur
2585 5556 2764 5613 Semei
2797 5576 2812 5613 :
2847 5556 3057 5612 Dimitte
3088 5574 3223 5623 eum,
3251 5557 3458 5627 inquit:
3492 5556 3604 5614 Do-

2025 5649 2187 5703 minus
2214 5648 2260 5702 ei
2288 5650 2561 5715 manaavil,
2590 5657 2644 5703 ut
2671 5649 2831 5705 videat
2850 5651 3183 5704 humilitatem
3200 5665 3361 5702 meam
3385 5659 3468 5704 :et
3489 5654 3605 5704 redâ€”

2022 5741 2104 5795 det
2135 5741 2257 5796 milti
2288 5740 2531 5796 Dominus
2562 5742 2692 5798 bona
2720 5727 2812 5811 pro
2841 5745 2948 5810 eius
2980 5744 3320 5801 exsctrationc
3360 5759 3473 5818 qum
3506 5746 3604 5803 tau
