4088 6208
413 343 503 399 191

420 467 568 521 hodie
609 465 684 534 (2.
731 463 853 531 Reg.
887 461 973 516 ~l6.
1029 460 1114 514 lO.
1161 458 1272 542 12).
1302 457 1389 542 Tu
1423 465 1600 512 autem
1631 455 1699 511 de
1737 465 1787 510 te
1814 454 2000 542 dicens

416 559 624 600 summa
655 544 813 609 mala,
840 543 886 597 si
918 557 1025 596 non
1053 542 1121 595 ab
1141 541 1259 593 aliis
1291 539 1476 594 audias
1517 551 1829 606 magnorum
1861 539 2001 591 viro-

418 655 537 693 rum
565 638 901 708 etjustorum
938 632 1144 700 laudes,
1177 633 1439 688 efferaris.
1481 631 1642 685 Vides
1676 629 1818 700 quod
1863 628 2000 684 ludis

419 731 476 785 in
506 730 663 784 rebus
693 742 804 781 neu
838 725 1092 779 ludicris?
1142 723 1330 778 laudes
1356 723 1498 779 enim
1527 722 1836 792 repellimus
1864 719 2000 773 alia-

418 836 536 874 rum
566 818 776 872 laudum
804 817 1092 880 dcsiderio,
1114 825 1170 870 ut
1201 817 1391 869 iterum
1419 816 1621 884 majora
1649 824 1999 882 assequamur

416 909 682 972 encomia,
717 918 773 962 ut
816 909 866 962 in
897 907 1105 978 majore
1148 908 1443 962 habeamur
1481 906 1854 961 admiratione.
1892 903 2001 959 Nos

420 999 604 1070 itaque
625 1014 731 1055 non
759 999 1110 1055 admittentes
1152 998 1338 1055 laudes
1373 1009 1432 1054 ut
1477 1013 1569 1054 eas
1588 1011 1876 1068 augeamus
1904 998 2005 1051 hoc

427 1142 3603 1167 ww

1064 337 1122 392 S.
1162 332 1439 392 JOANNIS
1472 328 1949 393 CIIRYSOSTOMI
1987 327 2304 388 ARCHIEP.
2338 317 2870 384 CONSTANTINOP.

3577 310 3675 367 192

2098 447 2341 513 facimus,
2363 455 2420 501 et
2457 443 2635 499 omnia
2673 455 2703 494 a
2752 436 2904 492 nobis
2943 434 3076 489 fiunt
3105 431 3174 487 ad
3201 429 3444 501 gloriam,
3470 439 3575 480 nou
3605 423 3672 477 ad

2098 542 2398 597 veritatem.
2422 538 2705 606 Propterea
2727 540 2851 586 sunt
2877 527 3055 584 omnia
3080 524 3281 590 inania,
3298 519 3473 575 omnia
3492 515 3673 571 dubia.

2101 633 2458 703 Quamobrem
2492 644 2621 698 rogo
2649 637 2708 679 ut
2731 637 2872 678 nunc
2899 619 3086 675 saltem
3112 612 3425 671 abstineatis
3453 625 3484 665 a
3509 616 3677 663 matre

2104 728 2364 784 malorum
2413 723 2554 776 inani
2597 718 2764 790 gloria
2787 758 2803 782 ,
2834 723 2890 770 et
2915 713 3101 767 vivatis
3130 721 3186 764 ut
3226 710 3334 764 Deo
3363 706 3533 776 placet
3567 718 3580 758 :
3623 708 3678 754 ut

2108 821 2280 876 futura
2325 827 2538 883 quoque
2568 810 2706 893 bona
2755 818 3169 876 consequamur,
3219 800 3270 855 in
3318 796 3535 854 Christo
3553 792 3679 849 Jesu

2112 909 2337 965 Domino
2365 914 2567 962 nostro.

3618 1150 3683 1160 -4

1695 1192 2044 1260 HOMILIA
2083 1177 2379 1257 xxvn‘r.

425 1335 554 1392 Cn.
581 1336 665 1388 ll.
706 1349 758 1387 v.
786 1334 877 1389 57.
923 1331 1236 1388 Circuierunt
1263 1331 1315 1384 in
1342 1329 1558 1395 melotis,
1585 1328 1639 1383 in
1666 1328 1880 1399 pellibus
1904 1342 1989 1381 ea.

498 1427 679 1499 prinis,
706 1434 923 1497 egentes,
947 1424 1246 1495 angustiati,
1275 1422 1443 1492 afﬂicti
1456 1438 1475 1486 ;
1498 1419 1587 1476 38.
1614 1418 1797 1490 quibus
1816 1417 2002 1487 dignus

498 1535 599 1573 non
626 1527 732 1572 erat
760 1515 1002 1580 mundus;
1030 1516 1083 1568 in
1110 1511 1468 1568 solitudinibus
1499 1519 1744 1577 errantes,
1774 1508 1827 1563 in
1855 1524 2003 1562 mon—

501 1609 650 1668 tibus.
678 1608 730 1661 in
754 1607 1007 1677 speluncis
1033 1615 1081 1659 et
1108 1607 1161 1659 in
1190 1603 1413 1658 cavernis
1443 1611 1609 1656 teme.

502 1703 554 1757 Ι.
594 1701 820 1770 Semper
844 1698 1081 1770 quidem,
1116 1696 1347 1751 maxime
1375 1702 1552 1750 autem
1582 1693 1797 1765 quando
1824 1691 2004 1763 cogito

430 1807 517 1848 res
541 1801 719 1862 gestas
745 1800 1072 1853 sanctorum,
1101 1797 1227 1845 tunc
1252 1786 1383 1842 mihi
1411 1785 1558 1842 venit
1603 1786 1655 1839 in
1681 1794 1916 1840 mentem
1941 1781 2009 1838 de

432 1902 518 1943 me
544 1886 853 1956 desperare,
876 1883 1016 1955 quod
1065 1898 1165 1938 nec
1208 1882 1263 1937 in
1307 1881 1513 1936 somnis
1558 1879 1772 1950 quidem
1804 1878 2010 1949 experti

431 1993 639 2042 sumus,
671 1978 722 2030 in
756 1977 950 2047 quibus
979 1975 1079 2029 viri
1111 1973 1189 2028 illi
1218 1982 1330 2029 toto
1358 1980 1601 2042 tempore
1630 1978 1756 2027 sunt
1782 1970 2007 2038 versati,

432 2084 537 2121 non
570 2076 907 2136 peccatorum
939 2080 1122 2135 poenas
1147 2065 1375 2129 luentes,
1394 2063 1489 2119 sed
1517 2078 1604 2119 res
1621 2063 1788 2118 bonas
1812 2078 1878 2117 ex
1896 2061 2007 2117 vir-

424 2154 537 2201 tute
554 2158 801 2216 gerentes
818 2157 871 2202 et
888 2164 1099 2219 semper
1114 2149 1317 2206 afﬂicti.
1334 2152 1466 2207 Nam
1483 2153 1654 2224 cogita
1673 2152 1801 2209 mihi
1820 2153 2014 2217 Eliam,

437 2238 504 2292 ad
552 2255 710 2309 quem
745 2239 905 2295 hodie
933 2242 1072 2296 redit
1094 2242 1265 2299 oratio
1293 2258 1308 2298 :
1335 2243 1402 2300 de
1432 2245 1523 2300 illo
1556 2245 1699 2299 enim
1739 2243 1825 2299 hic
1853 2243 2014 2311 dicit,

435 2335 754 2389 Circuierunt
809 2335 862 2388 in
908 2335 1126 2400 melotis,
1167 2345 1218 2391 el
1276 2337 1327 2391 in
1377 2351 1500 2392 eum
1549 2336 1803 2393 desinunt
1848 2337 2017 2406 ipsius

437 2422 681 2493 exempla
716 2442 729 2478 :
760 2421 908 2493 quod
934 2432 1051 2479 erat
1080 2423 1345 2480 familiare
1373 2426 1490 2482 istis
1518 2435 1573 2481 et
1610 2427 1906 2497 preprium.
1949 2425 2018 2479 Et

442 2515 754 2570 memoratis
799 2515 1060 2584 apostolis
1105 2515 1251 2586 quod
1300 2517 1354 2571 in
1400 2516 1672 2572 occisione
1707 2516 1869 2587 gladii
1911 2517 2017 2570 sint

441 2606 635 2660 mortui
664 2647 679 2671 ,
721 2604 862 2674 quod
911 2604 1126 2675 lapidati
1152 2647 1167 2671 ,
1209 2607 1453 2662 ascendit
1482 2622 1671 2662 rursus
1701 2606 1766 2663 ad
1797 2606 1970 2660 Eliam
1998 2646 2013 2672 ,

440 2696 530 2761 qui
572 2694 757 2750 eadem
782 2711 900 2764 qua:
927 2695 1026 2765 ipsi
1065 2711 1254 2764 passus
1283 2705 1384 2752 est.
1426 2696 1561 2752 Nam
1602 2697 1857 2767 quoniam
1900 2704 2017 2751 erat

439 2786 732 2842 verisimile
758 2801 851 2841 eos
881 2784 949 2841 de
989 2786 1245 2855 apostolis
1292 2786 1527 2842 nondum
1575 2794 1775 2841 tantam
1817 2801 2014 2842 conce-

443 2882 584 2950 pisse
628 2877 966 2947 opinionem,
997 2877 1065 2932 ab
1104 2893 1170 2933 co
1208 2878 1305 2948 qui
1356 2879 1452 2932 fuit
1497 2887 1834 2948 assumptus,
1862 2886 1917 2933 et
1960 2879 2014 2932 in

442 2968 673 3021 riiaxima
692 2966 903 3021 habitos
923 2976 1005 3021 est
1026 2966 1401 3033 admiratione,
1421 2966 1575 3022 aﬂ'ert
1591 2966 2021 3022 exhortationem

438 3072 492 3111 et
512 3058 957 3112 consolationem.
982 3056 1296 3114 Circuierunt
1318 3059 1483 3126 enim,
1509 3058 1698 3128 inquit,
1727 3057 1779 3111 in
1803 3056 2020 3121 metatis,

437 3148 491 3200 in
521 3148 737 3218 pellibus
766 3148 1013 3219 caprinis,
1043 3158 1265 3221 egentes,
1290 3149 1587 3219 angustiati,
1614 3148 1822 3218 aﬂlicti:
1844 3146 2024 3217 quibus

438 3237 624 3309 dignus
650 3255 751 3293 non
780 3253 889 3293 erat
922 3241 1163 3294 mundus.
1192 3239 1269 3295 Ne
1295 3251 1497 3295 Vestem
1530 3240 1745 3310 quidem
1768 3281 1781 3305 ,
1815 3240 2020 3310 inquit,

439 3328 708 3385 habebant
730 3340 954 3402 propter
978 3347 1242 3386 summam
1275 3331 1623 3387 afﬂictionem
1643 3373 1657 3398 ,
1691 3346 1798 3386 non
1829 3332 2021 3386 civita-

439 3432 564 3488 tem,
596 3438 702 3478 non
732 3422 975 3490 domum,
1005 3439 1110 3479 non
1143 3423 1503 3478 habitaculum
1530 3441 1544 3478 :
1567 3423 1671 3478 hoc
1690 3423 1831 3494 quod
1861 3422 2021 3478 Chri-

435 3522 551 3567 stus
602 3511 844 3578 dicebat,
883 3512 1054 3568 Filius
1100 3523 1270 3567 autem
1320 3514 1541 3568 hominis
1586 3530 1688 3568 non
1740 3512 1887 3567 liabet
1935 3513 2022 3567 ubi

433 3614 589 3672 caput
617 3605 826 3659 reclinet
858 3600 1078 3677 (Matth.
1107 3605 1161 3660 8.
1189 3602 1305 3677 20).
1335 3605 1473 3674 Quid
1502 3605 1644 3671 dico,
1677 3619 1784 3660 non
1813 3603 2020 3659 habita-

434 3696 650 3750 culum?
682 3711 750 3751 ne
794 3697 1081 3752 stationem
1124 3696 1341 3768 quidem
1368 3716 1382 3753 :
1414 3713 1536 3751 nam
1568 3713 1743 3768 neque
1772 3712 1893 3752 cum
1924 3713 2018 3753 ve-

436 3789 645 3845 nissent
673 3790 727 3845 in
759 3791 1101 3847 solitudinem
1127 3832 1141 3856 ,
1171 3792 1407 3862 quietem
1436 3791 1664 3862 agebant
1690 3807 1705 3845 :
1739 3806 1847 3846 non
1873 3791 2017 3846 enim

432 3882 581 3948 dicit,
609 3882 884 3939 Sedebant
915 3885 966 3938 in
997 3884 1304 3950 solitudine,
1330 3883 1425 3939 sed
1451 3891 1507 3939 et
1531 3900 1651 3939 cum
1680 3884 1788 3938 illic
1811 3876 2014 3951 essent,

432 3975 706 4045 fugiebant
734 3986 789 4031 et
817 3978 964 4032 illinc
989 3978 1420 4047 expellebantur,
1449 3994 1553 4032 non
1584 3977 1758 4032 solum
1784 3992 1849 4031 ex
1875 3985 2014 4031 terra

433 4064 692 4128 habitata,
718 4066 811 4119 sed
840 4067 1001 4120 etiam
1023 4084 1089 4122 ex
1118 4067 1469 4123 iuhabitahili.
1523 4068 1587 4122 Et
1618 4069 1669 4122 in
1698 4066 2015 4122 memoriam

430 4155 511 4208 eis
541 4163 757 4208 revocat
784 4155 898 4209 loca
931 4157 982 4209 in
1013 4158 1206 4222 quibus
1237 4158 1494 4213 sederunt
1515 4199 1530 4219 .
1563 4167 1618 4212 et
1646 4172 1734 4212 res
1759 4174 1877 4227 qua:
1909 4157 2017 4212 illic

432 4246 590 4301 facta:
618 4254 743 4301 sunt
769 4263 783 4301 :
814 4245 1055 4318 Egentes,
1079 4248 1270 4318 amicti.
1303 4248 1507 4303 Deinde
1545 4264 1662 4315 vos,
1696 4249 1896 4318 inquit,
1927 4262 2017 4302 ac-

406 4324 621 4394 5cusant
667 4349 889 4409 propter
927 4338 1225 4407 Christum,
1256 4349 1312 4394 et
1363 4338 1464 4393 hoc
1507 4339 1789 4407 patrabant
1825 4348 2013 4394 contra

432 4431 607 4485 Etiam
640 4449 655 4487 :
682 4420 826 4501 quid-
859 4431 1129 4487 habebant
1154 4431 1223 4487 de
1254 4448 1359 4503 quo
1387 4448 1507 4487 cum
1535 4441 1889 4497 accusarent,
1920 4446 2017 4487 cur

428 4524 797 4593 expellerent,
830 4514 1287 4596 persequerentur
1317 4534 1370 4581 et
1397 4541 1519 4581 cum
1550 4526 1687 4580 fame
1715 4524 2013 4580 conﬂictari

427 4628 684 4686 cogerent
698 4614 723 4666 ‘i
740 4615 893 4683 Quod
912 4615 964 4670 bi
991 4632 1205 4687 quoque
1230 4626 1356 4672 tunc
1387 4616 1721 4687 patiebantur
1745 4635 1758 4670 :
1780 4627 2015 4686 propter-

427 4721 491 4759 ea
522 4707 648 4761 alibi
683 4705 921 4773 dicebat,
950 4706 1338 4775 Decreveruut,
1366 4707 1558 4777 inquit,
1583 4708 1801 4762 mittere
1824 4706 1901 4761 eis
1922 4706 2013 4776 qui

426 4798 735 4869 afﬂiguntur
762 4814 828 4856 ex
855 4799 1153 4870 discipulis.
1180 4799 1441 4867 Quantum
1469 4809 1741 4871 suppetunt
1757 4799 1909 4876 alicui
1926 4804 2013 4871 fa-

427 4892 655 4957 cultates,
674 4903 958 4949 statuerunt
1000 4894 1340 4966 unusquisque
1365 4910 1540 4948 eorum
1568 4894 1762 4948 mittere
1779 4893 1831 4946 in
1865 4894 2013 4947 mini-

426 4983 635 5036 sterium
666 4984 1006 5040 habitantibus
1033 4986 1087 5040 in
1109 4984 1297 5040 Iudaea
1326 4985 1569 5056 fratribus
1599 4985 1735 5058 (Act.
1762 4985 1853 5040 11.
1874 4984 1943 5039 29
1964 4986 2007 5055 ).

426 5074 579 5143 Quod
624 5073 816 5130 horum
862 5093 1075 5148 quoque
1130 5088 1266 5134 erat.
1312 5078 1512 5149 Aﬁlicti,
1554 5078 1755 5148 inquit;
1808 5076 1861 5133 id
1906 5086 2009 5144 est,

424 5166 566 5222 male
610 5166 911 5236 patientes,
955 5170 1008 5223 in
1054 5169 1195 5236 viis,
1246 5171 1298 5224 in
1343 5169 1805 5240 periculis:quod
1847 5171 2008 5223 etiam

427 5261 616 5316 horum
645 5271 785 5317 erat.
835 5260 1152 5317 Circuierunt
1181 5271 1379 5327 autem,
1410 5263 1535 5334 quid
1562 5263 1678 5317 est?
1720 5262 1787 5315 lu
1829 5261 2012 5316 solitu-

422 5352 643 5418 dinibus,
676 5352 889 5423 inquit,
918 5363 1145 5408 errantes
1172 5364 1218 5407 et
1246 5355 1499 5410 montibus
1525 5364 1570 5408 et
1597 5356 1651 5408 in
1676 5354 1933 5424 speluncis
1960 5365 2010 5407 et

422 5445 645 5499 cavernis
675 5454 842 5503 teme.
873 5444 1148 5514 Tanquam
1181 5445 1411 5516 fugitivi,
1440 5447 1633 5517 inquit,
1658 5446 2005 5512 circuierunt,

423 5542 471 5586 et
505 5534 595 5602 qui
622 5550 653 5589 e
677 5536 791 5590 suis
817 5537 1051 5606 migrant
1081 5536 1321 5603 sedibus,
1350 5548 1620 5609 tamquam
1642 5538 1733 5609 qui
1767 5539 2005 5610 turpissi-

425 5640 633 5679 morum
666 5628 927 5683 scelerum
966 5636 1091 5683 sunt
1115 5630 1383 5695 convicti,
1427 5640 1697 5698 tamquam
1745 5646 1813 5685 ne
1859 5631 2006 5698 digni

425 5708 639 5777 quidem
684 5713 849 5767 sulem
899 5714 1094 5770 intueri
1123 5754 1140 5781 ,
1171 5730 1237 5771 uc
1265 5731 1329 5770 ex
1359 5716 1645 5776 solitudine
1676 5714 1889 5783 quidem
1919 5715 1998 5770 in-

2112 1334 2371 1377 venerunt
2411 1324 2699 1396 effugium,
2740 1327 2837 1383 sed
2881 1344 3097 1402 semper
3139 1332 3419 1401 Oportebat
3466 1334 3694 1404 fugere,

2109 1416 2390 1485 oportebat
2432 1418 2653 1475 latibula
2698 1436 2978 1492 qumrcre,
3006 1424 3292 1494 oportebat
3333 1441 3395 1479 se
3439 1427 3589 1481 vivos
3635 1428 3689 1483 in

2110 1516 2305 1562 terram
2348 1508 2592 1566 infodere
2617 1554 2632 1579 ,
2677 1528 2895 1584 semper
2936 1529 3058 1569 esse
3104 1518 3154 1570 in
3197 1525 3361 1570 metu.
3395 1517 3487 1571 39.
3527 1515 3592 1571 Et
3636 1518 3690 1571 Iri

2108 1618 2278 1656 omnes
2319 1603 2600 1658 testimonio
2641 1604 2841 1675 probati
2872 1622 2961 1675 per
2987 1607 3139 1675 [idem
3164 1649 3183 1673 ,
3224 1624 3326 1662 non
3368 1609 3689 1662 obtinuerunt

2106 1693 2567 1763 repromissionem,
2594 1695 2685 1749 40.
2714 1693 2825 1749 Deo
2855 1714 2947 1766 pro
2978 1698 3120 1752 nobis
3151 1699 3332 1754 melius
3349 1698 3543 1769 aliquid
3571 1718 3690 1770 pro—-

2107 1785 2320 1851 uidente,
2343 1797 2397 1839 ut
2423 1804 2486 1839 ne
2503 1787 2612 1841 sine
2637 1791 2777 1843 nobis
2797 1803 3289 1847 consummarentur.
3314 1793 3442 1860 Qum
3461 1804 3687 1864 estergo

2106 1890 2312 1938 merces
2338 1885 2501 1932 tanta:
2527 1880 2676 1949 Spei?
2702 1896 2820 1949 qua:
2847 1884 3245 1937 remuneratio?
3273 1884 3438 1938 Tanta
3464 1898 3611 1939 certe
3634 1893 3685 1939 ut

2106 1966 2350 2021 oratione
2377 1966 2603 2037 exprimi
2632 1985 2735 2022 non
2770 1972 2955 2039 possit.
2985 1970 3066 2024 Ea
3096 1974 3237 2025 enim
3260 2013 3272 2032 .
3306 1973 3476 2043 inquit
3503 2014 3516 2037 ,
3551 1990 3686 2043 prte-

2107 2061 2301 2129 paravit
2330 2059 2465 2114 Deus
2490 2058 2814 2132 diligentibus
2841 2078 2978 2127 eum,
3008 2079 3122 2131 quw
3147 2080 3306 2133 neque
3333 2064 3510 2119 oculus
3536 2066 3679 2129 vidit,

2106 2170 2195 2207 nec
2218 2156 2357 2208 auris
2386 2154 2578 2207 audivit
2604 2196 2617 2219 ,
2650 2171 2740 2208 nec
2770 2155 2823 2208 in
2849 2171 2934 2209 cor
2962 2156 3181 2209 hominis
3222 2158 3559 2210 ascenderunt
3587 2160 3604 2225 (
3630 2158 3681 2210 i.

2105 2244 2223 2299 Cor.
2251 2243 2308 2300 2.
2338 2244 2429 2316 9).
2484 2244 2595 2299 Sed
2632 2243 2858 2298 nondum
2901 2256 3222 2316 acceperunt,
3268 2262 3455 2301 verum
3504 2247 3681 2301 adhuc

2104 2344 2436 2404 exspectant,
2465 2350 2587 2390 cum
2619 2335 2674 2389 in
2706 2343 2849 2389 tanta
2878 2335 3212 2390 decesserint
3238 2336 3549 2392 afflictione.
3580 2337 3687 2392 Tot

2103 2436 2228 2480 sunt
2256 2425 2382 2479 anui
2409 2442 2474 2480 ex
2504 2442 2610 2496 quo
2638 2427 2917 2495 vicerunt,
2948 2436 3001 2482 et
3044 2426 3282 2482 nondum
3315 2442 3640 2498 acceperunt
3666 2450 3681 2487 :

2104 2535 2198 2575 vos
2220 2528 2398 2574 autem
2426 2520 2551 2574 dum
2579 2519 2755 2574 adhuc
2776 2521 3015 2588 certatis,
3047 2522 3224 2575 maesti
3250 2521 3414 2576 estis?
3443 2524 3687 2594 Cogitate
3736 2544 3747 2551 ε

2108 2626 2202 2666 vos
2234 2626 2446 2682 quoque
2475 2611 2600 2681 quid
2632 2620 2687 2667 et
2715 2620 2971 2682 quantum
3000 2612 3090 2678 sit,
3121 2612 3313 2667 sedere
3338 2613 3605 2670 Abraham
3633 2625 3687 2671 et

2103 2705 2322 2761 Paulum
2367 2705 2669 2776 apostolum
2714 2714 3090 2775 exspectantes
3141 2706 3357 2775 quando
3416 2715 3469 2761 tu
3522 2707 3684 2763 fueris

2101 2800 2541 2861 consummatus,
2574 2806 2631 2853 ut
2662 2807 2788 2852 tunc
2820 2800 3024 2866 possint
3060 2798 3307 2867 accipere
3352 2800 3680 2877 mercedem.

2101 2891 2255 2957 Nam,
2291 2892 2389 2945 nisi
2420 2906 2517 2945 nos
2546 2905 2763 2960 quoque
2790 2889 3140 2960 adfuerimus,
3177 2891 3425 2959 priedixit
3450 2893 3530 2946 eis
3558 2892 3686 2947 Ser-

2102 2994 2255 3039 vator
2280 2998 2340 3037 se
2367 2998 2472 3036 non
2503 2981 2752 3036 daturum
2781 2997 2794 3033 :
2820 2982 2958 3035 sicut
2980 2982 3024 3034 si
3053 2990 3205 3050 pater
3230 2981 3523 3037 benevolus
3544 2984 3686 3037 dicat

2101 3074 2284 3145 probis
2314 3072 2437 3128 filiis
2460 3082 2516 3127 et
2538 3083 2628 3143 qut
2658 3076 2794 3141 opus
2824 3070 3199 3135 confecerunt,
3220 3086 3280 3126 se
3307 3088 3410 3126 non
3434 3072 3679 3127 daturum

2101 3167 2242 3239 quod
2269 3166 2430 3221 edant
2452 3207 2466 3227 .
2503 3165 2602 3219 nisi
2639 3163 2887 3218 venerint
2918 3177 3105 3216 eorum
3147 3163 3360 3219 fratres.
3395 3164 3471 3217 'fu
3503 3172 3679 3219 autem

2102 3273 2243 3330 a-gre
2274 3258 2381 3314 fers
2407 3256 2549 3328 quod
2584 3255 2885 3310 mercedem
2916 3255 3154 3309 nondum
3200 3255 3516 3323 acceperis?
3546 3256 3681 3323 Quid

2102 3367 2231 3423 ergo
2258 3349 2417 3406 faciet
2444 3349 2595 3413 Abel,
2624 3349 2713 3419 qui
2747 3358 2874 3402 ante
2899 3362 3087 3401 omnes
3116 3346 3277 3411 vicit,
3311 3356 3367 3403 et
3396 3348 3543 3403 sedet
3574 3363 3678 3403 non

2102 3440 2422 3498 coronatus?
2440 3438 2567 3511 quid
2589 3454 2716 3492 vero
2736 3436 2887 3492 Noe?
2907 3435 3033 3506 quid
3054 3435 3110 3501 ii,
3130 3437 3221 3508 qui
3248 3437 3354 3493 illis
3379 3437 3525 3493 fuere
3549 3447 3683 3492 tem-

2102 3536 2352 3607 paribus,
2382 3533 2472 3603 qui
2506 3541 2557 3586 te
2587 3541 2641 3587 et
2670 3547 2766 3586 eos
2790 3530 2881 3602 qui
2918 3541 3040 3599 post
3070 3537 3120 3584 te
3147 3539 3305 3584 erunt
3333 3533 3683 3599 exspectant?

2174 3624 2578 3680 Christianorum
2619 3623 2814 3692 optima
2844 3620 3090 3676 conditio.
3113 3650 3184 3659 —
3216 3619 3377 3675 Vides
3404 3619 3545 3691 quod
3580 3621 3683 3675 illis

2103 3730 2289 3771 smnus
2315 3714 2645 3782 superiores.
2671 3724 2724 3767 et
2750 3711 2940 3767 melior
2966 3711 3035 3765 sit
3060 3719 3245 3765 nostra
3275 3726 3435 3781 quam
3465 3712 3679 3766 illorum

2103 3806 2372 3862 conditio?
2394 3802 2469 3858 De
2487 3803 2628 3857 nobis
2649 3807 2803 3868 enim,
2829 3801 3023 3872 inquit,
3045 3802 3246 3871 aliquid
3259 3802 3437 3856 melius
3451 3803 3682 3871 pm'ridit

2106 3896 2263 3951 Deus.
2286 3895 2365 3950 Ne
2385 3894 2695 3950 viderentur
2707 3894 2849 3949 enim
2871 3907 2993 3947 esse
3014 3891 3250 3947 melioris
3267 3908 3431 3961 quam
3447 3908 3543 3946 nos
3555 3908 3680 3945 eou-

2107 3984 2345 4048 ditionis,
2391 3986 2435 4037 si
2469 3979 2625 4053 primi
2678 3992 3087 4048 coronarentur,
3143 3979 3385 4035 definivit
3432 3978 3680 4032 omnibus

2110 4090 2272 4129 unum
2306 4082 2515 4143 tempus
2558 4088 2908 4137 coronarum;
2951 4081 3004 4127 et
3031 4071 3121 4142 qui
3148 4080 3251 4125 tam
3280 4070 3458 4124 multis
3481 4078 3602 4124 ante
3634 4080 3686 4123 te

2109 4165 2265 4219 annis
2290 4163 2436 4228 vicit,
2458 4171 2630 4218 tecum
2659 4163 2851 4232 accipit
2874 4177 3151 4216 coronam.
3177 4161 3340 4216 Vides
3378 4161 3470 4215 Dei
3499 4175 3680 4216 curam

2109 4264 2164 4310 et
2212 4252 2640 4324 providentiam?
2690 4249 2803 4306 Non
2849 4252 3000 4319 dixit,
3032 4250 3107 4307 Ne
3160 4252 3276 4306 sine
3324 4251 3477 4306 nobis
3524 4266 3681 4305 coro-

2110 4356 2337 4411 nentur;
2396 4344 2512 4410 scd,
2569 4342 2635 4398 Ut
2685 4361 2785 4398 non
2834 4344 2943 4397 sine
2981 4344 3121 4399 nobis
3168 4355 3686 4398 consunnnarentnr:

2110 4438 2289 4508 itaque
2319 4447 2443 4492 tunc
2471 4443 2732 4505 apparent
2776 4435 3023 4504 perfecti.
3067 4435 3467 4491 Praecesserurvt
3491 4436 3541 4490 in
3571 4451 3688 4489 cer-

2112 4528 2434 4594 taminibus,
2490 4524 2585 4581 sed
2655 4542 2759 4579 non
2824 4524 3133 4595 praecedunt
3174 4527 3227 4580 in
3280 4527 3515 4580 Coronis.
3570 4526 3684 4580 Non

2111 4620 2231 4675 illos
2280 4618 2438 4682 lmsit,
2488 4616 2583 4671 sed
2630 4632 2729 4672 nos
2776 4615 3111 4671 honoravit:
3149 4616 3272 4686 ipsi;
3301 4617 3442 4671 enim
3494 4616 3689 4671 fratres

2109 4714 2443 4774 exspectant.
2477 4705 2612 4761 Nam
2663 4706 2708 4760 si
2763 4719 2952 4761 omnes
2998 4721 3183 4761 sumus
3235 4722 3398 4760 llttllttt
3455 4720 3686 4776 corpus,

2110 4799 2319 4853 exsistit
2365 4797 2488 4853 huic
2530 4797 2744 4868 corpori
2791 4796 2964 4867 major
3007 4796 3273 4867 voluptas,
3301 4797 3515 4869 quando
3541 4814 3688 4853 com-

2110 4890 2342 4945 muuiter
2384 4900 2695 4954 coronatur,
2749 4896 2806 4944 et
2851 4903 2958 4943 non
2984 4889 3316 4960 singulatim.
3370 4890 3580 4946 Etenim
3636 4891 3687 4944 in

2112 4980 2213 5034 hoc
2243 4995 2456 5051 quoque
2478 4988 2603 5034 sunt
2621 4979 2752 5050 justi
2774 4978 3141 5046 admirabiles,
3167 4980 3307 5051 quod
3331 4970 3575 5035 Iactantur
3597 4983 3687 5036 ho-

2111 5072 2192 5126 nis
2223 5071 2445 5126 fratrmn
2481 5078 2753 5140 tamquam
2784 5070 2919 5125 suis.
2952 5070 3313 5138 Quamobrem
3346 5072 3448 5128 hoc
3477 5090 3689 5144 quoque

2108 5163 2217 5218 illis
2244 5163 2386 5217 cedit
2412 5178 2476 5217 ex
2507 5163 2671 5217 animi
2700 5163 2781 5217 sui
2813 5164 3101 5226 sententia,
3129 5164 3275 5234 quod
3305 5180 3427 5219 cum
3459 5166 3689 5235 propriis

2110 5253 2367 5308 meinhris
2397 5253 2505 5308 siut
2526 5254 2771 5308 coronati
2799 5270 2810 5307 :
2841 5252 2983 5324 quod
3008 5254 3149 5308 enim
3178 5255 3335 5309 simul
3358 5255 3462 5309 sint
3489 5255 3689 5325 glorifi-

2108 5346 2231 5409 cati,
2256 5361 2446 5415 magna
2475 5356 2557 5401 est
2581 5347 2849 5416 Voluptas.
2890 5345 3042 5419 (Cap.
3073 5347 3161 5417 l9.)
3194 5349 3245 5402 i.
3274 5346 3498 5420 Ideoque
3522 5358 3567 5401 et
3596 5365 3687 5402 nos

2110 5449 2305 5493 tantam
2330 5437 2564 5492 habentes
2590 5438 2881 5502 impositura
2911 5438 3091 5493 nubem
3121 5439 3344 5493 testiunu

2177 5532 2233 5586 2.
2275 5531 2548 5601 Scriptura
2579 5542 2723 5602 saepe
2748 5531 2943 5602 accipit
2972 5533 3396 5587 consolationem
3426 5531 3482 5587 iu
3509 5533 3681 5598 malis,

2105 5640 2137 5679 e
2164 5622 2322 5679 rebus
2350 5641 2467 5695 qua:
2493 5624 2745 5679 accidunt
2772 5641 2785 5679 :
2811 5634 2867 5678 ut
2894 5624 3108 5696 quando
3127 5624 3261 5680 dicit
3288 5627 3543 5698 propheta
3567 5647 3578 5681 :
3603 5626 3684 5682 Ea:

2106 5727 2252 5785 wstu,
2285 5727 2330 5772 et
2358 5716 2567 5785 duritie,
2599 5726 2646 5772 ct
2677 5717 2921 5774 imbribus
2952 5718 3128 5790 eripiet
3159 5728 3206 5774 te
3233 5717 3388 5777 llsai.
3424 5721 3474 5774 4.
3508 5721 3601 5788 ϋ);
3633 5731 3687 5773 et
