4088 6208
317 2869 321 2872 ν
409 2843 610 2913 palis:

414 236 511 293 195

406 362 595 426 David,
629 360 733 415 Per
752 360 886 415 diem
906 360 983 414 sol
1000 374 1102 413 non
1126 369 1235 414 uret
1261 369 1330 425 te,
1354 375 1516 431 neque
1535 362 1659 414 luna
1682 358 1771 430 per
1791 370 1987 412 noctein

404 455 584 526 (Psal.
608 453 736 508 120.
765 453 845 522 6).
873 452 985 507 Iloc
1004 452 1165 507 etiam
1189 451 1447 518 hic-dicit,
1472 446 1614 522 quod
1638 451 1851 507 illorum
1871 467 1987 508 san-

402 559 622 604 ctorum
648 546 973 610 recordatio,
1003 545 1144 600 sicut
1170 544 1340 601 nubes
1367 559 1489 599 eum
1519 544 1611 615 qui
1642 545 1817 600 uritur
1840 563 1868 601 a
1897 561 1985 601 ca-

404 641 599 696 lidiore
625 639 776 694 radio
802 637 1108 703 obumbrat,
1138 637 1209 691 ita
1231 638 1429 692 excitat
1450 646 1501 692 et
1523 650 1733 694 recreat
1753 619 1986 692 aniuiam

402 748 525 803 qua:
552 731 709 785 malis
738 730 971 784 laborat.
1004 729 1072 783 Et
1097 744 1203 783 non
1233 729 1387 795 dixit,
1421 728 1476 784 ln
1503 729 1671 789 altum
1696 743 1863 800 super
1882 746 1987 789 no;

404 826 624 888 elatam,
651 821 768 885 sed,
801 820 965 876 Nobis
990 820 1277 889 impositam
1301 836 1321 874 :
1347 820 1492 890 quod
1519 821 1737 891 quidem
1761 831 1877 877 erat
1898 823 1992 876 illo

402 914 660 984 amplius,
680 921 738 968 ut
757 928 853 983 per
877 911 980 967 hoc
998 910 1328 978 ostenderet,
1348 911 1491 982 quod
1513 911 1671 967 nobis
1691 913 1742 967 in
1763 914 1989 969 circuitu

404 1006 691 1074 impositus
720 1005 890 1076 magis
927 1018 1145 1060 securos
1171 1003 1380 1059 reddet.
1406 1003 1594 1059 Testes
1614 1004 1745 1060 dicit
1767 1021 1874 1065 non
1897 1022 1995 1062 eos

403 1090 581 1145 solum
609 1090 703 1160 qui
734 1099 860 1144 sunt
890 1095 942 1145 in
972 1089 1123 1146 Novo
1144 1132 1158 1156 ,
1200 1083 1296 1146 sed
1343 1094 1506 1147 etiam
1537 1111 1632 1150 eos
1658 1097 1747 1166 qui
1778 1109 1905 1152 sunt
1936 1099 1987 1165 in

406 1178 590 1236 Veteri
619 1197 636 1234 :
665 1194 789 1234 nam
826 1180 928 1250 ipsi
966 1195 1185 1251 quoque
1224 1183 1465 1238 tulerunt
1511 1185 1879 1243 testimonium
1930 1189 1998 1246 de

405 1273 502 1329 Dei
531 1272 903 1343 magnitudine
923 1291 935 1326 :
958 1282 1016 1328 ut
1032 1283 1146 1329 tres
1168 1276 1338 1344 pueri,
1365 1284 1420 1331 et
1446 1277 1613 1345 Elias,
1640 1288 1693 1334 et
1719 1280 1997 1350 propheta:

404 1380 614 1422 omnes.
646 1364 971 1435 Deponentes
997 1382 1146 1421 omne
1186 1369 1410 1437 pondus.
1450 1370 1647 1437 Omne,
1681 1373 1997 1443 quodnam?

405 1455 687 1520 Somnum,
709 1456 1109 1526 negligentiam,
1132 1459 1264 1513 viles
1283 1469 1338 1514 et
1360 1460 1597 1531 abiectas
1617 1464 1994 1534 cogitationes,

405 1547 584 1602 «nimia
605 1548 856 1601 humana.
874 1546 944 1601 Et
966 1549 1299 1604 circumstans
1320 1567 1411 1605 nos
1434 1563 1718 1621 peccatum.
1737 1555 1843 1609 Aut
1854 1556 1996 1626 quod

412 1652 506 1692 nos
530 1636 689 1693 facile
709 1637 1079 1703 circumsistit,
1109 1649 1203 1694 aut
1227 1640 1371 1711 quod
1399 1642 1556 1698 facile
1582 1645 1782 1715 patitur
1807 1656 1867 1701 ut
1886 1642 1993 1702 cir-

413 1730 820 1784 rumvcniatur:
850 1728 953 1785 hoc
980 1740 1158 1786 autem
1193 1733 1368 1802 potius
1399 1752 1412 1788 :
1443 1734 1598 1792 facile
1625 1739 1793 1805 enim,
1829 1740 1873 1793 si
1908 1755 1995 1795 ve-

411 1824 569 1877 limus
587 1864 604 1885 ,
636 1836 921 1893 possumus
943 1839 1202 1895 superare
1228 1837 1532 1895 peccatum.
1567 1827 1670 1884 Per
1697 1832 1996 1901 patientiam

407 1930 674 1967 curramus
695 1915 1007 1985 propositum
1029 1916 1173 1970 nobis
1193 1925 1471 1973 certamen.
1491 1918 1606 1994 ljon
1624 1921 1780 1989 dixit,
1797 1922 1998 1994 Pugue-

408 2019 546 2068 mus,
572 2020 767 2073 neque,
796 2005 1108 2072 Luctemur,
1138 2023 1335 2078 neque,
1366 2010 1574 2065 Bellum
1600 2026 1873 2082 geramus,
1898 2015 1992 2070 sed

405 2098 547 2169 quod
573 2109 694 2154 erat
720 2101 969 2156 omnibus
995 2102 1188 2169 levius,
1213 2118 1409 2174 nempe
1438 2119 1656 2160 cursum
1678 2106 1730 2160 in
1756 2105 1989 2162 medium

404 2192 602 2245 attulit.
651 2190 836 2261 Neque
858 2191 1027 2260 dixit,
1056 2193 1248 2249 Cursui
1276 2194 1593 2265 adjiciamus
1618 2236 1634 2261 ,
1664 2196 1760 2252 sed
1785 2204 1815 2263 ,‘
1835 2196 1892 2251 ln
1928 2212 1994 2252 eo

405 2283 521 2350 ipso
548 2281 915 2339 sustineamus
940 2295 995 2340 et
1026 2286 1415 2355 persistamus,
1446 2303 1514 2343 ne
1540 2287 1989 2345 simus.dissoluti

404 2389 459 2431 et
500 2377 768 2433 enervati.
809 2377 1123 2449 Curramus,
1157 2380 1367 2451 inquit,
1398 2398 1611 2452 agonem
1654 2384 1989 2454 propositum.

409 2471 607 2526 Deinde
633 2471 1017 2526 consolationis
1038 2480 1096 2529 et
1112 2474 1506 2529 exhortationis
1533 2484 1716 2545 caput,
1745 2475 1886 2545 quod
1912 2485 1994 2531 est

402 2575 457 2621 et
487 2566 717 2635 primum
739 2575 793 2621 et
818 2567 1283 2639 ultimum,ponit,
1307 2570 1579 2626 Christum
1606 2590 1619 2624 :
1647 2572 1703 2628 2.
1727 2573 1992 2643 Aspicien-

406 2666 498 2719 tes,
522 2658 715 2728 inquit,
738 2658 792 2712 in
813 2669 1072 2713 auctorem
1095 2660 1217 2729 ﬁdei
1241 2670 1287 2714 et
1314 2674 1769 2717 consummatorent
1792 2662 1991 2717 Iesum.

406 2748 557 2815 Quod
581 2750 698 2818 ipse
717 2764 931 2821 quoque
952 2751 1201 2805 Christus
1222 2752 1439 2807 assidue
1460 2753 1673 2809 dicebat
1699 2755 1811 2809 suis
1834 2755 1997 2810 disci-

661 2842 722 2897 Si
774 2852 969 2914 patrem
1018 2843 1247 2915 fantilias
1290 2843 1574 2899 Beelzebub
1627 2847 1992 2917 appellarunt,

410 2946 601 3005 quanto
627 2936 787 3006 magis
815 2935 1118 3003 domesticos
1145 2922 1256 3007 ejus
1277 2935 1495 3007 (Matth.
1530 2936 1619 2992 10.
1645 2939 1778 3009 9.5)?
1803 2949 1856 2993 ct
1879 2956 1997 2993 rur-

408 3041 541 3095 sus»
554 3024 671 3080 Non
699 3036 772 3080 est
802 3027 1086 3097 discipulus
1113 3044 1271 3098 supra
1299 3027 1618 3099 magistrum,
1647 3046 1803 3100 neque
1823 3047 1996 3084 servus

407 3134 554 3185 super
581 3117 845 3171 deminuat
869 3134 1018 3172 suum
1045 3118 1065 3189 (
1097 3116 1231 3172 Ibid.
1260 3135 1309 3173 υ.
1335 3118 1472 3188 21).
1518 3119 1835 3189 Aspicientes
1864 3163 1879 3184 ,
1913 3121 1994 3176 in.

408 3209 518 3277 quit
546 3225 563 3261 :
597 3209 699 3262 hoc
726 3219 833 3276 est,
866 3218 923 3264 ut
950 3210 1223 3265 discamus
1250 3226 1490 3279 currere,
1524 3211 1807 3267 videamus
1837 3214 1991 3268 Chri-

409 3311 569 3354 stum.
603 3299 756 3356 Sicut
777 3302 920 3356 enim
945 3303 996 3356 in
1027 3302 1279 3357 omnibus
1299 3303 1505 3358 artibus
1532 3313 1586 3358 et
1612 3304 1996 3361 certaminibus

408 3392 475 3445 ad
506 3393 792 3462 magistros
820 3394 1163 3463 aspicientes,
1198 3394 1271 3448 ita
1302 3394 1356 3448 in
1385 3407 1569 3449 mente
1598 3404 1771 3450 artem
1804 3395 1994 3464 impri—

411 3485 640 3549 mimus,
676 3499 773 3554 per
805 3484 1018 3540 ridendi
1061 3484 1369 3542 facultatem
1408 3487 1666 3557 quasdam
1719 3498 1994 3545 sumentes

410 3577 627 3646 regulas
660 3596 675 3632 :
706 3579 778 3633 ita
831 3578 918 3633 hic
967 3593 1220 3649 quoque,
1268 3579 1312 3633 si
1364 3581 1592 3634 velimus
1634 3595 1894 3647 currere,
1942 3592 1996 3636 et

409 3658 619 3717 discere
644 3675 790 3718 recte
816 3679 1053 3733 currere,
1080 3671 1371 3739 aspicimus
1397 3670 1462 3725 ad
1489 3671 1766 3727 Christum
1798 3683 1981 3728 aucto-

410 3766 522 3806 rem
550 3752 674 3809 ﬁdei
710 3765 767 3810 et
804 3769 1292 3815 consummatorem
1319 3761 1524 3818 Jesum.
1555 3762 1693 3831 Quid
1737 3764 1838 3819 hoc
1867 3763 1988 3819 est?

413 3842 469 3896 id
497 3854 581 3899 est
601 3885 615 3906 ,
646 3845 761 3915 ipse
787 3849 944 3903 nobis
970 3849 1126 3905 fidem
1152 3851 1373 3919 indidit,
1401 3856 1514 3924 ipse
1541 3856 1861 3926 principium
1884 3856 1986 3911 de-

410 3934 507 3989 dit.
555 3935 710 4004 Quod
739 3939 950 3996 dicebat
985 3941 1233 3998 Christus
1261 3944 1541 4016 discipulis
1569 3964 1583 4001 :
1617 3945 1740 4001 Non
1778 3963 1864 4002 vos
1912 3964 1993 4003 me

409 4028 650 4098 Plegistis,
677 4034 766 4085 sed
796 4049 886 4103 ego
909 4032 1040 4106 elegi
1064 4052 1153 4091 vos
1177 4036 1358 4110 (Joan.
1385 4040 1474 4095 15.
1503 4039 1616 4113 16).
1648 4040 1844 4096 Paulus
1869 4051 1996 4111 quo-

411 4134 516 4208 que
546 4120 678 4177 dicit
704 4141 719 4177 :
750 4122 1223 4199 Tunccognoscam
1250 4133 1379 4187 sicut
1406 4143 1454 4189 et
1493 4136 1724 4207 cognitus
1752 4151 1863 4190 sum
1893 4133 1913 4208 (
1938 4135 1990 4189 1.

412 4206 646 4267 emis.
679 4212 808 4286 η).
839 4215 898 4271 sa
941 4226 1121 4274 autem
1165 4220 1278 4291 ipse
1309 4224 1465 4280 nobis
1506 4206 1758 4296 imposuit
1785 4206 1996 4298 princi-

416 4301 594 4370 pium,
620 4302 738 4374 ipse
762 4321 983 4379 quoque
1010 4311 1167 4367 nobis
1197 4308 1355 4368 linem
1387 4316 1633 4386 imponit.
1682 4318 1781 4385 Qui
1808 4335 1997 4390 propo-

413 4392 512 4449 sito
533 4393 631 4448 sibi
653 4396 844 4467 gaudio
869 4399 1109 4455 sustinuit
1128 4418 1346 4469 crucem,
1367 4408 1665 4479 confusione
1688 4419 1993 4482 contempta.

417 4482 533 4539 Hoc
559 4495 641 4541 est
666 4528 684 4553 ,
716 4488 1005 4546 licebat'ei
1044 4492 1178 4549 nihil
1221 4496 1363 4565 pati,
1395 4497 1439 4552 si
1485 4498 1743 4556 voluisset
1774 4520 1787 4556 :
1824 4518 1996 4573 neque

415 4580 560 4633 enim
591 4591 869 4648 peccatum
892 4582 1039 4651 fecit,
1070 4600 1247 4658 neque
1273 4590 1522 4646 inventus
1543 4602 1626 4647 est
1649 4593 1807 4649 dolus
1828 4595 1880 4649 in
1905 4608 2000 4650 ore

414 4669 533 4738 ejus
562 4670 729 4743 (lsai.
756 4674 847 4730 55.
880 4675 954 4749 0)
981 4694 995 4732 :
1024 4677 1162 4734 sicut
1190 4679 1309 4750 ipse
1336 4696 1552 4753 quoque
1577 4683 1707 4739 dicit
1736 4685 1787 4739 in
1818 4685 2000 4740 Evan-

414 4762 569 4831 geliis
595 4781 609 4818 :
651 4765 793 4820 Venit
824 4770 1009 4823 mundi
1026 4771 1281 4841 princeps,
1313 4784 1359 4827 et
1384 4774 1437 4827 in
1466 4792 1543 4829 me
1563 4791 1663 4829 non
1689 4776 1835 4832 habet
1858 4778 2001 4848 quid-

414 4872 569 4925 quam
600 4856 780 4929 (Joan.
809 4860 900 4916 14.
927 4863 1043 4933 50).
1073 4865 1203 4920 Erat
1230 4882 1358 4938 ergo
1384 4867 1433 4922 ei
1464 4877 1771 4940 promptum
1790 4913 1805 4937 ,
1834 4871 1877 4924 si
1906 4886 2000 4927 vo-

424 4947 616 5003 luisset
643 4964 747 5004 non
776 4953 959 5008 venire
984 4956 1049 5008 ad
1077 4972 1290 5013 crucem
1317 4976 1330 5012 :
1360 4956 1664 5014 Potestatem
1703 4960 1843 5016 enim
1869 5002 1885 5028 ,
1913 4962 1998 5016 in-

418 5041 553 5109 quit,
576 5041 737 5095 habeo
758 5045 981 5112 ponendi
1003 5049 1225 5101 animam
1247 5066 1430 5111 meum,
1457 5060 1506 5103 et
1531 5061 1824 5120 potestatem
1844 5053 2002 5108 habeo

420 5145 599 5184 rursus
627 5133 908 5204 recipiendi
936 5152 1045 5191 eam
1075 5136 1253 5207 (Joan.
1292 5140 1375 5195 10.
1410 5140 1520 5211 18).
1551 5141 1627 5215 (a)
1669 5141 1723 5198 Si
1755 5159 1882 5215 ergo
1911 5146 2002 5216 qui

425 5221 649 5278 minime
695 5238 919 5282 necesse
954 5226 1183 5284 habebat
1224 5232 1460 5303 crucifigi
1481 5275 1496 5298 ,
1530 5246 1748 5306 propter
1776 5251 1875 5292 nos
1908 5237 2004 5293 fuit

422 5316 709 5373 crucifixus
736 5335 751 5372 :
778 5328 978 5387 quanto
1007 5324 1174 5395 magis
1205 5339 1300 5392 par
1324 5335 1407 5380 est
1437 5335 1494 5381 ut
1522 5343 1621 5383 nos
1649 5329 1825 5385 omnia
1857 5329 2007 5386 forti-

425 5416 508 5460 ter
541 5407 816 5464 feramus?
844 5410 945 5478 Qui
972 5415 1253 5482 proposito,
1287 5417 1490 5487 inquit,
1513 5419 1608 5472 sibi
1631 5422 1818 5491 gaudio
1846 5422 2005 5476 susti-

423 5500 534 5552 nuit
562 5516 761 5553 crucem
787 5542 802 5566 ,
832 5504 1134 5574 confusione
1166 5516 1471 5573 contempta.
1501 5509 1637 5577 Quid
1675 5521 1755 5568 est
1773 5553 1789 5581 ,
1818 5512 2010 5584 Confu-

503 5660 583 5724 (ιι)
603 5659 813 5715 Grandis
829 5662 906 5713 hic
921 5662 1079 5716 hiatus
1102 5673 1179 5720 est
1200 5667 1249 5718 in
1272 5668 1487 5723 Colbert.

1218 238 1286 297 IN
1322 238 1532 297 EI’IST.
1578 240 1667 295 AD
1706 238 2067 298 ΠΕΒΠΛΕΟΞ.
2106 243 2260 300 (Ἀρ.
2303 249 2414 304 XII.
2458 251 2691 309 IIOMIL.
2735 254 2960 313 XXVIII.

3574 262 3669 321 illi

2093 363 2234 419 sione
2262 372 2595 440 contempta?
2619 369 2965 441 Probrosam,
2998 376 3198 446 inquit,
3228 379 3388 451 elegit
3419 392 3664 439 mortem.

2095 453 2223 510 Esto
2248 459 2389 512 enim
2412 460 2663 530 ,,inquit,
2697 472 2781 518 est
2807 473 3092 533 mortuus;
3136 483 3234 525 cur
3282 472 3674 543 ignominiose?

2094 545 2210 601 Nan
2237 559 2459 618 propter
2482 551 2646 615 aliud,
2675 569 2835 624 quam
2859 572 2958 612 nos
2983 558 3205 626 docens,
3231 571 3288 617 ut
3307 564 3532 633 gloriam
3556 581 3675 634 quae

2094 639 2162 693 ab
2204 639 2506 696 hominibus
2544 643 2702 699 datur
2737 646 2887 702 nihili
2915 648 3194 708 ducamus.
3226 653 3521 724 Propterea
3550 672 3674 713 cum

2095 746 2201 784 nun
2222 742 2364 786 esset
2392 743 2607 802 peccato
2629 737 2923 807 subjectus,
2950 756 3066 796 eam
3090 744 3271 814 elegit,
3300 746 3555 801 erudiens
3576 763 3676 803 nos

2099 833 2153 876 ut
2182 822 2440 878 adversus
2462 840 2578 879 eam
2606 827 2776 881 simus
2797 829 3029 887 audaces
3055 874 3069 897 ,
3101 844 3154 889 et
3180 851 3296 891 eam
3330 838 3483 894 nihili
3510 838 3678 895 facia-

2099 927 2238 967 mus.
2259 913 2435 981 Quare
2461 931 2565 972 non
2589 916 2743 980 dixit.
2769 919 3014 989 Tristitia,
3045 924 3136 979 sed
3166 925 3516 998 Confusione?
3537 931 3681 998 Quo-

2102 1006 2244 1058 niam
2277 1020 2381 1059 non
2415 1006 2530 1061 hrcc
2561 1008 2765 1079 ferebat
2794 1027 2913 1066 cum
2947 1016 3180 1071 tristitia.
3223 1019 3351 1084 Quis
3390 1029 3566 1076 autem
3611 1022 3681 1077 sit

2100 1094 2220 1182 finis
2240 1095 2363 1149 audi
2392 1114 2406 1150 :
2428 1096 2591 1167 Atque
2610 1099 2662 1153 in
2682 1100 2891 1155 dextera
2910 1104 3043 1158 sedis
3067 1105 3162 1159 Dei
3185 1108 3338 1162 sedet.
3359 1109 3518 1166 Vides
3546 1129 3683 1182 pra:-

2087 1180 2252 1235 mium
2282 1184 2634 1240 certaminis?
2658 1186 2813 1253 Quod
2848 1188 3046 1249 Paulus
3077 1209 3292 1267 quoque
3318 1180 3563 1259 scribens
3587 1205 3669 1261 di-

2084 1273 2159 1328 cit
2189 1290 2202 1327 :
2239 1272 2459 1342 Propter
2481 1275 2619 1345 quod
2645 1286 2691 1330 et
2720 1276 2859 1333 Deus
2886 1280 3039 1335 istum
3064 1291 3479 1361 superexaltauit,
3504 1304 3553 1349 et
3577 1297 3670 1349 do-

2082 1366 2222 1418 narit
2250 1364 2329 1418 illi
2357 1381 2556 1429 nomen,
2597 1368 2735 1437 quod
2781 1378 2852 1423 est
2893 1389 3045 1442 super
3086 1391 3233 1431 omne
3274 1395 3477 1447 nomen,
3516 1395 3574 1438 ut
3614 1386 3668 1441 in

2087 1457 2287 1510 nomine
2311 1456 2435 1512 Iesu
2467 1474 2613 1513 omne
2642 1477 2775 1531 genu
2802 1463 3039 1532 ﬂectatur
3068 1465 3330 1541 (Philipp.
3362 1473 3416 1526 9..
3450 1474 3503 1530 9.
3535 1475 3603 1531 10
3626 1476 3666 1548 ).

2089 1547 2229 1602 Dicit
2249 1548 2390 1618 quod
2413 1560 2496 1605 est
2522 1552 2813 1607 secundum
2836 1570 3076 1612 carnem.
3103 1561 3274 1630 Atque
3300 1566 3530 1621 maxime
3553 1547 3670 1637 qui-

2086 1637 2249 1704 dem,
2295 1641 2504 1695 etiamsi
2552 1643 2756 1697 nullmn
2807 1656 2950 1701 esset
3002 1653 3336 1721 propositum
3389 1656 3668 1727 prmmium

2088 1733 2417 1800 certaminis,
2449 1734 2727 1791 sufficeret
2770 1741 3074 1809 exemplum
3125 1744 3189 1798 ad
3238 1750 3669 1815 persuadendum

2092 1834 2149 1879 ut
2187 1826 2366 1880 ontnia
2409 1838 2590 1881 nostra
2624 1839 2816 1896 spente
2845 1835 3236 1890 sustineremus
3267 1855 3280 1891 :
3315 1855 3458 1896 nunc
3485 1852 3666 1898 autem

2092 1915 2247 1970 nobis
2272 1917 2431 1971 etiam
2462 1931 2837 1987 proponuntur
2863 1928 3101 1991 prasmia,
3135 1944 3239 1981 non
3267 1933 3539 2000 qualibet,
3572 1936 3667 1990 sed

2090 2020 2281 2076 magna
2323 2018 2377 2061 et
2419 2008 2726 2065 ineffabilia.
2775 2011 3138 2081 Quamobrem
3169 2034 3266 2073 nos
3295 2037 3509 2093 quoque
3547 2040 3666 2079 cum

2090 2097 2292 2167 aliquid
2320 2100 2426 2154 tale
2457 2101 2596 2169 passi
2628 2103 2907 2171 fuerimus,
2938 2118 3062 2161 ante
3092 2112 3368 2176 apostolos
3396 2114 3671 2173 Christum

2088 2189 2407 2257 cogitemus.
2431 2190 2638 2258 Quare?
2663 2192 2797 2259 Quia
2821 2203 2926 2249 tota
2950 2197 3066 2266 ejus
3101 2199 3205 2253 vita
3238 2202 3391 2271 plena
3420 2203 3519 2259 fuit
3545 2198 3674 2261 con-

2093 2279 2329 2332 tumeliis
2358 2297 2370 2331 :
2405 2295 2618 2350 semper
2644 2284 2785 2337 enim
2818 2286 2957 2342 male
2981 2289 3259 2359 audiebat,
3289 2303 3347 2348 ut
3373 2298 3463 2366 qui
3494 2312 3662 2353 voca-

2092 2380 2243 2423 retur
2262 2368 2516 2435 furiosus,
2541 2372 2794 2429 seductor
2816 2384 2870 2430 et
2893 2380 3279 2451 praestigiator;
3309 2394 3362 2439 et
3384 2388 3674 2458 aliquando

2093 2460 2307 2530 quidem
2330 2461 2580 2517 dicebant
2601 2464 2792 2532 Judzei,
2826 2466 2926 2521 llic
2946 2485 3046 2524 non
3066 2482 3139 2526 est
3163 2488 3195 2526 a
3216 2473 3362 2541 Deo;
3391 2477 3676 2548 aliquando

2092 2560 2292 2614 autem,
2326 2550 2483 2633 Non,
2512 2553 2601 2608 sed
2621 2557 2815 2610 seducit
2846 2559 3055 2627 turbas;
3083 2572 3137 2617 ct
3166 2579 3353 2622 rursus
3372 2610 3388 2633 ,
3419 2567 3672 2624 Seductor

2094 2641 2184 2697 ille
2210 2643 2406 2697 dicebat
2433 2631 2601 2699 adhuc
2625 2647 2953 2713 vivensJ’ost
2973 2658 3071 2707 tres
3096 2654 3201 2708 dies
3225 2631 3504 2729 resurqam.
3537 2662 3677 2716 Prai-

2094 2732 2369 2803 stigiarum
2396 2749 2610 2806 quoque
2650 2747 2703 2792 et
2744 2742 2964 2809 magica:
3011 2745 3142 2798 artis
3189 2761 3310 2801 eum
3354 2751 3675 2808 accusabant

2094 2825 2335 2881 dicentes
2363 2843 2375 2879 :
2405 2823 2471 2879 In
2504 2826 2781 2883 Beelzebub
2809 2833 2945 2901 ejicit
2972 2833 3224 2890 dwritonia
3277 2838 3465 2910 (Joan.
3497 2842 3551 2898 9.
3586 2844 3672 2900 lb’.

2096 2927 2143 2970 et
2168 2917 2221 2971 7.
2254 2916 2344 2983 l2;
2377 2917 2565 2975 Matth.
2587 2919 2678 2973 27.
2709 2922 2798 2976 os.
2824 2924 2871 2977 el
2899 2924 2985 2978 te.
3008 2926 3102 2999 ιλιι)
3131 2946 3141 2980 ε
3169 2939 3223 2983 et
3250 2933 3390 2998 quod
3421 2935 3680 2991 insnnirct
3762 2925 3768 2937 '

2097 3015 2154 3063 et
2183 3009 2405 3063 haberet
2433 3010 2759 3067 dmmonium
2789 3034 2802 3067 :
2839 3014 2961 3070 Non
2993 3019 3114 3074 bene
3139 3022 3452 3092 dicebamus,
3484 3029 3676 3098 inquit,

2096 3099 2233 3171 quod
2258 3100 2404 3155 habet
2432 3102 2741 3158 daemonium
2770 3118 2819 3160 et
2847 3109 3038 3163 insanit
3080 3110 3274 3181 (Joau.
3308 3117 3397 3171 10.
3421 3119 3493 3172 20
3514 3121 3576 3189 )⁴1
3616 3122 3681 3178 Et

2101 3193 2216 3247 lucc
2241 3191 2310 3246 ab
2338 3192 2447 3249 illis
2476 3194 2758 3260 audiebat,
2784 3213 2906 3253 cum
2948 3216 3044 3255 eos
3084 3194 3363 3260 beneficiis
3402 3209 3637 3266 afficeret
3664 3255 3679 3275 ,

2103 3285 2359 3340 miracula
2390 3284 2613 3355 faceret,
2648 3288 2743 3343 Dei
2776 3305 2938 3360 opera
2969 3294 3300 3359 ostenderet.
3332 3298 3461 3354 Nam
3490 3303 3535 3357 si
3561 3304 3709 3375 qni-_

2103 3375 2222 3431 dem
2254 3376 2386 3431 nihil
2416 3377 2617 3433 faciens
2649 3378 2765 3434 haec
2790 3381 3038 3448 audiret,
3073 3385 3206 3440 nihil
3237 3398 3382 3445 esset
3410 3390 3548 3447 adeo
3579 3396 3683 3449 mi-

2103 3484 2258 3523 rum:
2283 3469 2328 3524 si
2353 3479 2531 3525 autem
2573 3470 2776 3527 docens
2813 3490 2933 3544 qua:
2962 3466 3249 3545 pertinent'
3268 3480 3335 3535 ad
3383 3485 3683 3554 veritatem,

2104 3560 2359 3617 audiebat
2388 3577 2447 3618 se
2473 3565 2652 3619 vocari
2677 3566 3037 3635 seductorem,
3067 3580 3123 3624 ct
3143 3570 3417 3629 daemones
3439 3575 3683 3646 cjiciens,

2103 3653 2355 3709 audiebat
2373 3670 2433 3709 se
2459 3655 2658 3725 probro
2677 3659 2856 3726 appeti
2878 3660 3020 3728 quod
3044 3659 3267 3717 haberet
3288 3664 3610 3732 damnantem.
3633 3680 3685 3725 et

2106 3760 2453 3815 quaecumque
2478 3755 2633 3800 crant
2659 3750 2925 3802 contraria
2955 3754 3519 3817 evertens,dicebatnr
3551 3775 3687 3829 βησ-

2105 3834 2352 3904 stigiator
2375 3854 2389 3889 :
2410 3851 2565 3905 quam
2597 3837 2840 3894 mirabile
2862 3839 2987 3895 illud
3009 3842 3129 3896 est?
3158 3842 3359 3900 llorum
3388 3849 3530 3902 enim
3562 3865 3685 3905 eum

2106 3926 2322 3981 assidue
2346 3928 2687 3983 accusabant.

2108 4040 2117 4044 ·
2184 4019 2240 4075 3.
2278 4017 2336 4074 Si
2360 4017 2441 4072 vis
2463 4023 2642 4070 autem
2681 4013 2866 4068 audire
2907 4012 3130 4067 dicteria
3174 4020 3230 4067 et
3252 4012 3532 4069 irrisiones
3556 4031 3689 4086 quas

2114 4111 2169 4166 in
2197 4125 2319 4168 eum
2346 4108 2679 4174 emittebant,
2699 4105 2840 4176 quod
2863 4114 3076 4160 nostros
3098 4104 3330 4163 maxime
3351 4107 3562 4163 mordet
3585 4108 3697 4164 ani-

2114 4217 2251 4269 mos,
2283 4200 2404 4256 audi
2438 4200 2663 4270 primum
2694 4212 2724 4251 a
2744 4211 2979 4268 genere:
3005 4195 3127 4250 Non
3156 4207 3229 4250 est
3268 4197 3368 4260 hic,
3410 4196 3601 4267 inquit,
3626 4199 3689 4267 fi-

2113 4298 2212 4351 lius
2239 4296 2389 4366 fabri,
2414 4294 2561 4365 cujus
2581 4307 2675 4345 nos
2694 4291 2921 4344 nouimus
2947 4297 3139 4358 patrem
3161 4298 3208 4341 et
3235 4289 3486 4341 matrem?
3524 4305 3692 4344 nonne

2114 4388 2296 4458 fratres
2316 4388 2425 4458 ejus
2453 4401 2627 4439 omnes
2647 4381 2786 4453 apud
2812 4397 2902 4435 nos
2922 4388 3037 4434 sunt
3059 4378 3273 4449 (Matth.
3310 4380 3394 4434 l5.
3419 4378 3508 4449 55)
3532 4380 3556 4431 '!
3577 4388 3629 4433 et
3658 4394 3689 4434 a

2115 4478 2284 4550 patria
2311 4492 2431 4532 eum
2460 4476 2791 4530 ludificantes
2820 4471 3067 4525 dicebant
3094 4484 3217 4525 eum
3264 4482 3384 4523 esse
3412 4484 3479 4522 ex
3521 4466 3689 4523 Naza-

2114 4570 2253 4626 rcth.
2283 4569 2346 4623 Et
2367 4581 2585 4622 rursus:
2615 4563 2903 4634 Interroga,
2931 4562 3118 4632 inquit,
3146 4570 3192 4614 et
3213 4561 3325 4614 vide
3345 4558 3480 4631 quod
3503 4574 3567 4612 ea:
3586 4556 3692 4613 Ga-

2111 4662 2249 4716 lilwa
2278 4675 2378 4712 non
2409 4657 2570 4728 surgit
2611 4654 2858 4725 praplteta
2905 4651 3084 4725 (Joan.
3130 4652 3189 4704 7.
3233 4649 3439 4720 59.):ct
3486 4648 3691 4704 ferebat

2111 4768 2231 4805 cum
2264 4749 2347 4804 his
2378 4753 2724 4819 appeteretur
2748 4740 3147 4827 caltimniis.‘Et
3175 4754 3362 4794 rursus
3392 4738 3639 4793 dicebant
3668 4754 3685 4792 :

2112 4843 2294 4895 Annon
2317 4840 2435 4893 dicit
2457 4837 2727 4906 Scriptura
2749 4833 2887 4905 quod
2904 4849 2966 4887 ea:
2983 4831 3239 4886 Bethleem
3255 4831 3362 4883 vico
3382 4831 3513 4883 venit
3534 4829 3657 4885 Chri
3670 4858 3688 4869 ς

2109 4942 2218 4985 stus
2256 4929 2362 5001 (Ib.
2391 4945 2439 4983 υ.
2472 4927 2602 4997 49.)?
2629 4927 2718 4981 Vis
2747 4928 2909 4981 etiam
2944 4922 3131 4977 audire
3170 4921 3449 4975 irrisiones
3492 4921 3687 4992 quibus

2111 5022 2163 5076 in
2192 5035 2314 5076 eum
2337 5019 2436 5074 sub
2473 5019 2586 5089 ipsa
2627 5032 2792 5072 cruce
2817 5012 3138 5070 utebantur?
3176 5011 3456 5068 illudentcs
3481 5013 3678 5067 adora-

2113 5113 2240 5168 bant
2260 5126 2404 5180 cum,
2433 5120 2487 5166 et
2526 5108 2893 5180 percutiebant
2929 5116 2984 5162 et
3020 5104 3278 5176 colaphos
3299 5104 3682 5176 impingebant,

2110 5202 2495 5272 dicebantque:
2522 5201 2620 5255 Dic
2642 5201 2784 5256 nobis
2807 5199 2919 5271 quis
2933 5207 3005 5253 est
3024 5200 3111 5270 qui
3129 5210 3174 5254 te
3189 5198 3468 5271 percussit?
3489 5205 3543 5253 et
3561 5211 3685 5250 ace-

2068 5308 2081 5316 ‘
2113 5306 2222 5351 tum
2251 5293 2546 5351 offerebant
2564 5294 2635 5359 ei,
2664 5293 2901 5348 dicentes
2924 5310 2938 5349 :
2962 5290 3026 5349 Si
3045 5309 3096 5347 es
3116 5291 3286 5347 Filius
3310 5293 3418 5356 Dei,
3441 5288 3687 5347 descende

2108 5389 2174 5444 de
2201 5405 2346 5444 cruce
2380 5385 2592 5459 (Matth.
2624 5383 2713 5440 26.
2744 5383 2832 5439 68.
2860 5394 2907 5437 et
2932 5383 3021 5437 27.
3045 5384 3159 5453 40).
3190 5383 3454 5437 Pra-ferca
3497 5396 3684 5439 servus

2108 5495 2323 5552 quoque
2347 5478 2615 5549 pontificis
2642 5474 2790 5532 dedit
2831 5474 2880 5531 ei
2909 5474 3142 5544 alapam,
3186 5482 3239 5527 ct
3266 5470 3427 5524 dicit:
3463 5471 3525 5525 Si
3555 5472 3686 5529 atate

2108 5573 2350 5641 loquutus
2386 5587 2519 5636 sum,
2575 5568 2908 5624 testintonium
2949 5564 3154 5637 perhibe
3190 5564 3253 5617 de
3279 5562 3450 5618 malo:
3471 5563 3514 5617 si
3540 5562 3682 5628 bene,

2070 5728 2077 5733 ι
2108 5662 2232 5734 quid
2259 5678 2337 5718 me
2363 5658 2515 5716 credis
2546 5658 2725 5733 (Joan.
2756 5657 2842 5714 18.
2864 5656 2994 5731 25)?
3019 5656 3086 5713 Et
3109 5653 3396 5713 irridentes
3418 5656 3687 5726 imposue-
