4088 6208
432 274 522 328 18ἴὶ

429 406 554 453 runt
582 396 632 453 ei
669 394 1030 471 chlamydem,
1075 401 1130 471 et
1170 400 1431 465 spuerunt
1460 392 1511 445 in
1544 392 1661 460 ejus
1701 391 1923 456 faciem;
1954 403 2008 448 et

431 495 751 548 teutationes
773 491 820 546 ei
845 466 1057 559 semper
1082 466 1425 552 adhibebant,
1453 500 1573 540 eum
1602 495 1890 558 tentantes.
1920 487 2007 542 \‘is

428 584 589 638 etiam
621 582 802 637 videre
843 579 1232 641 accusationes,
1282 592 1403 647 qua:
1439 577 1598 639 clam,
1640 593 1759 647 quae
1807 578 2003 647 palam,

427 694 546 746 qua:
575 677 734 730 etiam
762 673 831 728 ab
857 673 985 741 ipsis
1009 671 1205 726 fiebant
1230 668 1542 738 discipulis?
1567 668 1710 723 Nunt
1730 678 1775 724 et
1797 685 1902 736 vos,
1928 671 2008 724 in-

427 767 561 836 quit,
589 766 735 818 vultis
764 761 939 816 abire?
967 772 1039 824 et,
1075 761 1397 815 Dtentonium
1435 761 1585 815 habes
1612 760 1792 831 (Joan.
1827 761 1882 816 6.
1914 762 2004 818 68.

427 870 474 912 et
501 860 554 912 7.
585 857 704 927 20),
736 856 1014 910 dicebatur
1042 854 1111 908 ab
1138 855 1202 908 iis
1228 854 1318 924 qui
1355 854 1465 923 jam
1505 854 1867 909 crediderant.
1912 855 2005 909 Die

425 961 603 1006 autem
633 949 784 1015 mihi,
815 963 994 1002 nonne
1024 948 1138 1017 ipse
1153 962 1365 1017 quoque
1382 961 1595 1016 semper
1620 945 1875 1014 fugiebat,
1896 946 2000 1001 ali-

425 1041 638 1113 quando
668 1040 881 1111 quidem
910 1041 962 1095 in
994 1039 1287 1105 Galilaeam,
1315 1037 1603 1108 aliquando
1624 1046 1801 1093 autem
1831 1039 1884 1093 in
1912 1039 2005 1094 Ju-

425 1134 635 1190 daeam?
663 1149 841 1187 annon
871 1133 938 1186 ab
967 1131 1100 1202 ipsis
1130 1129 1449 1185 ineuitabilis
1472 1129 1572 1183 fuit
1597 1128 1761 1184 multa
1792 1128 2003 1199 appeti-

427 1239 514 1281 tus
536 1224 862 1280 tentatione?
884 1239 1062 1278 annon
1085 1238 1231 1288 eum,
1273 1237 1394 1276 cum
1423 1230 1566 1277 esset
1593 1222 1787 1289 infans,
1832 1231 2006 1278 mater

425 1317 646 1372 deduxit
672 1316 722 1369 in
743 1314 1068 1385 Egyptum?
1095 1313 1319 1382 Pr0pter
1339 1311 1455 1367 lucc
1469 1312 1646 1367 omnia
1664 1313 1793 1368 dicit
1814 1328 1831 1367 :
1854 1313 2004 1382 Aspi-

424 1410 606 1463 cientcs
637 1410 691 1461 in
717 1418 972 1461 auctorem
1002 1407 1120 1477 ﬁdei
1149 1416 1195 1462 et
1223 1415 1675 1462 consummatorem
1701 1405 1897 1473 .lesum,
1916 1408 2004 1476 qui

428 1493 686 1561 proposito
708 1494 801 1547 sibi
826 1495 1013 1563 gaudio
1042 1496 1277 1549 sustinuit
1306 1512 1522 1562 crucem,
1553 1497 1849 1563 confusione
1871 1513 1996 1549 con-

424 1590 633 1653 tempta,
663 1593 812 1653 atque
839 1583 892 1637 in
922 1584 1127 1637 dextera
1155 1586 1289 1640 sedis
1312 1584 1411 1640 Dei
1431 1589 1586 1640 sedet.
1617 1587 1696 1641 Ad
1725 1603 1845 1642 eum
1871 1603 1999 1659 ergo

421 1674 741 1743 aspiciamus
768 1685 817 1730 et
835 1675 900 1730 ad
922 1677 968 1745 ej
978 1692 1038 1731 us
1058 1675 1364 1746 discipulos,
1389 1677 1625 1748 legentes
1641 1694 1758 1750 qua:
1777 1694 1995 1748 perpes-

421 1778 513 1817 sos
539 1775 617 1817 est
642 1765 852 1827 Paulus.
879 1776 931 1822 et
957 1767 1231 1822 audientes
1253 1783 1375 1822 eum
1401 1768 1664 1824 dicentem
1689 1788 1704 1824 :
1727 1770 1795 1824 In
1838 1772 1998 1825 multa

420 1857 686 1925 patientia,
701 1859 751 1912 in
769 1859 1188 1926 tribulationibus,
1207 1864 1256 1913 in
1274 1861 1719 1928 necessitatibugin
1735 1878 1999 1931 persequu-

421 1949 658 2014 tionibus,
679 1951 728 2003 in
745 1952 1010 2020 angustiis,
1031 1952 1081 2004 in
1099 1952 1283 2022 plagis,
1300 1952 1724 2019 iucurceribus,in
1740 1953 1998 2008 seditioni-

417 2046 537 2106 bus,
550 2043 601 2095 in
604 2042 849 2108 jejuniis,
865 2042 917 2094 in
943 2040 1234 2106 laboribus,
1249 2042 1303 2095 in
1325 2042 1590 2107 castitate,
1607 2041 1661 2095 in
1681 2041 1900 2095 scientia
1915 2041 1992 2108 (2.

416 2130 538 2185 Cor.
553 2135 603 2186 6.
623 2131 761 2201 4-6);
781 2142 831 2186 et
846 2147 1057 2198 rursus,
1075 2132 1992 2203 Usqueadhanchoramesurimuset

416 2222 649 2284 sitimus.
662 2223 1059 2286 etnudisumus,
1072 2233 1123 2279 et
1134 2221 1991 2294 colaphisctrdimur,etinstabiles

416 2326 612 2374 sumus,
643 2320 690 2364 et
717 2310 1003 2364 laboramus
1029 2320 1291 2380 operantes
1332 2309 1560 2364 manibus
1594 2310 1812 2363 nostris:
1837 2308 1997 2362 mule-

417 2401 653 2467 dicimur,
702 2410 747 2454 et
791 2401 1162 2464 benedicimus;
1208 2401 1633 2471 persequutionem
1663 2399 1904 2470 patimur,
1930 2409 1996 2467 ~et

417 2493 752 2555 sustinemus;
781 2491 1208 2561 blasphemamur,
1238 2501 1285 2545 et
1327 2491 1647 2545 obsecramus
1690 2489 1765 2561 (ι.
1787 2488 1908 2544 Cor.
1938 2490 1991 2545 5.

419 2583 589 2636 11-15
608 2581 651 2653 ).
682 2583 944 2638 Passusne
971 2591 1053 2636 est
1080 2582 1364 2653 quispiam,
1392 2580 1477 2637 vel
1505 2580 1777 2636 minimam
1803 2579 1993 2636 horum

418 2674 661 2742 partem?
689 2673 983 2744 Tamquam
1028 2672 1360 2739 seductores,
1389 2671 1581 2741 inquit,
1615 2679 1882 2736 tamquam
1908 2670 1995 2726 in-

417 2766 610 2830 fames,
659 2776 927 2836 tamquam
958 2764 1090 2819 nihil
1141 2763 1402 2818 habentes
1454 2762 1533 2834 (2.
1572 2761 1691 2819 Cor.
1731 2762 1786 2818 6.
1822 2763 1915 2832 8):
1942 2771 1997 2819 et

420 2871 628 2921 rursus,
661 2857 706 2910 Α
743 2855 942 2910 Judazis
982 2855 1244 2926 quinquies
1269 2854 1642 2926 quadragenas,
1669 2871 1775 2909 una
1804 2857 1990 2921 minus,

419 2947 590 3016 accepi
610 2965 628 3012 ;
656 2957 731 3000 ter
749 2947 901 3016 virgis
921 2963 1079 3001 ctesus
1098 2963 1237 3011 sum:
1253 2947 1406 3000 semel
1421 2947 1677 3012 lapidatus
1692 2962 1803 3004 sum
1817 2963 1837 3011 ;
1852 2956 1997 3001 nocte

419 3049 468 3095 et
493 3040 574 3093 die
596 3039 648 3092 in
680 3039 932 3119 profundo
956 3038 1109 3091 utaris
1133 3037 1231 3107 fui,
1253 3038 1373 3090 etin
1396 3037 1657 3091 itineribus
1677 3053 1831 3108 stcpe,
1863 3038 1995 3107 nmio

420 3132 685 3198 ctionibus,
709 3132 962 3201 angustia,
991 3129 1128 3201 [ante
1150 3129 1226 3203 (2.
1256 3128 1377 3185 Cor.
1412 3131 1497 3185 11.
1523 3128 1740 3197 24-26).
1768 3131 1833 3185 Ει
1852 3130 1994 3200 quod

402 3225 536 3279 ‘bmc
564 3224 672 3278 Deo
702 3222 994 3291 placerent,
1023 3222 1146 3278 audi
1175 3238 1296 3278 eum
1323 3222 1623 3279 dicentem:
1660 3221 1876 3293 Propter
1901 3223 1996 3277 hoc

419 3326 493 3370 ter
522 3315 792 3369 Dominum
836 3315 1032 3384 rogavi,
1073 3323 1117 3367 et
1140 3314 1267 3367 dixit
1294 3314 1451 3368 mihi:
1491 3313 1688 3383 Sufﬁcit
1716 3313 1803 3368 tibi
1830 3315 1996 3383 gratia

418 3425 565 3462 nica:
588 3409 745 3462 virtus
773 3407 903 3461 enim
935 3422 1042 3458 mea
1063 3406 1115 3458 in
1140 3406 1432 3474 inﬁrmitate
1466 3405 1745 3473 perﬁcitur.
1777 3404 1997 3475 Propter

417 3499 573 3571 quod.
605 3499 794 3569 inquit,
824 3497 997 3565 placeo
1028 3497 1153 3550 mihi
1181 3497 1235 3549 in
1262 3495 1639 3564 inﬁrmitatibus
1663 3496 1805 3562 meis,
1829 3496 1882 3550 in
1910 3499 1997 3567 af-

417 3589 746 3662 ﬂictionibus,
769 3589 819 3641 in
849 3586 1246 3653 necessitatibus,
1279 3586 1333 3640 in
1361 3584 1629 3657 angustiis,
1658 3585 1711 3641 in
1738 3585 1921 3656 plagis,
1944 3586 1998 3639 in

417 3681 723 3747 carceribus,
750 3690 817 3750 ut.
830 3680 883 3735 in
910 3694 989 3734 me
1014 3678 1255 3734 inhabitet
1281 3678 1437 3732 virtus
1459 3677 1645 3734 Christi
1666 3676 1744 3747 (2.
1763 3675 1882 3733 Cor.
1906 3675 1994 3731 12.

420 3774 474 3829 8.
498 3774 551 3829 9.
582 3774 692 3845 l0).
721 3772 857 3828 Audi
880 3779 1057 3826 autem
1087 3770 1261 3841 ipsum
1281 3783 1496 3841 quoque
1521 3767 1789 3824 Christum
1810 3767 1997 3822 dicen-

420 3876 564 3921 tem:
600 3864 664 3918 ln
713 3864 902 3920 mundo
927 3862 1242 3934 aﬂlictionem
1269 3860 1512 3916 habebitis
1541 3858 1720 3931 (Joan.
1754 3859 1840 3914 16.
1879 3857 1995 3927 3'5).

419 3958 474 4015 ὅ.
516 3959 827 4029 Recogitate,
860 3959 1049 4027 inquit,
1081 3974 1213 4024 eum,
1242 3958 1329 4027 qui
1366 3958 1517 4012 talem
1548 3957 1786 4011 sustinuit
1815 3972 1847 4009 a
1878 3972 1999 4027 pec-

418 4047 670 4100 catoribus
695 4046 930 4099 adversus
955 4048 1120 4115 ipsum
1139 4047 1607 4112 contradictionem,
1634 4056 1687 4100 ut
1710 4062 1776 4100 ne
1799 4045 1989 4115 defati-

420 4136 606 4208 gemini
629 4134 812 4187 animis
837 4136 1010 4187 vestris
1040 4135 1346 4200 deﬁcientes.
1375 4135 1504 4190 Jure
1534 4136 1726 4190 merito
1751 4137 1867 4189 haec
1900 4133 1997 4189 ad-

421 4226 558 4282 didit
582 4243 596 4281 :
622 4239 744 4278 nam
769 4223 812 4278 si
836 4224 1200 4292 proximorum
1228 4237 1327 4277 nos
1346 4224 1583 4277 excitant
1602 4224 1996 4293 perpessiones,

427 4313 596 4385 ipsius
626 4310 835 4366 Domini
861 4307 1237 4381 perpessiones
1264 4317 1518 4379 quantam
1550 4307 1706 4363 nobis
1727 4321 1833 4362 non
1864 4323 2009 4378 prae-

427 4407 630 4464 bebunt
651 4404 815 4462 animi
843 4402 1210 4475 alacritatem?
1235 4400 1361 4473 quid
1396 4401 1551 4456 nobis
1581 4415 1688 4456 non
1717 4398 1915 4455 faciet?
1941 4399 2010 4456 Et

426 4500 552 4559 vide
577 4496 851 4570 quomodo
881 4496 1300 4567 pranermittens
1321 4492 1502 4549 omnia
1528 4491 1730 4560 dicere,
1762 4506 1856 4563 per
1879 4506 2011 4548 eon-

430 4593 802 4649 tradictionem
840 4598 1010 4645 totum
1036 4586 1391 4658 significavit:
1420 4587 1558 4641 ictus
1582 4587 1725 4641 enim
1753 4584 1808 4641 in
1836 4585 2007 4656 genis,

428 4687 620 4751 risum,
648 4681 1024 4745 contumelias,
1052 4679 1517 4750 exprobrationes,
1550 4676 1847 4747 irrisiones,
1893 4677 2012 4733 luce

426 4778 607 4833 omnia
647 4774 902 4833 indicavit
949 4787 1046 4843 per
1095 4769 1575 4826 contradictionem
1609 4786 1625 4824 :
1657 4784 1834 4839 neque
1878 4782 2010 4824 vero

428 4868 606 4923 solum
635 4868 746 4933 illa,
779 4866 873 4923 sed
899 4875 955 4921 et
979 4879 1098 4935 qua:
1127 4866 1340 4919 fuerunt
1369 4861 1422 4916 in
1468 4862 1714 4916 universa
1755 4862 1878 4916 vita:
1907 4860 2009 4916 do-

427 4960 620 5019 ctrina.
670 4959 794 5013 llaec
826 4960 1005 5029 igitur,
1036 4954 1392 5020 dilectissimi,
1424 4969 1636 5024 semper
1679 4963 2007 5025 reputemus,

428 5059 482 5103 et
501 5056 657 5103 noctu
680 5056 733 5103 et
752 5047 982 5102 interdiu
1006 5046 1058 5101 in
1086 5045 1282 5100 animis
1301 5044 1500 5099 nostris
1525 5060 1818 5111 versemus,
1839 5046 2011 5100 scien-

430 5151 508 5198 tes
534 5141 675 5212 quod
699 5138 894 5195 istbinc
911 5154 1100 5210 magna
1119 5137 1437 5208 reportaturi
1465 5152 1652 5191 sumus
1681 5136 1840 5203 bona,
1874 5135 2009 5191 mul-

429 5244 645 5304 tamque
672 5231 795 5286 inde
819 5232 1103 5286 utilitatem
1132 5232 1473 5300 recipiemus.

500 5324 688 5380 Christi
708 5322 1052 5394 perpessiones
1068 5324 1121 5377 in
1148 5323 1440 5376 memoriam
1466 5321 1783 5375 revocandw.
1805 5349 1879 5361 —-
1895 5319 2007 5374 Ma-

425 5433 588 5488 gnum
621 5417 785 5481 enim,
820 5429 1009 5470 revera
1038 5428 1286 5485 magnum
1337 5422 1465 5468 sunt
1512 5414 1764 5470 solatium
1811 5412 2012 5469 Christi

429 5510 804 5579 perpessiones
824 5516 879 5563 et
897 5507 1268 5578 perpessiones
1289 5506 1674 5577 apostolorum.
1700 5507 1848 5562 Adeo
1865 5522 2010 5563 enim

427 5601 632 5663 sciebat
660 5602 798 5657 hanc
825 5603 965 5657 viam
997 5602 1208 5656 virtutis
1233 5616 1352 5657 esse
1383 5602 1682 5667 meliorem,
1716 5610 1848 5656 utet
1870 5601 2006 5670 ipse,

429 5692 519 5763 qui
551 5708 614 5748 ea
640 5709 745 5750 non
774 5694 985 5766 egebat,
1027 5708 1147 5750 eam
1184 5695 1252 5749 sit
1293 5693 1564 5765 ingressus
1584 5696 1607 5755 ;’
1626 5694 1763 5752 adeo
1808 5692 2008 5755 sciebat

1142 268 1202 324 S.
1229 267 1507 326 JOANNIS
1544 268 2014 326 CllRYSOSTOlil
2047 266 2356 324 .\RClllEP.
2395 263 2924 322 CONSTANTINOP.

3582 253 3673 309 196

2098 389 2460 443 afﬂictimnem
2506 388 2718 458 iuvare.
2751 395 2809 439 ut
2833 400 2952 455 qum
2983 383 3151 453 magis
3191 383 3259 439 sit
3287 398 3445 439 causa
3485 385 3677 454 quietis

2098 494 2152 538 et
2178 484 2534 539 remissionis.
2565 482 2701 537 Audi
2729 482 2872 536 enim
2904 479 3078 549 ipsum
3093 477 3367 533 Christum
3388 479 3676 534 dicentem:

2100 576 2163 632 Si
2198 579 2311 649 quis
2352 594 2452 631 non
2483 576 2630 631 tollat
2668 591 2868 628 crucem
2911 589 3077 636 suam,
3109 581 3157 627 et
3183 589 3262 626 me
3289 582 3546 642 sequatur,
3577 590 3679 628 non

2097 680 2169 724 est
2196 685 2275 723 me
2303 670 2490 739 dignus
2527 666 2741 738 (Matth.
2775 665 2864 720 10.
2895 664 3014 733 38).
3045 665 3125 718 Ac
3152 664 3196 717 si
3226 664 3463 719 diceret:
3490 663 3546 718 Si
3595 679 3675 731 es,

2097 762 2294 833 inquit,
2325 761 2642 831 discipulus,
2686 760 2896 814 imitare
2923 757 3263 827 Magistrum;
3298 756 3401 811 hoc
3426 756 3568 811 enim
3595 767 3680 811 est

2095 853 2366 923 discipuli.
2383 852 2440 909 Si
2461 862 2638 907 autem
2668 852 2783 921 ipse
2800 850 3013 920 quidem
3030 849 3175 903 venit
3190 863 3285 919 per
3302 846 3675 914 afﬂictionem,

2098 952 2155 998 tu
2175 954 2354 1000 autem
2376 960 2472 1014 per
2487 945 2720 1014 quietem
2746 950 2801 995 et
2826 941 3218 1004 remissionem,
3248 954 3353 993 non
3379 939 3567 994 eadem
3592 940 3675 994 via

2096 1033 2397 1106 ingrederis
2419 1049 2521 1104 qua
2553 1033 2644 1088 ille
2671 1042 2756 1088 est
2782 1032 3076 1101 ingressus,
3104 1029 3201 1085 sed
3239 1029 3364 1083 alia.
3393 1029 3677 1096 Quomodo

2095 1142 2223 1198 ergo
2247 1126 2492 1196 sequeris
2523 1141 2625 1180 non
2653 1123 2921 1196 sequens?
2947 1122 3217 1194 quomodo
3258 1137 3319 1178 es
3358 1123 3674 1194 discipulos,

2093 1234 2201 1275 non
2227 1234 2459 1289 sequens
2498 1215 2849 1288 Magistrum?
2890 1215 3003 1270 Hoc
3034 1215 3229 1269 Paulus
3256 1228 3470 1284 quoque
3503 1213 3632 1268 dicit
3659 1230 3674 1268 :

2095 1311 2209 1367 Nos
2229 1313 2442 1381 inﬁrmi,
2471 1326 2556 1366 vos
2577 1320 2746 1365 autem
2774 1313 2959 1381 fortes;
2991 1324 3085 1362 nos
3110 1307 3369 1377 ignobiles,
3400 1322 3487 1361 vos
3506 1317 3675 1360 autem

2093 1403 2287 1458 nobiles
2318 1403 2401 1471 (1.
2433 1402 2552 1459 Cor.
2585 1402 2641 1456 4.
2667 1400 2778 1473 10).
2805 1402 2912 1454 Aut
2938 1400 3208 1470 quomodo
3229 1406 3313 1453 est
3335 1397 3527 1451 rationi
3548 1411 3676 1451 con-

2093 1501 2410 1548 seutaneum
2435 1506 2533 1547 nos
2559 1490 2797 1546 animleri
2820 1489 3112 1553 contraria,
3131 1494 3186 1545 et
3206 1503 3305 1544 vas
3323 1487 3537 1557 quidem
3555 1501 3676 1542 esse

2094 1583 2408 1653 discipulos,
2444 1598 2542 1637 nos
2567 1593 2746 1637 autem
2774 1581 3096 1651 magistros?
3117 1580 3302 1649 Magna
3329 1594 3457 1651 ergo
3479 1595 3566 1634 res
3592 1589 3670 1634 est

2090 1672 2329 1739 afﬂictio,
2360 1688 2395 1727 ο
2420 1673 2635 1727 dilecti:
2659 1674 2767 1726 duo
2795 1672 2940 1727 enim
2985 1669 3171 1736 efficit,
3201 1685 3375 1740 eaque
3417 1670 3671 1735 maxima,

2089 1772 2144 1820 et
2168 1773 2383 1834 peccata
2415 1764 2580 1829 delet,
2607 1772 2662 1819 et
2690 1762 2814 1816 facit
2843 1762 3010 1817 fortes
3035 1770 3091 1817 et
3119 1762 3387 1817 robustos.

2072 1882 2081 1897 ε
2154 1851 2212 1900 4.
2258 1845 2397 1913 Quid
2445 1862 2595 1911 vero,
2644 1847 2836 1916 inquit,
2877 1848 2922 1903 si
2963 1846 3215 1904 everterit
3241 1857 3298 1904 et
3327 1848 3662 1918 perdiderit?

2084 1936 2202 1993 Non
2227 1936 2333 1992 hoc
2364 1936 2490 1993 facit
2516 1936 2757 2004 afﬂictio,
2780 1926 2875 1994 sed
2902 1948 3084 1994 nostra
3112 1940 3337 2010 ignavia.
3360 1939 3664 2007 Quomodo,

2083 2018 2294 2100 inquit?
2323 2028 2378 2085 Si
2408 2029 2573 2084 sobrii
2600 2029 2788 2095 simus,
2820 2031 2863 2084 si
2899 2031 3061 2083 Deum
3089 2042 3340 2099 rogemus
3371 2040 3426 2083 ut
3456 2045 3559 2083 non
3587 2031 3664 2084 si-

2084 2132 2178 2178 nat
2203 2136 2301 2177 nos
2333 2122 2523 2176 tentari
2556 2121 2671 2191 plus
2695 2137 2853 2191 quam
2884 2119 3024 2177 ferre
3051 2121 3339 2191 possimus,
3370 2121 3415 2176 si
3446 2121 3493 2175 ei
3521 2135 3661 2176 sem-

2087 2229 2184 2285 per
2211 2213 2507 2271 beereamus
2528 2256 2544 2281 ,
2577 2213 2782 2269 fortiter
2809 2213 3064 2269 stabimus
3084 2214 3216 2269 etin
3241 2212 3374 2269 acie.
3401 2213 3664 2282 Quamdiu

2085 2321 2206 2362 cum
2244 2306 2588 2362 habuerimus
2617 2304 2915 2374 adiutorem
2937 2347 2954 2370 ,
2980 2305 3191 2360 etiamsi
3217 2303 3465 2359 omnibus
3490 2304 3666 2358 ventis

2085 2399 2453 2455 vehementius
2490 2399 2742 2468 spirarint
2770 2398 3124 2463 teutationes,
3152 2406 3312 2452 erunt
3334 2397 3491 2453 nobis
3516 2397 3667 2468 palea

2085 2500 2141 2548 et
2163 2490 2347 2546 folium
2376 2491 2518 2562 quod
2561 2490 2751 2547 leviter
2790 2500 2845 2547 et
2888 2500 3089 2546 temere
3118 2490 3307 2546 fertur.
3349 2489 3486 2546 Audi
3529 2491 3672 2545 Pau-

2086 2584 2196 2639 lum
2227 2584 2489 2639 dicentem
2526 2601 2539 2637 :
2572 2580 2640 2637 In
2660 2584 2739 2637 his
2764 2585 2996 2637 omnibus
3025 2597 3355 2653 superamus;
3378 2592 3432 2638 et
3458 2596 3666 2649 rursus,

2087 2676 2339 2733 Existimo
2365 2677 2497 2730 enim
2523 2675 2657 2745 quod
2683 2692 2782 2729 non
2806 2685 2922 2728 sunt
2948 2673 3215 2745 condigna:
3233 2673 3493 2744 passiones
3514 2674 3669 2744 Iutjus

2088 2769 2325 2839 temporis
2362 2768 2430 2822 ad
2470 2769 2697 2838 futuram
2726 2765 2942 2837 gloriam
2972 2781 3086 2836 qua:
3113 2765 3413 2819 revelabitur
3438 2765 3491 2817 in
3525 2763 3669 2818 nobis

2089 2861 2265 2935 (Rom.
2294 2860 2347 2916 8.
2378 2860 2466 2916 '57.
2498 2869 2543 2914 et
2572 2859 2692 2930 18);
2725 2871 2778 2914 et
2805 2873 3012 2923 rursus,
3063 2857 3131 2912 Id
3168 2857 3302 2927 quod
3339 2858 3392 2912 in
3436 2859 3670 2926 prtesenti

2087 2965 2161 3011 est
2204 2963 2609 3008 momentaneum
2651 2962 2698 3006 et
2741 2953 2846 3006 leve
2889 2952 3230 3005 tribulationis
3270 2960 3475 3017 nostris,
3517 2968 3670 3019 supra

2088 3044 2293 3098 modum
2308 3051 2549 3098 teternum
2565 3041 2743 3112 gloria:
2759 3041 2955 3111 pondus
2971 3050 3211 3111 aperatur
3228 3041 3280 3095 in
3302 3040 3442 3095 nobis
3455 3040 3532 3110 (2.
3551 3040 3666 3095 Cor.

2098 3135 2143 3190 1.
2177 3133 2287 3206 ίὸ).
2322 3133 2454 3188 Vide
2491 3142 2684 3204 quanta
2722 3120 2990 3202 pericula,
3022 3132 3295 3203 naufragia
3317 3173 3330 3195 ,
3365 3136 3669 3203 frequentes

2088 3228 2424 3290 afﬂictiones,
2466 3236 2521 3282 et
2546 3242 2666 3296 qua:
2693 3234 2817 3280 sunt
2862 3224 3189 3295 bujusmodi,
3219 3235 3375 3280 vocat
3405 3226 3540 3279 levia
3572 3244 3585 3278 ε
3615 3235 3672 3281 et

2089 3320 2342 3375 tumulare
2368 3317 2507 3372 hunc
2533 3317 2868 3372 adamantem
2899 3316 3000 3371 hoc
3029 3330 3257 3386 corpore
3295 3316 3485 3372 leviter
3507 3328 3560 3372 et
3589 3326 3671 3371 te-

2089 3424 2240 3466 mere
2276 3409 2539 3464 indutum.
2586 3407 2660 3464 Es
2702 3409 2755 3462 in
2787 3407 3144 3478 paupertate?
3184 3407 3278 3462 sed
3309 3423 3413 3461 non
3445 3408 3497 3462 in
3528 3416 3673 3462 tanta

2089 3511 2284 3573 quanta
2316 3500 2511 3556 Paulus
2531 3542 2546 3567 ,
2578 3501 2667 3570 qui
2698 3514 2820 3554 cum
2850 3501 3016 3566 fame,
3056 3500 3141 3554 siti
3170 3510 3223 3554 et
3266 3500 3507 3555 nuditate
3535 3515 3667 3555 eon-

2088 3593 2389 3649 ﬂictabatur
2418 3609 2431 3645 :
2463 3608 2568 3647 non
2591 3593 2732 3647 enim
2762 3607 2923 3645 unum
2951 3592 3091 3647 diem
3121 3591 3224 3647 hoc
3244 3602 3326 3647 est
3347 3608 3551 3663 passos,
3574 3594 3669 3647 sed

2088 3696 2348 3759 perpetuo
2391 3685 2492 3743 hoc
2536 3684 2852 3755 patiebatur.
2904 3685 3052 3741 Unde
3100 3685 3200 3741 hoc
3241 3687 3487 3741 constat?
3533 3686 3669 3739 Audi

2089 3795 2212 3835 eum
2254 3778 2519 3833 dicentem
2557 3794 2570 3831 :
2606 3776 2775 3847 Usque
2813 3778 2865 3831 in
2912 3777 3042 3830 hanc
3079 3777 3257 3830 harant
3304 3778 3551 3831 esurimus
3575 3818 3590 3843 ,
3622 3786 3671 3831 et

2088 3871 2306 3935 sitimus,
2339 3879 2386 3924 et
2420 3869 2543 3924 nudi
2572 3885 2749 3923 smnus
2778 3870 2853 3939 (1.
2886 3868 3004 3933 Cor.
3037 3869 3090 3924 4.
3127 3870 3241 3936 11).
3271 3870 3461 3938 Papml
3496 3884 3670 3941 quan-

2090 3970 2197 4017 tam
2227 3961 2448 4032 gloriam
2492 3960 2601 4029 jam
2650 3966 2968 4029 assequutus
3015 3959 3069 4013 in
3116 3960 3511 4030 praedicatione,
3565 3973 3671 4015 tam

2089 4055 2255 4111 multa
2285 4053 2508 4119 ferebat,
2539 4063 2593 4108 et
2614 4053 2722 4122 jam
2755 4053 2934 4122 viginti
2962 4066 3131 4108 annos
3171 4052 3222 4106 in
3250 4068 3311 4106 ea
3344 4053 3669 4119 confecerat,

2090 4144 2308 4217 quando
2339 4145 2452 4200 hanc
2478 4144 2791 4200 scribebat?
2822 4143 2943 4198 Scio
2975 4143 3128 4207 enim,
3173 4143 3371 4213 inquit,
3418 4144 3673 4198 hominem

2087 4248 2206 4292 ante
2233 4253 2393 4291 annos
2418 4232 2837 4306 quatuordecim,
2885 4235 2988 4289 sive
3030 4236 3083 4289 in
3123 4250 3354 4304 corpore,
3387 4238 3489 4290 sive
3528 4247 3675 4290 extra

2087 4344 2270 4400 corpus
2312 4330 2478 4382 nescio
2524 4327 2600 4398 (2.
2651 4326 2770 4381 Cor.
2812 4325 2897 4381 12.
2951 4325 3046 4396 2);
3092 4337 3147 4381 et
3174 4343 3380 4392 rursus,
3412 4328 3537 4383 Post
3574 4338 3671 4383 tres

2087 4434 2282 4483 annos,
2312 4417 2519 4487 inquit,
2549 4417 2754 4472 ascendi
2778 4416 3151 4487 Jerosolymam
3181 4414 3325 4485 (Cal.
3359 4421 3407 4471 1.
3449 4418 3559 4490 18).
3596 4419 3674 4474 Et

2087 4525 2276 4567 rursus
2311 4510 2436 4565 audi
2474 4525 2597 4566 eum
2634 4509 2898 4564 dicentem
2934 4526 2948 4563 :
2990 4507 3188 4563 Bonum
3226 4519 3299 4563 est
3346 4509 3468 4562 mihi
3511 4509 3674 4580 magis

2086 4606 2239 4672 mori,
2267 4620 2416 4674 quam
2439 4612 2494 4657 ut
2513 4602 2730 4674 gloriam
2754 4617 2919 4656 nteant
2941 4601 3052 4672 quis
3078 4611 3297 4657 evacuct.
3323 4598 3433 4656 Nec
3460 4600 3563 4656 hoc
3586 4618 3674 4656 so-

2087 4698 2197 4753 lom
2218 4739 2233 4757 .
2262 4696 2357 4752 sed
2384 4697 2546 4751 etiam
2578 4707 2765 4748 rursus
2794 4691 3036 4748 scribens
3063 4692 3276 4747 diccbat
3308 4709 3320 4745 :
3356 4692 3503 4747 Sicut
3550 4709 3676 4757 pur-

2089 4789 2324 4855 gtnuenta
2349 4778 2526 4835 mundi
2557 4780 2679 4848 [actt
2704 4794 2878 4831 sumus
2905 4775 2983 4849 (1.
3010 4775 3128 4832 Cor.
3157 4776 3213 4834 9.
3252 4776 3340 4834 15.
3379 4786 3425 4831 et
3464 4777 3520 4831 1.
3553 4777 3671 4847 15).

2092 4873 2228 4940 Quid
2257 4873 2399 4928 fame
2425 4869 2681 4942 gravius?
2707 4867 2833 4938 quid
2862 4868 3082 4938 frigore,
3114 4867 3239 4938 quid
3266 4867 3471 4922 insidiis
3500 4882 3530 4921 a
3563 4866 3675 4922 fra-

2094 4964 2300 5031 tribus,
2338 4977 2472 5033 quos
2519 4962 2682 5016 etiam
2719 4959 2950 5027 appellat
3007 4957 3169 5014 falsos
3210 4956 3448 5014 fratres?
3497 4972 3676 5015 nonne

2092 5056 2381 5111 vocabatur
2403 5054 2550 5108 orbis
2586 5062 2742 5107 terrae
2771 5050 3055 5120 pernicies,
3098 5064 3202 5104 non
3243 5051 3524 5120 impostor,
3568 5065 3675 5104 non

2091 5146 2350 5205 eversor?
2384 5161 2570 5210 annon
2592 5141 3040 5198 conseindebatur
3080 5141 3263 5212 ﬂagris
3302 5139 3521 5197 (εωθιιεῖ
3548 5139 3674 5194 Hau.

2094 5239 2250 5294 nobis
2274 5236 2486 5292 veniant
2517 5234 2569 5289 in
2599 5244 2869 5298 mentem,
2902 5247 2935 5286 o
2964 5232 3164 5297 dilecti,
3206 5232 3323 5288 bare
3355 5232 3672 5302 cogitemus,

2094 5334 2209 5386 haec
2238 5327 2641 5384 meminerimus
2667 5336 2719 5380 et
2742 5340 3027 5397 titnnqoam
3053 5324 3408 5380 dissolvemur
3432 5334 3490 5380 et
3516 5338 3675 5378 ener-

2095 5423 2355 5486 vabimur,
2400 5420 2609 5475 etiamsi
2655 5419 2847 5488 injuria
2894 5417 3184 5479 afficiantur
3212 5457 3227 5482 ,
3273 5417 3483 5472 etiamsi
3533 5415 3673 5470 bona

2094 5525 2273 5572 nostra
2305 5513 2643 5584 diripiantur,
2677 5511 2882 5568 etiamsi
2914 5510 3051 5566 mala
3079 5509 3341 5581 patiamur
3371 5508 3672 5562 innumera.

2094 5611 2260 5665 Detur
2286 5608 2438 5663 nobis
2462 5618 2519 5662 ut
2543 5608 2594 5662 in
2624 5604 2770 5661 caelis
2797 5604 2851 5659 iu
2877 5604 3015 5660 bona
3045 5603 3210 5658 simus
3239 5599 3632 5657 existimatione
3653 5637 3671 5664 ,

2096 5712 2148 5759 et
2177 5712 2298 5759 sunt
2325 5700 2503 5756 omnia
2534 5696 2827 5755 tolerabilia
2857 5714 2873 5752 :
2918 5696 3074 5754 detur
3114 5704 3171 5752 ut
3209 5693 3320 5750 illic
3348 5704 3434 5751 res
3460 5699 3670 5748 nosms
