4080 6198
496 269 600 336 197

492 395 657 452 Μετὰ
695 395 829 464 τρία
851 396 979 464 ἔτη,
1007 393 1193 466 φησιν,
1219 393 1495 463 ἀνῆλθον
1515 397 1604 463 εἰς
1655 394 2076 463 Ἰεροσόλυμα.

496 484 610 539 Kal
640 484 806 538 πάλιν
837 484 1003 538 ἄκουε
1033 480 1201 537 αὑτοῦ
1229 482 1478 551 λέγοντος
1501 498 1516 513 ⁸
1552 483 1760 537 Καλόν
1792 500 1896 552 μοι
1932 482 2081 535 ἀπο-

496 571 727 635 θανεῖν,
761 570 801 640 ἢ
834 571 901 624 τό
944 569 1232 641 καύχημά
1250 588 1372 640 μου
1406 571 1508 627 ἵνα
1569 588 1661 638 τις
1693 569 1958 639 κεν-ὤσῃ.
2007 570 2083 623 Οὐ

499 660 660 731 μόνον
686 659 742 713 δὲ
782 659 967 723 τοῦτο,
989 659 1127 714 ἀλλά
1150 659 1246 714 καὶ
1272 659 1437 716 πάλιν
1462 659 1693 731 γράφων
1716 660 1910 728 ἔλεγεν
1931 675 1946 690 ο
1992 659 2086 724 Ὠς

497 745 979 818 περικαθάρματα
1007 748 1113 802 τοῦ
1134 748 1370 817 κόσμου
1391 747 1785 819 ἐγενήθημεν.
1818 747 1886 801 Τί
1916 745 2082 817 λιμοῦ

497 836 914 910 χαλεπώτερον;
949 837 1002 891 τί
1060 836 1320 909 κρυμοῦ;
1360 838 1414 891 τί
1466 838 1577 892 τῶν
1622 836 1930 892 ἐπιϐουλῶν
1974 837 2085 891 τῶν

499 925 649 996 παρὰ
674 924 952 995 ἀδελφῶν;
974 925 1067 987 οὓς
1098 923 1500 995 ψευδαδέλφους
1529 924 1717 979 λοιπὸν
1747 925 1924 980 καλεῖ.
1950 925 2086 995 Οὐχὶ

497 1010 715 1083 λυμεὼν
768 1012 1015 1066 ἐκαλεῖτο
1062 1012 1161 1083 τῆς
1212 1012 1577 1086 οἰκουμένηςς
1617 1012 1739 1084 οὐχὶ
1784 1012 2080 1080 ἀπατεών;

499 1101 619 1172 ούχί
651 1098 1031 1171 ἀνατροπεύςς
1066 1099 1190 1170 οὐχὶ
1233 1102 1605 1156 κατεκόπτετο
1652 1101 2081 1183 μαστιζόμενοςς

500 1188 686 1242 Ταῦτα
708 1190 765 1241 ὲν
796 1186 871 1258 νῷ
894 1187 1172 1259 λάϐωμεν,
1209 1191 1507 1262 ἀγαπητοὶ,
1547 1191 1721 1245 ταῦτα
1743 1191 2081 1260 ἀναλογιζώ-

503 1276 665 1347 μεθα,
697 1275 872 1329 ταῦτα
904 1277 1351 1351 μνημονεύωμεν,
1388 1280 1482 1333 καὶ
1503 1280 1759 1334 ούδέποτε
1791 1279 2085 1351 ὲκλυθησό-

503 1366 665 1436 μεθα,
701 1365 806 1421 κᾶν
843 1350 1180 1437 ἀδικώμεθα,
1209 1367 1313 1423 κᾶν
1344 1370 1745 1442 ἀρπαζὼμεθα,
1781 1371 1889 1426 κᾶν
1916 1350 2087 1444 μυρία

502 1454 804 1524 πάσχωμεν
832 1454 1000 1508 κακά.
1034 1454 1253 1510 Γένοιτο
1303 1457 1371 1511 τά
1412 1461 1469 1513 ὲν
1499 1461 1610 1523 τοῖς
1649 1459 1897 1531 οὐρανοῖς
1940 1460 2089 1530 ἡμᾶς

502 1540 831 1610 εὐδοκιμεῖν,
869 1544 963 1596 καί
995 1542 1175 1597 πάντα
1203 1546 1417 1617 φορητά
1443 1562 1456 1575 ·
1482 1547 1698 1616 γένοιτο
1725 1546 1787 1601 εὖ
1821 1548 2086 1619 πράττειν

503 1630 642 1691 ἐκεῖ,
675 1632 767 1683 καὶ
790 1630 901 1683 τῶν
927 1631 1163 1685 ἐνταῦθα
1190 1631 1351 1701 λόγος
1373 1634 1568 1698 ούδείς.
1593 1634 1731 1689 Σκιά
1757 1634 1934 1690 ταῦτά
1965 1636 2085 1690 ἐστι

505 1716 600 1768 καὶ
636 1715 797 1787 ὀναρ⁸
861 1712 949 1771 οἷα
1002 1720 1069 1772 ἂν
1121 1719 1231 1789 εἰη,
1280 1719 1657 1792 ἐλπιζομένων
1704 1723 1931 1778 ἐκείνων
1991 1723 2086 1777 καὶ

505 1805 997 1877 προσδοκωμένων,
1011 1805 1168 1860 οὐδέν
1186 1810 1303 1861 ἐστι
1328 1808 1435 1861 τῶν
1452 1809 1642 1863 δεινῶν
1668 1808 1791 1864 οὔτε
1810 1813 1876 1881 τῇ
1902 1810 2084 1881 φύσει,

502 1891 629 1944 οὔτε
658 1892 734 1962 τῷ
768 1892 968 1964 χρόνῳ.
1007 1892 1073 1946 Τί
1096 1893 1207 1966 γὰρ
1246 1893 1427 1964 βούλει
1462 1896 1598 1967 πρὸς
1633 1898 1702 1951 τά
1735 1897 1885 1953 δεινὰ
1906 1900 2090 1953 ἐκεῖνα

504 1979 946 2051 παραϐάλωμεν;
979 1982 1031 2035 τί
1072 1981 1213 2053 πρὸς
1268 1981 1329 2036 τὸ
1377 1981 1490 2055 πῦρ
1524 1984 1584 2038 τό
1609 1984 1895 2052 ἄσϐεστον,
1953 1986 2091 2057 πρὸς

505 2069 598 2121 τὸν
637 2066 898 2138 σκώληκα
925 2069 1019 2122 τὸν
1047 2068 1437 2142 ἀτελεύτητον;
1474 2071 1527 2125 τί
1554 2071 1761 2146 δυνήσῃ
1793 2071 1944 2147 [262]
1976 2075 2091 2129 ίσον

508 2155 685 2210 εἰπεῖν
713 2156 825 2212 τῶν
849 2157 1089 2213 ἐνταῦθα
1121 2159 1259 2232 πρὸς
1283 2160 1376 2213 τὸν
1411 2159 1661 2232 βρυγμδν
1700 2162 1812 2216 τῶν
1838 2161 2087 2229 ὀδόντων,

508 2245 647 2315 πρὸς
678 2247 747 2300 τά
779 2247 981 2318 δεσμὰ,
1021 2249 1159 2321 πρὸς
1188 2250 1249 2302 τὸ
1290 2251 1485 2315 σκότος
1524 2252 1586 2305 τὸ
1625 2249 1914 2325 ἐξώτερον,
1955 2253 2092 2325 πρὸς

510 2334 608 2402 τὴν
636 2334 832 2406 ὀργὴν,
864 2336 1002 2409 πρὸς
1026 2338 1126 2410 τὴν
1155 2338 1359 2408 θλῖψιν,
1389 2340 1525 2409 πρὸς
1558 2339 1655 2412 τὴν
1686 2340 2048 2412 στενοχωρίαν
2075 2358 2090 2409 ;

523 2422 684 2476 una;
708 2422 787 2494 τῷ
812 2426 1022 2497 χρόνῳ;
1060 2428 1171 2481 Καὶ
1202 2426 1257 2480 τί
1294 2427 1470 2498 μύρια
1514 2426 1608 2498 ἔτη
1651 2427 1787 2497 πρὸς
1833 2428 2095 2500 ἀπείρους

509 2514 714 2577 αἰῶνας
760 2516 855 2567 καὶ
879 2515 1307 2588 ἀτελευτήτουςς
1357 2516 1457 2587 οὐχ
1496 2517 1620 2570 ὅσον
1673 2517 1845 2589 μικρά
1882 2517 2095 2587 σταγῶν

513 2602 652 2673 πρὸς
679 2600 915 2656 ἄϐυσσον
944 2602 1206 2676 ἀπειρονς
1254 2604 1416 2659 Ἀλλά
1447 2605 1583 2676 πρὸς
1604 2605 1672 2661 τά
1694 2605 1909 2675 ἀγαθάς
1954 2607 2094 2660 ’Λλλ⁹

513 2692 633 2745 ἐκεῖ
650 2691 853 2762 μείζων
870 2694 1020 2763 ἡύπε
1030 2694 1193 2765 ρϐολή
1211 2710 1226 2726 ·
1253 2695 1593 2765 Ὀφθαλμὺς
1608 2697 1722 2750 οὐκ
1741 2696 1886 2762 είδε,
1908 2697 2094 2770 φησὶν,

511 2774 624 2846 οὖς
672 2782 784 2835 οὐκ
835 2780 1124 2849 ἤκουσεν,
1178 2782 1275 2836 ἐπὶ
1319 2783 1576 2853 καρδίαν
1613 2784 1929 2854 ἀνθρώπου
1983 2787 2096 2840 οὐκ

512 2868 717 2937 ἀνέϐη.
758 2869 869 2923 Καὶ
897 2868 1069 2923 ταῦτα
1099 2869 1250 2925 ἔσται
1282 2872 1448 2925 πάλιν
1476 2873 1535 2926 ὲν
1575 2872 1829 2944 ἀπείροις
1881 2873 2096 2928 αἰῶσιν.

526 2958 698 3027 ’Υπὲρ
730 2958 936 3011 τούτων
962 2957 1058 3013 οὖν
1103 2960 1485 3031 κατακοπῆναι
1518 2961 1779 3033 μυριάκις
1821 2961 1881 3015 οὔ
1911 2961 2098 3026 καλὸν,

515 3048 895 3120 ἀναιρεθῆναι,
924 3052 1294 3122 κατακαῆναι,
1332 3052 1564 3125 μυρίους
1596 3053 1899 3125 ὑποστῆναι
1939 3053 2102 3107 θανά-

516 3152 668 3201 τους,
717 3137 827 3190 πᾶν
872 3139 1055 3193 ὁτιοῦν
1110 3141 1408 3212 ὑπομεῖναι
1455 3140 1632 3195 δεινὸν
1679 3142 1777 3196 καὶ
1813 3140 1957 3213 λόγῳ
2006 3143 2103 3197 καί

518 3228 665 3300 ἔργῳ
691 3245 707 3296 ;
737 3227 802 3280 Εἰ
842 3227 952 3298 γάρ
984 3230 1043 3283 ὲν
1082 3229 1219 3301 πυρὶ
1251 3229 1351 3301 ζῇν
1404 3229 1844 3301 καταπιόμενον
1878 3224 1969 3301 ἦν,
1999 3229 2103 3283 οὐκ

518 3317 626 3372 εδει
653 3317 830 3371 πάντα
850 3317 1142 3388 ὑπομένειν
1184 3318 1327 3389 ὑπὲρ
1352 3317 1448 3372 τοῦ
1471 3319 1657 3388 τυχεῖν
1689 3318 1798 3373 τῶν
1823 3317 2102 3389 ἐπηγγελ-

523 3405 699 3475 μένων
728 3405 953 3459 ἐκείνων
987 3404 1213 3474 ἀγαθῶν
1233 3421 1248 3471 ;

603 3610 764 3664 Ἀλλά
794 3609 848 3664 τί
881 3609 1027 3679 λέγω
1050 3609 1226 3664 ταῦτα
1253 3610 1438 3682 ληρῶν
1465 3610 1602 3679 πρὸς
1633 3609 1959 3683 ἀνθρώπους
1980 3610 2103 3665 οὐδὲ

521 3700 824 3770 χρημάτων
854 3699 1264 3771 καταφρονῆσαι
1289 3698 1674 3769 αἱρουμένους,
1709 3698 1826 3752 ἀλλ’
1850 3698 1928 3762 ὡς
1974 3699 2106 3753 ἀθα-

522 3786 698 3839 νάτων
724 3785 906 3839 αὐτῶν
935 3786 1251 3858 ὶχομένους,
1291 3786 1395 3840 κᾶν
1429 3787 1602 3859 μικρά
1624 3788 1688 3840 ὲκ
1712 3785 1926 3841 πολλῶν
1950 3784 2117 3854 δῶσι,’

522 3871 583 3926 τὸ
620 3873 729 3926 πᾶν
761 3872 1086 3944 νομίζοντας
1127 3875 1417 3944 ἡνυκέναις
1447 3875 1562 3929 Ούκ
1604 3874 1720 3929 ἐστι
1764 3873 1924 3929 τοῦτο
1949 3875 2105 3947 ἐλεη-

527 3960 732 4029 μοσύνη
754 3978 766 3989 ·
797 3961 1137 4033 ἐλεημοσύνη
1162 3964 1274 4036 γάρ
1296 3964 1446 4017 ἐστιν
1476 3964 1509 4035 ἡ
1531 3964 1630 4035 τῆς
1658 3964 1836 4035 χήρας
1864 3964 2103 4035 εκείνης,

523 4046 647 4115 ἥτις
674 4045 764 4098 τὸν
790 4046 903 4115 βίον
920 4049 1092 4119 αὐτῆς
1115 4051 1294 4104 πάντα
1322 4051 1611 4105 ἐκένωσεν.
1644 4052 1708 4104 Εἰ
1734 4051 1793 4105 δὲ
1815 4051 1876 4104 οὐ
1908 4053 2105 4123 χωρεῖς

525 4128 782 4184 τοσοῦτον
813 4132 938 4185 ὅσον
966 4135 1001 4201 ἡ
1037 4135 1186 4204 χήρα
1219 4135 1569 4201 καταϐαλεῖν,
1616 4135 1756 4190 ἀλλά
1783 4135 1884 4190 κᾶν
1916 4136 1978 4189 τὸ
2005 4153 2102 4189 περ

528 4218 801 4288 ρίσσευμα
830 4218 950 4273 ὅλον
989 4220 1267 4275 κατάϐαλε
1290 4239 1304 4252 ·
1352 4221 1446 4292 ἔχε
1473 4223 1546 4277 τὰ
1574 4222 1873 4294 ἀρκοῦντα,
1928 4223 2005 4295 μὴ
2037 4224 2106 4279 τά

528 4300 780 4379 περιττά.
822 4306 959 4361 Ἀλλ’
985 4307 1167 4372 οὐδείς
1194 4310 1344 4363 ἐστιν
1370 4308 1494 4363 οὐδὲ
1523 4309 1585 4363 τὸ
1626 4309 1973 4381 περίσσευμα
2005 4329 2106 4367 κα-

528 4394 811 4451 ταϐάλλων
835 4413 848 4426 ·
880 4396 985 4462 ἕως
1031 4397 1141 4470 γὰρ
1180 4396 1248 4452 ἂν
1278 4396 1409 4471 ἔχῃς
1457 4397 1676 4462 οἰκέτας
1732 4398 1962 4464 πολλοὺς
2007 4402 2106 4456 καὶ

532 4483 723 4554 ἰμάτια
774 4486 999 4557 σηρικὰ,
1039 4486 1217 4540 πάντα
1259 4485 1431 4540 ταῦτα
1482 4485 1896 4559 περιττεύματά
1930 4486 2101 4543 ἔστιν.

530 4573 697 4627 Οὐδὲν
725 4574 1019 4642 ἀναγκαῖον
1047 4573 1167 4627 οὐδὲ
1198 4573 1299 4645 τῆς
1339 4571 1548 4645 χρείας,
1570 4568 1647 4628 ῶν
1682 4573 1809 4630 ἄνευ
1828 4574 2103 4647 δυνάμεθα

531 4660 662 4733 ζῇν*
692 4661 865 4715 ταῦτα
891 4660 1124 4733 περιττὰ
1154 4662 1248 4716 καὶ
1278 4661 1464 4727 ἁπλῶς
1490 4661 1598 4728 ἔξω
1633 4663 1979 4736 πρόσκειται,
2010 4664 2104 4716 Τί.

531 4766 619 4812 νος
646 4743 739 4803 οὖν
763 4748 893 4803 ἄνευ
924 4748 985 4801 ού
1012 4747 1290 4819 δυνάμεθα
1317 4750 1417 4820 ζῇν
1447 4747 1670 4819 ἴδωμεν,
1708 4750 1759 4801 εἰ
1779 4748 1949 4807 δοκεῖ.
1984 4748 2104 4804 Κᾶν

530 4835 623 4888 δύο
658 4835 851 4907 μόνους
899 4835 1114 4907 ἔχωμεν
1167 4835 1405 4903 οἰκέτας,
1448 4835 1729 4908 δυνάμεθα
1777 4836 1914 4908 ζῇν·
1966 4837 2103 4891 ὅπου

532 4922 642 4991 γάρ
674 4924 781 4977 εἰσί
809 4941 955 4989 τινες
995 4923 1164 4997 χωρὶς
1195 4923 1425 4980 οἰκετῶν
1464 4922 1688 4990 ζῶντες,
1736 4925 1898 4979 ποίαν
1944 4926 2105 4997 ἡμεῖς

534 5009 729 5079 ἔχομεν
763 5011 1085 5081 ἀπολογίαν,
1114 5014 1229 5080 τοῖς
1257 5012 1350 5067 δύο
1376 5012 1477 5067 ούκ
1517 5013 1888 5084 ἀρκούμενοι;
1934 5014 2105 5068 Δυνά-

537 5096 677 5168 μεθα
706 5097 801 5150 καὶ
825 5100 890 5152 έκ
912 5100 1151 5154 πλίνθων
1170 5098 1314 5171 ἔχειν
1350 5099 1531 5155 οἰκίαν
1559 5101 1727 5172 τριῶν
1755 5101 2102 5173 οἰκημάτωνο

534 5186 626 5239 καὶ
660 5183 814 5237 τοῦτο
845 5185 1179 5259 ἀρκεῖὴμῖν.
1213 5187 1351 5242 Εἰπὲ
1377 5188 1487 5261 γάρ
1520 5206 1633 5259 μοι,
1664 5190 1764 5243 ούκ
1804 5191 1913 5244 εἰσί
1960 5207 2106 5255 τινες

538 5272 673 5346 μετά
692 5272 896 5327 παίδων
917 5275 1011 5327 καί
1036 5276 1296 5345 γυναικὸς
1312 5276 1409 5332 ἕνα
1430 5274 1578 5332 οἷκον
1609 5276 1827 5348 ἔχοντες
1849 5295 1865 5343 ;
1891 5279 1956 5332 Ἐ
1966 5296 2104 5332 στω-

537 5380 637 5416 σαν
672 5362 751 5427 δὲ,
807 5362 857 5415 εί
914 5360 1117 5432 βούλει,
1159 5364 1254 5417 καὶ
1289 5366 1477 5429 παῖδες
1530 5364 1642 5419 δύο.
1697 5367 1809 5420 Καὶ
1842 5365 1961 5430 πῶς
2007 5368 2108 5421 οὐκ

535 5451 786 5521 αἰσχύνη,
817 5452 1002 5522 φησὶν,
1035 5450 1153 5504 ἐστὶ
1180 5452 1241 5504 τὸ
1265 5452 1404 5523 μετὰ
1430 5452 1524 5507 δύο
1565 5452 1793 5506 οἰκετῶν
1821 5453 1919 5523 τὴν
1951 5452 2106 5506 ὲλευ-

537 5541 703 5610 θέραν
746 5541 1014 5611 βαδίζειν;
1078 5543 1315 5610 Ἄπαγε,
1362 5543 1464 5597 οὐκ
1511 5542 1626 5597 ἔστι
1657 5542 1817 5597 τοῦτο
1851 5542 2104 5614 αἰσχύνη,

538 5629 678 5699 μετὰ
727 5629 821 5682 δύο
870 5629 1099 5687 οἰκετῶν
1158 5630 1258 5702 τὴν
1321 5630 1614 5703 ἐλευθέραν
1663 5631 1938 5701 βαδίζειν,
1990 5632 2106 5686 ἀλλ’

536 5713 766 5787 αἰσχύνη
789 5716 905 5771 ἐστί
937 5716 999 5772 τὸ
1023 5715 1161 5789 μετά
1190 5717 1402 5773 πολλῶν
1429 5719 1699 5790 προϊέναι.
1722 5720 1876 5791 Τάχα
1907 5719 2103 5790 γελᾶτε

1201 279 1261 335 S.
1301 277 1587 334 JOANNIS
1624 275 2090 334 CHRYSOSTO”

2211 276 2482 333 RCIIIEP.
2522 275 3077 334 CONS'I'ANTINOP.

3670 277 3768 334 198

2189 392 2397 448 τούτων
2430 393 2747 458 ἀκούοντες.
2799 391 3171 455 Πιστεύσατε,
3221 389 3381 444 τοῦτό
3419 387 3573 464 [263]
3616 392 3771 448 ἐστιν

2190 481 2456 553 αἰσχύνη,
2509 481 2574 535 τὸ
2636 483 2776 553 μετά
2837 479 3049 534 πολλῶν
3104 479 3378 552 προῐέναι.
3442 477 3655 552 Ὠσπερ
3717 481 3771 534 οἰ

2190 570 2635 642 προϐατοπῶλαι,
2662 568 2697 641 ἡ
2725 569 2917 641 ῶσπερ
2963 570 3016 623 οἰ
3043 569 3151 622 τῶν
3198 567 3553 640 ἀνδραπόδων
3588 568 3772 639 κάπη-

2189 658 2295 723 λοι,
2316 657 2462 712 οῦτω
2490 658 2632 728 μέγα
2661 674 2715 709 τι
2743 656 2969 729 ἡγεῖσθε
2988 656 3051 710 τὸ
3081 655 3224 727 μετά
3246 654 3520 709 πλειόνων
3540 656 3773 708 οἰκετῶν

2189 747 2462 819 προϊέναι.
2487 748 2673 817 Τῦφος
2697 747 2859 802 τοῦτο
2887 746 2983 801 καὶ
3011 744 3297 813 κενοδοξία
3319 759 3335 774 ⁸
3352 746 3536 798 έκεῖνο
3557 745 3777 813 φιλοσο-

2189 837 2291 907 φία
2319 838 2415 893 καὶ
2440 839 2733 910 σεμνότης.
2764 837 2877 909 Τὴν
2909 837 3020 908 γὰρ
3049 834 3344 905 ἐλευθέραν
3372 834 3476 888 οὐκ
3520 835 3632 887 ἀπὸ
3674 834 3774 889 τοῦ

2190 923 2433 995 πλήθους
2472 926 2584 980 τῶν
2622 924 2936 980 ἀκολούθων
2978 921 3272 993 φαίνεσθαι
3319 922 3434 976 δεῖ’
3496 922 3630 976 ποία
3665 921 3775 994 γὰρ

2189 1014 2360 1086 ἀρετὴ
2391 1013 2702 1087 ἀνδράποδα
2732 1014 2879 1083 ἔχειν
2924 1011 3130 1079 πολλάς
3180 1011 3352 1065 Τοῦτο
3379 1010 3480 1064 οὐκ
3522 1011 3641 1063 ἐστι
3670 1012 3775 1083 ψυ-

2190 1104 2293 1173 κῆς
2309 1117 2325 1134 ⁸
2354 1104 2489 1173 ὅπερ
2513 1103 2571 1156 δὲ
2591 1102 2694 1156 οὐκ
2713 1101 2831 1155 εστι
2845 1099 3048 1173 ψυχῆς,
3074 1100 3137 1154 οὐ
3163 1099 3439 1154 δείκνυσιν
3456 1098 3772 1170 ἐλευθέραν.

2193 1190 2365 1244 Ὅταν
2390 1189 2597 1260 ὀλίγοις
2630 1190 2895 1262 ἀρκῆται,
2932 1188 3057 1241 τότε
3083 1187 3234 1242 ἐστὶν
3262 1187 3526 1258 ἐλευθέρα
3572 1187 3775 1252 ὅντως⁸

2190 1278 2321 1333 ὅταν
2349 1279 2409 1334 δὲ
2437 1277 2651 1334 πολλῶν
2681 1278 2895 1350 δέηται,
2927 1278 3089 1350 δούλη
3127 1277 3244 1332 ἐστὶ
3289 1278 3385 1331 καὶ
3423 1275 3776 1346 ἀνδραπόδων

2192 1367 2412 1440 χείρων.

2265 1649 2403 1704 Εἰπέ
2435 1666 2548 1720 μοι,
2577 1651 2627 1703 οἰ
2657 1648 2881 1718 ἄγγελοι
2906 1648 3028 1720 ούχὶ
3081 1648 3233 1719 μόνοι
3282 1647 3642 1721 περιπολοῦσι
3676 1649 3777 1723 τὴν

2192 1737 2542 1809 οἰκουμένην,
2575 1738 2672 1791 καὶ
2728 1738 2791 1790 οὐ
2839 1736 3052 1792 δέονται
3078 1737 3293 1803 οὐδενὸς
3339 1737 3434 1791 τοῦ
3468 1737 3772 1808 ἑψομένους

2194 1821 2286 1897 ἄρ’
2317 1820 2414 1879 οὖν
2441 1825 2529 1880 διὰ
2552 1825 2714 1880 τοῦτο
2738 1826 2955 1898 χείρους
2977 1824 3135 1898 ἡμῶν
3154 1827 3263 1880 εἰσι
3291 1824 3399 1879 τῶν
3420 1825 3695 1896 δεομένων
3722 1830 3778 1882 οἰ

2197 1914 2275 1986 μὴ
2307 1902 2587 1985 δεόμενοις
2623 1914 2687 1969 Εἰ
2719 1914 2902 1968 τοίνυν
2934 1914 2996 1967 τὸ
3045 1914 3184 1985 μηδὲ
3214 1913 3353 1978 δλως
3398 1914 3612 1969 δεῖσθαι
3644 1917 3778 1970 ἀκοο

2194 2000 2409 2069 λούθου,
2433 2002 2747 2071 ἀγγελικόν,
2775 2002 2860 2067 τίς
2891 2000 2987 2056 τοῦ
3022 2006 3087 2071 ἀγ
3099 2001 3319 2072 γελικοῦ
3334 1994 3481 2074 “βίου
3525 2004 3718 2073 ἐγγὺς,
3743 2006 3779 2061 ἡ

2195 2089 2406 2144 πολλῶν
2426 2090 2679 2163 δεομένη,
2704 2091 2738 2162 ἢ
2756 2092 2789 2161 ἡ
2805 2091 3002 2160 ὀλίγων
3022 2108 3038 2159 ;
3067 2092 3182 2145 Οὐκ
3207 2091 3323 2145 εστι
3349 2091 3506 2147 τοῦτο
3521 2093 3779 2166 αἰσχύνης

2196 2178 2426 2250 αἰσχύνη
2456 2179 2565 2253 γάρ
2596 2181 2712 2232 ἐστι
2739 2178 2802 2232 τὸ
2822 2178 3023 2233 ἄτοπόν
3049 2196 3104 2234 τι
3145 2178 3525 2252 πρᾶξαι.Εἰπέ
3560 2195 3673 2252 μοι,
3694 2182 3782 2246 τίς

2195 2265 2516 2338 ἐπιστρέφει
2538 2266 2668 2329 τοὺς
2693 2266 2780 2319 ἐπ’
2807 2267 3086 2339 ἀγορᾶς,ἡ
3123 2267 3354 2331 πολλοὺς
3372 2269 3714 2341 ἐπαγομένη,
3745 2271 3779 2342 ἡ

2194 2354 2228 2423 ἡ
2255 2352 2504 2421 ὀλίγους;
2539 2351 2747 2422 ταύτης
2785 2351 2843 2406 δὲ
2868 2351 2970 2423 τῆς
3004 2351 3219 2421 ὀλίγους
3249 2353 3620 2425 ὲπαγομένης,
3657 2356 3784 2427 ούχί

2194 2440 2229 2510 ἡ
2288 2438 2426 2509 μόνη
2477 2438 2679 2511 μᾶλλον
2734 2440 3051 2512 ἀπρόοπτος
3099 2441 3435 2513 φαινομένη;
3480 2442 3645 2515 Ὁρᾷς
3698 2426 3783 2499 ὅτι
3818 2426 3839 2437 ί

2196 2526 2377 2581 ἐκεῖνό
2405 2528 2552 2583 ἔστιν
2580 2526 2849 2598 αἰσχύνης
2880 2528 2977 2592 Τίς
3010 2528 3332 2601 ἐπιστρέφει
3365 2532 3488 2595 τοὺς
3534 2531 3625 2585 ἐπ’
3653 2531 3784 2602 aro.

2202 2615 2322 2685 ρᾶς,
2352 2616 2386 2685 ἡ
2419 2605 2654 2669 τάκαλά
2683 2615 2926 2686 φοροῦσα
2950 2616 3166 2687 ἱμάτια,
3188 2619 3222 2688 ἦ
3250 2620 3285 2689 ἡ
3311 2618 3499 2685 ἁπλῶς
3531 2637 3783 2692 περικει-

2203 2703 2338 2775 μένη
2362 2702 2458 2756 καὶ
2484 2704 2962 2774 ἀνεπιτηδεύτωςς
2990 2704 3076 2768 τίς
3107 2704 3271 2760 πάλιν
3309 2708 3630 2780 ἐπιστρέφει
3657 2712 3785 2778 τοὺς

2201 2792 2287 2844 ιτς
2317 2792 2544 2863 ἀγορᾶς,
2572 2796 2605 2861 ἡ
2638 2793 2729 2847 ἐπὶ
2758 2792 3000 2864 ἡμιόνων
3043 2794 3343 2867 φερομένη,
3377 2798 3471 2849 καὶ
3505 2802 3787 2869 χρυσοπάο

2203 2895 2345 2933 στων
2375 2881 2924 2952 παραπετασμάτων,
2947 2880 2981 2952 ἡ
3006 2882 3040 2951 ἡ
3073 2880 3261 2945 ἀπλῶς
3285 2882 3380 2936 καί
3408 2883 3485 2947 ὡς
3504 2884 3665 2957 ἔτυχε
3691 2904 3781 2957 μευ

2200 2968 2272 3022 τά
2298 2970 2659 3041 κοσμιότητος
2703 2968 3032 3039 βαδίζουσας
3064 2969 3327 3044 ῆταύτην
3362 2972 3463 3044 μὲν
3492 2973 3612 3028 οὐδὲ
3642 2975 3786 3047 ὁρῶ-

2206 3075 2308 3131 μεν
2347 3060 2451 3113 κᾶν
2475 3059 2697 3128 ίδωμεν,
2729 3057 2949 3129 ἐκείνην
2973 3057 3030 3112 δὲ
3060 3058 3122 3111 ού
3150 3060 3313 3130 μόνον
3348 3060 3475 3115 ἰδεῖν
3505 3060 3789 3133 βιάζονται

2203 3149 2253 3202 οἰ
2287 3147 2496 3212 πολλοὶ,
2536 3144 2674 3200 ἀλλά
2727 3146 2822 3199 καὶ
2865 3146 3134 3219 ἐρωτῶσι,
3170 3147 3256 3211 τίς
3289 3150 3398 3220 εἰη,
3434 3150 3531 3203 καὶ
3564 3151 3787 3221 ’πόθεν;

2204 3237 2317 3290 Καὶ
2345 3235 2589 3308 παρίημι
2609 3234 2788 3303 λέγειν
2807 3234 2931 3298 ὅσος
2948 3236 2977 3288 ὀ
3010 3234 3206 3304 φθόνος
3236 3236 3490 3291 ἐντεῦθεν
3516 3238 3787 3296 τίκτεται.

2205 3324 2272 3379 Τί
2315 3321 2432 3391 οὖν,
2473 3324 2597 3378 εἰπέ
2632 3341 2745 3397 μοι,
2783 3324 3030 3396 αἰσχρὸν,
3061 3323 3294 3396 ὁρᾶσθαι
3327 3326 3361 3398 ἡ
3398 3327 3476 3399 μὴ
3517 3329 3786 3400 ὀρᾶσθαις

2206 3413 2339 3467 πότε
2371 3413 2616 3484 μείζονὴ
2654 3413 2909 3484 αἰσχύνη,
2933 3414 3065 3467 ὅταν
3092 3412 3296 3479 πάντες
3344 3417 3424 3480 εἰς
3456 3415 3629 3489 αὐτὴν
3659 3417 3790 3490 βλέ-

2209 3519 2407 3567 πωσιν,
2436 3502 2619 3573 ἢόταν
2652 3503 2877 3573 μηδείςς
2909 3502 3040 3557 ὅταν
3082 3503 3404 3574 μανθάνωσι
3440 3507 3567 3579 περί
3592 3508 3789 3581 αὐτῆς,

2207 3591 2242 3663 ἢ
2267 3592 2399 3646 ὅταν
2424 3591 2980 3662 μηδὲ-φροντίζωσινς
3016 3592 3181 3664 Ὁρᾷς
3205 3592 3288 3646 ὅτι
3315 3596 3377 3647 οὐ
3401 3594 3470 3649 δι’
3493 3598 3787 3672 αἰσχύνην,

2206 3678 2346 3732 ἀλλά
2370 3678 2462 3731 διὰ
2508 3678 2820 3745 κενοδοξίαν
2852 3680 3034 3734 πάντα
3083 3681 3431 3753 πράττομεν;
3467 3684 3614 3758 Πλὴν
3668 3690 3791 3742 ἀλλ’

2208 3766 2399 3838 έπειδὴ
2425 3765 2618 3820 τούτου
2648 3765 2911 3822 ἀδύνατον
2958 3768 3105 3840 ὑμᾶς
3136 3771 3468 3842 ἀπαγαγεῖν,
3503 3775 3667 3845 ἀρκεῖ
3696 3795 3792 3849 μοι

2207 3855 2348 3919 τέως
2391 3855 2453 3909 τὸ
2487 3854 2681 3926 μαθεῖν
2709 3854 2876 3926 ὑμᾶς,
2921 3856 3006 3910 ὅτι
3036 3858 3139 3913 οὐκ
3192 3859 3310 3914 ἔστι
3335 3862 3494 3939 τοῦτο
3528 3866 3789 3938 αἰσχύνη.

2212 3943 2365 4018 [265]
2406 3944 2678 4016 ’Δμαρτία
2711 3944 2847 4015 μόνη
2882 3945 3114 4020 αἰσχύνη
3143 3948 3318 4016 ἐστὶν,
3352 3951 3419 4022 ἡν
3448 3952 3627 4019 οὐδεὶς
3645 3950 3795 4011 εἶναι

2209 4033 2421 4105 νομίζει
2446 4033 2731 4106 αἰσχύνην,
2756 4032 2895 4088 ἀλλά
2921 4034 3098 4090 πάντα
3119 4036 3371 4111 μᾶλλονῆ
3394 4039 3620 4113 ταύτην.
3636 4043 3797 4115 ’ἰμά-

2209 4137 2301 4175 τια
2333 4120 2476 4175 ιστω
2500 4122 2572 4175 τὰ
2606 4122 2706 4193 τῆς
2728 4120 2939 4193 χρείας,
2971 4123 3047 4197 μὴ
3078 4126 3343 4198 περιττά·
3381 4127 3522 4201 πλὴν
3559 4130 3676 4184 ἀλλ’
3703 4133 3796 4186 ἰνα

2213 4209 2289 4279 μὴ
2348 4210 2430 4273 εἰς
2482 4208 2686 4282 πολλὴν
2719 4211 3085 4284 στενοχωρίαν
3128 4214 3273 4285 ὑμᾶς
3311 4216 3792 4291 κατακλείσωμεν,

2210 4298 2388 4352 έκεῖνο
2419 4299 2739 4371 παρεγγυῶ,
2764 4299 2850 4354 ὅτι
2872 4301 3270 4373 χρυσοπάστων
3293 4306 3434 4376 ἡμῖν
3453 4306 3517 4359 ού
3539 4306 3643 4372 δεῖ,
3665 4309 3800 4368 οὐδὲ

2210 4385 2422 4440 λεπτῶν
2455 4386 2700 4442 ὀθονίων.
2735 4388 2846 4443 Kal
2872 4388 3045 4444 ταῦτα
3084 4390 3185 4444 οὐκ
3208 4391 3322 4461 ἐγὼ
3357 4392 3503 4464 λέγω
3524 4411 3538 4425 ·
3563 4396 3646 4451 ὅτι
3681 4400 3800 4473 γὰρ

2209 4475 2311 4530 ούκ
2342 4475 2455 4546 ὲμά
2473 4477 2588 4530 ὲστι
2621 4476 2690 4530 τὰ
2728 4478 2972 4549 ῥήματα,
2994 4476 3160 4534 ἄκουε
3193 4477 3290 4535 τοῦ
3328 4483 3603 4554 μακαρίου
3644 4486 3803 4540 [ἰαύ-

2210 4562 2307 4617 λου
2321 4563 2593 4632 λέγοντος,
2613 4564 2707 4617 καὶ
2722 4565 3152 4636 παρεγγυῶντος
3166 4572 3283 4631 ταῖς
3297 4568 3511 4638 γυναιξὶ
3526 4573 3757 4642 Κοσμεῖ
3754 4593 3800 4628 r

2209 4650 2447 4718 ἑαυτὰς,
2460 4648 2549 4720 μὴ
2569 4651 2638 4705 ἐν
2648 4652 3008 4722 πλέγμασιν,
3022 4654 3059 4723 ἢ
3077 4654 3303 4723 χρυσῷ,
3321 4656 3359 4726 ἣ
3374 4662 3797 4729 μαργαρίταις,

2212 4741 2250 4811 ἢ
2311 4740 2602 4811 ίματισμῷ
2649 4740 2991 4795 πολυτελεῖ.
3023 4741 3185 4795 Ἀλλά
3234 4738 3472 4817 ποταπῷ
3514 4746 3717 4818 βούλει,
3746 4746 3804 4806 ὦ

2212 4827 2415 4894 Παῦλε,
2454 4826 2609 4882 εἰπέ·
2641 4827 2771 4891 ἴσως
2812 4826 2920 4900 γάρ
2948 4828 3186 4900 ἐροῦσιν,
3217 4830 3299 4885 ὅτι
3326 4833 3392 4887 τὰ
3437 4839 3620 4905 χρυσᾶ
3651 4839 3806 4909 μόνα.

2210 4918 2331 4972 ἐστὶ
2365 4916 2650 4989 πολυτελῆ,
2682 4916 2750 4971 τά
2780 4915 2837 4969 δὲ
2863 4920 3067 4990 σηρικὶι
3098 4918 3159 4973 οὐ
3188 4921 3458 4995 πολυτελῆ
3498 4939 3511 4954 ⁸
3535 4928 3657 4981 εἰπὲ
3690 4947 3797 4985 πο-

2208 5009 2368 5083 ταπῷ
2414 5009 2911 5082 βούλει.Ἕχοντες
2944 5009 3013 5065 δὲ
3057 5009 3379 5085 διατροφὰς
3417 5018 3514 5074 καὶ
3558 5025 3805 5079 σκεπά-

2210 5117 2431 5171 quam,
2462 5100 2715 5165 τούτοις,
2754 5099 2939 5168 φησὶν,
2985 5082 3503 5175 ἀρκεσθήσόμεθα.
3534 5109 3805 5168 Τοιοῦτ-ν

2212 5189 2354 5244 ἔστω
2368 5189 2429 5241 τὸ
2460 5187 2695 5258 ἱμάτιον,
2720 5188 2905 5258 φησὶν,
2935 5187 3076 5243 ὥστε
3110 5192 3337 5247 σκέπειν
3356 5195 3537 5266 μόνον.
3563 5199 3665 5253 Διά
3680 5200 3802 5275 γὰρ

2210 5276 2371 5331 τοῦτο
2406 5274 2604 5329 ἔδωκεν
2642 5277 2775 5348 ἡμῖν
2802 5276 2942 5331 αύτά
2972 5278 3002 5331 ὀ
3055 5276 3209 5346 Θεὸς,
3240 5281 3328 5335 Eva
3379 5283 3671 5357 σκέπωμεν
3693 5274 3804 5361 τὴν

2212 5362 2558 5435 γυμνότητα’
2595 5363 2758 5417 τοῦτο
2787 5363 2845 5418 δὲ
2866 5365 3179 5438 οίονδὴποτε
3204 5369 3425 5439 ἱμάτιον
3453 5374 3679 5446 ποιῆσαι
3696 5376 3801 5431 δύ.

2212 5470 2368 5508 ναται
2400 5451 2651 5515 εὐτελοῦς
2688 5452 2748 5506 ὃν
2774 5453 2962 5523 τιμῆς.
2983 5455 3138 5527 Τάχα
3167 5459 3381 5528 γελᾶτε,
3407 5462 3465 5516 αἰ
3499 5464 3568 5519 τά
3590 5469 3803 5536 σηρικά

2213 5540 2484 5612 φοροῦσαι
2519 5540 2743 5611 ἰμάτιαο
2796 5541 3027 5610 γελάσαι
3065 5544 3175 5620 γὰρ
3222 5546 3395 5615 ὅντως
3421 5553 3551 5625 χρή.
3591 5553 3655 5609 Τί
3694 5557 3802 5627 μὲν

2215 5630 2428 5693 Παῦλος
2454 5630 2685 5696 ἐπέταξε
2704 5649 2719 5699 ;
2743 5630 2874 5685 τίδὲ
2897 5634 3058 5704 ἡμεῖς
3080 5636 3416 5709 πράττομενς
3445 5642 3521 5696 Ού
3542 5644 3679 5713 πρὸς
3695 5644 3803 5710 τὰς

2219 5719 2484 5803 γυναῖκας
2528 5718 2583 5773 δέ
2608 5735 2700 5788 μοι
2728 5720 2757 5774 ὀ
2785 5718 2942 5790 λόγος
2970 5722 3151 5793 μόνον,
3204 5725 3343 5783 ἀλλὰ
3371 5728 3467 5785 καὶ
3508 5730 3646 5803 πρὸς
3667 5734 3801 5800 τοὺς
