4088 6208
314 311 417 365 ΗΠ

315 424 450 476 bene
477 428 747 489 geramus,
783 421 837 469 et
875 428 1062 468 eorum
1095 428 1214 482 qua:
1246 411 1330 466 hic
1356 420 1478 466 Sunt
1509 411 1649 464 nulla
1678 410 1780 465 erit
1803 424 1893 464 ra-

316 515 391 568 tio
441 508 976 581 cujusmodicumque
1027 505 1243 567 fuerint,
1276 503 1392 558 hac
1436 513 1561 557 sunt
1605 504 1791 559 umbra
1839 512 1893 557 et

311 604 607 661 somnium.
628 601 682 655 lu
701 599 804 653 illis
834 613 950 669 qua:
973 606 1253 667 sperantur
1269 606 1321 649 et
1348 603 1745 663 exspectantur,
1762 592 1892 647 nihil

310 707 392 753 est
407 708 571 767 grave
593 707 692 747 nec
710 698 918 755 natura,
942 703 1041 742 nec
1060 697 1322 757 tempore.
1350 685 1486 754 Quid
1504 685 1646 740 enim
1670 685 1750 739 vis
1766 700 1887 740 cum

320 791 418 844 illis
435 787 683 859 gravibus
705 794 759 839 et
782 784 1052 837 atrocibus
1073 781 1449 837 conferamus?
1469 779 1595 850 quid
1624 794 1743 834 eum
1771 781 1892 850 igne

315 884 401 952 qui
432 897 535 936 non
571 887 745 949 potest
780 877 1044 947 exsdngui
1068 877 1091 930 ἲ
1117 891 1239 931 cum
1264 890 1446 930 verme
1472 874 1563 944 qui
1595 888 1700 928 non
1730 872 1894 927 mori-

314 984 401 1029 tur
425 973 449 1026 ?
475 972 602 1042 quid
631 987 693 1025 ex
726 970 787 1023 iis
814 984 932 1039 qua:
962 967 1049 1023 hic
1076 976 1201 1022 sunt
1239 976 1414 1036 potest
1447 966 1627 1021 dicere
1654 980 1749 1034 par
1773 980 1893 1020 esse

313 1071 531 1127 stridori
550 1068 812 1134 dentimn,
842 1064 1087 1126 vinculis.
1113 1062 1349 1117 tenebris
1371 1061 1752 1127 exterioribus,
1775 1059 1890 1126 irin,

313 1161 617 1225 afflictioni,
659 1138 918 1227 angustia:
939 1156 963 1208 ?
988 1157 1056 1208 At
1088 1152 1360 1221 tempore?
1388 1152 1456 1205 Et
1485 1150 1612 1221 quid
1642 1159 1765 1205 sunt
1798 1150 1893 1205 de-

310 1258 424 1310 cies
472 1254 616 1307 mille
655 1250 777 1304 anni
819 1248 882 1301 ad
920 1246 1112 1302 smeula
1158 1242 1362 1298 infinita
1404 1252 1458 1297 et
1497 1257 1748 1312 unusnon
1796 1240 1892 1295 de-

309 1344 535 1400 sinunt?
559 1358 733 1395 nonne
761 1345 1013 1410 quantum
1039 1350 1195 1405 parva
1208 1344 1350 1405 gutta
1372 1333 1436 1389 ad
1453 1334 1699 1404 abyssum
1721 1332 1896 1385 inlini-

312 1439 467 1492 tam?
495 1437 563 1489 At
595 1432 939 1489 conferentur
967 1443 1085 1483 cum
1111 1428 1267 1481 bonis
1293 1426 1316 1478 ?
1341 1427 1446 1480 Sed
1476 1426 1583 1480 illic
1613 1427 1783 1493 major
1812 1434 1896 1479 est

309 1531 655 1603 exsuperatio
684 1546 697 1582 :
731 1523 1149 1592 0culus,inquit,
1173 1538 1273 1575 non
1298 1520 1442 1586 vidit,
1464 1536 1553 1575 nec
1584 1520 1723 1573 auris
1748 1518 1897 1571 andi-

309 1630 404 1690 rit,
427 1635 474 1679 et
501 1625 551 1677 in
573 1639 661 1677 cor
690 1619 905 1673 hominis
923 1633 1025 1670 non
1045 1614 1377 1669 ascenderunt
1393 1614 1471 1682 (1.
1494 1611 1613 1668 Cor.
1643 1611 1697 1665 2.
1719 1610 1796 1682 9).
1828 1611 1895 1665 Et

313 1724 434 1777 luce
484 1732 669 1774 rursus
711 1713 951 1770 eruntin
981 1710 1194 1766 saeculis
1237 1708 1479 1763 infinitis.
1513 1707 1613 1761 Pro
1643 1705 1726 1759 his
1766 1720 1895 1774 ergo

311 1832 494 1870 auium
525 1814 722 1867 bonum
749 1817 831 1864 est
856 1806 1051 1860 millies
1078 1801 1352 1859 conscindi
1376 1841 1390 1867 ,
1424 1799 1654 1854 interimi
1677 1839 1692 1863 ,
1720 1796 1891 1858 exuri.

308 1892 461 1945 mille
487 1890 665 1943 subire
708 1899 944 1951 mortes,
975 1887 1200 1957 quodvis
1238 1899 1402 1955 grave
1442 1894 1498 1939 et
1544 1899 1790 1952 asperum
1837 1893 1892 1940 et

306 1984 490 2039 verbis
534 1991 588 2037 et
632 1982 796 2036 rebus
832 1981 963 2050 ipsis
1005 1978 1304 2036 sustinere?
1343 1976 1476 2032 Nam
1505 1977 1549 2031 si
1580 1976 1694 2030 ﬁeri
1727 1977 1895 2045 possit

309 2087 368 2131 ut
411 2077 466 2130 in
509 2076 630 2145 igne
669 2073 772 2127 usti
813 2074 1145 2136 viveremus,
1178 2084 1358 2124 annon
1390 2077 1666 2138 oporteret
1707 2066 1889 2122 omnia

311 2168 542 2239 perpeti,
572 2176 629 2220 ut
657 2165 795 2220 bona
824 2164 911 2217 illa
942 2163 1203 2234 promissa
1232 2158 1682 2230 assequercmur?

389 2258 724 2329 Eleemosyna
747 2271 980 2325 quamam
1008 2268 1121 2309 vere
1148 2253 1251 2306 dici
1281 2252 1458 2321 possit.
1503 2280 1575 2290 —
1619 2248 1724 2305 Sed
1768 2246 1895 2317 quid

312 2355 431 2409 lucc
473 2352 597 2407 dico
638 2350 878 2405 delirans
918 2347 1058 2417 apud
1110 2344 1356 2399 homines
1402 2343 1489 2413 qui
1535 2356 1602 2395 ne
1643 2340 1897 2410 pecunias

312 2444 528 2514 quidem
540 2442 851 2512 despiccere
862 2439 1018 2492 Velim
1031 2479 1046 2503 ,
1062 2437 1153 2491 sed
1173 2445 1438 2505 tamquam
1461 2432 1787 2487 immortales
1807 2443 1898 2485 eas

312 2543 653 2590 assectautur
676 2542 731 2586 et
757 2531 833 2586 eis
860 2529 1253 2591 adhz’erescunt,
1281 2536 1336 2581 et
1361 2526 1405 2580 si
1432 2541 1498 2581 ex
1525 2524 1705 2580 multis
1727 2538 1897 2594 pauca

312 2627 567 2682 dederint
588 2665 604 2688 ,
636 2633 804 2677 totum
846 2636 905 2675 se
939 2619 1247 2675 existimant
1288 2616 1521 2673 fecisse?
1549 2615 1663 2670 Non
1688 2626 1771 2671 est
1798 2614 1901 2670 hoc

315 2721 659 2786 eleemosyna
699 2713 1085 2781 :elcemosyna
1126 2717 1210 2765 est
1254 2708 1397 2762 illius
1445 2707 1616 2761 vidum
1664 2705 1898 2761 clcemo-

315 2823 474 2880 syna,
507 2821 627 2877 qua:
663 2804 940 2859 universas
977 2816 1101 2857 suas
1129 2798 1366 2870 profudit
1397 2798 1681 2854 facultates
1706 2797 1899 2869 (Marc.

319 2901 412 2955 12.
443 2897 555 2969 44).
588 2897 641 2952 Si
672 2907 855 2950 autem
886 2894 939 2948 in
971 2903 1021 2948 te
1048 2908 1154 2947 non
1194 2891 1358 2956 cadit,
1388 2900 1445 2944 ut
1476 2899 1681 2944 tantum
1711 2904 1903 2959 croges

318 3000 579 3063 quantum
625 2988 711 3042 illa
761 2986 940 3049 vidua,
987 2999 1145 3053 eroga
1176 2983 1368 3037 saltem
1409 2980 1663 3051 quidquid
1692 2990 1776 3035 est
1808 2996 1901 3035 su-

318 3094 736 3154 pervacaneum,
770 3077 906 3131 habe
941 3090 1061 3146 quze
1102 3073 1395 3139 sufficiunt,
1426 3086 1531 3125 non
1563 3087 1681 3140 quan
1711 3086 1902 3140 supcr-

321 3175 428 3228 flua
471 3180 618 3226 sunt.
667 3168 773 3224 Sed
823 3182 981 3221 nemo
1025 3175 1107 3219 est
1144 3164 1233 3233 qui
1263 3170 1448 3231 eroget
1485 3176 1551 3215 ne
1579 3175 1642 3216 ea
1689 3162 1902 3231 quidem

321 3282 439 3335 quze
465 3273 592 3318 sunt
619 3274 1019 3331 supervacanea
1051 3272 1209 3313 :nam
1240 3256 1491 3326 quamdiu
1522 3255 1685 3311 habes
1711 3256 1904 3311 mutos

324 3356 568 3420 famulos,
594 3361 650 3409 et
675 3362 851 3408 vestes
879 3351 1077 3407 sericas
1101 3389 1115 3414 ,
1151 3348 1266 3403 hmc
1292 3348 1469 3402 omnia
1495 3356 1620 3401 sunt
1646 3360 1906 3414 superva-

321 3464 509 3505 canea.
544 3447 687 3501 Nihil
715 3454 798 3500 est
820 3442 1182 3498 necessarium
1207 3455 1307 3495 nec
1328 3439 1447 3493 usui
1475 3438 1717 3493 serviens
1741 3438 1792 3491 in
1818 3438 1904 3504 iis,

322 3547 438 3598 sine
458 3542 657 3610 quibus
680 3540 861 3593 vivere
892 3549 1174 3605 possumus
1200 3549 1215 3596 ;
1241 3549 1304 3589 ea
1334 3540 1458 3587 sunt
1486 3545 1907 3600 supervacanea,

324 3650 375 3690 et
397 3644 550 3689 extra
581 3641 707 3686 sunt
755 3628 947 3698 posita.
981 3626 1117 3694 Quid
1148 3625 1216 3679 sit
1253 3637 1383 3694 ergo
1418 3623 1493 3688 id,
1534 3622 1651 3677 sine
1673 3636 1778 3693 quo
1804 3638 1909 3676 non

325 3726 595 3795 possimus
626 3722 827 3785 vivere,
857 3717 1151 3781 videamus,
1181 3715 1225 3771 si
1251 3715 1443 3785 placet.
1467 3713 1580 3767 Etsi
1606 3713 1751 3767 solos
1777 3712 1913 3767 duos

327 3815 622 3868 habeamus
664 3809 911 3873 famulos,
960 3820 1244 3877 possumus
1271 3805 1472 3859 vivere.
1503 3801 1637 3857 Nam
1667 3801 1755 3856 ubi
1788 3813 1914 3857 sunt

326 3906 489 3975 atiqui
512 3904 604 3973 qui
635 3902 822 3955 vivunt
850 3899 1054 3968 absque
1081 3895 1312 3962 famulis,
1341 3910 1499 3965 quam
1533 3891 1795 3947 habemus
1815 3908 1915 3948 nos

326 3993 751 4057 excusationem,
786 3992 830 4044 si
860 4004 965 4043 non
990 3989 1157 4041 simus
1177 3987 1409 4040 contenti
1437 3982 1691 4039 duobus?
1725 3983 1918 4037 Possu-

329 4105 449 4145 mus
474 4089 641 4143 etiam
669 4100 736 4140 cx
779 4082 1034 4137 lateribus
1070 4080 1267 4133 habere
1297 4077 1514 4131 domum
1555 4084 1916 4131 constructam

331 4183 491 4237 trium
532 4177 961 4233 habitaculorum
1008 4189 1021 4225 ε
1060 4181 1115 4227 et
1151 4170 1254 4225 huc
1300 4168 1568 4223 sufficeret
1616 4167 1788 4222 nobis.
1825 4167 1918 4222 Dic

331 4277 475 4331 enim
508 4271 659 4332 trihi,
682 4283 858 4320 annon
883 4273 1006 4317 sunt
1027 4263 1187 4329 aliqui
1212 4261 1298 4329 qui
1322 4274 1440 4313 cum
1466 4260 1648 4311 liberis
1675 4270 1728 4312 et
1752 4271 1919 4311 uxore

341 4376 497 4413 unam
543 4358 746 4412 habent
791 4353 1052 4407 domum?
1096 4351 1213 4405 Sint
1254 4359 1449 4411 autem,
1492 4347 1539 4402 si
1576 4346 1727 4411 velis,
1758 4345 1917 4398 etiam

340 4451 445 4503 duo
466 4447 672 4502 famuli.
699 4446 762 4499 Et
786 4444 1054 4515 quomodo
1076 4484 1091 4508 ,
1124 4441 1331 4511 inquies
1356 4481 1370 4505 ,
1400 4454 1505 4494 non
1534 4447 1617 4493 est
1641 4437 1811 4508 pudor
1838 4437 1921 4489 in-

340 4555 571 4607 genuam
601 4536 852 4591 incedere
886 4549 1007 4590 cum
1049 4532 1258 4588 duobus
1285 4530 1537 4585 famulis?
1568 4533 1747 4600 Apage
1767 4570 1782 4592 ,
1814 4543 1921 4581 non

341 4641 417 4683 est
453 4632 629 4698 pudor
654 4628 897 4697 ingenua:
923 4624 1172 4680 incedere
1196 4638 1314 4678 cum
1334 4622 1539 4677 duobus
1571 4620 1800 4685 famulis,
1826 4618 1923 4673 sed

345 4723 519 4788 pudor
547 4731 630 4774 est
657 4719 943 4789 procedere
959 4734 1078 4772 eum
1103 4718 1303 4771 multis.
1329 4716 1575 4769 Fortasse
1604 4713 1788 4768 ridetis
1809 4712 1923 4766 hme

341 4813 645 4865 audientes.
674 4810 908 4873 Credite,
940 4809 1041 4863 hoc
1059 4818 1141 4862 est
1166 4807 1355 4877 pudor,
1380 4820 1499 4859 cum
1528 4804 1707 4858 multis
1733 4816 1923 4872 proce-

343 4905 495 4956 dere.
521 4902 674 4957 Sicut
701 4902 789 4971 qui
819 4916 945 4956 oves
974 4901 1224 4963 vendunt,
1254 4907 1344 4951 aut
1371 4898 1508 4953 sicut
1538 4906 1924 4963 cauponatores

346 4996 762 5065 mancipiorum,
801 5008 1046 5062 magnum
1077 4990 1348 5060 quidpiam
1379 4987 1700 5043 existimatis
1738 5000 1925 5055 procc-

345 5086 476 5140 dere
516 5101 640 5139 eum
670 5084 850 5137 multis
881 5083 1110 5137 famulis.
1162 5081 1271 5134 lloc
1312 5088 1395 5134 est
1440 5080 1605 5133 fastus
1652 5087 1708 5133 et
1756 5077 1929 5130 inanis

346 5179 513 5248 gloria
546 5197 559 5230 :
592 5176 719 5230 illud
748 5186 828 5231 est
860 5174 1196 5244 philosophia
1221 5180 1275 5227 et
1314 5172 1581 5225 honestas.
1611 5170 1740 5224 Nam
1781 5168 1929 5237 inge-

349 5286 511 5323 nuam
543 5284 649 5322 non
695 5283 760 5322 ex
801 5266 1136 5320 multitudine
1184 5264 1623 5333 pedissequorum
1673 5274 1931 5330 apparere

348 5370 609 5429 oportet:
666 5375 786 5428 qua:
832 5358 974 5412 enim
1028 5367 1113 5412 est
1156 5357 1327 5409 virtus
1377 5354 1464 5407 illa
1516 5354 1679 5407 multa
1729 5352 1932 5406 habere

348 5451 658 5520 mancipia?
689 5450 800 5504 Hoc
829 5465 931 5502 non
959 5457 1040 5502 est
1061 5450 1255 5502 animm
1280 5464 1292 5498 :
1332 5444 1471 5516 quod
1513 5454 1688 5497 autem
1717 5458 1822 5496 non
1852 5450 1935 5495 est

347 5544 542 5595 anima!
566 5583 580 5605 ,
627 5558 733 5595 non
764 5539 998 5593 ostendit
1036 5540 1344 5607 ingenuam.
1384 5534 1607 5603 Quando
1637 5542 1720 5589 est
1751 5535 1935 5604 paucis

348 5642 623 5698 conuenta,
659 5641 783 5685 tunc
815 5645 941 5684 vere
961 5639 1043 5683 est
1070 5631 1296 5698 ingenua
1329 5648 1342 5682 :
1377 5627 1592 5695 quando
1617 5637 1791 5682 autem
1813 5636 1936 5697 eget

348 5728 554 5791 multis,
588 5737 671 5781 est
701 5724 895 5777 ancilla
924 5735 976 5774 et
1003 5722 1237 5775 deterior
1268 5720 1566 5790 mancipiis.

685 5810 959 5869 PATROL.
1009 5811 1121 5869 Gn.
1177 5811 1397 5874 [λιιι.

1031 319 1095 373 IN
1137 317 1349 373 EPlST.
1397 318 1485 371 AD
1524 314 1880 372 llEBRJEOS.
1920 313 2071 368 CAP.
2116 311 2230 369 ΧΠ.
2277 312 2508 367 llOMlL.
2550 311 2785 367 XXVIII.

3462 308 3480 357 l
3495 310 3560 361 "'3

2067 419 2120 473 ὅ.
2154 417 2246 472 Dic
2274 417 2424 482 mihi,
2448 417 2617 485 angeli
2639 431 2814 469 annon
2836 414 2936 469 soli
2958 414 3139 469 orbem
3165 424 3321 471 terra:
3356 417 3575 481 obeunt,

1996 519 2188 587 etnon
2230 518 2389 579 egent
2436 509 2617 578 aliquo
2646 509 2734 578 qui
2778 509 2847 563 sit
2889 521 2984 563 eos
3034 511 3400 577 sequuturus?
3448 528 3575 566 nmn

1998 610 2280 670 propterea
2308 610 2433 654 sunt
2473 599 2649 666 nobis,
2680 598 2768 668 qui
2794 613 3012 669 egemus
3031 640 3047 666 ,
3074 598 3375 656 deteriores
3422 602 3458 656 ii
3487 603 3578 673 qui

1996 709 2100 747 non
2130 692 2331 761 egent?
2356 691 2411 745 Si
2442 706 2571 760 ergo
2596 705 2663 746 ne
2689 692 2910 745 omnino
2938 691 3151 760 quidem
3194 707 3354 763 egere
3373 695 3577 751 assecla

1995 782 2074 835 vel
2103 781 2424 852 petiissequo
2450 789 2529 834 est
2557 780 2878 849 angelicum,
2905 795 3149 849 quamam
3177 783 3346 854 magis
3371 784 3579 839 accedit

1992 873 2057 926 ad
2089 874 2247 926 vitam
2290 872 2582 941 angelicam
2607 913 2621 938 ,
2651 885 2785 925 eane
2832 886 2951 941 qua:
3004 872 3184 927 multis
3229 874 3469 945 indiget,
3506 890 3575 930 an

1992 981 2111 1035 qum
2142 964 2358 1034 paucis?
2385 965 2570 1018 Nonne
2605 972 2687 1018 est
2721 963 2823 1018 hoc
2861 964 3071 1033 pudor?
3107 966 3278 1033 pudor
3319 977 3401 1021 est
3429 968 3573 1022 enim

1994 1055 2192 1125 aliquid
2222 1066 2377 1126 turpe
2409 1056 2583 1110 facere
2610 1064 2664 1110 et
2688 1055 2999 1109 absurdum.
3029 1056 3122 1110 Dic
3145 1057 3297 1123 mihi,
3328 1072 3573 1128 qumnam

1990 1150 2055 1203 ad
2087 1165 2145 1203 se
2171 1149 2435 1203 convertit
2460 1162 2553 1202 eos
2578 1164 2696 1218 quae
2727 1156 2852 1202 sunt
2881 1148 2932 1202 in
2965 1145 3101 1210 foro,
3130 1163 3263 1203 eane
3291 1165 3410 1219 qum
3434 1151 3570 1205 mul-

1994 1249 2074 1294 tos
2109 1255 2287 1295 secum
2316 1240 2481 1306 ducit,
2511 1256 2577 1293 an
2599 1254 2660 1295 ea
2689 1256 2807 1310 qum
2839 1239 3083 1309 paucos?
3112 1240 3209 1296 hac
3239 1252 3418 1296 autem
3451 1258 3574 1313 quas

1993 1344 2186 1397 paucos
2231 1331 2409 1394 ducit,
2464 1347 2640 1386 annon
2690 1347 2752 1387 ea
2803 1332 2971 1401 magis
3007 1347 3125 1402 qua:
3181 1333 3293 1387 sola
3343 1345 3566 1404 apparet

1990 1438 2093 1477 non
2128 1422 2395 1492 praevisa?
2424 1422 2581 1478 Vides
2611 1423 2752 1492 quod
2796 1424 2925 1477 illud
2951 1424 3021 1477 sit
3062 1424 3263 1493 pudor?
3310 1428 3566 1493 Quaenam

1986 1515 2039 1569 in
2087 1529 2146 1569 se
2172 1516 2437 1570 convertit
2462 1530 2554 1570 eos
2590 1517 2679 1584 qui
2710 1526 2832 1569 sunt
2862 1517 2915 1570 in
2945 1517 3094 1582 foro,
3139 1532 3274 1572 eane
3298 1534 3416 1588 qua:
3444 1521 3565 1589 pul-

1987 1604 2143 1659 chras
2166 1614 2340 1675 gestat
2360 1617 2555 1671 vestes,
2589 1620 2657 1660 an
2687 1623 2805 1677 quae
2831 1607 3141 1676 simpliciter
3170 1617 3253 1663 est
3299 1610 3487 1664 vestita
3514 1621 3568 1665 et

1987 1697 2133 1751 tiullo
2157 1707 2464 1767 comparato
2484 1700 2629 1754 cultu
2652 1710 2704 1755 et
2732 1696 3087 1755 ornamento?
3112 1717 3353 1770 qntenam
3387 1719 3569 1757 rursus

1988 1788 2157 1857 magis
2181 1789 2249 1843 ad
2280 1803 2339 1843 se
2367 1791 2633 1844 convertit
2662 1806 2755 1845 eos
2779 1791 2870 1860 qui
2900 1804 3021 1845 sunt
3051 1793 3101 1845 in
3133 1792 3266 1858 foro,
3292 1808 3425 1850 eane
3451 1810 3570 1864 quae

1989 1879 2145 1931 mulis
2173 1880 2383 1934 vehitur
2410 1890 2463 1935 et
2491 1882 2746 1935 inauratis
2772 1883 3039 1951 stragulis,
3079 1899 3145 1935 an
3187 1899 3248 1937 ea
3279 1898 3396 1953 qua:
3436 1884 3570 1939 sim-

1990 1969 2199 2038 pliciter
2227 1980 2281 2024 et
2319 1971 2837 2041 quomodocumque,
2888 1973 2980 2027 sed
3025 1972 3220 2029 decore
3261 1985 3315 2030 et
3351 1976 3573 2032 honeste

1990 2061 2224 2115 incedit?
2253 2076 2321 2116 an
2375 2062 2512 2118 hanc
2539 2079 2606 2119 ne
2635 2065 2924 2119 viderimus
2970 2066 3187 2136 quidem
3220 2075 3275 2121 et
3300 2071 3574 2137 aspexeri—

1988 2165 2130 2217 mus,
2156 2151 2299 2205 illam
2331 2162 2509 2208 autem
2562 2169 2669 2210 non
2699 2156 2871 2209 solum
2902 2165 2958 2210 ut
2991 2157 3205 2212 videant
3239 2167 3431 2229 urgent
3470 2161 3572 2215 ali-

1989 2243 2101 2312 qui,
2132 2242 2227 2298 sed
2258 2245 2418 2300 etiam
2444 2256 2638 2316 rogant
2663 2263 2907 2317 quasnam
2931 2248 3001 2303 sit
3021 2260 3075 2305 et
3100 2250 3278 2306 unde?
3304 2252 3453 2308 Mitto
3479 2269 3575 2309 au-

1993 2342 2099 2389 tem
2129 2336 2309 2393 dicere
2339 2349 2535 2408 quanta
2568 2340 2695 2395 hinc
2736 2342 2941 2396 oriatur
2974 2343 3190 2399 invidia.
3231 2346 3371 2413 Quid
3421 2363 3571 2419 ergo,

1992 2426 2080 2483 dic
2110 2429 2261 2495 mihi,
2292 2438 2375 2484 est
2416 2440 2590 2501 turpe,
2622 2432 2788 2486 videri
2833 2447 2902 2487 an
2957 2448 3062 2488 non
3102 2435 3308 2493 videri?
3361 2439 3575 2508 quando

1991 2529 2077 2576 est
2104 2521 2276 2591 major
2303 2522 2491 2592 pudor,
2535 2524 2748 2593 quando
2775 2539 2964 2581 omnes
2990 2526 3054 2581 ad
3096 2541 3214 2582 eam
3241 2533 3569 2599 aspexerint,

1994 2626 2061 2667 an
2091 2613 2304 2682 quando
2330 2613 2553 2668 nullus?
2585 2615 2802 2685 quando
2830 2630 3017 2672 omnes
3042 2616 3109 2671 de
3143 2632 3204 2672 ea
3234 2633 3477 2688 quaenam
3508 2624 3578 2678 sit

1995 2704 2313 2771 resciscunt,
2344 2720 2409 2759 an
2434 2706 2645 2774 quando
2674 2722 2739 2761 ne
2760 2717 2949 2762 curant
2966 2708 3223 2778 quidem?
3252 2710 3412 2767 Vides
3435 2714 3575 2782 quod

1995 2810 2101 2850 non
2148 2806 2367 2865 propter
2405 2797 2686 2865 pudorem,
2727 2799 2819 2852 sed
2853 2809 3071 2870 prepter
3097 2801 3310 2859 inanem
3353 2804 3575 2873 gloriam

1993 2888 2170 2941 omnia
2210 2889 2456 2959 agimus?
2484 2889 2587 2945 Sed
2617 2892 2866 2960 quoniam
2898 2892 3004 2950 hoc
3034 2894 3150 2952 fieri
3181 2912 3285 2953 non
3322 2909 3495 2969 potest
3521 2911 3579 2957 ut

1994 2993 2092 3033 nos
2116 2979 2183 3034 ab
2214 2980 2318 3033 illis
2347 2979 2698 3047 abducamus,
2732 2983 2931 3037 sufficit
2956 2986 3084 3040 mihi
3126 2988 3342 3044 interim
3380 3000 3438 3046 ut
3479 3008 3578 3048 vos

1994 3070 2209 3125 discatis
2236 3071 2338 3126 hoc
2365 3088 2469 3126 non
2497 3087 2615 3128 esse
2648 3075 3049 3143 turpitudinem.
3092 3079 3275 3138 Solum
3303 3094 3577 3152 peceatum

1996 3171 2077 3216 est
2103 3162 2396 3232 turpitudo,
2440 3164 2580 3231 quod
2614 3179 2770 3219 nemo
2798 3166 3066 3222 existimat
3119 3185 3239 3226 esse
3283 3174 3537 3241 pudorem
3560 3216 3576 3242 ,

1994 3251 2089 3308 Sed
2129 3252 2340 3322 quidvis
2377 3255 2543 3324 magis
2573 3269 2732 3324 quam
2773 3256 2964 3325 ipsum.
3002 3257 3331 3317 Vestimenta
3382 3264 3490 3317 sint
3516 3281 3576 3319 ea

1995 3360 2114 3413 quae
2134 3354 2257 3399 sunt
2285 3346 2423 3411 usui,
2444 3362 2548 3401 non
2571 3356 2749 3402 autem
2768 3361 3161 3418 supervacanea
3196 3370 3210 3407 :
3232 3363 3482 3409 caeterum
3511 3372 3580 3411 ne

1998 3433 2051 3487 in
2080 3434 2272 3489 nimias
2300 3449 2394 3490 vos
2436 3437 2753 3491 concludam
2783 3442 3084 3509 angustias,
3117 3441 3244 3497 illud
3288 3444 3576 3510 admoneo,

1994 3524 2138 3593 quod
2186 3541 2291 3579 non
2341 3527 2411 3581 sit
2456 3527 2608 3582 vobis
2638 3543 2774 3598 opus
2810 3531 2990 3585 aureis
3034 3535 3366 3590 ornamentis
3407 3551 3579 3606 neque

1996 3619 2280 3675 Subtilibus
2329 3621 2468 3676 telis.
2523 3622 2591 3676 Et
2621 3623 2733 3678 lucc
2778 3641 2882 3680 non
2927 3641 3027 3695 ego
3067 3627 3188 3682 dico
3222 3645 3234 3679 :
3265 3643 3386 3682 nam
3435 3632 3576 3701 quod

1997 3728 2102 3766 non
2131 3728 2246 3767 mea
2283 3714 2391 3767 sint
2411 3713 2594 3778 verba,
2625 3714 2748 3770 audi
2797 3717 3007 3772 beatum
3042 3718 3258 3772 Paulum
3290 3719 3576 3784 dicentem,

1998 3812 2048 3856 et
2077 3802 2388 3857 mulieribus
2417 3805 2834 3874 prmeipientem,
2869 3805 2937 3861 Ut
2968 3824 3020 3861 se
3039 3817 3236 3874 ornent,
3262 3812 3435 3865 nonin
3475 3822 3579 3866 tor-

2023 3900 2083 3952 tis
2109 3898 2329 3951 crinibus
2355 3908 2442 3951 aut
2469 3914 2617 3961 auro,
2654 3908 2739 3951 aut
2774 3898 3079 3967 nmrgurilis,
3109 3908 3195 3950 aut
3222 3908 3353 3953 veste
3376 3902 3594 3969 pretiosa

2026 3990 2100 4057 (l.
2133 3987 2262 4041 Tim.
2294 3987 2350 4040 2.
2377 3988 2454 4056 9).
2483 3986 2587 4043 Sed
2619 3987 2733 4052 die,
2783 3986 3051 4057 quomodo
3091 3988 3172 4042 vis
3203 3998 3258 4043 ut
3293 3998 3534 4055 ornetur,
3564 4003 3597 4041 ο

2024 4078 2222 4133 Paule?
2250 4078 2490 4133 fortassis
2517 4079 2659 4134 enim
2694 4079 2871 4135 dicent
2898 4081 3009 4134 sola
3040 4095 3201 4134 aurea
3224 4095 3341 4135 esse
3364 4081 3594 4151 pretiosa

2023 4181 2078 4224 et
2108 4179 2439 4239 sumptuosa,
2474 4172 2705 4240 pretiosa
2735 4180 2909 4225 autem
2938 4180 2993 4226 et
3017 4182 3324 4241 sumptuosa
3347 4188 3450 4225 non
3480 4186 3598 4226 esse

2023 4260 2190 4316 Serica
2218 4260 2337 4316 :dic
2362 4277 2490 4331 ergo
2515 4262 2784 4331 quomodo
2812 4263 2889 4317 vis
2928 4271 2987 4317 ut
3016 4263 3314 4317 ornentur?
3345 4262 3598 4317 Habentes

2023 4360 2191 4404 autem
2229 4352 2467 4406 alimenta
2506 4361 2553 4406 et
2590 4354 2768 4423 quibus
2799 4363 3045 4423 tegantur,
3092 4354 3155 4405 iis
3183 4354 3400 4406 contenti
3444 4355 3598 4406 simus

2024 4444 2102 4512 (l.
2132 4442 2270 4498 Tim.
2303 4444 2356 4499 6.
2386 4445 2466 4516 8).
2498 4445 2772 4514 Ejusmodi
2817 4447 2888 4500 sit
2919 4444 3079 4499 vestis
3122 4453 3177 4497 ut
3213 4446 3383 4498 solum
3436 4455 3594 4513 tegat.

2024 4536 2312 4605 Propterea
2338 4538 2477 4591 enim
2506 4538 2658 4592 nobis
2697 4552 2758 4591 ea
2786 4537 2932 4592 dedit
2957 4537 3101 4592 Deus
3141 4546 3198 4591 ut
3230 4545 3465 4607 teganms
3497 4555 3596 4590 nu.

2023 4625 2278 4692 ditatem;
2311 4627 2410 4681 hoc
2437 4637 2612 4683 autem
2640 4636 2812 4697 potest
2853 4628 3026 4682 facere
3062 4629 3430 4684 vestimentmn
3453 4671 3466 4695 ,
3496 4631 3597 4684 etsi

2023 4717 2093 4770 sit
2123 4718 2239 4773 vilis
2275 4719 2450 4788 pretii.
2503 4719 2749 4776 Fortasse
2797 4719 2984 4774 ridetis
3032 4735 3152 4789 qure
3182 4729 3356 4773 vestes
3380 4721 3600 4789 gestatis

2024 4809 2468 4875 sericas;revera
2494 4812 2633 4865 enim
2673 4819 2885 4882 oportet
2924 4810 3122 4865 ridere.
3169 4809 3302 4875 Quid
3351 4812 3602 4880 prmcepit

2026 4897 2261 4952 Paulus?
2287 4899 2412 4968 quid
2457 4914 2553 4953 nos
2603 4915 2730 4954 vero
2778 4900 3035 4954 facimus?
3065 4898 3179 4952 Non
3219 4908 3395 4953 autem
3426 4900 3597 4952 solum

2026 4989 2275 5042 mulieres
2323 4992 2584 5059 alloquor,
2639 4991 2732 5045 sed
2774 4991 2933 5045 etiam
2990 4991 3154 5043 viros.
3201 4988 3405 5045 Ca'tera
3457 4991 3599 5045 enim

2025 5081 2200 5134 omnia
2242 5096 2361 5150 quae
2406 5081 2662 5136 habemus
2696 5093 2819 5136 sunt
2848 5095 3264 5151 supervacanea.
3316 5082 3424 5137 Soli
3474 5098 3602 5151 pau~

2026 5189 2183 5243 pcrcs
2232 5189 2335 5227 non
2385 5175 2656 5244 possident
2712 5189 3108 5242 supervacanea
3157 5191 3171 5228 :
3231 5174 3452 5229 fortasse
3501 5189 3598 5225 au-

2028 5275 2131 5320 tem
2161 5267 2232 5321 illi
2262 5282 2474 5336 quoque
2521 5274 2734 5335 propter
2762 5267 3136 5321 necessitatem
3166 5283 3177 5318 :
3212 5267 3280 5319 ita
3323 5272 3417 5328 ut,
3450 5265 3492 5316 si
3532 5264 3599 5317 li-

2026 5368 2210 5423 ceret,
2241 5374 2306 5413 ne
2336 5358 2409 5412 illi
2457 5357 2670 5428 quidem
2703 5356 3056 5412 abstinerent.
3090 5357 3286 5411 Verum
3337 5354 3445 5417 illi,
3489 5354 3600 5406 sive

2027 5457 2285 5518 prmtextu
2325 5459 2377 5501 et
2413 5449 2714 5513 occasione,
2758 5448 2870 5503 sive
2896 5449 2971 5502 rei
3002 5449 3241 5511 veritate,
3272 5462 3375 5499 non
3404 5444 3598 5499 habent

2025 5555 2439 5611 supervacanea.
2471 5539 2618 5594 Talia
2651 5554 2781 5609 ergo
2822 5548 3092 5608 gestemus
3137 5538 3449 5591 vestimenta
3480 5553 3601 5605 quze

2025 5650 2177 5688 usum
2216 5633 2484 5701 impleant.
2515 5631 2649 5699 Quid
2690 5632 2830 5686 enim
2858 5631 2958 5685 sibi
2985 5631 3095 5684 vult
3126 5630 3346 5683 multum
3377 5632 3599 5683 auruml‘

2025 5724 2261 5779 Scenicis
2291 5724 2405 5778 lnec
2427 5722 2749 5778 conveniunt
2779 5740 2791 5775 :
2823 5722 2936 5777 haec
2967 5721 3031 5776 ab
3062 5721 3165 5776 illis
3182 5730 3297 5773 sunt
3322 5721 3597 5789 gestanda.

3235 5814 3307 5874 Ν
