  <div class='ocr_page' id='page_1' title='image "/cluster/home/n/w/nwhite01/storage/ocr_20150623/63/hvd.32044054112164/205.png"; bbox 0 0 4088 6208; ppageno 0'>
   <div class='ocr_carea' id='block_1_1' title="bbox 489 343 601 400">
    <p class='ocr_par' dir='ltr' id='par_1_1' title="bbox 489 343 601 400">
     <span class='ocr_line' id='line_1_1' title="bbox 489 343 601 400; baseline -0.036 0"><span class='ocrx_word' id='word_1_1' title='bbox 489 343 524 400; x_wconf 72' lang='grc' dir='ltr'><strong>ξΊ</strong></span> <span class='ocrx_word' id='word_1_2' title='bbox 535 343 601 397; x_wconf 79' lang='lat'><strong>99</strong></span> 
     </span>
    </p>
   </div>
   <div class='ocr_carea' id='block_1_2' title="bbox 508 430 2085 508">
    <p class='ocr_par' dir='ltr' id='par_1_2' title="bbox 508 430 2085 508">
     <span class='ocr_line' id='line_1_2' title="bbox 508 430 2085 508; baseline -0.014 -2"><span class='ocrx_word' id='word_1_3' title='bbox 508 459 622 505; x_wconf 66' lang='lat' dir='ltr'><strong>haec</strong></span> <span class='ocrx_word' id='word_1_4' title='bbox 661 455 781 504; x_wconf 90' lang='lat' dir='ltr'><strong>sunt</strong></span> <span class='ocrx_word' id='word_1_5' title='bbox 811 437 1170 504; x_wconf 92' lang='lat' dir='ltr'><strong>meretricum,</strong></span> <span class='ocrx_word' id='word_1_6' title='bbox 1198 452 1316 508; x_wconf 88' lang='lat' dir='ltr'><strong>quae</strong></span> <span class='ocrx_word' id='word_1_7' title='bbox 1345 435 1522 490; x_wconf 80' lang='lat' dir='ltr'><strong>omnia</strong></span> <span class='ocrx_word' id='word_1_8' title='bbox 1554 433 1761 488; x_wconf 79' lang='lat' dir='ltr'><strong>faciunt</strong></span> <span class='ocrx_word' id='word_1_9' title='bbox 1787 430 1852 484; x_wconf 88' lang='lat' dir='ltr'><strong>ad</strong></span> <span class='ocrx_word' id='word_1_10' title='bbox 1898 430 1998 483; x_wconf 92' lang='lat' dir='ltr'><strong>hoc</strong></span> <span class='ocrx_word' id='word_1_11' title='bbox 2028 437 2085 484; x_wconf 89' lang='lat' dir='ltr'><strong>ut</strong></span> 
     </span>
    </p>
   </div>
   <div class='ocr_carea' id='block_1_3' title="bbox 508 520 2086 616">
    <p class='ocr_par' dir='ltr' id='par_1_3' title="bbox 508 520 2086 616">
     <span class='ocr_line' id='line_1_3' title="bbox 508 520 2086 616; baseline -0.017 -16"><span class='ocrx_word' id='word_1_12' title='bbox 508 552 836 616; x_wconf 80' lang='lat' dir='ltr'><strong>Specteutur.</strong></span> <span class='ocrx_word' id='word_1_13' title='bbox 860 525 1088 593; x_wconf 52' lang='lat' dir='ltr'><strong>Ornet&#39;ur</strong></span> <span class='ocrx_word' id='word_1_14' title='bbox 1121 533 1208 586; x_wconf 88' lang='lat' dir='ltr'><strong>illa</strong></span> <span class='ocrx_word' id='word_1_15' title='bbox 1237 544 1355 600; x_wconf 74' lang='lat' dir='ltr'><strong>qua:</strong></span> <span class='ocrx_word' id='word_1_16' title='bbox 1384 528 1538 583; x_wconf 82' lang='lat' dir='ltr'><strong>estin</strong></span> <span class='ocrx_word' id='word_1_17' title='bbox 1566 524 1864 616; x_wconf 26' lang='lat' dir='ltr'><strong>sceuaailla</strong></span> <span class='ocrx_word' id='word_1_18' title='bbox 1892 537 2009 591; x_wconf 63' lang='lat' dir='ltr'><strong>quae</strong></span> <span class='ocrx_word' id='word_1_19' title='bbox 2031 520 2086 574; x_wconf 92' lang='lat' dir='ltr'><strong>in</strong></span> 
     </span>
    </p>
   </div>
   <div class='ocr_carea' id='block_1_4' title="bbox 509 614 2090 696">
    <p class='ocr_par' dir='ltr' id='par_1_4' title="bbox 509 614 2090 696">
     <span class='ocr_line' id='line_1_4' title="bbox 509 614 2090 696; baseline -0.018 -4"><span class='ocrx_word' id='word_1_20' title='bbox 509 614 817 696; x_wconf 76' lang='lat' dir='ltr'><strong>orchestra;</strong></span> <span class='ocrx_word' id='word_1_21' title='bbox 864 628 974 681; x_wconf 87' lang='lat' dir='ltr'><strong>vult</strong></span> <span class='ocrx_word' id='word_1_22' title='bbox 1002 624 1144 680; x_wconf 91' lang='lat' dir='ltr'><strong>enim</strong></span> <span class='ocrx_word' id='word_1_23' title='bbox 1192 634 1380 676; x_wconf 88' lang='lat' dir='ltr'><strong>omnes</strong></span> <span class='ocrx_word' id='word_1_24' title='bbox 1421 618 1487 673; x_wconf 87' lang='lat' dir='ltr'><strong>ad</strong></span> <span class='ocrx_word' id='word_1_25' title='bbox 1531 631 1590 670; x_wconf 90' lang='lat' dir='ltr'><strong>se</strong></span> <span class='ocrx_word' id='word_1_26' title='bbox 1616 614 1886 668; x_wconf 71' lang='lat' dir='ltr'><strong>attrahere</strong></span> <span class='ocrx_word' id='word_1_27' title='bbox 1926 625 2090 680; x_wconf 77' lang='lat' dir='ltr'><strong>:quze</strong></span> 
     </span>
    </p>
   </div>
   <div class='ocr_carea' id='block_1_5' title="bbox 511 700 2090 787">
    <p class='ocr_par' dir='ltr' id='par_1_5' title="bbox 511 700 2090 787">
     <span class='ocr_line' id='line_1_5' title="bbox 511 700 2090 787; baseline -0.015 -8"><span class='ocrx_word' id='word_1_28' title='bbox 511 737 687 780; x_wconf 91' lang='lat' dir='ltr'><strong>autem</strong></span> <span class='ocrx_word' id='word_1_29' title='bbox 721 735 843 775; x_wconf 89' lang='lat' dir='ltr'><strong>vere</strong></span> <span class='ocrx_word' id='word_1_30' title='bbox 875 719 1124 787; x_wconf 75' lang='lat' dir='ltr'><strong>pietatem</strong></span> <span class='ocrx_word' id='word_1_31' title='bbox 1156 710 1454 781; x_wconf 83' lang='lat' dir='ltr'><strong>profitetur,</strong></span> <span class='ocrx_word' id='word_1_32' title='bbox 1493 721 1597 760; x_wconf 92' lang='lat' dir='ltr'><strong>non</strong></span> <span class='ocrx_word' id='word_1_33' title='bbox 1625 706 1703 759; x_wconf 87' lang='lat' dir='ltr'><strong>sic</strong></span> <span class='ocrx_word' id='word_1_34' title='bbox 1735 711 1972 769; x_wconf 84' lang='lat' dir='ltr'><strong>ornetur,</strong></span> <span class='ocrx_word' id='word_1_35' title='bbox 1997 700 2090 756; x_wconf 89' lang='lat' dir='ltr'><strong>sed</strong></span> 
     </span>
    </p>
   </div>
   <div class='ocr_carea' id='block_1_6' title="bbox 510 798 1784 870">
    <p class='ocr_par' dir='ltr' id='par_1_6' title="bbox 510 798 1784 870">
     <span class='ocr_line' id='line_1_6' title="bbox 510 798 1784 870; baseline -0.017 0"><span class='ocrx_word' id='word_1_36' title='bbox 510 817 665 870; x_wconf 77' lang='lat' dir='ltr'><strong>aliter</strong></span> <span class='ocrx_word' id='word_1_37' title='bbox 709 812 897 865; x_wconf 86' lang='lat' dir='ltr'><strong>habeat</strong></span> <span class='ocrx_word' id='word_1_38' title='bbox 927 813 1175 861; x_wconf 90' lang='lat' dir='ltr'><strong>ornatum</strong></span> <span class='ocrx_word' id='word_1_39' title='bbox 1200 802 1293 856; x_wconf 92' lang='lat' dir='ltr'><strong>illo</strong></span> <span class='ocrx_word' id='word_1_40' title='bbox 1322 801 1478 870; x_wconf 90' lang='lat' dir='ltr'><strong>longe</strong></span> <span class='ocrx_word' id='word_1_41' title='bbox 1509 798 1784 866; x_wconf 87' lang='lat' dir='ltr'><strong>majorem.</strong></span> 
     </span>
    </p>
   </div>
   <div class='ocr_carea' id='block_1_7' title="bbox 585 882 2093 956">
    <p class='ocr_par' dir='ltr' id='par_1_7' title="bbox 585 882 2093 956">
     <span class='ocr_line' id='line_1_7' title="bbox 585 882 2093 956; baseline -0.013 -1"><span class='ocrx_word' id='word_1_42' title='bbox 585 901 790 956; x_wconf 75' lang='lat' dir='ltr'><strong>Mulieri</strong></span> <span class='ocrx_word' id='word_1_43' title='bbox 817 897 1134 952; x_wconf 66' lang='lat' dir='ltr'><strong>Christianae.</strong></span> <span class='ocrx_word' id='word_1_44' title='bbox 1165 922 1237 933; x_wconf 97' lang='lat'><strong>—</strong></span> <span class='ocrx_word' id='word_1_45' title='bbox 1261 891 1437 945; x_wconf 87' lang='lat' dir='ltr'><strong>Habes</strong></span> <span class='ocrx_word' id='word_1_46' title='bbox 1481 897 1535 943; x_wconf 91' lang='lat' dir='ltr'><strong>et</strong></span> <span class='ocrx_word' id='word_1_47' title='bbox 1579 898 1633 941; x_wconf 93' lang='lat' dir='ltr'><strong>tu</strong></span> <span class='ocrx_word' id='word_1_48' title='bbox 1676 885 1941 940; x_wconf 84' lang='lat' dir='ltr'><strong>theatrum</strong></span> <span class='ocrx_word' id='word_1_49' title='bbox 1976 902 1989 937; x_wconf 88' lang='lat'><strong>:</strong></span> <span class='ocrx_word' id='word_1_50' title='bbox 2026 882 2093 937; x_wconf 89' lang='lat' dir='ltr'><strong>ad</strong></span> 
     </span>
    </p>
   </div>
   <div class='ocr_carea' id='block_1_8' title="bbox 516 969 2085 1039">
    <p class='ocr_par' dir='ltr' id='par_1_8' title="bbox 516 969 2085 1039">
     <span class='ocr_line' id='line_1_8' title="bbox 516 969 2085 1039; baseline -0.003 -10"><span class='ocrx_word' id='word_1_51' title='bbox 516 977 642 1030; x_wconf 90' lang='lat' dir='ltr'><strong>illud</strong></span> <span class='ocrx_word' id='word_1_52' title='bbox 693 978 956 1030; x_wconf 78' lang='lat' dir='ltr'><strong>theatrum</strong></span> <span class='ocrx_word' id='word_1_53' title='bbox 1007 988 1056 1029; x_wconf 88' lang='lat' dir='ltr'><strong>te</strong></span> <span class='ocrx_word' id='word_1_54' title='bbox 1115 989 1286 1039; x_wconf 89' lang='lat' dir='ltr'><strong>orna,</strong></span> <span class='ocrx_word' id='word_1_55' title='bbox 1340 974 1429 1025; x_wconf 90' lang='lat' dir='ltr'><strong>illo</strong></span> <span class='ocrx_word' id='word_1_56' title='bbox 1478 982 1532 1025; x_wconf 92' lang='lat' dir='ltr'><strong>tu</strong></span> <span class='ocrx_word' id='word_1_57' title='bbox 1591 969 1787 1024; x_wconf 87' lang='lat' dir='ltr'><strong>mundo</strong></span> <span class='ocrx_word' id='word_1_58' title='bbox 1840 970 2085 1024; x_wconf 77' lang='lat' dir='ltr'><strong>Induere.</strong></span> 
     </span>
    </p>
   </div>
   <div class='ocr_carea' id='block_1_9' title="bbox 512 1059 2087 1134">
    <p class='ocr_par' dir='ltr' id='par_1_9' title="bbox 512 1059 2087 1134">
     <span class='ocr_line' id='line_1_9' title="bbox 512 1059 2087 1134; baseline -0.005 -15"><span class='ocrx_word' id='word_1_59' title='bbox 512 1066 789 1134; x_wconf 83' lang='lat' dir='ltr'><strong>Quodnam</strong></span> <span class='ocrx_word' id='word_1_60' title='bbox 832 1075 913 1120; x_wconf 80' lang='lat' dir='ltr'><strong>est</strong></span> <span class='ocrx_word' id='word_1_61' title='bbox 943 1077 1090 1119; x_wconf 80' lang='lat' dir='ltr'><strong>tuum</strong></span> <span class='ocrx_word' id='word_1_62' title='bbox 1123 1063 1432 1118; x_wconf 82' lang='lat' dir='ltr'><strong>theatrum?</strong></span> <span class='ocrx_word' id='word_1_63' title='bbox 1476 1060 1694 1123; x_wconf 51' lang='lat' dir='ltr'><strong>(latium,</strong></span> <span class='ocrx_word' id='word_1_64' title='bbox 1728 1059 1955 1130; x_wconf 86' lang='lat' dir='ltr'><strong>populus</strong></span> <span class='ocrx_word' id='word_1_65' title='bbox 1993 1073 2087 1112; x_wconf 80' lang='lat' dir='ltr'><strong>an-</strong></span> 
     </span>
    </p>
   </div>
   <div class='ocr_carea' id='block_1_10' title="bbox 512 1150 2084 1226">
    <p class='ocr_par' dir='ltr' id='par_1_10' title="bbox 512 1150 2084 1226">
     <span class='ocr_line' id='line_1_10' title="bbox 512 1150 2084 1226; baseline -0.005 -16"><span class='ocrx_word' id='word_1_66' title='bbox 512 1158 789 1226; x_wconf 86' lang='lat' dir='ltr'><strong>gelorum:</strong></span> <span class='ocrx_word' id='word_1_67' title='bbox 822 1171 928 1210; x_wconf 91' lang='lat' dir='ltr'><strong>non</strong></span> <span class='ocrx_word' id='word_1_68' title='bbox 953 1156 1071 1209; x_wconf 88' lang='lat' dir='ltr'><strong>dico</strong></span> <span class='ocrx_word' id='word_1_69' title='bbox 1101 1155 1273 1209; x_wconf 88' lang='lat' dir='ltr'><strong>solum</strong></span> <span class='ocrx_word' id='word_1_70' title='bbox 1301 1153 1584 1224; x_wconf 83' lang='lat' dir='ltr'><strong>virginum,</strong></span> <span class='ocrx_word' id='word_1_71' title='bbox 1616 1150 1709 1205; x_wconf 92' lang='lat' dir='ltr'><strong>sed</strong></span> <span class='ocrx_word' id='word_1_72' title='bbox 1737 1150 1896 1205; x_wconf 88' lang='lat' dir='ltr'><strong>etiam</strong></span> <span class='ocrx_word' id='word_1_73' title='bbox 1931 1165 2084 1203; x_wconf 88' lang='lat' dir='ltr'><strong>mun-</strong></span> 
     </span>
    </p>
   </div>
   <div class='ocr_carea' id='block_1_11' title="bbox 515 1243 2092 1314">
    <p class='ocr_par' dir='ltr' id='par_1_11' title="bbox 515 1243 2092 1314">
     <span class='ocr_line' id='line_1_11' title="bbox 515 1243 2092 1314; baseline -0.003 -13"><span class='ocrx_word' id='word_1_74' title='bbox 515 1249 768 1302; x_wconf 89' lang='lat' dir='ltr'><strong>danarum</strong></span> <span class='ocrx_word' id='word_1_75' title='bbox 814 1263 908 1302; x_wconf 92' lang='lat' dir='ltr'><strong>seu</strong></span> <span class='ocrx_word' id='word_1_76' title='bbox 939 1247 1276 1303; x_wconf 67' lang='lat' dir='ltr'><strong>saecularium</strong></span> <span class='ocrx_word' id='word_1_77' title='bbox 1318 1262 1331 1298; x_wconf 90' lang='lat'><strong>:</strong></span> <span class='ocrx_word' id='word_1_78' title='bbox 1365 1259 1713 1314; x_wconf 79' lang='lat' dir='ltr'><strong>quaecumque</strong></span> <span class='ocrx_word' id='word_1_79' title='bbox 1736 1243 1951 1297; x_wconf 86' lang='lat' dir='ltr'><strong>Christo</strong></span> <span class='ocrx_word' id='word_1_80' title='bbox 1973 1257 2092 1296; x_wconf 87' lang='lat' dir='ltr'><strong>cre-</strong></span> 
     </span>
    </p>
   </div>
   <div class='ocr_carea' id='block_1_12' title="bbox 516 1335 2093 1405">
    <p class='ocr_par' dir='ltr' id='par_1_12' title="bbox 516 1335 2093 1405">
     <span class='ocr_line' id='line_1_12' title="bbox 516 1335 2093 1405; baseline -0.002 -12"><span class='ocrx_word' id='word_1_81' title='bbox 516 1339 668 1402; x_wconf 90' lang='lat' dir='ltr'><strong>dunt,</strong></span> <span class='ocrx_word' id='word_1_82' title='bbox 698 1339 896 1392; x_wconf 83' lang='lat' dir='ltr'><strong>habent</strong></span> <span class='ocrx_word' id='word_1_83' title='bbox 926 1337 1052 1392; x_wconf 90' lang='lat' dir='ltr'><strong>illud</strong></span> <span class='ocrx_word' id='word_1_84' title='bbox 1087 1338 1374 1391; x_wconf 85' lang='lat' dir='ltr'><strong>theatrum.</strong></span> <span class='ocrx_word' id='word_1_85' title='bbox 1400 1336 1546 1390; x_wconf 84' lang='lat' dir='ltr'><strong>Talia</strong></span> <span class='ocrx_word' id='word_1_86' title='bbox 1578 1336 1858 1405; x_wconf 87' lang='lat' dir='ltr'><strong>loquamur</strong></span> <span class='ocrx_word' id='word_1_87' title='bbox 1888 1343 1945 1388; x_wconf 90' lang='lat' dir='ltr'><strong>ut</strong></span> <span class='ocrx_word' id='word_1_88' title='bbox 1973 1335 2093 1391; x_wconf 87' lang='lat' dir='ltr'><strong>illos</strong></span> 
     </span>
    </p>
   </div>
   <div class='ocr_carea' id='block_1_13' title="bbox 517 1425 2091 1497">
    <p class='ocr_par' dir='ltr' id='par_1_13' title="bbox 517 1425 2091 1497">
     <span class='ocr_line' id='line_1_13' title="bbox 517 1425 2091 1497; baseline -0.001 -16"><span class='ocrx_word' id='word_1_89' title='bbox 517 1429 845 1483; x_wconf 90' lang='lat' dir='ltr'><strong>oblectemus</strong></span> <span class='ocrx_word' id='word_1_90' title='bbox 871 1435 1236 1497; x_wconf 86' lang='lat' dir='ltr'><strong>spectatores:</strong></span> <span class='ocrx_word' id='word_1_91' title='bbox 1268 1426 1461 1481; x_wconf 85' lang='lat' dir='ltr'><strong>talibus</strong></span> <span class='ocrx_word' id='word_1_92' title='bbox 1491 1425 1730 1487; x_wconf 89' lang='lat' dir='ltr'><strong>induere,</strong></span> <span class='ocrx_word' id='word_1_93' title='bbox 1759 1435 1817 1479; x_wconf 92' lang='lat' dir='ltr'><strong>ut</strong></span> <span class='ocrx_word' id='word_1_94' title='bbox 1844 1426 1963 1480; x_wconf 92' lang='lat' dir='ltr'><strong>illos</strong></span> <span class='ocrx_word' id='word_1_95' title='bbox 1994 1425 2091 1480; x_wconf 73' lang='lat' dir='ltr'><strong>lae-</strong></span> 
     </span>
    </p>
   </div>
   <div class='ocr_carea' id='block_1_14' title="bbox 518 1517 2094 1593">
    <p class='ocr_par' dir='ltr' id='par_1_14' title="bbox 518 1517 2094 1593">
     <span class='ocr_line' id='line_1_14' title="bbox 518 1517 2094 1593; baseline -0.002 -17"><span class='ocrx_word' id='word_1_96' title='bbox 518 1522 630 1576; x_wconf 89' lang='lat' dir='ltr'><strong>titia</strong></span> <span class='ocrx_word' id='word_1_97' title='bbox 661 1522 861 1577; x_wconf 86' lang='lat' dir='ltr'><strong>afficias</strong></span> <span class='ocrx_word' id='word_1_98' title='bbox 892 1519 989 1593; x_wconf 86' lang='grc' dir='ltr'><strong>(α).</strong></span> <span class='ocrx_word' id='word_1_99' title='bbox 1019 1520 1149 1574; x_wconf 88' lang='lat' dir='ltr'><strong>Nam</strong></span> <span class='ocrx_word' id='word_1_100' title='bbox 1191 1519 1277 1574; x_wconf 90' lang='lat' dir='ltr'><strong>dic</strong></span> <span class='ocrx_word' id='word_1_101' title='bbox 1318 1518 1467 1584; x_wconf 87' lang='lat' dir='ltr'><strong>mihi,</strong></span> <span class='ocrx_word' id='word_1_102' title='bbox 1499 1518 1542 1573; x_wconf 91' lang='lat' dir='ltr'><strong>si</strong></span> <span class='ocrx_word' id='word_1_103' title='bbox 1582 1517 1830 1573; x_wconf 84' lang='lat' dir='ltr'><strong>meretrix</strong></span> <span class='ocrx_word' id='word_1_104' title='bbox 1861 1517 2094 1573; x_wconf 86' lang='lat' dir='ltr'><strong>dimissis</strong></span> 
     </span>
    </p>
   </div>
   <div class='ocr_carea' id='block_1_15' title="bbox 519 1609 2098 1680">
    <p class='ocr_par' dir='ltr' id='par_1_15' title="bbox 519 1609 2098 1680">
     <span class='ocr_line' id='line_1_15' title="bbox 519 1609 2098 1680; baseline -0.004 -12"><span class='ocrx_word' id='word_1_105' title='bbox 519 1613 848 1668; x_wconf 86' lang='lat' dir='ltr'><strong>ornamentis</strong></span> <span class='ocrx_word' id='word_1_106' title='bbox 874 1611 1053 1666; x_wconf 86' lang='lat' dir='ltr'><strong>aureis</strong></span> <span class='ocrx_word' id='word_1_107' title='bbox 1085 1611 1516 1680; x_wconf 83' lang='lat' dir='ltr'><strong>sumptuosisque</strong></span> <span class='ocrx_word' id='word_1_108' title='bbox 1562 1609 1796 1664; x_wconf 79' lang='lat' dir='ltr'><strong>vestibus</strong></span> <span class='ocrx_word' id='word_1_109' title='bbox 1820 1617 1874 1664; x_wconf 93' lang='lat' dir='ltr'><strong>et</strong></span> <span class='ocrx_word' id='word_1_110' title='bbox 1905 1609 2010 1662; x_wconf 83' lang='lat' dir='ltr'><strong>risu</strong></span> <span class='ocrx_word' id='word_1_111' title='bbox 2041 1617 2098 1664; x_wconf 91' lang='lat' dir='ltr'><strong>et</strong></span> 
     </span>
    </p>
   </div>
   <div class='ocr_carea' id='block_1_16' title="bbox 519 1700 2098 1768">
    <p class='ocr_par' dir='ltr' id='par_1_16' title="bbox 519 1700 2098 1768">
     <span class='ocr_line' id='line_1_16' title="bbox 519 1700 2098 1768; baseline -0.001 -11"><span class='ocrx_word' id='word_1_112' title='bbox 519 1704 696 1759; x_wconf 84' lang='lat' dir='ltr'><strong>verbis</strong></span> <span class='ocrx_word' id='word_1_113' title='bbox 727 1704 944 1758; x_wconf 86' lang='lat' dir='ltr'><strong>urbanis</strong></span> <span class='ocrx_word' id='word_1_114' title='bbox 994 1712 1046 1758; x_wconf 93' lang='lat' dir='ltr'><strong>et</strong></span> <span class='ocrx_word' id='word_1_115' title='bbox 1075 1701 1361 1768; x_wconf 69' lang='lat' dir='ltr'><strong>obscmnis,</strong></span> <span class='ocrx_word' id='word_1_116' title='bbox 1407 1701 1498 1755; x_wconf 87' lang='lat' dir='ltr'><strong>vili</strong></span> <span class='ocrx_word' id='word_1_117' title='bbox 1535 1709 1683 1757; x_wconf 88' lang='lat' dir='ltr'><strong>veste</strong></span> <span class='ocrx_word' id='word_1_118' title='bbox 1730 1700 1997 1767; x_wconf 89' lang='lat' dir='ltr'><strong>induatur,</strong></span> <span class='ocrx_word' id='word_1_119' title='bbox 2042 1711 2098 1756; x_wconf 91' lang='lat' dir='ltr'><strong>et</strong></span> 
     </span>
    </p>
   </div>
   <div class='ocr_carea' id='block_1_17' title="bbox 522 1792 2096 1863">
    <p class='ocr_par' dir='ltr' id='par_1_17' title="bbox 522 1792 2096 1863">
     <span class='ocr_line' id='line_1_17' title="bbox 522 1792 2096 1863; baseline 0 -16"><span class='ocrx_word' id='word_1_120' title='bbox 522 1794 800 1849; x_wconf 86' lang='lat' dir='ltr'><strong>illaborato</strong></span> <span class='ocrx_word' id='word_1_121' title='bbox 824 1795 966 1848; x_wconf 92' lang='lat' dir='ltr'><strong>cultu</strong></span> <span class='ocrx_word' id='word_1_122' title='bbox 981 1795 1273 1862; x_wconf 88' lang='lat' dir='ltr'><strong>composita</strong></span> <span class='ocrx_word' id='word_1_123' title='bbox 1294 1792 1642 1863; x_wconf 80' lang='lat' dir='ltr'><strong>ingrediatur,</strong></span> <span class='ocrx_word' id='word_1_124' title='bbox 1672 1803 1725 1848; x_wconf 89' lang='lat' dir='ltr'><strong>et</strong></span> <span class='ocrx_word' id='word_1_125' title='bbox 1744 1793 1990 1863; x_wconf 89' lang='lat' dir='ltr'><strong>loquatur</strong></span> <span class='ocrx_word' id='word_1_126' title='bbox 2013 1794 2096 1862; x_wconf 90' lang='lat' dir='ltr'><strong>pia</strong></span> 
     </span>
    </p>
   </div>
   <div class='ocr_carea' id='block_1_18' title="bbox 514 1883 2096 1955">
    <p class='ocr_par' dir='ltr' id='par_1_18' title="bbox 514 1883 2096 1955">
     <span class='ocr_line' id='line_1_18' title="bbox 514 1883 2096 1955; baseline -0.001 -15"><span class='ocrx_word' id='word_1_127' title='bbox 514 1895 575 1940; x_wconf 84' lang='lat' dir='ltr'><strong>et</strong></span> <span class='ocrx_word' id='word_1_128' title='bbox 595 1887 841 1955; x_wconf 86' lang='lat' dir='ltr'><strong>religiosa</strong></span> <span class='ocrx_word' id='word_1_129' title='bbox 872 1885 1051 1950; x_wconf 88' lang='lat' dir='ltr'><strong>verba,</strong></span> <span class='ocrx_word' id='word_1_130' title='bbox 1083 1897 1133 1939; x_wconf 94' lang='lat' dir='ltr'><strong>et</strong></span> <span class='ocrx_word' id='word_1_131' title='bbox 1161 1883 1388 1938; x_wconf 87' lang='lat' dir='ltr'><strong>disserat</strong></span> <span class='ocrx_word' id='word_1_132' title='bbox 1417 1883 1484 1939; x_wconf 92' lang='lat' dir='ltr'><strong>de</strong></span> <span class='ocrx_word' id='word_1_133' title='bbox 1504 1885 1875 1952; x_wconf 85' lang='lat' dir='ltr'><strong>temperantia,</strong></span> <span class='ocrx_word' id='word_1_134' title='bbox 1900 1884 2096 1938; x_wconf 88' lang='lat' dir='ltr'><strong>etnihil</strong></span> 
     </span>
    </p>
   </div>
   <div class='ocr_carea' id='block_1_19' title="bbox 517 1973 2100 2045">
    <p class='ocr_par' dir='ltr' id='par_1_19' title="bbox 517 1973 2100 2045">
     <span class='ocr_line' id='line_1_19' title="bbox 517 1973 2100 2045; baseline -0.002 -13"><span class='ocrx_word' id='word_1_135' title='bbox 517 1987 676 2045; x_wconf 80' lang='lat' dir='ltr'><strong>turpe</strong></span> <span class='ocrx_word' id='word_1_136' title='bbox 705 1976 866 2041; x_wconf 87' lang='lat' dir='ltr'><strong>dicat,</strong></span> <span class='ocrx_word' id='word_1_137' title='bbox 899 1990 1075 2028; x_wconf 86' lang='lat' dir='ltr'><strong>annon</strong></span> <span class='ocrx_word' id='word_1_138' title='bbox 1106 1990 1292 2028; x_wconf 89' lang='lat' dir='ltr'><strong>omnes</strong></span> <span class='ocrx_word' id='word_1_139' title='bbox 1333 1973 1592 2043; x_wconf 76' lang='lat' dir='ltr'><strong>surgent?</strong></span> <span class='ocrx_word' id='word_1_140' title='bbox 1621 1989 1797 2028; x_wconf 89' lang='lat' dir='ltr'><strong>annon</strong></span> <span class='ocrx_word' id='word_1_141' title='bbox 1841 1974 2100 2029; x_wconf 71' lang='lat' dir='ltr'><strong>dissolve-</strong></span> 
     </span>
    </p>
   </div>
   <div class='ocr_carea' id='block_1_20' title="bbox 523 2067 2100 2138">
    <p class='ocr_par' dir='ltr' id='par_1_20' title="bbox 523 2067 2100 2138">
     <span class='ocr_line' id='line_1_20' title="bbox 523 2067 2100 2138; baseline -0.001 -16"><span class='ocrx_word' id='word_1_142' title='bbox 523 2078 610 2124; x_wconf 85' lang='lat' dir='ltr'><strong>tur</strong></span> <span class='ocrx_word' id='word_1_143' title='bbox 637 2069 739 2124; x_wconf 92' lang='lat' dir='ltr'><strong>hoc</strong></span> <span class='ocrx_word' id='word_1_144' title='bbox 757 2069 1020 2123; x_wconf 74' lang='lat' dir='ltr'><strong>theatrum</strong></span> <span class='ocrx_word' id='word_1_145' title='bbox 1039 2069 1064 2121; x_wconf 88' lang='lat'><strong>?</strong></span> <span class='ocrx_word' id='word_1_146' title='bbox 1092 2083 1269 2122; x_wconf 92' lang='lat' dir='ltr'><strong>annon</strong></span> <span class='ocrx_word' id='word_1_147' title='bbox 1295 2082 1413 2122; x_wconf 88' lang='lat' dir='ltr'><strong>eam</strong></span> <span class='ocrx_word' id='word_1_148' title='bbox 1439 2067 1653 2137; x_wconf 88' lang='lat' dir='ltr'><strong>ejicient</strong></span> <span class='ocrx_word' id='word_1_149' title='bbox 1675 2077 1730 2122; x_wconf 91' lang='lat' dir='ltr'><strong>ut</strong></span> <span class='ocrx_word' id='word_1_150' title='bbox 1757 2084 1872 2138; x_wconf 71' lang='lat' dir='ltr'><strong>qua:</strong></span> <span class='ocrx_word' id='word_1_151' title='bbox 1897 2072 2100 2122; x_wconf 89' lang='lat' dir='ltr'><strong>nesciat</strong></span> 
     </span>
    </p>
   </div>
   <div class='ocr_carea' id='block_1_21' title="bbox 521 2157 2098 2229">
    <p class='ocr_par' dir='ltr' id='par_1_21' title="bbox 521 2157 2098 2229">
     <span class='ocr_line' id='line_1_21' title="bbox 521 2157 2098 2229; baseline -0.001 -16"><span class='ocrx_word' id='word_1_152' title='bbox 521 2174 821 2229; x_wconf 79' lang='lat' dir='ltr'><strong>congruere</strong></span> <span class='ocrx_word' id='word_1_153' title='bbox 845 2159 1060 2228; x_wconf 88' lang='lat' dir='ltr'><strong>populo,</strong></span> <span class='ocrx_word' id='word_1_154' title='bbox 1091 2169 1144 2213; x_wconf 88' lang='lat' dir='ltr'><strong>et</strong></span> <span class='ocrx_word' id='word_1_155' title='bbox 1166 2174 1285 2229; x_wconf 77' lang='lat' dir='ltr'><strong>qua:</strong></span> <span class='ocrx_word' id='word_1_156' title='bbox 1312 2157 1456 2212; x_wconf 85' lang='lat' dir='ltr'><strong>dicat</strong></span> <span class='ocrx_word' id='word_1_157' title='bbox 1480 2157 1655 2213; x_wconf 89' lang='lat' dir='ltr'><strong>aliena</strong></span> <span class='ocrx_word' id='word_1_158' title='bbox 1679 2159 1746 2212; x_wconf 91' lang='lat' dir='ltr'><strong>ab</strong></span> <span class='ocrx_word' id='word_1_159' title='bbox 1770 2158 1861 2211; x_wconf 90' lang='lat' dir='ltr'><strong>illo</strong></span> <span class='ocrx_word' id='word_1_160' title='bbox 1892 2158 2098 2212; x_wconf 89' lang='lat' dir='ltr'><strong>theatro</strong></span> 
     </span>
    </p>
   </div>
   <div class='ocr_carea' id='block_1_22' title="bbox 524 2248 2101 2320">
    <p class='ocr_par' dir='ltr' id='par_1_22' title="bbox 524 2248 2101 2320">
     <span class='ocr_line' id='line_1_22' title="bbox 524 2248 2101 2320; baseline 0 -16"><span class='ocrx_word' id='word_1_161' title='bbox 524 2249 808 2304; x_wconf 83' lang='lat' dir='ltr'><strong>satanieo?</strong></span> <span class='ocrx_word' id='word_1_162' title='bbox 841 2251 911 2302; x_wconf 84' lang='lat' dir='ltr'><strong>lta</strong></span> <span class='ocrx_word' id='word_1_163' title='bbox 943 2259 998 2304; x_wconf 89' lang='lat' dir='ltr'><strong>tu</strong></span> <span class='ocrx_word' id='word_1_164' title='bbox 1023 2266 1254 2320; x_wconf 89' lang='lat' dir='ltr'><strong>quoque,</strong></span> <span class='ocrx_word' id='word_1_165' title='bbox 1284 2250 1328 2304; x_wconf 88' lang='lat' dir='ltr'><strong>si</strong></span> <span class='ocrx_word' id='word_1_166' title='bbox 1370 2248 1513 2304; x_wconf 84' lang='lat' dir='ltr'><strong>illius</strong></span> <span class='ocrx_word' id='word_1_167' title='bbox 1544 2250 1872 2306; x_wconf 79' lang='lat' dir='ltr'><strong>vestimentis</strong></span> <span class='ocrx_word' id='word_1_168' title='bbox 1911 2249 2101 2305; x_wconf 85' lang='lat' dir='ltr'><strong>amicta</strong></span> 
     </span>
    </p>
   </div>
   <div class='ocr_carea' id='block_1_23' title="bbox 522 2342 2102 2412">
    <p class='ocr_par' dir='ltr' id='par_1_23' title="bbox 522 2342 2102 2412">
     <span class='ocr_line' id='line_1_23' title="bbox 522 2342 2102 2412; baseline -0.001 -16"><span class='ocrx_word' id='word_1_169' title='bbox 522 2342 845 2412; x_wconf 81' lang='lat' dir='ltr'><strong>ingrediaris</strong></span> <span class='ocrx_word' id='word_1_170' title='bbox 883 2342 1149 2395; x_wconf 87' lang='lat' dir='ltr'><strong>theatrum</strong></span> <span class='ocrx_word' id='word_1_171' title='bbox 1179 2342 1456 2406; x_wconf 72' lang='lat' dir='ltr'><strong>cmlorum,</strong></span> <span class='ocrx_word' id='word_1_172' title='bbox 1500 2350 1552 2396; x_wconf 90' lang='lat' dir='ltr'><strong>te</strong></span> <span class='ocrx_word' id='word_1_173' title='bbox 1581 2343 1797 2409; x_wconf 89' lang='lat' dir='ltr'><strong>ejicient</strong></span> <span class='ocrx_word' id='word_1_174' title='bbox 1834 2350 2102 2412; x_wconf 82' lang='lat' dir='ltr'><strong>spectato-</strong></span> 
     </span>
    </p>
   </div>
   <div class='ocr_carea' id='block_1_24' title="bbox 525 2431 2102 2500">
    <p class='ocr_par' dir='ltr' id='par_1_24' title="bbox 525 2431 2102 2500">
     <span class='ocr_line' id='line_1_24' title="bbox 525 2431 2102 2500; baseline 0 -14"><span class='ocrx_word' id='word_1_175' title='bbox 525 2447 633 2486; x_wconf 88' lang='lat' dir='ltr'><strong>res.</strong></span> <span class='ocrx_word' id='word_1_176' title='bbox 665 2433 780 2488; x_wconf 89' lang='lat' dir='ltr'><strong>lllic</strong></span> <span class='ocrx_word' id='word_1_177' title='bbox 809 2431 950 2485; x_wconf 85' lang='lat' dir='ltr'><strong>enim</strong></span> <span class='ocrx_word' id='word_1_178' title='bbox 983 2446 1086 2485; x_wconf 90' lang='lat' dir='ltr'><strong>non</strong></span> <span class='ocrx_word' id='word_1_179' title='bbox 1132 2446 1266 2500; x_wconf 79' lang='lat' dir='ltr'><strong>Opus</strong></span> <span class='ocrx_word' id='word_1_180' title='bbox 1294 2440 1375 2486; x_wconf 89' lang='lat' dir='ltr'><strong>est</strong></span> <span class='ocrx_word' id='word_1_181' title='bbox 1406 2431 1489 2484; x_wconf 88' lang='lat' dir='ltr'><strong>his</strong></span> <span class='ocrx_word' id='word_1_182' title='bbox 1531 2431 1860 2487; x_wconf 87' lang='lat' dir='ltr'><strong>vestimentis</strong></span> <span class='ocrx_word' id='word_1_183' title='bbox 1902 2432 2102 2499; x_wconf 87' lang='lat' dir='ltr'><strong>aureis,</strong></span> 
     </span>
    </p>
   </div>
   <div class='ocr_carea' id='block_1_25' title="bbox 527 2524 2100 2596">
    <p class='ocr_par' dir='ltr' id='par_1_25' title="bbox 527 2524 2100 2596">
     <span class='ocr_line' id='line_1_25' title="bbox 527 2524 2100 2596; baseline 0.001 -16"><span class='ocrx_word' id='word_1_184' title='bbox 527 2524 623 2580; x_wconf 86' lang='lat' dir='ltr'><strong>sed</strong></span> <span class='ocrx_word' id='word_1_185' title='bbox 661 2525 800 2579; x_wconf 88' lang='lat' dir='ltr'><strong>aliis.</strong></span> <span class='ocrx_word' id='word_1_186' title='bbox 851 2525 1222 2591; x_wconf 86' lang='lat' dir='ltr'><strong>Quibusnam?</strong></span> <span class='ocrx_word' id='word_1_187' title='bbox 1268 2524 1580 2595; x_wconf 75' lang='lat' dir='ltr'><strong>Cuiusmodi</strong></span> <span class='ocrx_word' id='word_1_188' title='bbox 1624 2526 1752 2580; x_wconf 87' lang='lat' dir='ltr'><strong>dicit</strong></span> <span class='ocrx_word' id='word_1_189' title='bbox 1788 2525 2100 2596; x_wconf 85' lang='lat' dir='ltr'><strong>Propheta:</strong></span> 
     </span>
    </p>
   </div>
   <div class='ocr_carea' id='block_1_26' title="bbox 529 2617 2103 2688">
    <p class='ocr_par' dir='ltr' id='par_1_26' title="bbox 529 2617 2103 2688">
     <span class='ocr_line' id='line_1_26' title="bbox 529 2617 2103 2688; baseline 0.003 -18"><span class='ocrx_word' id='word_1_190' title='bbox 529 2617 596 2671; x_wconf 84' lang='lat' dir='ltr'><strong>In</strong></span> <span class='ocrx_word' id='word_1_191' title='bbox 645 2617 856 2687; x_wconf 78' lang='lat' dir='ltr'><strong>ﬁmbriis</strong></span> <span class='ocrx_word' id='word_1_192' title='bbox 895 2617 1060 2671; x_wconf 80' lang='lat' dir='ltr'><strong>aureis</strong></span> <span class='ocrx_word' id='word_1_193' title='bbox 1104 2618 1436 2682; x_wconf 77' lang='lat' dir='ltr'><strong>circumdata,</strong></span> <span class='ocrx_word' id='word_1_194' title='bbox 1479 2619 1731 2688; x_wconf 77' lang='lat' dir='ltr'><strong>variegata</strong></span> <span class='ocrx_word' id='word_1_195' title='bbox 1790 2619 1962 2688; x_wconf 75' lang='lat' dir='ltr'><strong>(Paul.</strong></span> <span class='ocrx_word' id='word_1_196' title='bbox 2012 2621 2103 2675; x_wconf 71' lang='grc' dir='ltr'><strong>Η.</strong></span> 
     </span>
    </p>
   </div>
   <div class='ocr_carea' id='block_1_27' title="bbox 531 2707 2103 2779">
    <p class='ocr_par' dir='ltr' id='par_1_27' title="bbox 531 2707 2103 2779">
     <span class='ocr_line' id='line_1_27' title="bbox 531 2707 2103 2779; baseline 0.001 -16"><span class='ocrx_word' id='word_1_197' title='bbox 531 2707 620 2778; x_wconf 77' lang='lat' dir='ltr'><strong>M)</strong></span> <span class='ocrx_word' id='word_1_198' title='bbox 655 2725 668 2760; x_wconf 91' lang='lat'><strong>:</strong></span> <span class='ocrx_word' id='word_1_199' title='bbox 697 2723 801 2762; x_wconf 90' lang='lat' dir='ltr'><strong>non</strong></span> <span class='ocrx_word' id='word_1_200' title='bbox 825 2720 880 2762; x_wconf 90' lang='lat' dir='ltr'><strong>ut</strong></span> <span class='ocrx_word' id='word_1_201' title='bbox 905 2722 1098 2778; x_wconf 89' lang='lat' dir='ltr'><strong>corpus</strong></span> <span class='ocrx_word' id='word_1_202' title='bbox 1125 2707 1317 2763; x_wconf 88' lang='lat' dir='ltr'><strong>reddas</strong></span> <span class='ocrx_word' id='word_1_203' title='bbox 1343 2708 1629 2762; x_wconf 86' lang='lat' dir='ltr'><strong>candidum</strong></span> <span class='ocrx_word' id='word_1_204' title='bbox 1658 2720 1710 2762; x_wconf 93' lang='lat' dir='ltr'><strong>et</strong></span> <span class='ocrx_word' id='word_1_205' title='bbox 1738 2709 2103 2779; x_wconf 88' lang='lat' dir='ltr'><strong>resplendens,</strong></span> 
     </span>
    </p>
   </div>
   <div class='ocr_carea' id='block_1_28' title="bbox 531 2798 2105 2868">
    <p class='ocr_par' dir='ltr' id='par_1_28' title="bbox 531 2798 2105 2868">
     <span class='ocr_line' id='line_1_28' title="bbox 531 2798 2105 2868; baseline 0.004 -16"><span class='ocrx_word' id='word_1_206' title='bbox 531 2798 625 2853; x_wconf 90' lang='lat' dir='ltr'><strong>sed</strong></span> <span class='ocrx_word' id='word_1_207' title='bbox 656 2808 714 2852; x_wconf 88' lang='lat' dir='ltr'><strong>ut</strong></span> <span class='ocrx_word' id='word_1_208' title='bbox 744 2813 902 2853; x_wconf 91' lang='lat' dir='ltr'><strong>ornes</strong></span> <span class='ocrx_word' id='word_1_209' title='bbox 933 2801 1164 2852; x_wconf 90' lang='lat' dir='ltr'><strong>animam</strong></span> <span class='ocrx_word' id='word_1_210' title='bbox 1195 2814 1212 2852; x_wconf 87' lang='lat'><strong>:</strong></span> <span class='ocrx_word' id='word_1_211' title='bbox 1239 2814 1300 2852; x_wconf 89' lang='lat' dir='ltr'><strong>ea</strong></span> <span class='ocrx_word' id='word_1_212' title='bbox 1327 2810 1408 2853; x_wconf 89' lang='lat' dir='ltr'><strong>est</strong></span> <span class='ocrx_word' id='word_1_213' title='bbox 1429 2799 1570 2853; x_wconf 91' lang='lat' dir='ltr'><strong>enim</strong></span> <span class='ocrx_word' id='word_1_214' title='bbox 1599 2814 1718 2868; x_wconf 72' lang='lat' dir='ltr'><strong>qua:</strong></span> <span class='ocrx_word' id='word_1_215' title='bbox 1745 2799 1853 2854; x_wconf 91' lang='lat' dir='ltr'><strong>illic</strong></span> <span class='ocrx_word' id='word_1_216' title='bbox 1881 2811 2105 2857; x_wconf 88' lang='lat' dir='ltr'><strong>conten-</strong></span> 
     </span>
    </p>
   </div>
   <div class='ocr_carea' id='block_1_29' title="bbox 532 2889 2106 2962">
    <p class='ocr_par' dir='ltr' id='par_1_29' title="bbox 532 2889 2106 2962">
     <span class='ocr_line' id='line_1_29' title="bbox 532 2889 2106 2962; baseline 0.004 -20"><span class='ocrx_word' id='word_1_217' title='bbox 532 2889 680 2944; x_wconf 89' lang='lat' dir='ltr'><strong>ditet</strong></span> <span class='ocrx_word' id='word_1_218' title='bbox 708 2890 965 2946; x_wconf 84' lang='lat' dir='ltr'><strong>decertat.</strong></span> <span class='ocrx_word' id='word_1_219' title='bbox 1007 2891 1184 2945; x_wconf 80' lang='lat' dir='ltr'><strong>Omnis</strong></span> <span class='ocrx_word' id='word_1_220' title='bbox 1231 2892 1394 2961; x_wconf 79' lang='lat' dir='ltr'><strong>gloria</strong></span> <span class='ocrx_word' id='word_1_221' title='bbox 1422 2892 1544 2960; x_wconf 71' lang='lat' dir='ltr'><strong>ﬁlia:</strong></span> <span class='ocrx_word' id='word_1_222' title='bbox 1590 2892 1740 2962; x_wconf 86' lang='lat' dir='ltr'><strong>Regis</strong></span> <span class='ocrx_word' id='word_1_223' title='bbox 1786 2894 2106 2962; x_wconf 75' lang='lat' dir='ltr'><strong>intrinsecus,</strong></span> 
     </span>
    </p>
   </div>
   <div class='ocr_carea' id='block_1_30' title="bbox 535 2981 2108 3052">
    <p class='ocr_par' dir='ltr' id='par_1_30' title="bbox 535 2981 2108 3052">
     <span class='ocr_line' id='line_1_30' title="bbox 535 2981 2108 3052; baseline 0.003 -16"><span class='ocrx_word' id='word_1_224' title='bbox 535 2983 720 3052; x_wconf 84' lang='lat' dir='ltr'><strong>inquit.</strong></span> <span class='ocrx_word' id='word_1_225' title='bbox 752 2981 821 3037; x_wconf 89' lang='lat' dir='ltr'><strong>lis</strong></span> <span class='ocrx_word' id='word_1_226' title='bbox 845 2983 1064 3038; x_wconf 86' lang='lat' dir='ltr'><strong>induere</strong></span> <span class='ocrx_word' id='word_1_227' title='bbox 1094 3001 1107 3036; x_wconf 92' lang='lat'>:</span> <span class='ocrx_word' id='word_1_228' title='bbox 1137 2998 1259 3036; x_wconf 87' lang='lat' dir='ltr'><strong>nam</strong></span> <span class='ocrx_word' id='word_1_229' title='bbox 1289 2993 1345 3038; x_wconf 90' lang='lat' dir='ltr'><strong>et</strong></span> <span class='ocrx_word' id='word_1_230' title='bbox 1368 2983 1436 3036; x_wconf 90' lang='lat' dir='ltr'><strong>ab</strong></span> <span class='ocrx_word' id='word_1_231' title='bbox 1476 2982 1956 3039; x_wconf 86' lang='lat' dir='ltr'><strong>innumerabilibus</strong></span> <span class='ocrx_word' id='word_1_232' title='bbox 1990 2987 2108 3042; x_wconf 86' lang='lat' dir='ltr'><strong>aliis</strong></span> 
     </span>
    </p>
   </div>
   <div class='ocr_carea' id='block_1_31' title="bbox 534 3072 2109 3141">
    <p class='ocr_par' dir='ltr' id='par_1_31' title="bbox 534 3072 2109 3141">
     <span class='ocr_line' id='line_1_31' title="bbox 534 3072 2109 3141; baseline 0.005 -17"><span class='ocrx_word' id='word_1_233' title='bbox 534 3072 1038 3138; x_wconf 84' lang='lat' dir='ltr'><strong>malistelibcrabis,</strong></span> <span class='ocrx_word' id='word_1_234' title='bbox 1060 3072 1307 3127; x_wconf 90' lang='lat' dir='ltr'><strong>maritum</strong></span> <span class='ocrx_word' id='word_1_235' title='bbox 1332 3089 1360 3126; x_wconf 93' lang='lat' dir='ltr'><strong>a</strong></span> <span class='ocrx_word' id='word_1_236' title='bbox 1383 3073 1894 3141; x_wconf 88' lang='lat' dir='ltr'><strong>sollicitudine,ette</strong></span> <span class='ocrx_word' id='word_1_237' title='bbox 1911 3091 1938 3130; x_wconf 92' lang='lat' dir='ltr'><strong>a</strong></span> <span class='ocrx_word' id='word_1_238' title='bbox 1956 3091 2109 3133; x_wconf 87' lang='lat' dir='ltr'><strong>cura.</strong></span> 
     </span>
    </p>
   </div>
   <div class='ocr_carea' id='block_1_32' title="bbox 535 3162 2107 3236">
    <p class='ocr_par' dir='ltr' id='par_1_32' title="bbox 535 3162 2107 3236">
     <span class='ocr_line' id='line_1_32' title="bbox 535 3162 2107 3236; baseline 0.004 -20"><span class='ocrx_word' id='word_1_239' title='bbox 535 3162 625 3217; x_wconf 85' lang='lat' dir='ltr'><strong>Sic</strong></span> <span class='ocrx_word' id='word_1_240' title='bbox 639 3163 780 3216; x_wconf 90' lang='lat' dir='ltr'><strong>enim</strong></span> <span class='ocrx_word' id='word_1_241' title='bbox 795 3163 900 3217; x_wconf 91' lang='lat' dir='ltr'><strong>eris</strong></span> <span class='ocrx_word' id='word_1_242' title='bbox 918 3163 1108 3216; x_wconf 90' lang='lat' dir='ltr'><strong>marito</strong></span> <span class='ocrx_word' id='word_1_243' title='bbox 1127 3163 1666 3232; x_wconf 87' lang='lat' dir='ltr'><strong>veneranda,quaudo</strong></span> <span class='ocrx_word' id='word_1_244' title='bbox 1682 3165 1860 3234; x_wconf 89' lang='lat' dir='ltr'><strong>paucis</strong></span> <span class='ocrx_word' id='word_1_245' title='bbox 1877 3167 2107 3236; x_wconf 86' lang='lat' dir='ltr'><strong>egueris.</strong></span> 
     </span>
    </p>
   </div>
   <div class='ocr_carea' id='block_1_33' title="bbox 607 3253 2106 3324">
    <p class='ocr_par' dir='ltr' id='par_1_33' title="bbox 607 3253 2106 3324">
     <span class='ocr_line' id='line_1_33' title="bbox 607 3253 2106 3324; baseline 0.004 -16"><span class='ocrx_word' id='word_1_246' title='bbox 607 3253 663 3310; x_wconf 82' lang='lat'><strong>6.</strong></span> <span class='ocrx_word' id='word_1_247' title='bbox 711 3254 857 3309; x_wconf 91' lang='lat' dir='ltr'><strong>Solet</strong></span> <span class='ocrx_word' id='word_1_248' title='bbox 882 3255 1022 3309; x_wconf 89' lang='lat' dir='ltr'><strong>enim</strong></span> <span class='ocrx_word' id='word_1_249' title='bbox 1075 3253 1238 3309; x_wconf 87' lang='lat' dir='ltr'><strong>homo</strong></span> <span class='ocrx_word' id='word_1_250' title='bbox 1279 3255 1500 3324; x_wconf 84' lang='lat' dir='ltr'><strong>quilibet</strong></span> <span class='ocrx_word' id='word_1_251' title='bbox 1527 3256 1895 3322; x_wconf 88' lang='lat' dir='ltr'><strong>dissimulare,</strong></span> <span class='ocrx_word' id='word_1_252' title='bbox 1925 3268 1979 3313; x_wconf 87' lang='lat' dir='ltr'><strong>et</strong></span> <span class='ocrx_word' id='word_1_253' title='bbox 2011 3275 2106 3314; x_wconf 91' lang='lat' dir='ltr'><strong>eos</strong></span> 
     </span>
    </p>
   </div>
   <div class='ocr_carea' id='block_1_34' title="bbox 525 3353 2104 3429">
    <p class='ocr_par' dir='ltr' id='par_1_34' title="bbox 525 3353 2104 3429">
     <span class='ocr_line' id='line_1_34' title="bbox 525 3353 2104 3429; baseline 0.006 -25"><span class='ocrx_word' id='word_1_254' title='bbox 525 3353 822 3423; x_wconf 84' lang='lat' dir='ltr'><strong>despicatui</strong></span> <span class='ocrx_word' id='word_1_255' title='bbox 851 3353 1075 3420; x_wconf 89' lang='lat' dir='ltr'><strong>habere,</strong></span> <span class='ocrx_word' id='word_1_256' title='bbox 1107 3357 1194 3425; x_wconf 91' lang='lat' dir='ltr'><strong>qui</strong></span> <span class='ocrx_word' id='word_1_257' title='bbox 1219 3356 1336 3427; x_wconf 88' lang='lat' dir='ltr'><strong>ipso</strong></span> <span class='ocrx_word' id='word_1_258' title='bbox 1371 3356 1608 3427; x_wconf 76' lang='lat' dir='ltr'><strong>indigent</strong></span> <span class='ocrx_word' id='word_1_259' title='bbox 1639 3361 1888 3429; x_wconf 89' lang='lat' dir='ltr'><strong>:quando</strong></span> <span class='ocrx_word' id='word_1_260' title='bbox 1927 3367 2104 3415; x_wconf 88' lang='lat' dir='ltr'><strong>autem</strong></span> 
     </span>
    </p>
   </div>
   <div class='ocr_carea' id='block_1_35' title="bbox 530 3445 2106 3520">
    <p class='ocr_par' dir='ltr' id='par_1_35' title="bbox 530 3445 2106 3520">
     <span class='ocr_line' id='line_1_35' title="bbox 530 3445 2106 3520; baseline 0.006 -24"><span class='ocrx_word' id='word_1_261' title='bbox 530 3445 726 3500; x_wconf 84' lang='lat' dir='ltr'><strong>viderit</strong></span> <span class='ocrx_word' id='word_1_262' title='bbox 752 3461 856 3501; x_wconf 91' lang='lat' dir='ltr'><strong>non</strong></span> <span class='ocrx_word' id='word_1_263' title='bbox 879 3460 1014 3516; x_wconf 85' lang='lat' dir='ltr'><strong>Opus</strong></span> <span class='ocrx_word' id='word_1_264' title='bbox 1046 3446 1263 3514; x_wconf 88' lang='lat' dir='ltr'><strong>habere,</strong></span> <span class='ocrx_word' id='word_1_265' title='bbox 1313 3447 1502 3500; x_wconf 88' lang='lat' dir='ltr'><strong>fastum</strong></span> <span class='ocrx_word' id='word_1_266' title='bbox 1529 3447 1799 3518; x_wconf 90' lang='lat' dir='ltr'><strong>deprimit,</strong></span> <span class='ocrx_word' id='word_1_267' title='bbox 1831 3467 1935 3520; x_wconf 88' lang='lat' dir='ltr'><strong>quo</strong></span> <span class='ocrx_word' id='word_1_268' title='bbox 1962 3450 2021 3505; x_wconf 79' lang='lat' dir='ltr'><strong>tit</strong></span> <span class='ocrx_word' id='word_1_269' title='bbox 2047 3459 2106 3505; x_wconf 92' lang='lat' dir='ltr'><strong>ut</strong></span> 
     </span>
    </p>
   </div>
   <div class='ocr_carea' id='block_1_36' title="bbox 527 3536 2107 3606">
    <p class='ocr_par' dir='ltr' id='par_1_36' title="bbox 527 3536 2107 3606">
     <span class='ocr_line' id='line_1_36' title="bbox 527 3536 2107 3606; baseline 0.003 -17"><span class='ocrx_word' id='word_1_270' title='bbox 527 3536 640 3606; x_wconf 86' lang='lat' dir='ltr'><strong>pari</strong></span> <span class='ocrx_word' id='word_1_271' title='bbox 682 3545 853 3591; x_wconf 91' lang='lat' dir='ltr'><strong>tecum</strong></span> <span class='ocrx_word' id='word_1_272' title='bbox 887 3537 1088 3591; x_wconf 89' lang='lat' dir='ltr'><strong>honore</strong></span> <span class='ocrx_word' id='word_1_273' title='bbox 1113 3536 1363 3591; x_wconf 80' lang='lat' dir='ltr'><strong>disserat.</strong></span> <span class='ocrx_word' id='word_1_274' title='bbox 1393 3537 1615 3603; x_wconf 85' lang='lat' dir='ltr'><strong>Quando</strong></span> <span class='ocrx_word' id='word_1_275' title='bbox 1661 3539 1856 3593; x_wconf 90' lang='lat' dir='ltr'><strong>viderit</strong></span> <span class='ocrx_word' id='word_1_276' title='bbox 1884 3541 2107 3594; x_wconf 90' lang='lat' dir='ltr'><strong>maritus</strong></span> 
     </span>
    </p>
   </div>
   <div class='ocr_carea' id='block_1_37' title="bbox 525 3627 2106 3698">
    <p class='ocr_par' dir='ltr' id='par_1_37' title="bbox 525 3627 2106 3698">
     <span class='ocr_line' id='line_1_37' title="bbox 525 3627 2106 3698; baseline 0.001 -16"><span class='ocrx_word' id='word_1_277' title='bbox 525 3635 578 3682; x_wconf 87' lang='lat' dir='ltr'><strong>te</strong></span> <span class='ocrx_word' id='word_1_278' title='bbox 601 3627 654 3682; x_wconf 92' lang='lat' dir='ltr'><strong>in</strong></span> <span class='ocrx_word' id='word_1_279' title='bbox 683 3627 829 3681; x_wconf 86' lang='lat' dir='ltr'><strong>nullo</strong></span> <span class='ocrx_word' id='word_1_280' title='bbox 861 3627 976 3697; x_wconf 87' lang='lat' dir='ltr'><strong>ejus</strong></span> <span class='ocrx_word' id='word_1_281' title='bbox 1005 3642 1163 3697; x_wconf 86' lang='lat' dir='ltr'><strong>cgere</strong></span> <span class='ocrx_word' id='word_1_282' title='bbox 1190 3635 1244 3682; x_wconf 90' lang='lat' dir='ltr'><strong>et</strong></span> <span class='ocrx_word' id='word_1_283' title='bbox 1273 3627 1391 3696; x_wconf 87' lang='lat' dir='ltr'><strong>ejus</strong></span> <span class='ocrx_word' id='word_1_284' title='bbox 1410 3627 1546 3682; x_wconf 88' lang='lat' dir='ltr'><strong>dona</strong></span> <span class='ocrx_word' id='word_1_285' title='bbox 1575 3628 1869 3698; x_wconf 86' lang='lat' dir='ltr'><strong>despicere,</strong></span> <span class='ocrx_word' id='word_1_286' title='bbox 1897 3629 2106 3684; x_wconf 90' lang='lat' dir='ltr'><strong>etiamsi</strong></span> 
     </span>
    </p>
   </div>
   <div class='ocr_carea' id='block_1_38' title="bbox 531 3721 2108 3792">
    <p class='ocr_par' dir='ltr' id='par_1_38' title="bbox 531 3721 2108 3792">
     <span class='ocr_line' id='line_1_38' title="bbox 531 3721 2108 3792; baseline 0.003 -18"><span class='ocrx_word' id='word_1_287' title='bbox 531 3723 776 3792; x_wconf 87' lang='lat' dir='ltr'><strong>ingentes</strong></span> <span class='ocrx_word' id='word_1_288' title='bbox 811 3721 929 3790; x_wconf 91' lang='lat' dir='ltr'><strong>ejus</strong></span> <span class='ocrx_word' id='word_1_289' title='bbox 957 3722 1174 3791; x_wconf 88' lang='lat' dir='ltr'><strong>spiritus</strong></span> <span class='ocrx_word' id='word_1_290' title='bbox 1203 3729 1257 3776; x_wconf 88' lang='lat' dir='ltr'><strong>et</strong></span> <span class='ocrx_word' id='word_1_291' title='bbox 1282 3736 1472 3792; x_wconf 85' lang='lat' dir='ltr'><strong>magna</strong></span> <span class='ocrx_word' id='word_1_292' title='bbox 1515 3723 1678 3777; x_wconf 87' lang='lat' dir='ltr'><strong>animi</strong></span> <span class='ocrx_word' id='word_1_293' title='bbox 1708 3723 1870 3777; x_wconf 89' lang='lat' dir='ltr'><strong>elatio</strong></span> <span class='ocrx_word' id='word_1_294' title='bbox 1899 3733 2025 3778; x_wconf 93' lang='lat' dir='ltr'><strong>tunc</strong></span> <span class='ocrx_word' id='word_1_295' title='bbox 2055 3731 2108 3778; x_wconf 83' lang='lat' dir='ltr'><strong>te</strong></span> 
     </span>
    </p>
   </div>
   <div class='ocr_carea' id='block_1_39' title="bbox 525 3813 2105 3885">
    <p class='ocr_par' dir='ltr' id='par_1_39' title="bbox 525 3813 2105 3885">
     <span class='ocr_line' id='line_1_39' title="bbox 525 3813 2105 3885; baseline 0.002 -18"><span class='ocrx_word' id='word_1_296' title='bbox 525 3813 694 3884; x_wconf 85' lang='lat' dir='ltr'><strong>magis</strong></span> <span class='ocrx_word' id='word_1_297' title='bbox 711 3815 1064 3880; x_wconf 85' lang='lat' dir='ltr'><strong>reverehitur,</strong></span> <span class='ocrx_word' id='word_1_298' title='bbox 1087 3829 1248 3885; x_wconf 82' lang='lat' dir='ltr'><strong>quam</strong></span> <span class='ocrx_word' id='word_1_299' title='bbox 1278 3813 1513 3868; x_wconf 88' lang='lat' dir='ltr'><strong>indutam</strong></span> <span class='ocrx_word' id='word_1_300' title='bbox 1536 3815 1712 3870; x_wconf 89' lang='lat' dir='ltr'><strong>aureis</strong></span> <span class='ocrx_word' id='word_1_301' title='bbox 1737 3817 2066 3871; x_wconf 88' lang='lat' dir='ltr'><strong>ornamentis</strong></span> <span class='ocrx_word' id='word_1_302' title='bbox 2090 3832 2105 3870; x_wconf 91' lang='lat'><strong>:</strong></span> 
     </span>
    </p>
   </div>
   <div class='ocr_carea' id='block_1_40' title="bbox 525 3904 2104 3978">
    <p class='ocr_par' dir='ltr' id='par_1_40' title="bbox 525 3904 2104 3978">
     <span class='ocr_line' id='line_1_40' title="bbox 525 3904 2104 3978; baseline 0.003 -20"><span class='ocrx_word' id='word_1_303' title='bbox 525 3919 626 3959; x_wconf 88' lang='lat' dir='ltr'><strong>nec</strong></span> <span class='ocrx_word' id='word_1_304' title='bbox 649 3905 759 3959; x_wconf 89' lang='lat' dir='ltr'><strong>eris</strong></span> <span class='ocrx_word' id='word_1_305' title='bbox 803 3906 1032 3975; x_wconf 87' lang='lat' dir='ltr'><strong>amplius</strong></span> <span class='ocrx_word' id='word_1_306' title='bbox 1058 3905 1174 3976; x_wconf 89' lang='lat' dir='ltr'><strong>ejus</strong></span> <span class='ocrx_word' id='word_1_307' title='bbox 1197 3905 1411 3960; x_wconf 86' lang='lat' dir='ltr'><strong>ancilla.</strong></span> <span class='ocrx_word' id='word_1_308' title='bbox 1452 3904 1584 3960; x_wconf 88' lang='lat' dir='ltr'><strong>Nam</strong></span> <span class='ocrx_word' id='word_1_309' title='bbox 1612 3922 1838 3976; x_wconf 92' lang='lat' dir='ltr'><strong>quorum</strong></span> <span class='ocrx_word' id='word_1_310' title='bbox 1864 3922 2104 3978; x_wconf 87' lang='lat' dir='ltr'><strong>egemus,</strong></span> 
     </span>
    </p>
   </div>
   <div class='ocr_carea' id='block_1_41' title="bbox 523 3995 2110 4054">
    <p class='ocr_par' dir='ltr' id='par_1_41' title="bbox 523 3995 2110 4054">
     <span class='ocr_line' id='line_1_41' title="bbox 523 3995 2110 4054; baseline 0.003 -5"><span class='ocrx_word' id='word_1_311' title='bbox 523 4010 747 4050; x_wconf 86' lang='lat' dir='ltr'><strong>necesse</strong></span> <span class='ocrx_word' id='word_1_312' title='bbox 796 3995 1054 4051; x_wconf 89' lang='lat' dir='ltr'><strong>habemus</strong></span> <span class='ocrx_word' id='word_1_313' title='bbox 1085 4011 1182 4052; x_wconf 90' lang='lat' dir='ltr'><strong>nos</strong></span> <span class='ocrx_word' id='word_1_314' title='bbox 1208 3997 1288 4052; x_wconf 89' lang='lat' dir='ltr'><strong>eis</strong></span> <span class='ocrx_word' id='word_1_315' title='bbox 1316 3997 1630 4052; x_wconf 83' lang='lat' dir='ltr'><strong>submittere</strong></span> <span class='ocrx_word' id='word_1_316' title='bbox 1655 4015 1668 4051; x_wconf 91' lang='lat'><strong>:</strong></span> <span class='ocrx_word' id='word_1_317' title='bbox 1696 3998 1777 4053; x_wconf 88' lang='lat' dir='ltr'><strong>sin</strong></span> <span class='ocrx_word' id='word_1_318' title='bbox 1803 4008 1981 4054; x_wconf 90' lang='lat' dir='ltr'><strong>autem</strong></span> <span class='ocrx_word' id='word_1_319' title='bbox 2013 4013 2110 4054; x_wconf 91' lang='lat' dir='ltr'><strong>nos</strong></span> 
     </span>
    </p>
   </div>
   <div class='ocr_carea' id='block_1_42' title="bbox 523 4087 2109 4158">
    <p class='ocr_par' dir='ltr' id='par_1_42' title="bbox 523 4087 2109 4158">
     <span class='ocr_line' id='line_1_42' title="bbox 523 4087 2109 4158; baseline 0.003 -19"><span class='ocrx_word' id='word_1_320' title='bbox 523 4087 926 4153; x_wconf 78' lang='lat' dir='ltr'><strong>abduxerimus,</strong></span> <span class='ocrx_word' id='word_1_321' title='bbox 962 4104 1068 4142; x_wconf 90' lang='lat' dir='ltr'><strong>non</strong></span> <span class='ocrx_word' id='word_1_322' title='bbox 1111 4089 1308 4142; x_wconf 92' lang='lat' dir='ltr'><strong>erimus</strong></span> <span class='ocrx_word' id='word_1_323' title='bbox 1338 4090 1569 4158; x_wconf 88' lang='lat' dir='ltr'><strong>amplius</strong></span> <span class='ocrx_word' id='word_1_324' title='bbox 1594 4089 1813 4144; x_wconf 79' lang='lat' dir='ltr'><strong>obnoxii</strong></span> <span class='ocrx_word' id='word_1_325' title='bbox 1839 4107 1853 4156; x_wconf 94' lang='lat'><strong>;</strong></span> <span class='ocrx_word' id='word_1_326' title='bbox 1887 4091 1981 4145; x_wconf 89' lang='lat' dir='ltr'><strong>sed</strong></span> <span class='ocrx_word' id='word_1_327' title='bbox 2009 4091 2109 4144; x_wconf 92' lang='lat' dir='ltr'><strong>scit</strong></span> 
     </span>
    </p>
   </div>
   <div class='ocr_carea' id='block_1_43' title="bbox 522 4177 2107 4250">
    <p class='ocr_par' dir='ltr' id='par_1_43' title="bbox 522 4177 2107 4250">
     <span class='ocr_line' id='line_1_43' title="bbox 522 4177 2107 4250; baseline 0.003 -18"><span class='ocrx_word' id='word_1_328' title='bbox 522 4177 663 4248; x_wconf 90' lang='lat' dir='ltr'><strong>quod</strong></span> <span class='ocrx_word' id='word_1_329' title='bbox 696 4185 914 4246; x_wconf 81' lang='lat' dir='ltr'><strong>propter</strong></span> <span class='ocrx_word' id='word_1_330' title='bbox 936 4177 1030 4232; x_wconf 85' lang='lat' dir='ltr'><strong>Dei</strong></span> <span class='ocrx_word' id='word_1_331' title='bbox 1059 4179 1306 4234; x_wconf 89' lang='lat' dir='ltr'><strong>timorem</strong></span> <span class='ocrx_word' id='word_1_332' title='bbox 1334 4181 1381 4234; x_wconf 91' lang='lat' dir='ltr'><strong>ei</strong></span> <span class='ocrx_word' id='word_1_333' title='bbox 1407 4180 1640 4250; x_wconf 85' lang='lat' dir='ltr'><strong>aliquam</strong></span> <span class='ocrx_word' id='word_1_334' title='bbox 1673 4181 1957 4236; x_wconf 84' lang='lat' dir='ltr'><strong>tribuimus</strong></span> <span class='ocrx_word' id='word_1_335' title='bbox 1977 4183 2107 4238; x_wconf 89' lang='lat' dir='ltr'><strong>obe-</strong></span> 
     </span>
    </p>
   </div>
   <div class='ocr_carea' id='block_1_44' title="bbox 521 4267 2104 4340">
    <p class='ocr_par' dir='ltr' id='par_1_44' title="bbox 521 4267 2104 4340">
     <span class='ocr_line' id='line_1_44' title="bbox 521 4267 2104 4340; baseline 0.004 -17"><span class='ocrx_word' id='word_1_336' title='bbox 521 4267 804 4336; x_wconf 89' lang='lat' dir='ltr'><strong>dientiam,</strong></span> <span class='ocrx_word' id='word_1_337' title='bbox 837 4283 941 4322; x_wconf 91' lang='lat' dir='ltr'><strong>non</strong></span> <span class='ocrx_word' id='word_1_338' title='bbox 972 4277 1190 4338; x_wconf 89' lang='lat' dir='ltr'><strong>propter</strong></span> <span class='ocrx_word' id='word_1_339' title='bbox 1215 4284 1275 4324; x_wconf 89' lang='lat' dir='ltr'><strong>ea</strong></span> <span class='ocrx_word' id='word_1_340' title='bbox 1304 4285 1423 4340; x_wconf 85' lang='lat' dir='ltr'><strong>quae</strong></span> <span class='ocrx_word' id='word_1_341' title='bbox 1440 4271 1640 4340; x_wconf 86' lang='lat' dir='ltr'><strong>abipso</strong></span> <span class='ocrx_word' id='word_1_342' title='bbox 1675 4271 2104 4340; x_wconf 86' lang='lat' dir='ltr'><strong>proficiscuntur.</strong></span> 
     </span>
    </p>
   </div>
   <div class='ocr_carea' id='block_1_45' title="bbox 521 4360 2110 4436">
    <p class='ocr_par' dir='ltr' id='par_1_45' title="bbox 521 4360 2110 4436">
     <span class='ocr_line' id='line_1_45' title="bbox 521 4360 2110 4436; baseline 0.002 -20"><span class='ocrx_word' id='word_1_343' title='bbox 521 4360 653 4416; x_wconf 83' lang='lat' dir='ltr'><strong>Nam</strong></span> <span class='ocrx_word' id='word_1_344' title='bbox 682 4376 822 4416; x_wconf 90' lang='lat' dir='ltr'><strong>nunc</strong></span> <span class='ocrx_word' id='word_1_345' title='bbox 842 4361 1082 4432; x_wconf 87' lang='lat' dir='ltr'><strong>quidem,</strong></span> <span class='ocrx_word' id='word_1_346' title='bbox 1112 4370 1172 4416; x_wconf 92' lang='lat' dir='ltr'><strong>ut</strong></span> <span class='ocrx_word' id='word_1_347' title='bbox 1199 4363 1288 4433; x_wconf 87' lang='lat' dir='ltr'><strong>qui</strong></span> <span class='ocrx_word' id='word_1_348' title='bbox 1317 4377 1505 4432; x_wconf 85' lang='lat' dir='ltr'><strong>magna</strong></span> <span class='ocrx_word' id='word_1_349' title='bbox 1546 4363 1700 4418; x_wconf 88' lang='lat' dir='ltr'><strong>nobis</strong></span> <span class='ocrx_word' id='word_1_350' title='bbox 1727 4363 1910 4431; x_wconf 90' lang='lat' dir='ltr'><strong>donet,</strong></span> <span class='ocrx_word' id='word_1_351' title='bbox 1942 4382 2110 4436; x_wconf 89' lang='lat' dir='ltr'><strong>quan-</strong></span> 
     </span>
    </p>
   </div>
   <div class='ocr_carea' id='block_1_46' title="bbox 521 4452 2109 4524">
    <p class='ocr_par' dir='ltr' id='par_1_46' title="bbox 521 4452 2109 4524">
     <span class='ocr_line' id='line_1_46' title="bbox 521 4452 2109 4524; baseline 0.002 -17"><span class='ocrx_word' id='word_1_352' title='bbox 521 4462 866 4524; x_wconf 88' lang='lat' dir='ltr'><strong>tumcumque</strong></span> <span class='ocrx_word' id='word_1_353' title='bbox 889 4452 1149 4509; x_wconf 88' lang='lat' dir='ltr'><strong>honorem</strong></span> <span class='ocrx_word' id='word_1_354' title='bbox 1171 4453 1329 4509; x_wconf 88' lang='lat' dir='ltr'><strong>fuerit</strong></span> <span class='ocrx_word' id='word_1_355' title='bbox 1353 4462 1692 4523; x_wconf 79' lang='lat' dir='ltr'><strong>asscquutus,</strong></span> <span class='ocrx_word' id='word_1_356' title='bbox 1715 4469 1820 4510; x_wconf 90' lang='lat' dir='ltr'><strong>non</strong></span> <span class='ocrx_word' id='word_1_357' title='bbox 1840 4457 2109 4511; x_wconf 83' lang='lat' dir='ltr'><strong>existimat</strong></span> 
     </span>
    </p>
   </div>
   <div class='ocr_carea' id='block_1_47' title="bbox 521 4551 2106 4621">
    <p class='ocr_par' dir='ltr' id='par_1_47' title="bbox 521 4551 2106 4621">
     <span class='ocr_line' id='line_1_47' title="bbox 521 4551 2106 4621; baseline 0.001 -19"><span class='ocrx_word' id='word_1_358' title='bbox 521 4561 579 4602; x_wconf 89' lang='lat' dir='ltr'><strong>se</strong></span> <span class='ocrx_word' id='word_1_359' title='bbox 603 4556 768 4602; x_wconf 93' lang='lat' dir='ltr'><strong>totum</strong></span> <span class='ocrx_word' id='word_1_360' title='bbox 792 4562 911 4602; x_wconf 89' lang='lat' dir='ltr'><strong>esse</strong></span> <span class='ocrx_word' id='word_1_361' title='bbox 928 4557 1296 4618; x_wconf 81' lang='lat' dir='ltr'><strong>assequutum;</strong></span> <span class='ocrx_word' id='word_1_362' title='bbox 1318 4557 1444 4604; x_wconf 91' lang='lat' dir='ltr'><strong>tunc</strong></span> <span class='ocrx_word' id='word_1_363' title='bbox 1460 4559 1634 4604; x_wconf 86' lang='lat' dir='ltr'><strong>autem</strong></span> <span class='ocrx_word' id='word_1_364' title='bbox 1656 4551 1863 4606; x_wconf 89' lang='lat' dir='ltr'><strong>etiamsi</strong></span> <span class='ocrx_word' id='word_1_365' title='bbox 1884 4565 2106 4621; x_wconf 88' lang='lat' dir='ltr'><strong>parvum</strong></span> 
     </span>
    </p>
   </div>
   <div class='ocr_carea' id='block_1_48' title="bbox 520 4639 2105 4714">
    <p class='ocr_par' dir='ltr' id='par_1_48' title="bbox 520 4639 2105 4714">
     <span class='ocr_line' id='line_1_48' title="bbox 520 4639 2105 4714; baseline 0.002 -21"><span class='ocrx_word' id='word_1_366' title='bbox 520 4639 680 4694; x_wconf 80' lang='lat' dir='ltr'><strong>fuerit</strong></span> <span class='ocrx_word' id='word_1_367' title='bbox 706 4647 1045 4710; x_wconf 88' lang='lat' dir='ltr'><strong>asscquutus,</strong></span> <span class='ocrx_word' id='word_1_368' title='bbox 1076 4640 1294 4695; x_wconf 89' lang='lat' dir='ltr'><strong>habebit</strong></span> <span class='ocrx_word' id='word_1_369' title='bbox 1323 4640 1546 4711; x_wconf 86' lang='lat' dir='ltr'><strong>gratiam</strong></span> <span class='ocrx_word' id='word_1_370' title='bbox 1569 4661 1582 4696; x_wconf 92' lang='lat'>:</span> <span class='ocrx_word' id='word_1_371' title='bbox 1605 4657 1710 4697; x_wconf 89' lang='lat' dir='ltr'><strong>non</strong></span> <span class='ocrx_word' id='word_1_372' title='bbox 1738 4643 2105 4714; x_wconf 76' lang='lat' dir='ltr'><strong>exprobrabit,</strong></span> 
     </span>
    </p>
   </div>
   <div class='ocr_carea' id='block_1_49' title="bbox 521 4733 2107 4802">
    <p class='ocr_par' dir='ltr' id='par_1_49' title="bbox 521 4733 2107 4802">
     <span class='ocr_line' id='line_1_49' title="bbox 521 4733 2107 4802; baseline 0.003 -17"><span class='ocrx_word' id='word_1_373' title='bbox 521 4747 620 4787; x_wconf 93' lang='lat' dir='ltr'><strong>nec</strong></span> <span class='ocrx_word' id='word_1_374' title='bbox 641 4733 756 4802; x_wconf 86' lang='lat' dir='ltr'><strong>ipse</strong></span> <span class='ocrx_word' id='word_1_375' title='bbox 785 4741 1005 4801; x_wconf 83' lang='lat' dir='ltr'><strong>cogetur</strong></span> <span class='ocrx_word' id='word_1_376' title='bbox 1024 4739 1245 4802; x_wconf 85' lang='lat' dir='ltr'><strong>propter</strong></span> <span class='ocrx_word' id='word_1_377' title='bbox 1274 4741 1326 4787; x_wconf 92' lang='lat' dir='ltr'><strong>te</strong></span> <span class='ocrx_word' id='word_1_378' title='bbox 1371 4748 1466 4802; x_wconf 89' lang='lat' dir='ltr'><strong>per</strong></span> <span class='ocrx_word' id='word_1_379' title='bbox 1491 4735 1766 4789; x_wconf 85' lang='lat' dir='ltr'><strong>avaritiam</strong></span> <span class='ocrx_word' id='word_1_380' title='bbox 1794 4735 1927 4789; x_wconf 90' lang='lat' dir='ltr'><strong>alios</strong></span> <span class='ocrx_word' id='word_1_381' title='bbox 1953 4735 2107 4790; x_wconf 90' lang='lat' dir='ltr'><strong>bonis</strong></span> 
     </span>
    </p>
   </div>
   <div class='ocr_carea' id='block_1_50' title="bbox 518 4823 2107 4896">
    <p class='ocr_par' dir='ltr' id='par_1_50' title="bbox 518 4823 2107 4896">
     <span class='ocr_line' id='line_1_50' title="bbox 518 4823 2107 4896; baseline 0.003 -20"><span class='ocrx_word' id='word_1_382' title='bbox 518 4823 788 4879; x_wconf 79' lang='lat' dir='ltr'><strong>fraudare.</strong></span> <span class='ocrx_word' id='word_1_383' title='bbox 831 4823 968 4890; x_wconf 71' lang='lat' dir='ltr'><strong>Quid</strong></span> <span class='ocrx_word' id='word_1_384' title='bbox 1017 4825 1160 4878; x_wconf 91' lang='lat' dir='ltr'><strong>enim</strong></span> <span class='ocrx_word' id='word_1_385' title='bbox 1197 4834 1278 4878; x_wconf 91' lang='lat' dir='ltr'><strong>est</strong></span> <span class='ocrx_word' id='word_1_386' title='bbox 1321 4838 1350 4878; x_wconf 90' lang='lat' dir='ltr'><strong>a</strong></span> <span class='ocrx_word' id='word_1_387' title='bbox 1401 4826 1608 4880; x_wconf 89' lang='lat' dir='ltr'><strong>ratione</strong></span> <span class='ocrx_word' id='word_1_388' title='bbox 1653 4826 1901 4894; x_wconf 83' lang='lat' dir='ltr'><strong>alienius,</strong></span> <span class='ocrx_word' id='word_1_389' title='bbox 1947 4839 2107 4896; x_wconf 86' lang='lat' dir='ltr'><strong>quam</strong></span> 
     </span>
    </p>
   </div>
   <div class='ocr_carea' id='block_1_51' title="bbox 519 4915 2105 4986">
    <p class='ocr_par' dir='ltr' id='par_1_51' title="bbox 519 4915 2105 4986">
     <span class='ocr_line' id='line_1_51' title="bbox 519 4915 2105 4986; baseline 0.004 -20"><span class='ocrx_word' id='word_1_390' title='bbox 519 4930 683 4969; x_wconf 85' lang='lat' dir='ltr'><strong>aurea</strong></span> <span class='ocrx_word' id='word_1_391' title='bbox 713 4925 1029 4970; x_wconf 87' lang='lat' dir='ltr'><strong>ornamenta</strong></span> <span class='ocrx_word' id='word_1_392' title='bbox 1061 4915 1128 4970; x_wconf 93' lang='lat' dir='ltr'><strong>ad</strong></span> <span class='ocrx_word' id='word_1_393' title='bbox 1151 4915 1252 4970; x_wconf 90' lang='lat' dir='ltr'><strong>hoc</strong></span> <span class='ocrx_word' id='word_1_394' title='bbox 1280 4931 1616 4986; x_wconf 88' lang='lat' dir='ltr'><strong>comparare,</strong></span> <span class='ocrx_word' id='word_1_395' title='bbox 1647 4926 1706 4972; x_wconf 93' lang='lat' dir='ltr'><strong>ut</strong></span> <span class='ocrx_word' id='word_1_396' title='bbox 1726 4917 2105 4972; x_wconf 87' lang='lat' dir='ltr'><strong>circumferan-</strong></span> 
     </span>
    </p>
   </div>
   <div class='ocr_carea' id='block_1_52' title="bbox 521 5004 2107 5065">
    <p class='ocr_par' dir='ltr' id='par_1_52' title="bbox 521 5004 2107 5065">
     <span class='ocr_line' id='line_1_52' title="bbox 521 5004 2107 5065; baseline 0.004 -8"><span class='ocrx_word' id='word_1_397' title='bbox 521 5014 608 5058; x_wconf 81' lang='lat' dir='ltr'><strong>tur</strong></span> <span class='ocrx_word' id='word_1_398' title='bbox 638 5004 692 5058; x_wconf 87' lang='lat' dir='ltr'><strong>in</strong></span> <span class='ocrx_word' id='word_1_399' title='bbox 721 5005 927 5061; x_wconf 85' lang='lat' dir='ltr'><strong>balneis</strong></span> <span class='ocrx_word' id='word_1_400' title='bbox 949 5015 1003 5062; x_wconf 84' lang='lat' dir='ltr'><strong>et</strong></span> <span class='ocrx_word' id='word_1_401' title='bbox 1031 5005 1085 5061; x_wconf 85' lang='lat' dir='ltr'><strong>in</strong></span> <span class='ocrx_word' id='word_1_402' title='bbox 1118 5007 1286 5062; x_wconf 86' lang='lat' dir='ltr'><strong>foris?</strong></span> <span class='ocrx_word' id='word_1_403' title='bbox 1313 5006 1418 5063; x_wconf 82' lang='lat' dir='ltr'><strong>Sed</strong></span> <span class='ocrx_word' id='word_1_404' title='bbox 1450 5009 1500 5062; x_wconf 90' lang='lat' dir='ltr'><strong>in</strong></span> <span class='ocrx_word' id='word_1_405' title='bbox 1529 5009 1732 5065; x_wconf 89' lang='lat' dir='ltr'><strong>balneis</strong></span> <span class='ocrx_word' id='word_1_406' title='bbox 1761 5020 1816 5064; x_wconf 89' lang='lat' dir='ltr'><strong>et</strong></span> <span class='ocrx_word' id='word_1_407' title='bbox 1843 5010 1972 5064; x_wconf 85' lang='lat' dir='ltr'><strong>foris</strong></span> <span class='ocrx_word' id='word_1_408' title='bbox 2001 5025 2107 5064; x_wconf 89' lang='lat' dir='ltr'><strong>non</strong></span> 
     </span>
    </p>
   </div>
   <div class='ocr_carea' id='block_1_53' title="bbox 520 5095 2108 5156">
    <p class='ocr_par' dir='ltr' id='par_1_53' title="bbox 520 5095 2108 5156">
     <span class='ocr_line' id='line_1_53' title="bbox 520 5095 2108 5156; baseline 0.001 -4"><span class='ocrx_word' id='word_1_409' title='bbox 520 5105 603 5152; x_wconf 81' lang='lat' dir='ltr'><strong>est</strong></span> <span class='ocrx_word' id='word_1_410' title='bbox 641 5095 865 5154; x_wconf 79' lang='lat' dir='ltr'><strong>fortasse</strong></span> <span class='ocrx_word' id='word_1_411' title='bbox 890 5100 1083 5154; x_wconf 89' lang='lat' dir='ltr'><strong>mirum</strong></span> <span class='ocrx_word' id='word_1_412' title='bbox 1111 5116 1125 5152; x_wconf 94' lang='lat'><strong>:</strong></span> <span class='ocrx_word' id='word_1_413' title='bbox 1151 5099 1202 5154; x_wconf 93' lang='lat' dir='ltr'><strong>in</strong></span> <span class='ocrx_word' id='word_1_414' title='bbox 1229 5100 1514 5155; x_wconf 89' lang='lat' dir='ltr'><strong>ecclesiam</strong></span> <span class='ocrx_word' id='word_1_415' title='bbox 1535 5111 1713 5156; x_wconf 88' lang='lat' dir='ltr'><strong>autem</strong></span> <span class='ocrx_word' id='word_1_416' title='bbox 1743 5101 1900 5155; x_wconf 89' lang='lat' dir='ltr'><strong>etiam</strong></span> <span class='ocrx_word' id='word_1_417' title='bbox 1924 5115 1991 5156; x_wconf 87' lang='lat' dir='ltr'><strong>eo</strong></span> <span class='ocrx_word' id='word_1_418' title='bbox 2015 5101 2108 5154; x_wconf 76' lang='lat' dir='ltr'><strong>Ita-</strong></span> 
     </span>
    </p>
   </div>
   <div class='ocr_carea' id='block_1_54' title="bbox 521 5190 2105 5261">
    <p class='ocr_par' dir='ltr' id='par_1_54' title="bbox 521 5190 2105 5261">
     <span class='ocr_line' id='line_1_54' title="bbox 521 5190 2105 5261; baseline 0.003 -17"><span class='ocrx_word' id='word_1_419' title='bbox 521 5190 636 5245; x_wconf 86' lang='lat' dir='ltr'><strong>bitu</strong></span> <span class='ocrx_word' id='word_1_420' title='bbox 667 5198 910 5244; x_wconf 90' lang='lat' dir='ltr'><strong>ornatam</strong></span> <span class='ocrx_word' id='word_1_421' title='bbox 945 5192 1260 5261; x_wconf 87' lang='lat' dir='ltr'><strong>procedere,</strong></span> <span class='ocrx_word' id='word_1_422' title='bbox 1293 5209 1383 5249; x_wconf 89' lang='lat' dir='ltr'><strong>res</strong></span> <span class='ocrx_word' id='word_1_423' title='bbox 1409 5203 1493 5249; x_wconf 89' lang='lat' dir='ltr'><strong>est</strong></span> <span class='ocrx_word' id='word_1_424' title='bbox 1521 5193 1674 5249; x_wconf 79' lang='lat' dir='ltr'><strong>valde</strong></span> <span class='ocrx_word' id='word_1_425' title='bbox 1701 5194 1944 5250; x_wconf 91' lang='lat' dir='ltr'><strong>ridicula.</strong></span> <span class='ocrx_word' id='word_1_426' title='bbox 1974 5193 2105 5249; x_wconf 87' lang='lat' dir='ltr'><strong>Nam</strong></span> 
     </span>
    </p>
   </div>
   <div class='ocr_carea' id='block_1_55' title="bbox 521 5279 2106 5354">
    <p class='ocr_par' dir='ltr' id='par_1_55' title="bbox 521 5279 2106 5354">
     <span class='ocr_line' id='line_1_55' title="bbox 521 5279 2106 5354; baseline 0.001 -18"><span class='ocrx_word' id='word_1_427' title='bbox 521 5296 616 5336; x_wconf 86' lang='lat' dir='ltr'><strong>cur</strong></span> <span class='ocrx_word' id='word_1_428' title='bbox 656 5279 760 5334; x_wconf 88' lang='lat' dir='ltr'><strong>huc</strong></span> <span class='ocrx_word' id='word_1_429' title='bbox 801 5280 1098 5349; x_wconf 84' lang='lat' dir='ltr'><strong>ingreditur</strong></span> <span class='ocrx_word' id='word_1_430' title='bbox 1145 5297 1309 5337; x_wconf 88' lang='lat' dir='ltr'><strong>aurea</strong></span> <span class='ocrx_word' id='word_1_431' title='bbox 1351 5293 1572 5353; x_wconf 83' lang='lat' dir='ltr'><strong>gestans</strong></span> <span class='ocrx_word' id='word_1_432' title='bbox 1611 5294 1958 5351; x_wconf 87' lang='lat' dir='ltr'><strong>ornamenta,</strong></span> <span class='ocrx_word' id='word_1_433' title='bbox 1989 5298 2106 5354; x_wconf 79' lang='lat' dir='ltr'><strong>qua:</strong></span> 
     </span>
    </p>
   </div>
   <div class='ocr_carea' id='block_1_56' title="bbox 519 5371 2109 5444">
    <p class='ocr_par' dir='ltr' id='par_1_56' title="bbox 519 5371 2109 5444">
     <span class='ocr_line' id='line_1_56' title="bbox 519 5371 2109 5444; baseline 0.001 -17"><span class='ocrx_word' id='word_1_434' title='bbox 519 5372 682 5428; x_wconf 85' lang='lat' dir='ltr'><strong>debet</strong></span> <span class='ocrx_word' id='word_1_435' title='bbox 717 5371 922 5442; x_wconf 79' lang='lat' dir='ltr'><strong>ingredi</strong></span> <span class='ocrx_word' id='word_1_436' title='bbox 955 5381 1015 5428; x_wconf 89' lang='lat' dir='ltr'><strong>ut</strong></span> <span class='ocrx_word' id='word_1_437' title='bbox 1042 5373 1222 5427; x_wconf 85' lang='lat' dir='ltr'><strong>audiat</strong></span> <span class='ocrx_word' id='word_1_438' title='bbox 1253 5384 1502 5444; x_wconf 89' lang='lat' dir='ltr'><strong>oportere</strong></span> <span class='ocrx_word' id='word_1_439' title='bbox 1534 5391 1593 5431; x_wconf 88' lang='lat' dir='ltr'><strong>se</strong></span> <span class='ocrx_word' id='word_1_440' title='bbox 1632 5377 1809 5430; x_wconf 82' lang='lat' dir='ltr'><strong>ornari</strong></span> <span class='ocrx_word' id='word_1_441' title='bbox 1841 5390 1946 5430; x_wconf 88' lang='lat' dir='ltr'><strong>non</strong></span> <span class='ocrx_word' id='word_1_442' title='bbox 1976 5390 2109 5430; x_wconf 87' lang='lat' dir='ltr'><strong>auro</strong></span> 
     </span>
    </p>
   </div>
   <div class='ocr_carea' id='block_1_57' title="bbox 521 5465 2106 5538">
    <p class='ocr_par' dir='ltr' id='par_1_57' title="bbox 521 5465 2106 5538">
     <span class='ocr_line' id='line_1_57' title="bbox 521 5465 2106 5538; baseline 0.004 -21"><span class='ocrx_word' id='word_1_443' title='bbox 521 5479 622 5520; x_wconf 89' lang='lat' dir='ltr'><strong>nec</strong></span> <span class='ocrx_word' id='word_1_444' title='bbox 661 5465 986 5535; x_wconf 85' lang='lat' dir='ltr'><strong>margaritis,</strong></span> <span class='ocrx_word' id='word_1_445' title='bbox 1035 5480 1209 5535; x_wconf 88' lang='lat' dir='ltr'><strong>neque</strong></span> <span class='ocrx_word' id='word_1_446' title='bbox 1235 5475 1386 5522; x_wconf 85' lang='lat' dir='ltr'><strong>vcste‘</strong></span> <span class='ocrx_word' id='word_1_447' title='bbox 1424 5466 1781 5538; x_wconf 79' lang='lat' dir='ltr'><strong>sumptuosa?</strong></span> <span class='ocrx_word' id='word_1_448' title='bbox 1822 5466 1928 5523; x_wconf 87' lang='lat' dir='ltr'><strong>Cur</strong></span> <span class='ocrx_word' id='word_1_449' title='bbox 1979 5483 2106 5538; x_wconf 85' lang='lat' dir='ltr'><strong>ergo</strong></span> 
     </span>
    </p>
   </div>
   <div class='ocr_carea' id='block_1_58' title="bbox 520 5555 2106 5633">
    <p class='ocr_par' dir='ltr' id='par_1_58' title="bbox 520 5555 2106 5633">
     <span class='ocr_line' id='line_1_58' title="bbox 520 5555 2106 5633; baseline 0.002 -22"><span class='ocrx_word' id='word_1_450' title='bbox 520 5555 841 5626; x_wconf 78' lang='lat' dir='ltr'><strong>ingrederis,</strong></span> <span class='ocrx_word' id='word_1_451' title='bbox 872 5571 906 5612; x_wconf 91' lang='grc' dir='ltr'>ο</span> <span class='ocrx_word' id='word_1_452' title='bbox 932 5558 1165 5613; x_wconf 78' lang='lat' dir='ltr'><strong>mulier?</strong></span> <span class='ocrx_word' id='word_1_453' title='bbox 1213 5560 1471 5630; x_wconf 85' lang='lat' dir='ltr'><strong>numquid</strong></span> <span class='ocrx_word' id='word_1_454' title='bbox 1499 5569 1765 5633; x_wconf 84' lang='lat' dir='ltr'><strong>tamquam</strong></span> <span class='ocrx_word' id='word_1_455' title='bbox 1797 5574 1916 5616; x_wconf 91' lang='lat' dir='ltr'><strong>cum</strong></span> <span class='ocrx_word' id='word_1_456' title='bbox 1944 5559 2106 5614; x_wconf 86' lang='lat' dir='ltr'><strong>Paulo</strong></span> 
     </span>
    </p>
   </div>
   <div class='ocr_carea' id='block_1_59' title="bbox 571 5713 1407 5778">
    <p class='ocr_par' dir='ltr' id='par_1_59' title="bbox 571 5713 1407 5778">
     <span class='ocr_line' id='line_1_59' title="bbox 571 5713 1407 5778; baseline -0.005 -12"><span class='ocrx_word' id='word_1_457' title='bbox 571 5718 647 5778; x_wconf 80' lang='grc' dir='ltr'><strong>(α)</strong></span> <span class='ocrx_word' id='word_1_458' title='bbox 666 5715 754 5766; x_wconf 77' lang='lat' dir='ltr'><strong>Hic</strong></span> <span class='ocrx_word' id='word_1_459' title='bbox 778 5718 958 5766; x_wconf 69' lang='lat' dir='ltr'><strong>desinit</strong></span> <span class='ocrx_word' id='word_1_460' title='bbox 981 5717 1173 5766; x_wconf 73' lang='lat' dir='ltr'><strong>humilia</strong></span> <span class='ocrx_word' id='word_1_461' title='bbox 1200 5716 1246 5762; x_wconf 89' lang='lat' dir='ltr'><strong>iu</strong></span> <span class='ocrx_word' id='word_1_462' title='bbox 1273 5713 1407 5764; x_wconf 83' lang='lat' dir='ltr'><strong>Colb.</strong></span> 
     </span>
    </p>
   </div>
   <div class='ocr_carea' id='block_1_60' title="bbox 1179 306 2991 382">
    <p class='ocr_par' dir='ltr' id='par_1_60' title="bbox 1179 306 2991 382">
     <span class='ocr_line' id='line_1_60' title="bbox 1179 306 2991 382; baseline -0.011 0"><span class='ocrx_word' id='word_1_463' title='bbox 1179 325 1235 382; x_wconf 87' lang='lat' dir='ltr'><strong>S.</strong></span> <span class='ocrx_word' id='word_1_464' title='bbox 1277 323 1551 380; x_wconf 68' lang='lat' dir='ltr'><strong>JOANNIS</strong></span> <span class='ocrx_word' id='word_1_465' title='bbox 1582 311 2058 376; x_wconf 68' lang='lat' dir='ltr'><strong>&#39;CllRYSOSTUMl</strong></span> <span class='ocrx_word' id='word_1_466' title='bbox 2103 310 2418 367; x_wconf 74' lang='lat' dir='ltr'><strong>ARCIIIEP.</strong></span> <span class='ocrx_word' id='word_1_467' title='bbox 2459 306 2991 366; x_wconf 79' lang='lat' dir='ltr'><strong>CONSTANTINOP.</strong></span> 
     </span>
    </p>
   </div>
   <div class='ocr_carea' id='block_1_61' title="bbox 3631 299 3736 355">
    <p class='ocr_par' dir='ltr' id='par_1_61' title="bbox 3631 299 3736 355">
     <span class='ocr_line' id='line_1_61' title="bbox 3631 299 3736 355; baseline 0.019 -2"><span class='ocrx_word' id='word_1_468' title='bbox 3631 299 3736 355; x_wconf 73' lang='lat'><strong>200</strong></span> 
     </span>
    </p>
   </div>
   <div class='ocr_carea' id='block_1_62' title="bbox 2157 418 3744 490">
    <p class='ocr_par' dir='ltr' id='par_1_62' title="bbox 2157 418 3744 490">
     <span class='ocr_line' id='line_1_62' title="bbox 2157 418 3744 490; baseline 0.004 -18"><span class='ocrx_word' id='word_1_469' title='bbox 2157 435 2429 490; x_wconf 80' lang='lat' dir='ltr'><strong>pugnans,</strong></span> <span class='ocrx_word' id='word_1_470' title='bbox 2461 430 2514 473; x_wconf 92' lang='lat' dir='ltr'><strong>et</strong></span> <span class='ocrx_word' id='word_1_471' title='bbox 2543 418 2836 474; x_wconf 88' lang='lat' dir='ltr'><strong>ostendens</strong></span> <span class='ocrx_word' id='word_1_472' title='bbox 2865 419 3008 490; x_wconf 83' lang='lat' dir='ltr'><strong>quod</strong></span> <span class='ocrx_word' id='word_1_473' title='bbox 3047 418 3259 474; x_wconf 83' lang='lat' dir='ltr'><strong>etiamsi</strong></span> <span class='ocrx_word' id='word_1_474' title='bbox 3287 419 3483 476; x_wconf 89' lang='lat' dir='ltr'><strong>millies</strong></span> <span class='ocrx_word' id='word_1_475' title='bbox 3521 420 3635 478; x_wconf 77' lang='lat' dir='ltr'><strong>haec</strong></span> <span class='ocrx_word' id='word_1_476' title='bbox 3663 424 3744 478; x_wconf 77' lang='lat' dir='ltr'><strong>di-</strong></span> 
     </span>
    </p>
   </div>
   <div class='ocr_carea' id='block_1_63' title="bbox 2161 511 3742 581">
    <p class='ocr_par' dir='ltr' id='par_1_63' title="bbox 2161 511 3742 581">
     <span class='ocr_line' id='line_1_63' title="bbox 2161 511 3742 581; baseline 0.001 -13"><span class='ocrx_word' id='word_1_477' title='bbox 2161 524 2262 576; x_wconf 87' lang='lat' dir='ltr'><strong>cat,</strong></span> <span class='ocrx_word' id='word_1_478' title='bbox 2292 529 2398 566; x_wconf 89' lang='lat' dir='ltr'><strong>non</strong></span> <span class='ocrx_word' id='word_1_479' title='bbox 2431 512 2763 567; x_wconf 90' lang='lat' dir='ltr'><strong>converteris</strong></span> <span class='ocrx_word' id='word_1_480' title='bbox 2789 511 2812 564; x_wconf 91' lang='lat'><strong>?</strong></span> <span class='ocrx_word' id='word_1_481' title='bbox 2843 512 2938 567; x_wconf 90' lang='lat' dir='ltr'><strong>sed</strong></span> <span class='ocrx_word' id='word_1_482' title='bbox 2971 528 3098 567; x_wconf 89' lang='lat' dir='ltr'><strong>num</strong></span> <span class='ocrx_word' id='word_1_483' title='bbox 3131 521 3399 581; x_wconf 86' lang='lat' dir='ltr'><strong>tamquam</strong></span> <span class='ocrx_word' id='word_1_484' title='bbox 3431 527 3531 568; x_wconf 91' lang='lat' dir='ltr'><strong>nos</strong></span> <span class='ocrx_word' id='word_1_485' title='bbox 3555 513 3742 570; x_wconf 85' lang='lat' dir='ltr'><strong>docto-</strong></span> 
     </span>
    </p>
   </div>
   <div class='ocr_carea' id='block_1_64' title="bbox 2161 601 3746 674">
    <p class='ocr_par' dir='ltr' id='par_1_64' title="bbox 2161 601 3746 674">
     <span class='ocr_line' id='line_1_64' title="bbox 2161 601 3746 674; baseline 0.003 -16"><span class='ocrx_word' id='word_1_486' title='bbox 2161 619 2245 659; x_wconf 90' lang='lat' dir='ltr'><strong>res</strong></span> <span class='ocrx_word' id='word_1_487' title='bbox 2269 604 2453 659; x_wconf 89' lang='lat' dir='ltr'><strong>volens</strong></span> <span class='ocrx_word' id='word_1_488' title='bbox 2497 601 2817 674; x_wconf 82' lang='lat' dir='ltr'><strong>redarguere</strong></span> <span class='ocrx_word' id='word_1_489' title='bbox 2844 603 2958 659; x_wconf 62' lang='lat' dir='ltr'><strong>hac</strong></span> <span class='ocrx_word' id='word_1_490' title='bbox 3002 603 3195 659; x_wconf 85' lang='lat' dir='ltr'><strong>frustra</strong></span> <span class='ocrx_word' id='word_1_491' title='bbox 3226 604 3406 660; x_wconf 90' lang='lat' dir='ltr'><strong>dicere</strong></span> <span class='ocrx_word' id='word_1_492' title='bbox 3427 608 3452 659; x_wconf 64' lang='grc' dir='ltr'>Υ</span> <span class='ocrx_word' id='word_1_493' title='bbox 3485 605 3615 659; x_wconf 86' lang='lat' dir='ltr'><strong>Nam</strong></span> <span class='ocrx_word' id='word_1_494' title='bbox 3657 607 3746 662; x_wconf 91' lang='lat' dir='ltr'><strong>dic</strong></span> 
     </span>
    </p>
   </div>
   <div class='ocr_carea' id='block_1_65' title="bbox 2161 692 3745 768">
    <p class='ocr_par' dir='ltr' id='par_1_65' title="bbox 2161 692 3745 768">
     <span class='ocr_line' id='line_1_65' title="bbox 2161 692 3745 768; baseline 0.001 -20"><span class='ocrx_word' id='word_1_495' title='bbox 2161 694 2312 757; x_wconf 90' lang='lat' dir='ltr'><strong>mihi,</strong></span> <span class='ocrx_word' id='word_1_496' title='bbox 2346 695 2391 748; x_wconf 89' lang='lat' dir='ltr'><strong>si</strong></span> <span class='ocrx_word' id='word_1_497' title='bbox 2432 693 2550 763; x_wconf 86' lang='lat' dir='ltr'><strong>quis</strong></span> <span class='ocrx_word' id='word_1_498' title='bbox 2589 692 2810 748; x_wconf 82' lang='lat' dir='ltr'><strong>Graccus</strong></span> <span class='ocrx_word' id='word_1_499' title='bbox 2839 702 2893 748; x_wconf 89' lang='lat' dir='ltr'><strong>et</strong></span> <span class='ocrx_word' id='word_1_500' title='bbox 2941 693 3169 749; x_wconf 81' lang='lat' dir='ltr'><strong>infidelis</strong></span> <span class='ocrx_word' id='word_1_501' title='bbox 3215 709 3335 750; x_wconf 91' lang='lat' dir='ltr'><strong>cum</strong></span> <span class='ocrx_word' id='word_1_502' title='bbox 3364 695 3595 751; x_wconf 85' lang='lat' dir='ltr'><strong>audierit</strong></span> <span class='ocrx_word' id='word_1_503' title='bbox 3642 698 3745 768; x_wconf 86' lang='lat' dir='ltr'><strong>legi</strong></span> 
     </span>
    </p>
   </div>
   <div class='ocr_carea' id='block_1_66' title="bbox 2159 783 3746 857">
    <p class='ocr_par' dir='ltr' id='par_1_66' title="bbox 2159 783 3746 857">
     <span class='ocr_line' id='line_1_66' title="bbox 2159 783 3746 857; baseline 0.001 -19"><span class='ocrx_word' id='word_1_504' title='bbox 2159 784 2301 838; x_wconf 88' lang='lat' dir='ltr'><strong>lnmc</strong></span> <span class='ocrx_word' id='word_1_505' title='bbox 2334 784 2531 851; x_wconf 90' lang='lat' dir='ltr'><strong>locum,</strong></span> <span class='ocrx_word' id='word_1_506' title='bbox 2557 783 2645 838; x_wconf 89' lang='lat' dir='ltr'><strong>ubi</strong></span> <span class='ocrx_word' id='word_1_507' title='bbox 2676 783 2788 838; x_wconf 65' lang='lat' dir='ltr'><strong>haec</strong></span> <span class='ocrx_word' id='word_1_508' title='bbox 2815 783 2944 838; x_wconf 91' lang='lat' dir='ltr'><strong>dicit</strong></span> <span class='ocrx_word' id='word_1_509' title='bbox 2973 784 3158 839; x_wconf 90' lang='lat' dir='ltr'><strong>beatus</strong></span> <span class='ocrx_word' id='word_1_510' title='bbox 3185 784 3400 851; x_wconf 87' lang='lat' dir='ltr'><strong>Paulus,</strong></span> <span class='ocrx_word' id='word_1_511' title='bbox 3433 787 3746 857; x_wconf 53' lang='lat' dir='ltr'><strong>praecipiens</strong></span> 
     </span>
    </p>
   </div>
   <div class='ocr_carea' id='block_1_67' title="bbox 2158 874 3744 946">
    <p class='ocr_par' dir='ltr' id='par_1_67' title="bbox 2158 874 3744 946">
     <span class='ocr_line' id='line_1_67' title="bbox 2158 874 3744 946; baseline 0.001 -16"><span class='ocrx_word' id='word_1_512' title='bbox 2158 874 2490 939; x_wconf 87' lang='lat' dir='ltr'><strong>mulieribus,</strong></span> <span class='ocrx_word' id='word_1_513' title='bbox 2523 883 2580 929; x_wconf 88' lang='lat' dir='ltr'><strong>ut</strong></span> <span class='ocrx_word' id='word_1_514' title='bbox 2607 889 2672 928; x_wconf 93' lang='lat' dir='ltr'><strong>ne</strong></span> <span class='ocrx_word' id='word_1_515' title='bbox 2695 889 2848 940; x_wconf 89' lang='lat' dir='ltr'><strong>auro,</strong></span> <span class='ocrx_word' id='word_1_516' title='bbox 2886 885 3111 944; x_wconf 84' lang='lat' dir='ltr'><strong>argento</strong></span> <span class='ocrx_word' id='word_1_517' title='bbox 3139 884 3192 930; x_wconf 92' lang='lat' dir='ltr'><strong>et</strong></span> <span class='ocrx_word' id='word_1_518' title='bbox 3221 878 3543 946; x_wconf 79' lang='lat' dir='ltr'><strong>margaritis,</strong></span> <span class='ocrx_word' id='word_1_519' title='bbox 3570 891 3744 946; x_wconf 91' lang='lat' dir='ltr'><strong>neque</strong></span> 
     </span>
    </p>
   </div>
   <div class='ocr_carea' id='block_1_68' title="bbox 2159 964 3745 1038">
    <p class='ocr_par' dir='ltr' id='par_1_68' title="bbox 2159 964 3745 1038">
     <span class='ocr_line' id='line_1_68' title="bbox 2159 964 3745 1038; baseline 0.001 -17"><span class='ocrx_word' id='word_1_520' title='bbox 2159 964 2408 1036; x_wconf 89' lang='lat' dir='ltr'><strong>pretiosis</strong></span> <span class='ocrx_word' id='word_1_521' title='bbox 2435 965 2671 1020; x_wconf 86' lang='lat' dir='ltr'><strong>vestibus</strong></span> <span class='ocrx_word' id='word_1_522' title='bbox 2697 975 2919 1020; x_wconf 90' lang='lat' dir='ltr'><strong>ornetur</strong></span> <span class='ocrx_word' id='word_1_523' title='bbox 2950 964 3025 1036; x_wconf 82' lang='grc'><strong>(1.</strong></span> <span class='ocrx_word' id='word_1_524' title='bbox 3057 965 3189 1020; x_wconf 84' lang='lat' dir='ltr'><strong>Tim.</strong></span> <span class='ocrx_word' id='word_1_525' title='bbox 3215 966 3271 1020; x_wconf 70' lang='lat'><strong>2.</strong></span> <span class='ocrx_word' id='word_1_526' title='bbox 3294 968 3370 1037; x_wconf 83' lang='lat'><strong>9);</strong></span> <span class='ocrx_word' id='word_1_527' title='bbox 3403 978 3456 1022; x_wconf 90' lang='lat' dir='ltr'><strong>et</strong></span> <span class='ocrx_word' id='word_1_528' title='bbox 3482 983 3603 1023; x_wconf 90' lang='lat' dir='ltr'><strong>cum</strong></span> <span class='ocrx_word' id='word_1_529' title='bbox 3631 969 3745 1038; x_wconf 87' lang='lat' dir='ltr'><strong>ipse</strong></span> 
     </span>
    </p>
   </div>
   <div class='ocr_carea' id='block_1_69' title="bbox 2169 1053 3750 1122">
    <p class='ocr_par' dir='ltr' id='par_1_69' title="bbox 2169 1053 3750 1122">
     <span class='ocr_line' id='line_1_69' title="bbox 2169 1053 3750 1122; baseline 0.004 -18"><span class='ocrx_word' id='word_1_530' title='bbox 2169 1053 2364 1107; x_wconf 84' lang='lat' dir='ltr'><strong>habeat</strong></span> <span class='ocrx_word' id='word_1_531' title='bbox 2387 1067 2607 1108; x_wconf 81' lang='lat' dir='ltr'><strong>uxorem</strong></span> <span class='ocrx_word' id='word_1_532' title='bbox 2641 1054 2876 1122; x_wconf 86' lang='lat' dir='ltr'><strong>fidelem,</strong></span> <span class='ocrx_word' id='word_1_533' title='bbox 2899 1055 3080 1110; x_wconf 86' lang='lat' dir='ltr'><strong>videat</strong></span> <span class='ocrx_word' id='word_1_534' title='bbox 3105 1057 3248 1110; x_wconf 88' lang='lat' dir='ltr'><strong>illam</strong></span> <span class='ocrx_word' id='word_1_535' title='bbox 3277 1057 3490 1111; x_wconf 86' lang='lat' dir='ltr'><strong>ornatui</strong></span> <span class='ocrx_word' id='word_1_536' title='bbox 3513 1057 3750 1122; x_wconf 85' lang='lat' dir='ltr'><strong>studere,</strong></span> 
     </span>
    </p>
   </div>
   <div class='ocr_carea' id='block_1_70' title="bbox 2169 1145 3750 1217">
    <p class='ocr_par' dir='ltr' id='par_1_70' title="bbox 2169 1145 3750 1217">
     <span class='ocr_line' id='line_1_70' title="bbox 2169 1145 3750 1217; baseline 0 -17"><span class='ocrx_word' id='word_1_537' title='bbox 2169 1155 2223 1200; x_wconf 87' lang='lat' dir='ltr'><strong>et</strong></span> <span class='ocrx_word' id='word_1_538' title='bbox 2249 1160 2411 1200; x_wconf 87' lang='lat' dir='ltr'><strong>aurea</strong></span> <span class='ocrx_word' id='word_1_539' title='bbox 2446 1145 2852 1217; x_wconf 89' lang='lat' dir='ltr'><strong>circumponcre</strong></span> <span class='ocrx_word' id='word_1_540' title='bbox 2883 1157 2941 1202; x_wconf 91' lang='lat' dir='ltr'><strong>ut</strong></span> <span class='ocrx_word' id='word_1_541' title='bbox 2967 1148 3295 1217; x_wconf 86' lang='lat' dir='ltr'><strong>ingrediatur</strong></span> <span class='ocrx_word' id='word_1_542' title='bbox 3338 1149 3389 1202; x_wconf 93' lang='lat' dir='ltr'><strong>in</strong></span> <span class='ocrx_word' id='word_1_543' title='bbox 3421 1147 3702 1203; x_wconf 90' lang='lat' dir='ltr'><strong>ecclesiam</strong></span> <span class='ocrx_word' id='word_1_544' title='bbox 3737 1165 3750 1200; x_wconf 93' lang='lat'><strong>:</strong></span> 
     </span>
    </p>
   </div>
   <div class='ocr_carea' id='block_1_71' title="bbox 2169 1237 3756 1310">
    <p class='ocr_par' dir='ltr' id='par_1_71' title="bbox 2169 1237 3756 1310">
     <span class='ocr_line' id='line_1_71' title="bbox 2169 1237 3756 1310; baseline 0.002 -20"><span class='ocrx_word' id='word_1_545' title='bbox 2169 1251 2346 1291; x_wconf 89' lang='lat' dir='ltr'><strong>annon</strong></span> <span class='ocrx_word' id='word_1_546' title='bbox 2378 1237 2523 1292; x_wconf 86' lang='lat' dir='ltr'><strong>dicet</strong></span> <span class='ocrx_word' id='word_1_547' title='bbox 2546 1238 2686 1308; x_wconf 88' lang='lat' dir='ltr'><strong>apud</strong></span> <span class='ocrx_word' id='word_1_548' title='bbox 2717 1240 2988 1310; x_wconf 91' lang='lat' dir='ltr'><strong>seipsum,</strong></span> <span class='ocrx_word' id='word_1_549' title='bbox 3016 1240 3204 1294; x_wconf 88' lang='lat' dir='ltr'><strong>videns</strong></span> <span class='ocrx_word' id='word_1_550' title='bbox 3244 1255 3363 1294; x_wconf 89' lang='lat' dir='ltr'><strong>eam</strong></span> <span class='ocrx_word' id='word_1_551' title='bbox 3409 1240 3462 1294; x_wconf 87' lang='lat' dir='ltr'><strong>in</strong></span> <span class='ocrx_word' id='word_1_552' title='bbox 3509 1240 3756 1295; x_wconf 88' lang='lat' dir='ltr'><strong>cubiculo</strong></span> 
     </span>
    </p>
   </div>
   <div class='ocr_carea' id='block_1_72' title="bbox 2171 1329 3757 1400">
    <p class='ocr_par' dir='ltr' id='par_1_72' title="bbox 2171 1329 3757 1400">
     <span class='ocr_line' id='line_1_72' title="bbox 2171 1329 3757 1400; baseline 0.001 -18"><span class='ocrx_word' id='word_1_553' title='bbox 2171 1343 2232 1382; x_wconf 89' lang='lat' dir='ltr'><strong>se</strong></span> <span class='ocrx_word' id='word_1_554' title='bbox 2259 1337 2446 1383; x_wconf 91' lang='lat' dir='ltr'><strong>ornate</strong></span> <span class='ocrx_word' id='word_1_555' title='bbox 2477 1339 2888 1399; x_wconf 90' lang='lat' dir='ltr'><strong>componentem</strong></span> <span class='ocrx_word' id='word_1_556' title='bbox 2915 1340 2968 1384; x_wconf 92' lang='lat' dir='ltr'><strong>et</strong></span> <span class='ocrx_word' id='word_1_557' title='bbox 2998 1329 3371 1400; x_wconf 87' lang='lat' dir='ltr'><strong>disponentem</strong></span> <span class='ocrx_word' id='word_1_558' title='bbox 3399 1350 3412 1385; x_wconf 87' lang='lat'><strong>:</strong></span> <span class='ocrx_word' id='word_1_559' title='bbox 3445 1330 3580 1399; x_wconf 84' lang='lat' dir='ltr'><strong>Quid</strong></span> <span class='ocrx_word' id='word_1_560' title='bbox 3614 1332 3757 1384; x_wconf 85' lang='lat' dir='ltr'><strong>intus</strong></span> 
     </span>
    </p>
   </div>
   <div class='ocr_carea' id='block_1_73' title="bbox 2173 1421 3756 1492">
    <p class='ocr_par' dir='ltr' id='par_1_73' title="bbox 2173 1421 3756 1492">
     <span class='ocr_line' id='line_1_73' title="bbox 2173 1421 3756 1492; baseline 0 -17"><span class='ocrx_word' id='word_1_561' title='bbox 2173 1428 2354 1475; x_wconf 90' lang='lat' dir='ltr'><strong>manet</strong></span> <span class='ocrx_word' id='word_1_562' title='bbox 2382 1421 2574 1475; x_wconf 91' lang='lat' dir='ltr'><strong>mulier</strong></span> <span class='ocrx_word' id='word_1_563' title='bbox 2602 1422 2652 1476; x_wconf 88' lang='lat' dir='ltr'><strong>in</strong></span> <span class='ocrx_word' id='word_1_564' title='bbox 2681 1421 2966 1476; x_wconf 89' lang='lat' dir='ltr'><strong>cubiculo?</strong></span> <span class='ocrx_word' id='word_1_565' title='bbox 2996 1421 3124 1492; x_wconf 89' lang='lat' dir='ltr'><strong>quid</strong></span> <span class='ocrx_word' id='word_1_566' title='bbox 3151 1422 3474 1477; x_wconf 87' lang='lat' dir='ltr'><strong>cunctatur?</strong></span> <span class='ocrx_word' id='word_1_567' title='bbox 3507 1421 3634 1492; x_wconf 89' lang='lat' dir='ltr'><strong>quid</strong></span> <span class='ocrx_word' id='word_1_568' title='bbox 3662 1438 3756 1475; x_wconf 86' lang='lat' dir='ltr'><strong>au-</strong></span> 
     </span>
    </p>
   </div>
   <div class='ocr_carea' id='block_1_74' title="bbox 2173 1513 3758 1585">
    <p class='ocr_par' dir='ltr' id='par_1_74' title="bbox 2173 1513 3758 1585">
     <span class='ocr_line' id='line_1_74' title="bbox 2173 1513 3758 1585; baseline 0.003 -17"><span class='ocrx_word' id='word_1_569' title='bbox 2173 1528 2264 1568; x_wconf 84' lang='lat' dir='ltr'><strong>rea</strong></span> <span class='ocrx_word' id='word_1_570' title='bbox 2294 1513 2650 1584; x_wconf 88' lang='lat' dir='ltr'><strong>circumponit</strong></span> <span class='ocrx_word' id='word_1_571' title='bbox 2679 1525 2994 1570; x_wconf 87' lang='lat' dir='ltr'><strong>ornamenta</strong></span> <span class='ocrx_word' id='word_1_572' title='bbox 3019 1516 3039 1570; x_wconf 77' lang='lat' dir='ltr'><strong>t</strong></span> <span class='ocrx_word' id='word_1_573' title='bbox 3069 1531 3175 1585; x_wconf 90' lang='lat' dir='ltr'><strong>quo</strong></span> <span class='ocrx_word' id='word_1_574' title='bbox 3212 1517 3325 1571; x_wconf 87' lang='lat' dir='ltr'><strong>vult</strong></span> <span class='ocrx_word' id='word_1_575' title='bbox 3350 1517 3496 1572; x_wconf 89' lang='lat' dir='ltr'><strong>abire</strong></span> <span class='ocrx_word' id='word_1_576' title='bbox 3520 1517 3547 1571; x_wconf 69' lang='grc' dir='ltr'><em>ἲ</em></span> <span class='ocrx_word' id='word_1_577' title='bbox 3575 1519 3628 1570; x_wconf 91' lang='lat' dir='ltr'><strong>in</strong></span> <span class='ocrx_word' id='word_1_578' title='bbox 3671 1529 3758 1572; x_wconf 90' lang='lat' dir='ltr'><strong>ec-</strong></span> 
     </span>
    </p>
   </div>
   <div class='ocr_carea' id='block_1_75' title="bbox 2173 1604 3762 1677">
    <p class='ocr_par' dir='ltr' id='par_1_75' title="bbox 2173 1604 3762 1677">
     <span class='ocr_line' id='line_1_75' title="bbox 2173 1604 3762 1677; baseline 0.002 -18"><span class='ocrx_word' id='word_1_579' title='bbox 2173 1604 2434 1660; x_wconf 84' lang='lat' dir='ltr'><strong>clesiam?</strong></span> <span class='ocrx_word' id='word_1_580' title='bbox 2459 1607 2670 1676; x_wconf 89' lang='lat' dir='ltr'><strong>quare?</strong></span> <span class='ocrx_word' id='word_1_581' title='bbox 2694 1615 2752 1660; x_wconf 90' lang='lat' dir='ltr'><strong>ut</strong></span> <span class='ocrx_word' id='word_1_582' title='bbox 2779 1605 2978 1672; x_wconf 88' lang='lat' dir='ltr'><strong>audiat,</strong></span> <span class='ocrx_word' id='word_1_583' title='bbox 3013 1605 3134 1660; x_wconf 86' lang='lat' dir='ltr'><strong>Non</strong></span> <span class='ocrx_word' id='word_1_584' title='bbox 3163 1607 3216 1660; x_wconf 85' lang='lat' dir='ltr'><strong>in</strong></span> <span class='ocrx_word' id='word_1_585' title='bbox 3260 1616 3394 1661; x_wconf 80' lang='lat' dir='ltr'><strong>veste</strong></span> <span class='ocrx_word' id='word_1_586' title='bbox 3423 1616 3715 1677; x_wconf 79' lang='lat' dir='ltr'><strong>sumptuosa</strong></span> <span class='ocrx_word' id='word_1_587' title='bbox 3735 1608 3762 1662; x_wconf 73' lang='lat'><strong>1’</strong></span> 
     </span>
    </p>
   </div>
   <div class='ocr_carea' id='block_1_76' title="bbox 2174 1695 3761 1767">
    <p class='ocr_par' dir='ltr' id='par_1_76' title="bbox 2174 1695 3761 1767">
     <span class='ocr_line' id='line_1_76' title="bbox 2174 1695 3761 1767; baseline 0.003 -18"><span class='ocrx_word' id='word_1_588' title='bbox 2174 1695 2291 1751; x_wconf 82' lang='lat' dir='ltr'><strong>Non</strong></span> <span class='ocrx_word' id='word_1_589' title='bbox 2335 1696 2562 1752; x_wconf 86' lang='lat' dir='ltr'><strong>ridebit?</strong></span> <span class='ocrx_word' id='word_1_590' title='bbox 2610 1712 2715 1751; x_wconf 90' lang='lat' dir='ltr'><strong>non</strong></span> <span class='ocrx_word' id='word_1_591' title='bbox 2762 1697 2816 1752; x_wconf 90' lang='lat' dir='ltr'><strong>in</strong></span> <span class='ocrx_word' id='word_1_592' title='bbox 2845 1697 3135 1752; x_wconf 87' lang='lat' dir='ltr'><strong>cachinnos</strong></span> <span class='ocrx_word' id='word_1_593' title='bbox 3179 1698 3470 1767; x_wconf 78' lang='lat' dir='ltr'><strong>erumpet?</strong></span> <span class='ocrx_word' id='word_1_594' title='bbox 3503 1714 3604 1752; x_wconf 91' lang='lat' dir='ltr'><strong>nou</strong></span> <span class='ocrx_word' id='word_1_595' title='bbox 3647 1714 3761 1753; x_wconf 81' lang='lat' dir='ltr'><strong>rem</strong></span> 
     </span>
    </p>
   </div>
   <div class='ocr_carea' id='block_1_77' title="bbox 2177 1786 3764 1858">
    <p class='ocr_par' dir='ltr' id='par_1_77' title="bbox 2177 1786 3764 1858">
     <span class='ocr_line' id='line_1_77' title="bbox 2177 1786 3764 1858; baseline 0.001 -18"><span class='ocrx_word' id='word_1_596' title='bbox 2177 1786 2437 1842; x_wconf 88' lang='lat' dir='ltr'><strong>ludicram</strong></span> <span class='ocrx_word' id='word_1_597' title='bbox 2467 1799 2518 1842; x_wconf 89' lang='lat' dir='ltr'><strong>et</strong></span> <span class='ocrx_word' id='word_1_598' title='bbox 2550 1787 2922 1858; x_wconf 88' lang='lat' dir='ltr'><strong>deceptionem</strong></span> <span class='ocrx_word' id='word_1_599' title='bbox 2953 1803 3039 1844; x_wconf 90' lang='lat' dir='ltr'><strong>res</strong></span> <span class='ocrx_word' id='word_1_600' title='bbox 3068 1798 3278 1845; x_wconf 83' lang='lat' dir='ltr'><strong>nostras</strong></span> <span class='ocrx_word' id='word_1_601' title='bbox 3319 1804 3441 1843; x_wconf 87' lang='lat' dir='ltr'><strong>esse</strong></span> <span class='ocrx_word' id='word_1_602' title='bbox 3487 1789 3764 1844; x_wconf 76' lang='lat' dir='ltr'><strong>existima-</strong></span> 
     </span>
    </p>
   </div>
   <div class='ocr_carea' id='block_1_78' title="bbox 2179 1877 3764 1950">
    <p class='ocr_par' dir='ltr' id='par_1_78' title="bbox 2179 1877 3764 1950">
     <span class='ocr_line' id='line_1_78' title="bbox 2179 1877 3764 1950; baseline 0.001 -18"><span class='ocrx_word' id='word_1_603' title='bbox 2179 1877 2292 1932; x_wconf 87' lang='lat' dir='ltr'><strong>bit?</strong></span> <span class='ocrx_word' id='word_1_604' title='bbox 2318 1877 2676 1944; x_wconf 90' lang='lat' dir='ltr'><strong>Quamobrem</strong></span> <span class='ocrx_word' id='word_1_605' title='bbox 2720 1893 2868 1950; x_wconf 84' lang='lat' dir='ltr'><strong>rogo,</strong></span> <span class='ocrx_word' id='word_1_606' title='bbox 2903 1887 2962 1933; x_wconf 92' lang='lat' dir='ltr'><strong>ut</strong></span> <span class='ocrx_word' id='word_1_607' title='bbox 3002 1893 3161 1934; x_wconf 89' lang='lat' dir='ltr'><strong>aurea</strong></span> <span class='ocrx_word' id='word_1_608' title='bbox 3190 1889 3502 1934; x_wconf 86' lang='lat' dir='ltr'><strong>ornamenta</strong></span> <span class='ocrx_word' id='word_1_609' title='bbox 3555 1881 3764 1950; x_wconf 90' lang='lat' dir='ltr'><strong>pompis</strong></span> 
     </span>
    </p>
   </div>
   <div class='ocr_carea' id='block_1_79' title="bbox 2179 1967 3766 2039">
    <p class='ocr_par' dir='ltr' id='par_1_79' title="bbox 2179 1967 3766 2039">
     <span class='ocr_line' id='line_1_79' title="bbox 2179 1967 3766 2039; baseline 0.001 -18"><span class='ocrx_word' id='word_1_610' title='bbox 2179 1967 2528 2034; x_wconf 88' lang='lat' dir='ltr'><strong>dimittamus,</strong></span> <span class='ocrx_word' id='word_1_611' title='bbox 2559 1967 2758 2034; x_wconf 90' lang='lat' dir='ltr'><strong>scenis,</strong></span> <span class='ocrx_word' id='word_1_612' title='bbox 2790 1977 2845 2023; x_wconf 90' lang='lat' dir='ltr'><strong>et</strong></span> <span class='ocrx_word' id='word_1_613' title='bbox 2891 1968 2946 2022; x_wconf 92' lang='lat' dir='ltr'><strong>in</strong></span> <span class='ocrx_word' id='word_1_614' title='bbox 2991 1968 3188 2035; x_wconf 87' lang='lat' dir='ltr'><strong>tabulis</strong></span> <span class='ocrx_word' id='word_1_615' title='bbox 3235 1968 3570 2024; x_wconf 85' lang='lat' dir='ltr'><strong>officinarum</strong></span> <span class='ocrx_word' id='word_1_616' title='bbox 3601 1983 3766 2039; x_wconf 81' lang='lat' dir='ltr'><strong>expo-</strong></span> 
     </span>
    </p>
   </div>
   <div class='ocr_carea' id='block_1_80' title="bbox 2179 2059 3767 2129">
    <p class='ocr_par' dir='ltr' id='par_1_80' title="bbox 2179 2059 3767 2129">
     <span class='ocr_line' id='line_1_80' title="bbox 2179 2059 3767 2129; baseline 0.001 -15"><span class='ocrx_word' id='word_1_617' title='bbox 2179 2061 2327 2116; x_wconf 89' lang='lat' dir='ltr'><strong>sita:</strong></span> <span class='ocrx_word' id='word_1_618' title='bbox 2380 2060 2472 2114; x_wconf 88' lang='lat' dir='ltr'><strong>Dei</strong></span> <span class='ocrx_word' id='word_1_619' title='bbox 2521 2067 2697 2114; x_wconf 90' lang='lat' dir='ltr'><strong>autem</strong></span> <span class='ocrx_word' id='word_1_620' title='bbox 2731 2059 2906 2129; x_wconf 89' lang='lat' dir='ltr'><strong>imago</strong></span> <span class='ocrx_word' id='word_1_621' title='bbox 2948 2074 3052 2113; x_wconf 89' lang='lat' dir='ltr'><strong>non</strong></span> <span class='ocrx_word' id='word_1_622' title='bbox 3109 2059 3192 2113; x_wconf 91' lang='lat' dir='ltr'><strong>his</strong></span> <span class='ocrx_word' id='word_1_623' title='bbox 3239 2069 3500 2126; x_wconf 89' lang='lat' dir='ltr'><strong>ornetur;</strong></span> <span class='ocrx_word' id='word_1_624' title='bbox 3546 2070 3767 2115; x_wconf 91' lang='lat' dir='ltr'><strong>ornetur</strong></span> 
     </span>
    </p>
   </div>
   <div class='ocr_carea' id='block_1_81' title="bbox 2179 2135 3767 2224">
    <p class='ocr_par' dir='ltr' id='par_1_81' title="bbox 2179 2135 3767 2224">
     <span class='ocr_line' id='line_1_81' title="bbox 2179 2135 3767 2224; baseline 0.001 -17"><span class='ocrx_word' id='word_1_625' title='bbox 2179 2154 2408 2224; x_wconf 88' lang='lat' dir='ltr'><strong>ingenua</strong></span> <span class='ocrx_word' id='word_1_626' title='bbox 2430 2153 2679 2208; x_wconf 89' lang='lat' dir='ltr'><strong>libertate</strong></span> <span class='ocrx_word' id='word_1_627' title='bbox 2715 2169 2728 2206; x_wconf 91' lang='lat'><strong>:</strong></span> <span class='ocrx_word' id='word_1_628' title='bbox 2765 2167 2793 2206; x_wconf 93' lang='lat' dir='ltr'><strong>a</strong></span> <span class='ocrx_word' id='word_1_629' title='bbox 2830 2153 3076 2207; x_wconf 86' lang='lat' dir='ltr'><strong>libertate</strong></span> <span class='ocrx_word' id='word_1_630' title='bbox 3115 2162 3294 2207; x_wconf 87' lang='lat' dir='ltr'><strong>autem</strong></span> <span class='ocrx_word' id='word_1_631' title='bbox 3326 2153 3478 2207; x_wconf 88' lang='lat' dir='ltr'><strong>abest</strong></span> <span class='ocrx_word' id='word_1_632' title='bbox 3517 2135 3682 2207; x_wconf 84' lang='lat' dir='ltr'><strong>fastus</strong></span> <span class='ocrx_word' id='word_1_633' title='bbox 3713 2163 3767 2209; x_wconf 90' lang='lat' dir='ltr'><strong>et</strong></span> 
     </span>
    </p>
   </div>
   <div class='ocr_carea' id='block_1_82' title="bbox 2180 2242 3766 2310">
    <p class='ocr_par' dir='ltr' id='par_1_82' title="bbox 2180 2242 3766 2310">
     <span class='ocr_line' id='line_1_82' title="bbox 2180 2242 3766 2310; baseline -0.001 -12"><span class='ocrx_word' id='word_1_634' title='bbox 2180 2253 2402 2299; x_wconf 91' lang='lat' dir='ltr'><strong>ornatus</strong></span> <span class='ocrx_word' id='word_1_635' title='bbox 2433 2245 2736 2298; x_wconf 89' lang='lat' dir='ltr'><strong>indecorus.</strong></span> <span class='ocrx_word' id='word_1_636' title='bbox 2767 2242 2917 2310; x_wconf 91' lang='lat' dir='ltr'><strong>Quod</strong></span> <span class='ocrx_word' id='word_1_637' title='bbox 2947 2243 2990 2297; x_wconf 92' lang='lat' dir='ltr'><strong>si</strong></span> <span class='ocrx_word' id='word_1_638' title='bbox 3023 2244 3181 2298; x_wconf 91' lang='lat' dir='ltr'><strong>etiam</strong></span> <span class='ocrx_word' id='word_1_639' title='bbox 3204 2242 3337 2297; x_wconf 88' lang='lat' dir='ltr'><strong>velis</strong></span> <span class='ocrx_word' id='word_1_640' title='bbox 3365 2243 3434 2296; x_wconf 87' lang='lat' dir='ltr'><strong>ab</strong></span> <span class='ocrx_word' id='word_1_641' title='bbox 3463 2243 3766 2298; x_wconf 88' lang='lat' dir='ltr'><strong>hominibus</strong></span> 
     </span>
    </p>
   </div>
   <div class='ocr_carea' id='block_1_83' title="bbox 2181 2333 3765 2406">
    <p class='ocr_par' dir='ltr' id='par_1_83' title="bbox 2181 2333 3765 2406">
     <span class='ocr_line' id='line_1_83' title="bbox 2181 2333 3765 2406; baseline 0 -18"><span class='ocrx_word' id='word_1_642' title='bbox 2181 2334 2403 2406; x_wconf 86' lang='lat' dir='ltr'><strong>gloriam</strong></span> <span class='ocrx_word' id='word_1_643' title='bbox 2431 2334 2710 2405; x_wconf 84' lang='lat' dir='ltr'><strong>Conseqtti,</strong></span> <span class='ocrx_word' id='word_1_644' title='bbox 2743 2349 2859 2389; x_wconf 90' lang='lat' dir='ltr'><strong>eam</strong></span> <span class='ocrx_word' id='word_1_645' title='bbox 2906 2335 2984 2388; x_wconf 91' lang='lat' dir='ltr'><strong>sic</strong></span> <span class='ocrx_word' id='word_1_646' title='bbox 3028 2334 3351 2404; x_wconf 88' lang='lat' dir='ltr'><strong>assequeris.</strong></span> <span class='ocrx_word' id='word_1_647' title='bbox 3397 2334 3583 2388; x_wconf 88' lang='lat' dir='ltr'><strong>Divitis</strong></span> <span class='ocrx_word' id='word_1_648' title='bbox 3623 2333 3765 2389; x_wconf 90' lang='lat' dir='ltr'><strong>enim</strong></span> 
     </span>
    </p>
   </div>
   <div class='ocr_carea' id='block_1_84' title="bbox 2184 2425 3767 2482">
    <p class='ocr_par' dir='ltr' id='par_1_84' title="bbox 2184 2425 3767 2482">
     <span class='ocr_line' id='line_1_84' title="bbox 2184 2425 3767 2482; baseline 0 -2"><span class='ocrx_word' id='word_1_649' title='bbox 2184 2426 2416 2482; x_wconf 91' lang='lat' dir='ltr'><strong>hominis</strong></span> <span class='ocrx_word' id='word_1_650' title='bbox 2444 2442 2670 2481; x_wconf 79' lang='lat' dir='ltr'><strong>uxorem</strong></span> <span class='ocrx_word' id='word_1_651' title='bbox 2703 2442 2808 2481; x_wconf 91' lang='lat' dir='ltr'><strong>non</strong></span> <span class='ocrx_word' id='word_1_652' title='bbox 2857 2427 2927 2480; x_wconf 89' lang='lat' dir='ltr'><strong>ita</strong></span> <span class='ocrx_word' id='word_1_653' title='bbox 2971 2425 3358 2480; x_wconf 89' lang='lat' dir='ltr'><strong>admirabimur</strong></span> <span class='ocrx_word' id='word_1_654' title='bbox 3399 2441 3558 2481; x_wconf 90' lang='lat' dir='ltr'><strong>aurea</strong></span> <span class='ocrx_word' id='word_1_655' title='bbox 3610 2442 3767 2481; x_wconf 84' lang='lat' dir='ltr'><strong>orna-</strong></span> 
     </span>
    </p>
   </div>
   <div class='ocr_carea' id='block_1_85' title="bbox 2182 2517 3765 2588">
    <p class='ocr_par' dir='ltr' id='par_1_85' title="bbox 2182 2517 3765 2588">
     <span class='ocr_line' id='line_1_85' title="bbox 2182 2517 3765 2588; baseline 0.001 -16"><span class='ocrx_word' id='word_1_656' title='bbox 2182 2527 2358 2573; x_wconf 91' lang='lat' dir='ltr'><strong>menta</strong></span> <span class='ocrx_word' id='word_1_657' title='bbox 2402 2526 2700 2588; x_wconf 86' lang='lat' dir='ltr'><strong>gestantem</strong></span> <span class='ocrx_word' id='word_1_658' title='bbox 2731 2526 2787 2573; x_wconf 90' lang='lat' dir='ltr'><strong>et</strong></span> <span class='ocrx_word' id='word_1_659' title='bbox 2835 2518 3036 2573; x_wconf 88' lang='lat' dir='ltr'><strong>sericas</strong></span> <span class='ocrx_word' id='word_1_660' title='bbox 3082 2525 3292 2585; x_wconf 86' lang='lat' dir='ltr'><strong>vestes;</strong></span> <span class='ocrx_word' id='word_1_661' title='bbox 3350 2517 3452 2572; x_wconf 87' lang='lat' dir='ltr'><strong>hoc</strong></span> <span class='ocrx_word' id='word_1_662' title='bbox 3497 2527 3576 2573; x_wconf 90' lang='lat' dir='ltr'><strong>est</strong></span> <span class='ocrx_word' id='word_1_663' title='bbox 3625 2521 3765 2574; x_wconf 91' lang='lat' dir='ltr'><strong>enim</strong></span> 
     </span>
    </p>
   </div>
   <div class='ocr_carea' id='block_1_86' title="bbox 2183 2610 3770 2677">
    <p class='ocr_par' dir='ltr' id='par_1_86' title="bbox 2183 2610 3770 2677">
     <span class='ocr_line' id='line_1_86' title="bbox 2183 2610 3770 2677; baseline -0.001 -10"><span class='ocrx_word' id='word_1_664' title='bbox 2183 2625 2471 2667; x_wconf 90' lang='lat' dir='ltr'><strong>commune</strong></span> <span class='ocrx_word' id='word_1_665' title='bbox 2521 2611 2804 2677; x_wconf 88' lang='lat' dir='ltr'><strong>omnibus;</strong></span> <span class='ocrx_word' id='word_1_666' title='bbox 2839 2620 2899 2665; x_wconf 94' lang='lat' dir='ltr'><strong>ut</strong></span> <span class='ocrx_word' id='word_1_667' title='bbox 2927 2610 3142 2677; x_wconf 89' lang='lat' dir='ltr'><strong>quando</strong></span> <span class='ocrx_word' id='word_1_668' title='bbox 3191 2610 3351 2666; x_wconf 86' lang='lat' dir='ltr'><strong>fuerit</strong></span> <span class='ocrx_word' id='word_1_669' title='bbox 3399 2611 3580 2665; x_wconf 87' lang='lat' dir='ltr'><strong>induta</strong></span> <span class='ocrx_word' id='word_1_670' title='bbox 3621 2623 3770 2666; x_wconf 82' lang='lat' dir='ltr'><strong>veste</strong></span> 
     </span>
    </p>
   </div>
   <div class='ocr_carea' id='block_1_87' title="bbox 2184 2701 3769 2772">
    <p class='ocr_par' dir='ltr' id='par_1_87' title="bbox 2184 2701 3769 2772">
     <span class='ocr_line' id='line_1_87' title="bbox 2184 2701 3769 2772; baseline 0.001 -16"><span class='ocrx_word' id='word_1_671' title='bbox 2184 2703 2433 2772; x_wconf 89' lang='lat' dir='ltr'><strong>simplici,</strong></span> <span class='ocrx_word' id='word_1_672' title='bbox 2483 2710 2537 2758; x_wconf 90' lang='lat' dir='ltr'><strong>et</strong></span> <span class='ocrx_word' id='word_1_673' title='bbox 2567 2717 2631 2756; x_wconf 80' lang='lat' dir='ltr'><strong>ex</strong></span> <span class='ocrx_word' id='word_1_674' title='bbox 2685 2702 2803 2756; x_wconf 90' lang='lat' dir='ltr'><strong>lana</strong></span> <span class='ocrx_word' id='word_1_675' title='bbox 2856 2711 3060 2756; x_wconf 91' lang='lat' dir='ltr'><strong>tantum</strong></span> <span class='ocrx_word' id='word_1_676' title='bbox 3107 2711 3394 2757; x_wconf 73' lang='lat' dir='ltr'><strong>contexta:</strong></span> <span class='ocrx_word' id='word_1_677' title='bbox 3427 2701 3528 2758; x_wconf 88' lang='lat' dir='ltr'><strong>hoc</strong></span> <span class='ocrx_word' id='word_1_678' title='bbox 3581 2718 3769 2758; x_wconf 87' lang='lat' dir='ltr'><strong>omnes</strong></span> 
     </span>
    </p>
   </div>
   <div class='ocr_carea' id='block_1_88' title="bbox 2186 2793 3769 2866">
    <p class='ocr_par' dir='ltr' id='par_1_88' title="bbox 2186 2793 3769 2866">
     <span class='ocr_line' id='line_1_88' title="bbox 2186 2793 3769 2866; baseline 0.001 -18"><span class='ocrx_word' id='word_1_679' title='bbox 2186 2793 2617 2859; x_wconf 87' lang='lat' dir='ltr'><strong>admirabuntur,</strong></span> <span class='ocrx_word' id='word_1_680' title='bbox 2673 2793 2775 2849; x_wconf 92' lang='lat' dir='ltr'><strong>hoc</strong></span> <span class='ocrx_word' id='word_1_681' title='bbox 2801 2810 2922 2848; x_wconf 93' lang='lat' dir='ltr'><strong>cum</strong></span> <span class='ocrx_word' id='word_1_682' title='bbox 2965 2796 3153 2866; x_wconf 90' lang='lat' dir='ltr'><strong>plausu</strong></span> <span class='ocrx_word' id='word_1_683' title='bbox 3194 2795 3484 2864; x_wconf 78' lang='lat' dir='ltr'><strong>excipient.</strong></span> <span class='ocrx_word' id='word_1_684' title='bbox 3534 2795 3666 2850; x_wconf 87' lang='lat' dir='ltr'><strong>Nam</strong></span> <span class='ocrx_word' id='word_1_685' title='bbox 3717 2797 3769 2850; x_wconf 88' lang='lat' dir='ltr'><strong>itt</strong></span> 
     </span>
    </p>
   </div>
   <div class='ocr_carea' id='block_1_89' title="bbox 2186 2885 3768 2955">
    <p class='ocr_par' dir='ltr' id='par_1_89' title="bbox 2186 2885 3768 2955">
     <span class='ocr_line' id='line_1_89' title="bbox 2186 2885 3768 2955; baseline -0.001 -15"><span class='ocrx_word' id='word_1_686' title='bbox 2186 2886 2280 2940; x_wconf 90' lang='lat' dir='ltr'><strong>illo</strong></span> <span class='ocrx_word' id='word_1_687' title='bbox 2307 2885 2522 2955; x_wconf 93' lang='lat' dir='ltr'><strong>quidem</strong></span> <span class='ocrx_word' id='word_1_688' title='bbox 2553 2885 2752 2939; x_wconf 90' lang='lat' dir='ltr'><strong>mundo</strong></span> <span class='ocrx_word' id='word_1_689' title='bbox 2789 2895 3226 2940; x_wconf 86' lang='lat' dir='ltr'><strong>ornamentorum</strong></span> <span class='ocrx_word' id='word_1_690' title='bbox 3256 2895 3310 2940; x_wconf 89' lang='lat' dir='ltr'><strong>et</strong></span> <span class='ocrx_word' id='word_1_691' title='bbox 3336 2895 3768 2955; x_wconf 87' lang='lat' dir='ltr'><strong>sumptuosarum</strong></span> 
     </span>
    </p>
   </div>
   <div class='ocr_carea' id='block_1_90' title="bbox 2186 2975 3768 3047">
    <p class='ocr_par' dir='ltr' id='par_1_90' title="bbox 2186 2975 3768 3047">
     <span class='ocr_line' id='line_1_90' title="bbox 2186 2975 3768 3047; baseline 0 -15"><span class='ocrx_word' id='word_1_692' title='bbox 2186 2978 2413 3032; x_wconf 83' lang='lat' dir='ltr'><strong>vestium</strong></span> <span class='ocrx_word' id='word_1_693' title='bbox 2466 2976 2659 3030; x_wconf 88' lang='lat' dir='ltr'><strong>nmltas</strong></span> <span class='ocrx_word' id='word_1_694' title='bbox 2692 2975 2851 3031; x_wconf 88' lang='lat' dir='ltr'><strong>habet</strong></span> <span class='ocrx_word' id='word_1_695' title='bbox 2890 2976 3103 3041; x_wconf 88' lang='lat' dir='ltr'><strong>socias;</strong></span> <span class='ocrx_word' id='word_1_696' title='bbox 3135 2987 3189 3032; x_wconf 91' lang='lat' dir='ltr'><strong>et</strong></span> <span class='ocrx_word' id='word_1_697' title='bbox 3237 2976 3280 3030; x_wconf 89' lang='lat' dir='ltr'><strong>si</strong></span> <span class='ocrx_word' id='word_1_698' title='bbox 3335 2978 3472 3033; x_wconf 87' lang='lat' dir='ltr'><strong>hanc</strong></span> <span class='ocrx_word' id='word_1_699' title='bbox 3519 2987 3768 3047; x_wconf 87' lang='lat' dir='ltr'><strong>superat,</strong></span> 
     </span>
    </p>
   </div>
   <div class='ocr_carea' id='block_1_91' title="bbox 2187 3067 3774 3140">
    <p class='ocr_par' dir='ltr' id='par_1_91' title="bbox 2187 3067 3774 3140">
     <span class='ocr_line' id='line_1_91' title="bbox 2187 3067 3774 3140; baseline 0.002 -18"><span class='ocrx_word' id='word_1_700' title='bbox 2187 3077 2470 3138; x_wconf 89' lang='lat' dir='ltr'><strong>superatur</strong></span> <span class='ocrx_word' id='word_1_701' title='bbox 2494 3067 2564 3122; x_wconf 90' lang='lat' dir='ltr'><strong>ab</strong></span> <span class='ocrx_word' id='word_1_702' title='bbox 2591 3067 2692 3121; x_wconf 89' lang='lat' dir='ltr'><strong>alia</strong></span> <span class='ocrx_word' id='word_1_703' title='bbox 2717 3085 2730 3133; x_wconf 87' lang='lat'><strong>;</strong></span> <span class='ocrx_word' id='word_1_704' title='bbox 2759 3076 2814 3122; x_wconf 88' lang='lat' dir='ltr'><strong>et</strong></span> <span class='ocrx_word' id='word_1_705' title='bbox 2834 3067 2879 3121; x_wconf 92' lang='lat' dir='ltr'><strong>si</strong></span> <span class='ocrx_word' id='word_1_706' title='bbox 2910 3083 3097 3124; x_wconf 87' lang='lat' dir='ltr'><strong>omnes</strong></span> <span class='ocrx_word' id='word_1_707' title='bbox 3125 3069 3354 3135; x_wconf 79' lang='lat' dir='ltr'><strong>excedit,</strong></span> <span class='ocrx_word' id='word_1_708' title='bbox 3391 3069 3459 3122; x_wconf 89' lang='lat' dir='ltr'><strong>ab</strong></span> <span class='ocrx_word' id='word_1_709' title='bbox 3488 3069 3598 3140; x_wconf 90' lang='lat' dir='ltr'><strong>ipsa</strong></span> <span class='ocrx_word' id='word_1_710' title='bbox 3625 3080 3774 3125; x_wconf 85' lang='lat' dir='ltr'><strong>certe</strong></span> 
     </span>
    </p>
   </div>
   <div class='ocr_carea' id='block_1_92' title="bbox 2188 3159 3770 3230">
    <p class='ocr_par' dir='ltr' id='par_1_92' title="bbox 2188 3159 3770 3230">
     <span class='ocr_line' id='line_1_92' title="bbox 2188 3159 3770 3230; baseline 0.001 -15"><span class='ocrx_word' id='word_1_711' title='bbox 2188 3161 2373 3230; x_wconf 87' lang='lat' dir='ltr'><strong>regina</strong></span> <span class='ocrx_word' id='word_1_712' title='bbox 2425 3160 2702 3213; x_wconf 89' lang='lat' dir='ltr'><strong>vincitur:</strong></span> <span class='ocrx_word' id='word_1_713' title='bbox 2749 3159 2837 3213; x_wconf 91' lang='lat' dir='ltr'><strong>hic</strong></span> <span class='ocrx_word' id='word_1_714' title='bbox 2883 3168 3059 3214; x_wconf 89' lang='lat' dir='ltr'><strong>autem</strong></span> <span class='ocrx_word' id='word_1_715' title='bbox 3114 3159 3282 3215; x_wconf 88' lang='lat' dir='ltr'><strong>vincit</strong></span> <span class='ocrx_word' id='word_1_716' title='bbox 3333 3175 3558 3226; x_wconf 91' lang='lat' dir='ltr'><strong>omnes,</strong></span> <span class='ocrx_word' id='word_1_717' title='bbox 3611 3163 3770 3216; x_wconf 90' lang='lat' dir='ltr'><strong>etiam</strong></span> 
     </span>
    </p>
   </div>
   <div class='ocr_carea' id='block_1_93' title="bbox 2189 3249 3774 3321">
    <p class='ocr_par' dir='ltr' id='par_1_93' title="bbox 2189 3249 3774 3321">
     <span class='ocr_line' id='line_1_93' title="bbox 2189 3249 3774 3321; baseline 0.002 -16"><span class='ocrx_word' id='word_1_718' title='bbox 2189 3253 2361 3321; x_wconf 89' lang='lat' dir='ltr'><strong>ipsam</strong></span> <span class='ocrx_word' id='word_1_719' title='bbox 2395 3264 2615 3305; x_wconf 84' lang='lat' dir='ltr'><strong>uxorem</strong></span> <span class='ocrx_word' id='word_1_720' title='bbox 2643 3249 2986 3319; x_wconf 85' lang='lat' dir='ltr'><strong>Imperatoris</strong></span> <span class='ocrx_word' id='word_1_721' title='bbox 3018 3268 3032 3305; x_wconf 92' lang='lat'>:</span> <span class='ocrx_word' id='word_1_722' title='bbox 3061 3252 3174 3305; x_wconf 91' lang='lat' dir='ltr'><strong>sola</strong></span> <span class='ocrx_word' id='word_1_723' title='bbox 3200 3251 3341 3306; x_wconf 91' lang='lat' dir='ltr'><strong>enim</strong></span> <span class='ocrx_word' id='word_1_724' title='bbox 3365 3253 3415 3306; x_wconf 91' lang='lat' dir='ltr'><strong>in</strong></span> <span class='ocrx_word' id='word_1_725' title='bbox 3442 3252 3639 3307; x_wconf 86' lang='lat' dir='ltr'><strong>divitiis</strong></span> <span class='ocrx_word' id='word_1_726' title='bbox 3663 3253 3774 3308; x_wconf 89' lang='lat' dir='ltr'><strong>ele-</strong></span> 
     </span>
    </p>
   </div>
   <div class='ocr_carea' id='block_1_94' title="bbox 2189 3339 3774 3412">
    <p class='ocr_par' dir='ltr' id='par_1_94' title="bbox 2189 3339 3774 3412">
     <span class='ocr_line' id='line_1_94' title="bbox 2189 3339 3774 3412; baseline 0.001 -17"><span class='ocrx_word' id='word_1_727' title='bbox 2189 3341 2265 3412; x_wconf 88' lang='lat' dir='ltr'><strong>git</strong></span> <span class='ocrx_word' id='word_1_728' title='bbox 2286 3357 2407 3411; x_wconf 74' lang='lat' dir='ltr'><strong>qua:</strong></span> <span class='ocrx_word' id='word_1_729' title='bbox 2430 3349 2556 3394; x_wconf 89' lang='lat' dir='ltr'><strong>sunt</strong></span> <span class='ocrx_word' id='word_1_730' title='bbox 2577 3354 2890 3410; x_wconf 86' lang='lat' dir='ltr'><strong>pauperum.</strong></span> <span class='ocrx_word' id='word_1_731' title='bbox 2909 3339 3290 3408; x_wconf 88' lang='lat' dir='ltr'><strong>Quamobrem,</strong></span> <span class='ocrx_word' id='word_1_732' title='bbox 3307 3343 3514 3396; x_wconf 88' lang='lat' dir='ltr'><strong>etiamsi</strong></span> <span class='ocrx_word' id='word_1_733' title='bbox 3536 3357 3774 3396; x_wconf 86' lang='lat' dir='ltr'><strong>amemus</strong></span> 
     </span>
    </p>
   </div>
   <div class='ocr_carea' id='block_1_95' title="bbox 2189 3431 3776 3502">
    <p class='ocr_par' dir='ltr' id='par_1_95' title="bbox 2189 3431 3776 3502">
     <span class='ocr_line' id='line_1_95' title="bbox 2189 3431 3776 3502; baseline 0.001 -16"><span class='ocrx_word' id='word_1_734' title='bbox 2189 3431 2434 3502; x_wconf 88' lang='lat' dir='ltr'><strong>gloriam,</strong></span> <span class='ocrx_word' id='word_1_735' title='bbox 2467 3432 2552 3486; x_wconf 88' lang='lat' dir='ltr'><strong>hic</strong></span> <span class='ocrx_word' id='word_1_736' title='bbox 2577 3440 2661 3486; x_wconf 88' lang='lat' dir='ltr'><strong>est</strong></span> <span class='ocrx_word' id='word_1_737' title='bbox 2689 3431 2859 3501; x_wconf 89' lang='lat' dir='ltr'><strong>major</strong></span> <span class='ocrx_word' id='word_1_738' title='bbox 2885 3431 3073 3502; x_wconf 89' lang='lat' dir='ltr'><strong>gloria.</strong></span> <span class='ocrx_word' id='word_1_739' title='bbox 3103 3432 3220 3486; x_wconf 88' lang='lat' dir='ltr'><strong>Non</strong></span> <span class='ocrx_word' id='word_1_740' title='bbox 3251 3434 3424 3488; x_wconf 92' lang='lat' dir='ltr'><strong>solum</strong></span> <span class='ocrx_word' id='word_1_741' title='bbox 3458 3433 3580 3489; x_wconf 90' lang='lat' dir='ltr'><strong>dico</strong></span> <span class='ocrx_word' id='word_1_742' title='bbox 3602 3434 3776 3488; x_wconf 87' lang='lat' dir='ltr'><strong>viduis</strong></span> 
     </span>
    </p>
   </div>
   <div class='ocr_carea' id='block_1_96' title="bbox 2191 3522 3777 3588">
    <p class='ocr_par' dir='ltr' id='par_1_96' title="bbox 2191 3522 3777 3588">
     <span class='ocr_line' id='line_1_96' title="bbox 2191 3522 3777 3588; baseline 0.001 -10"><span class='ocrx_word' id='word_1_743' title='bbox 2191 3534 2243 3579; x_wconf 90' lang='lat' dir='ltr'><strong>et</strong></span> <span class='ocrx_word' id='word_1_744' title='bbox 2267 3523 2546 3588; x_wconf 84' lang='lat' dir='ltr'><strong>divitibus;</strong></span> <span class='ocrx_word' id='word_1_745' title='bbox 2577 3522 2663 3576; x_wconf 89' lang='lat' dir='ltr'><strong>hic</strong></span> <span class='ocrx_word' id='word_1_746' title='bbox 2680 3523 2821 3576; x_wconf 91' lang='lat' dir='ltr'><strong>enim</strong></span> <span class='ocrx_word' id='word_1_747' title='bbox 2839 3522 3250 3578; x_wconf 90' lang='lat' dir='ltr'><strong>necessitatibus</strong></span> <span class='ocrx_word' id='word_1_748' title='bbox 3277 3525 3552 3579; x_wconf 86' lang='lat' dir='ltr'><strong>viduitatis</strong></span> <span class='ocrx_word' id='word_1_749' title='bbox 3569 3525 3777 3580; x_wconf 76' lang='lat' dir='ltr'><strong>videtur</strong></span> 
     </span>
    </p>
   </div>
   <div class='ocr_carea' id='block_1_97' title="bbox 2192 3613 3774 3684">
    <p class='ocr_par' dir='ltr' id='par_1_97' title="bbox 2192 3613 3774 3684">
     <span class='ocr_line' id='line_1_97' title="bbox 2192 3613 3774 3684; baseline 0.001 -16"><span class='ocrx_word' id='word_1_750' title='bbox 2192 3614 2295 3669; x_wconf 90' lang='lat' dir='ltr'><strong>hoc</strong></span> <span class='ocrx_word' id='word_1_751' title='bbox 2318 3614 2525 3679; x_wconf 89' lang='lat' dir='ltr'><strong>facere;</strong></span> <span class='ocrx_word' id='word_1_752' title='bbox 2558 3613 2650 3668; x_wconf 89' lang='lat' dir='ltr'><strong>sed</strong></span> <span class='ocrx_word' id='word_1_753' title='bbox 2680 3614 2745 3668; x_wconf 89' lang='lat' dir='ltr'><strong>iis</strong></span> <span class='ocrx_word' id='word_1_754' title='bbox 2769 3615 2931 3669; x_wconf 91' lang='lat' dir='ltr'><strong>etiam</strong></span> <span class='ocrx_word' id='word_1_755' title='bbox 2963 3629 3082 3684; x_wconf 73' lang='lat' dir='ltr'><strong>qua:</strong></span> <span class='ocrx_word' id='word_1_756' title='bbox 3111 3615 3284 3669; x_wconf 88' lang='lat' dir='ltr'><strong>virum</strong></span> <span class='ocrx_word' id='word_1_757' title='bbox 3317 3616 3534 3670; x_wconf 88' lang='lat' dir='ltr'><strong>habent.</strong></span> <span class='ocrx_word' id='word_1_758' title='bbox 3567 3619 3633 3670; x_wconf 86' lang='lat' dir='ltr'><strong>At</strong></span> <span class='ocrx_word' id='word_1_759' title='bbox 3660 3633 3774 3670; x_wconf 87' lang='lat' dir='ltr'><strong>ma-</strong></span> 
     </span>
    </p>
   </div>
   <div class='ocr_carea' id='block_1_98' title="bbox 2193 3705 3776 3777">
    <p class='ocr_par' dir='ltr' id='par_1_98' title="bbox 2193 3705 3776 3777">
     <span class='ocr_line' id='line_1_98' title="bbox 2193 3705 3776 3777; baseline -0.001 -16"><span class='ocrx_word' id='word_1_760' title='bbox 2193 3706 2318 3773; x_wconf 87' lang='lat' dir='ltr'><strong>rito,</strong></span> <span class='ocrx_word' id='word_1_761' title='bbox 2348 3706 2536 3774; x_wconf 83' lang='lat' dir='ltr'><strong>inquit,</strong></span> <span class='ocrx_word' id='word_1_762' title='bbox 2568 3719 2672 3760; x_wconf 92' lang='lat' dir='ltr'><strong>non</strong></span> <span class='ocrx_word' id='word_1_763' title='bbox 2709 3705 2912 3775; x_wconf 90' lang='lat' dir='ltr'><strong>placeo.</strong></span> <span class='ocrx_word' id='word_1_764' title='bbox 2939 3705 3049 3760; x_wconf 87' lang='lat' dir='ltr'><strong>Nec</strong></span> <span class='ocrx_word' id='word_1_765' title='bbox 3075 3705 3158 3761; x_wconf 91' lang='lat' dir='ltr'><strong>vis</strong></span> <span class='ocrx_word' id='word_1_766' title='bbox 3189 3707 3381 3761; x_wconf 90' lang='lat' dir='ltr'><strong>marito</strong></span> <span class='ocrx_word' id='word_1_767' title='bbox 3409 3707 3639 3777; x_wconf 84' lang='lat' dir='ltr'><strong>placere,</strong></span> <span class='ocrx_word' id='word_1_768' title='bbox 3680 3706 3776 3760; x_wconf 90' lang='lat' dir='ltr'><strong>sed</strong></span> 
     </span>
    </p>
   </div>
   <div class='ocr_carea' id='block_1_99' title="bbox 2193 3796 3774 3866">
    <p class='ocr_par' dir='ltr' id='par_1_99' title="bbox 2193 3796 3774 3866">
     <span class='ocr_line' id='line_1_99' title="bbox 2193 3796 3774 3866; baseline 0 -15"><span class='ocrx_word' id='word_1_769' title='bbox 2193 3796 2521 3852; x_wconf 89' lang='lat' dir='ltr'><strong>multitudini</strong></span> <span class='ocrx_word' id='word_1_770' title='bbox 2552 3797 2995 3866; x_wconf 88' lang='lat' dir='ltr'><strong>paupercularum</strong></span> <span class='ocrx_word' id='word_1_771' title='bbox 3025 3798 3345 3863; x_wconf 88' lang='lat' dir='ltr'><strong>mulierum;</strong></span> <span class='ocrx_word' id='word_1_772' title='bbox 3379 3800 3484 3853; x_wconf 89' lang='lat' dir='ltr'><strong>imo</strong></span> <span class='ocrx_word' id='word_1_773' title='bbox 3511 3814 3638 3852; x_wconf 91' lang='lat' dir='ltr'><strong>vero</strong></span> <span class='ocrx_word' id='word_1_774' title='bbox 3669 3813 3774 3851; x_wconf 88' lang='lat' dir='ltr'><strong>non</strong></span> 
     </span>
    </p>
   </div>
   <div class='ocr_carea' id='block_1_100' title="bbox 2196 3887 3777 3958">
    <p class='ocr_par' dir='ltr' id='par_1_100' title="bbox 2196 3887 3777 3958">
     <span class='ocr_line' id='line_1_100' title="bbox 2196 3887 3777 3958; baseline -0.001 -16"><span class='ocrx_word' id='word_1_775' title='bbox 2196 3888 2429 3958; x_wconf 85' lang='lat' dir='ltr'><strong>placere,</strong></span> <span class='ocrx_word' id='word_1_776' title='bbox 2459 3887 2552 3942; x_wconf 90' lang='lat' dir='ltr'><strong>sed</strong></span> <span class='ocrx_word' id='word_1_777' title='bbox 2580 3902 2672 3942; x_wconf 89' lang='lat' dir='ltr'><strong>eas</strong></span> <span class='ocrx_word' id='word_1_778' title='bbox 2702 3887 3005 3943; x_wconf 85' lang='lat' dir='ltr'><strong>tabefacere</strong></span> <span class='ocrx_word' id='word_1_779' title='bbox 3035 3898 3084 3942; x_wconf 89' lang='lat' dir='ltr'><strong>et</strong></span> <span class='ocrx_word' id='word_1_780' title='bbox 3116 3888 3304 3944; x_wconf 81' lang='lat' dir='ltr'><strong>dolore</strong></span> <span class='ocrx_word' id='word_1_781' title='bbox 3332 3889 3569 3951; x_wconf 82' lang='lat' dir='ltr'><strong>afﬁcere,</strong></span> <span class='ocrx_word' id='word_1_782' title='bbox 3603 3897 3656 3943; x_wconf 90' lang='lat' dir='ltr'><strong>ct</strong></span> <span class='ocrx_word' id='word_1_783' title='bbox 3685 3905 3777 3942; x_wconf 58' lang='lat' dir='ltr'><strong>ea-</strong></span> 
     </span>
    </p>
   </div>
   <div class='ocr_carea' id='block_1_101' title="bbox 2210 3973 3784 4047">
    <p class='ocr_par' dir='ltr' id='par_1_101' title="bbox 2210 3973 3784 4047">
     <span class='ocr_line' id='line_1_101' title="bbox 2210 3973 3784 4047; baseline 0.002 -19"><span class='ocrx_word' id='word_1_784' title='bbox 2210 3988 2328 4028; x_wconf 82' lang='lat' dir='ltr'><strong>rum</strong></span> <span class='ocrx_word' id='word_1_785' title='bbox 2343 3973 2610 4041; x_wconf 78' lang='lat' dir='ltr'><strong>majorem</strong></span> <span class='ocrx_word' id='word_1_786' title='bbox 2650 3973 2823 4028; x_wconf 87' lang='lat' dir='ltr'><strong>facere</strong></span> <span class='ocrx_word' id='word_1_787' title='bbox 2851 3985 3236 4044; x_wconf 86' lang='lat' dir='ltr'><strong>paupertatem.</strong></span> <span class='ocrx_word' id='word_1_788' title='bbox 3268 3978 3435 4044; x_wconf 88' lang='lat' dir='ltr'><strong>Quam</strong></span> <span class='ocrx_word' id='word_1_789' title='bbox 3465 3981 3626 4031; x_wconf 90' lang='lat' dir='ltr'><strong>multa</strong></span> <span class='ocrx_word' id='word_1_790' title='bbox 3660 3991 3784 4047; x_wconf 89' lang='lat' dir='ltr'><strong>pro-</strong></span> 
     </span>
    </p>
   </div>
   <div class='ocr_carea' id='block_1_102' title="bbox 2209 4061 3790 4137">
    <p class='ocr_par' dir='ltr' id='par_1_102' title="bbox 2209 4061 3790 4137">
     <span class='ocr_line' id='line_1_102' title="bbox 2209 4061 3790 4137; baseline 0.001 -19"><span class='ocrx_word' id='word_1_791' title='bbox 2209 4073 2329 4135; x_wconf 87' lang='lat' dir='ltr'><strong>pter</strong></span> <span class='ocrx_word' id='word_1_792' title='bbox 2357 4072 2407 4117; x_wconf 90' lang='lat' dir='ltr'><strong>te</strong></span> <span class='ocrx_word' id='word_1_793' title='bbox 2447 4063 2695 4117; x_wconf 87' lang='lat' dir='ltr'><strong>dicuntur</strong></span> <span class='ocrx_word' id='word_1_794' title='bbox 2726 4061 3072 4132; x_wconf 81' lang='lat' dir='ltr'><strong>blasphema?</strong></span> <span class='ocrx_word' id='word_1_795' title='bbox 3112 4064 3190 4120; x_wconf 87' lang='lat' dir='ltr'><strong>Ne</strong></span> <span class='ocrx_word' id='word_1_796' title='bbox 3215 4066 3304 4130; x_wconf 92' lang='lat' dir='ltr'><strong>sit,</strong></span> <span class='ocrx_word' id='word_1_797' title='bbox 3333 4067 3520 4137; x_wconf 88' lang='lat' dir='ltr'><strong>inquit,</strong></span> <span class='ocrx_word' id='word_1_798' title='bbox 3563 4078 3790 4136; x_wconf 83' lang='lat' dir='ltr'><strong>pauper-</strong></span> 
     </span>
    </p>
   </div>
   <div class='ocr_carea' id='block_1_103' title="bbox 2211 4152 3788 4226">
    <p class='ocr_par' dir='ltr' id='par_1_103' title="bbox 2211 4152 3788 4226">
     <span class='ocr_line' id='line_1_103' title="bbox 2211 4152 3788 4226; baseline 0.003 -18"><span class='ocrx_word' id='word_1_799' title='bbox 2211 4163 2292 4208; x_wconf 88' lang='lat' dir='ltr'><strong>tas</strong></span> <span class='ocrx_word' id='word_1_800' title='bbox 2323 4171 2337 4208; x_wconf 92' lang='lat'><strong>:</strong></span> <span class='ocrx_word' id='word_1_801' title='bbox 2373 4154 2514 4208; x_wconf 88' lang='lat' dir='ltr'><strong>Deus</strong></span> <span class='ocrx_word' id='word_1_802' title='bbox 2543 4153 2665 4208; x_wconf 91' lang='lat' dir='ltr'><strong>odio</strong></span> <span class='ocrx_word' id='word_1_803' title='bbox 2693 4152 2856 4209; x_wconf 89' lang='lat' dir='ltr'><strong>habet</strong></span> <span class='ocrx_word' id='word_1_804' title='bbox 2881 4168 3102 4225; x_wconf 91' lang='lat' dir='ltr'><strong>egenos,</strong></span> <span class='ocrx_word' id='word_1_805' title='bbox 3154 4156 3295 4211; x_wconf 90' lang='lat' dir='ltr'><strong>Deus</strong></span> <span class='ocrx_word' id='word_1_806' title='bbox 3339 4171 3446 4210; x_wconf 92' lang='lat' dir='ltr'><strong>non</strong></span> <span class='ocrx_word' id='word_1_807' title='bbox 3484 4155 3656 4226; x_wconf 82' lang='lat' dir='ltr'><strong>diligit</strong></span> <span class='ocrx_word' id='word_1_808' title='bbox 3693 4171 3788 4212; x_wconf 85' lang='lat' dir='ltr'><strong>eos</strong></span> 
     </span>
    </p>
   </div>
   <div class='ocr_carea' id='block_1_104' title="bbox 2195 4244 3788 4317">
    <p class='ocr_par' dir='ltr' id='par_1_104' title="bbox 2195 4244 3788 4317">
     <span class='ocr_line' id='line_1_104' title="bbox 2195 4244 3788 4317; baseline 0.003 -19"><span class='ocrx_word' id='word_1_809' title='bbox 2195 4246 2293 4316; x_wconf 86' lang='lat' dir='ltr'><strong>qui</strong></span> <span class='ocrx_word' id='word_1_810' title='bbox 2331 4256 2454 4300; x_wconf 88' lang='lat' dir='ltr'><strong>sunt</strong></span> <span class='ocrx_word' id='word_1_811' title='bbox 2478 4244 2530 4299; x_wconf 91' lang='lat' dir='ltr'><strong>in</strong></span> <span class='ocrx_word' id='word_1_812' title='bbox 2570 4255 2899 4316; x_wconf 89' lang='lat' dir='ltr'><strong>paupertate.</strong></span> <span class='ocrx_word' id='word_1_813' title='bbox 2929 4245 3060 4300; x_wconf 87' lang='lat' dir='ltr'><strong>Nam</strong></span> <span class='ocrx_word' id='word_1_814' title='bbox 3091 4247 3232 4317; x_wconf 89' lang='lat' dir='ltr'><strong>quod</strong></span> <span class='ocrx_word' id='word_1_815' title='bbox 3281 4263 3386 4303; x_wconf 91' lang='lat' dir='ltr'><strong>non</strong></span> <span class='ocrx_word' id='word_1_816' title='bbox 3415 4247 3546 4302; x_wconf 84' lang='lat' dir='ltr'><strong>velis</strong></span> <span class='ocrx_word' id='word_1_817' title='bbox 3577 4248 3788 4317; x_wconf 88' lang='lat' dir='ltr'><strong>placere</strong></span> 
     </span>
    </p>
   </div>
   <div class='ocr_carea' id='block_1_105' title="bbox 2206 4335 3788 4403">
    <p class='ocr_par' dir='ltr' id='par_1_105' title="bbox 2206 4335 3788 4403">
     <span class='ocr_line' id='line_1_105' title="bbox 2206 4335 3788 4403; baseline 0.003 -15"><span class='ocrx_word' id='word_1_818' title='bbox 2206 4335 2402 4390; x_wconf 88' lang='lat' dir='ltr'><strong>marito</strong></span> <span class='ocrx_word' id='word_1_819' title='bbox 2430 4376 2448 4403; x_wconf 95' lang='lat'><strong>,</strong></span> <span class='ocrx_word' id='word_1_820' title='bbox 2493 4351 2593 4391; x_wconf 91' lang='lat' dir='ltr'><strong>nec</strong></span> <span class='ocrx_word' id='word_1_821' title='bbox 2642 4351 2703 4392; x_wconf 88' lang='lat' dir='ltr'><strong>ea</strong></span> <span class='ocrx_word' id='word_1_822' title='bbox 2741 4337 2811 4392; x_wconf 91' lang='lat' dir='ltr'><strong>de</strong></span> <span class='ocrx_word' id='word_1_823' title='bbox 2839 4352 2998 4392; x_wconf 89' lang='lat' dir='ltr'><strong>causa</strong></span> <span class='ocrx_word' id='word_1_824' title='bbox 3029 4338 3258 4403; x_wconf 90' lang='lat' dir='ltr'><strong>orneris,</strong></span> <span class='ocrx_word' id='word_1_825' title='bbox 3307 4339 3558 4392; x_wconf 89' lang='lat' dir='ltr'><strong>omnibus</strong></span> <span class='ocrx_word' id='word_1_826' title='bbox 3608 4336 3788 4392; x_wconf 85' lang='lat' dir='ltr'><strong>reddis</strong></span> 
     </span>
    </p>
   </div>
   <div class='ocr_carea' id='block_1_106' title="bbox 2207 4427 3780 4498">
    <p class='ocr_par' dir='ltr' id='par_1_106' title="bbox 2207 4427 3780 4498">
     <span class='ocr_line' id='line_1_106' title="bbox 2207 4427 3780 4498; baseline 0.001 -17"><span class='ocrx_word' id='word_1_827' title='bbox 2207 4430 2543 4497; x_wconf 91' lang='lat' dir='ltr'><strong>perspicuum</strong></span> <span class='ocrx_word' id='word_1_828' title='bbox 2571 4442 2634 4482; x_wconf 82' lang='lat' dir='ltr'><strong>ex</strong></span> <span class='ocrx_word' id='word_1_829' title='bbox 2667 4427 2730 4482; x_wconf 93' lang='lat' dir='ltr'><strong>iis</strong></span> <span class='ocrx_word' id='word_1_830' title='bbox 2770 4444 2889 4497; x_wconf 74' lang='lat' dir='ltr'><strong>qua:</strong></span> <span class='ocrx_word' id='word_1_831' title='bbox 2916 4428 3028 4498; x_wconf 89' lang='lat' dir='ltr'><strong>ipsa</strong></span> <span class='ocrx_word' id='word_1_832' title='bbox 3069 4428 3217 4483; x_wconf 83' lang='lat' dir='ltr'><strong>facis.</strong></span> <span class='ocrx_word' id='word_1_833' title='bbox 3272 4427 3406 4484; x_wconf 87' lang='lat' dir='ltr'><strong>Nam</strong></span> <span class='ocrx_word' id='word_1_834' title='bbox 3448 4444 3569 4484; x_wconf 92' lang='lat' dir='ltr'><strong>cum</strong></span> <span class='ocrx_word' id='word_1_835' title='bbox 3620 4429 3780 4482; x_wconf 90' lang='lat' dir='ltr'><strong>limen</strong></span> 
     </span>
    </p>
   </div>
   <div class='ocr_carea' id='block_1_107' title="bbox 2205 4517 3782 4588">
    <p class='ocr_par' dir='ltr' id='par_1_107' title="bbox 2205 4517 3782 4588">
     <span class='ocr_line' id='line_1_107' title="bbox 2205 4517 3782 4588; baseline 0.001 -16"><span class='ocrx_word' id='word_1_836' title='bbox 2205 4518 2420 4573; x_wconf 86' lang='lat' dir='ltr'><strong>thalami</strong></span> <span class='ocrx_word' id='word_1_837' title='bbox 2449 4517 2745 4585; x_wconf 88' lang='lat' dir='ltr'><strong>transieris,</strong></span> <span class='ocrx_word' id='word_1_838' title='bbox 2774 4517 3058 4574; x_wconf 83' lang='lat' dir='ltr'><strong>confestim</strong></span> <span class='ocrx_word' id='word_1_839' title='bbox 3097 4518 3323 4588; x_wconf 89' lang='lat' dir='ltr'><strong>deponis</strong></span> <span class='ocrx_word' id='word_1_840' title='bbox 3363 4521 3565 4586; x_wconf 87' lang='lat' dir='ltr'><strong>omnia,</strong></span> <span class='ocrx_word' id='word_1_841' title='bbox 3606 4529 3660 4574; x_wconf 89' lang='lat' dir='ltr'><strong>et</strong></span> <span class='ocrx_word' id='word_1_842' title='bbox 3691 4535 3782 4573; x_wconf 85' lang='lat' dir='ltr'><strong>ve-</strong></span> 
     </span>
    </p>
   </div>
   <div class='ocr_carea' id='block_1_108' title="bbox 2202 4612 3785 4683">
    <p class='ocr_par' dir='ltr' id='par_1_108' title="bbox 2202 4612 3785 4683">
     <span class='ocr_line' id='line_1_108' title="bbox 2202 4612 3785 4683; baseline -0.001 -16"><span class='ocrx_word' id='word_1_843' title='bbox 2202 4621 2333 4678; x_wconf 88' lang='lat' dir='ltr'><strong>stes,</strong></span> <span class='ocrx_word' id='word_1_844' title='bbox 2367 4622 2422 4667; x_wconf 91' lang='lat' dir='ltr'><strong>et</strong></span> <span class='ocrx_word' id='word_1_845' title='bbox 2444 4621 2758 4666; x_wconf 85' lang='lat' dir='ltr'><strong>ornamenta</strong></span> <span class='ocrx_word' id='word_1_846' title='bbox 2785 4627 2968 4678; x_wconf 90' lang='lat' dir='ltr'><strong>aurea,</strong></span> <span class='ocrx_word' id='word_1_847' title='bbox 3002 4622 3056 4667; x_wconf 92' lang='lat' dir='ltr'><strong>et</strong></span> <span class='ocrx_word' id='word_1_848' title='bbox 3099 4612 3447 4683; x_wconf 88' lang='lat' dir='ltr'><strong>margaritas;</strong></span> <span class='ocrx_word' id='word_1_849' title='bbox 3478 4613 3567 4666; x_wconf 94' lang='lat' dir='ltr'><strong>illa</strong></span> <span class='ocrx_word' id='word_1_850' title='bbox 3588 4612 3785 4681; x_wconf 89' lang='lat' dir='ltr'><strong>quippe</strong></span> 
     </span>
    </p>
   </div>
   <div class='ocr_carea' id='block_1_109' title="bbox 2200 4702 3785 4773">
    <p class='ocr_par' dir='ltr' id='par_1_109' title="bbox 2200 4702 3785 4773">
     <span class='ocr_line' id='line_1_109' title="bbox 2200 4702 3785 4773; baseline -0.003 -14"><span class='ocrx_word' id='word_1_851' title='bbox 2200 4704 2345 4759; x_wconf 88' lang='lat' dir='ltr'><strong>domi</strong></span> <span class='ocrx_word' id='word_1_852' title='bbox 2372 4717 2480 4757; x_wconf 90' lang='lat' dir='ltr'><strong>non</strong></span> <span class='ocrx_word' id='word_1_853' title='bbox 2506 4711 2705 4773; x_wconf 89' lang='lat' dir='ltr'><strong>gestas.</strong></span> <span class='ocrx_word' id='word_1_854' title='bbox 2745 4702 2801 4758; x_wconf 92' lang='lat' dir='ltr'><strong>Si</strong></span> <span class='ocrx_word' id='word_1_855' title='bbox 2839 4710 3020 4758; x_wconf 85' lang='lat' dir='ltr'><strong>autem</strong></span> <span class='ocrx_word' id='word_1_856' title='bbox 3051 4703 3131 4758; x_wconf 85' lang='lat' dir='ltr'><strong>vis</strong></span> <span class='ocrx_word' id='word_1_857' title='bbox 3159 4703 3381 4758; x_wconf 89' lang='lat' dir='ltr'><strong>omnino</strong></span> <span class='ocrx_word' id='word_1_858' title='bbox 3411 4703 3625 4772; x_wconf 88' lang='lat' dir='ltr'><strong>placere</strong></span> <span class='ocrx_word' id='word_1_859' title='bbox 3670 4718 3785 4756; x_wconf 84' lang='lat' dir='ltr'><strong>ma-</strong></span> 
     </span>
    </p>
   </div>
   <div class='ocr_carea' id='block_1_110' title="bbox 2200 4797 3785 4867">
    <p class='ocr_par' dir='ltr' id='par_1_110' title="bbox 2200 4797 3785 4867">
     <span class='ocr_line' id='line_1_110' title="bbox 2200 4797 3785 4867; baseline 0 -16"><span class='ocrx_word' id='word_1_860' title='bbox 2200 4797 2325 4863; x_wconf 91' lang='lat' dir='ltr'><strong>rito,</strong></span> <span class='ocrx_word' id='word_1_861' title='bbox 2354 4809 2478 4851; x_wconf 91' lang='lat' dir='ltr'><strong>sunt</strong></span> <span class='ocrx_word' id='word_1_862' title='bbox 2503 4813 2597 4866; x_wconf 90' lang='lat' dir='ltr'><strong>per</strong></span> <span class='ocrx_word' id='word_1_863' title='bbox 2627 4813 2746 4867; x_wconf 74' lang='lat' dir='ltr'><strong>quze</strong></span> <span class='ocrx_word' id='word_1_864' title='bbox 2793 4797 2868 4852; x_wconf 92' lang='lat' dir='ltr'><strong>sis</strong></span> <span class='ocrx_word' id='word_1_865' title='bbox 2897 4797 3180 4867; x_wconf 88' lang='lat' dir='ltr'><strong>placitura,</strong></span> <span class='ocrx_word' id='word_1_866' title='bbox 3226 4813 3321 4866; x_wconf 89' lang='lat' dir='ltr'><strong>per</strong></span> <span class='ocrx_word' id='word_1_867' title='bbox 3346 4797 3640 4864; x_wconf 89' lang='lat' dir='ltr'><strong>lenitatem,</strong></span> <span class='ocrx_word' id='word_1_868' title='bbox 3689 4813 3785 4867; x_wconf 87' lang='lat' dir='ltr'><strong>per</strong></span> 
     </span>
    </p>
   </div>
   <div class='ocr_carea' id='block_1_111' title="bbox 2199 4886 3783 4956">
    <p class='ocr_par' dir='ltr' id='par_1_111' title="bbox 2199 4886 3783 4956">
     <span class='ocr_line' id='line_1_111' title="bbox 2199 4886 3783 4956; baseline 0.002 -16"><span class='ocrx_word' id='word_1_869' title='bbox 2199 4887 2682 4951; x_wconf 87' lang='lat' dir='ltr'><strong>mansuetudinem,</strong></span> <span class='ocrx_word' id='word_1_870' title='bbox 2715 4902 2809 4956; x_wconf 90' lang='lat' dir='ltr'><strong>per</strong></span> <span class='ocrx_word' id='word_1_871' title='bbox 2831 4886 3184 4942; x_wconf 88' lang='lat' dir='ltr'><strong>honestatem.</strong></span> <span class='ocrx_word' id='word_1_872' title='bbox 3214 4887 3345 4942; x_wconf 88' lang='lat' dir='ltr'><strong>Nam</strong></span> <span class='ocrx_word' id='word_1_873' title='bbox 3371 4888 3531 4943; x_wconf 89' lang='lat' dir='ltr'><strong>crede</strong></span> <span class='ocrx_word' id='word_1_874' title='bbox 3568 4889 3718 4953; x_wconf 87' lang='lat' dir='ltr'><strong>mihi,</strong></span> <span class='ocrx_word' id='word_1_875' title='bbox 3749 4903 3783 4943; x_wconf 89' lang='grc' dir='ltr'><strong>ο</strong></span> 
     </span>
    </p>
   </div>
   <div class='ocr_carea' id='block_1_112' title="bbox 2199 4977 3781 5045">
    <p class='ocr_par' dir='ltr' id='par_1_112' title="bbox 2199 4977 3781 5045">
     <span class='ocr_line' id='line_1_112' title="bbox 2199 4977 3781 5045; baseline 0.002 -15"><span class='ocrx_word' id='word_1_876' title='bbox 2199 4978 2390 5033; x_wconf 86' lang='lat' dir='ltr'><strong>mulier</strong></span> <span class='ocrx_word' id='word_1_877' title='bbox 2413 5019 2426 5045; x_wconf 93' lang='lat'><strong>,</strong></span> <span class='ocrx_word' id='word_1_878' title='bbox 2459 4977 2670 5034; x_wconf 83' lang='lat' dir='ltr'><strong>etiamsi</strong></span> <span class='ocrx_word' id='word_1_879' title='bbox 2720 4977 2943 5032; x_wconf 89' lang='lat' dir='ltr'><strong>maritus</strong></span> <span class='ocrx_word' id='word_1_880' title='bbox 2967 4989 3084 5034; x_wconf 89' lang='lat' dir='ltr'><strong>tuus</strong></span> <span class='ocrx_word' id='word_1_881' title='bbox 3109 4979 3179 5034; x_wconf 87' lang='lat' dir='ltr'><strong>sit</strong></span> <span class='ocrx_word' id='word_1_882' title='bbox 3206 4980 3398 5035; x_wconf 88' lang='lat' dir='ltr'><strong>millies</strong></span> <span class='ocrx_word' id='word_1_883' title='bbox 3421 4979 3488 5036; x_wconf 88' lang='lat' dir='ltr'><strong>ad</strong></span> <span class='ocrx_word' id='word_1_884' title='bbox 3529 4979 3781 5035; x_wconf 85' lang='lat' dir='ltr'><strong>inferiora</strong></span> 
     </span>
    </p>
   </div>
   <div class='ocr_carea' id='block_1_113' title="bbox 2199 5068 3782 5140">
    <p class='ocr_par' dir='ltr' id='par_1_113' title="bbox 2199 5068 3782 5140">
     <span class='ocr_line' id='line_1_113' title="bbox 2199 5068 3782 5140; baseline 0.005 -21"><span class='ocrx_word' id='word_1_885' title='bbox 2199 5083 2513 5139; x_wconf 87' lang='lat' dir='ltr'><strong>propensus,</strong></span> <span class='ocrx_word' id='word_1_886' title='bbox 2532 5068 2647 5122; x_wconf 65' lang='lat' dir='ltr'><strong>hanc</strong></span> <span class='ocrx_word' id='word_1_887' title='bbox 2666 5068 2835 5138; x_wconf 86' lang='lat' dir='ltr'><strong>magis</strong></span> <span class='ocrx_word' id='word_1_888' title='bbox 2855 5084 2974 5123; x_wconf 93' lang='lat' dir='ltr'><strong>eum</strong></span> <span class='ocrx_word' id='word_1_889' title='bbox 2995 5069 3284 5136; x_wconf 89' lang='lat' dir='ltr'><strong>attrahent,</strong></span> <span class='ocrx_word' id='word_1_890' title='bbox 3299 5071 3512 5140; x_wconf 90' lang='lat' dir='ltr'><strong>lenitas,</strong></span> <span class='ocrx_word' id='word_1_891' title='bbox 3533 5087 3782 5128; x_wconf 88' lang='lat' dir='ltr'><strong>mansue-</strong></span> 
     </span>
    </p>
   </div>
   <div class='ocr_carea' id='block_1_114' title="bbox 2200 5159 3779 5228">
    <p class='ocr_par' dir='ltr' id='par_1_114' title="bbox 2200 5159 3779 5228">
     <span class='ocr_line' id='line_1_114' title="bbox 2200 5159 3779 5228; baseline 0.003 -14"><span class='ocrx_word' id='word_1_892' title='bbox 2200 5159 2345 5223; x_wconf 91' lang='lat' dir='ltr'><strong>tudo,</strong></span> <span class='ocrx_word' id='word_1_893' title='bbox 2373 5160 2717 5227; x_wconf 88' lang='lat' dir='ltr'><strong>temperantia</strong></span> <span class='ocrx_word' id='word_1_894' title='bbox 2749 5169 2804 5215; x_wconf 89' lang='lat' dir='ltr'><strong>et</strong></span> <span class='ocrx_word' id='word_1_895' title='bbox 2829 5161 3142 5228; x_wconf 89' lang='lat' dir='ltr'><strong>moderatio,</strong></span> <span class='ocrx_word' id='word_1_896' title='bbox 3163 5177 3192 5216; x_wconf 89' lang='lat' dir='ltr'><strong>a</strong></span> <span class='ocrx_word' id='word_1_897' title='bbox 3223 5161 3359 5218; x_wconf 87' lang='lat' dir='ltr'><strong>fastu</strong></span> <span class='ocrx_word' id='word_1_898' title='bbox 3381 5179 3501 5220; x_wconf 91' lang='lat' dir='ltr'><strong>esse</strong></span> <span class='ocrx_word' id='word_1_899' title='bbox 3526 5164 3779 5228; x_wconf 89' lang='lat' dir='ltr'><strong>alienam,</strong></span> 
     </span>
    </p>
   </div>
   <div class='ocr_carea' id='block_1_115' title="bbox 2198 5252 3780 5320">
    <p class='ocr_par' dir='ltr' id='par_1_115' title="bbox 2198 5252 3780 5320">
     <span class='ocr_line' id='line_1_115' title="bbox 2198 5252 3780 5320; baseline 0.004 -16"><span class='ocrx_word' id='word_1_900' title='bbox 2198 5266 2300 5304; x_wconf 84' lang='lat' dir='ltr'><strong>non</strong></span> <span class='ocrx_word' id='word_1_901' title='bbox 2318 5264 2436 5304; x_wconf 86' lang='lat' dir='ltr'><strong>esse</strong></span> <span class='ocrx_word' id='word_1_902' title='bbox 2452 5259 2838 5320; x_wconf 90' lang='lat' dir='ltr'><strong>sumptuosam,</strong></span> <span class='ocrx_word' id='word_1_903' title='bbox 2856 5252 2948 5307; x_wconf 90' lang='lat' dir='ltr'><strong>sed</strong></span> <span class='ocrx_word' id='word_1_904' title='bbox 2975 5253 3228 5309; x_wconf 87' lang='lat' dir='ltr'><strong>humilem</strong></span> <span class='ocrx_word' id='word_1_905' title='bbox 3259 5263 3314 5311; x_wconf 89' lang='lat' dir='ltr'><strong>et</strong></span> <span class='ocrx_word' id='word_1_906' title='bbox 3338 5254 3633 5311; x_wconf 88' lang='lat' dir='ltr'><strong>dimissam.</strong></span> <span class='ocrx_word' id='word_1_907' title='bbox 3648 5255 3780 5310; x_wconf 82' lang='lat' dir='ltr'><strong>Nam</strong></span> 
     </span>
    </p>
   </div>
   <div class='ocr_carea' id='block_1_116' title="bbox 2196 5341 3776 5416">
    <p class='ocr_par' dir='ltr' id='par_1_116' title="bbox 2196 5341 3776 5416">
     <span class='ocr_line' id='line_1_116' title="bbox 2196 5341 3776 5416; baseline 0.003 -19"><span class='ocrx_word' id='word_1_908' title='bbox 2196 5343 2294 5398; x_wconf 87' lang='lat' dir='ltr'><strong>etsi</strong></span> <span class='ocrx_word' id='word_1_909' title='bbox 2313 5341 2461 5397; x_wconf 92' lang='lat' dir='ltr'><strong>mille</strong></span> <span class='ocrx_word' id='word_1_910' title='bbox 2479 5342 2602 5397; x_wconf 91' lang='lat' dir='ltr'><strong>talia</strong></span> <span class='ocrx_word' id='word_1_911' title='bbox 2625 5345 2914 5415; x_wconf 82' lang='lat' dir='ltr'><strong>excogites,</strong></span> <span class='ocrx_word' id='word_1_912' title='bbox 2937 5345 3262 5416; x_wconf 87' lang='lat' dir='ltr'><strong>impudicum</strong></span> <span class='ocrx_word' id='word_1_913' title='bbox 3285 5357 3340 5403; x_wconf 89' lang='lat' dir='ltr'><strong>et</strong></span> <span class='ocrx_word' id='word_1_914' title='bbox 3356 5348 3776 5403; x_wconf 87' lang='lat' dir='ltr'><strong>incontinentem</strong></span> 
     </span>
    </p>
   </div>
   <div class='ocr_carea' id='block_1_117' title="bbox 2195 5434 3776 5508">
    <p class='ocr_par' dir='ltr' id='par_1_117' title="bbox 2195 5434 3776 5508">
     <span class='ocr_line' id='line_1_117' title="bbox 2195 5434 3776 5508; baseline 0.005 -20"><span class='ocrx_word' id='word_1_915' title='bbox 2195 5449 2298 5489; x_wconf 92' lang='lat' dir='ltr'><strong>non</strong></span> <span class='ocrx_word' id='word_1_916' title='bbox 2329 5434 2656 5490; x_wconf 90' lang='lat' dir='ltr'><strong>continebis:</strong></span> <span class='ocrx_word' id='word_1_917' title='bbox 2683 5435 2786 5492; x_wconf 89' lang='lat' dir='ltr'><strong>hoc</strong></span> <span class='ocrx_word' id='word_1_918' title='bbox 2807 5436 2982 5492; x_wconf 89' lang='lat' dir='ltr'><strong>sciunt</strong></span> <span class='ocrx_word' id='word_1_919' title='bbox 3002 5453 3120 5508; x_wconf 82' lang='lat' dir='ltr'><strong>quae</strong></span> <span class='ocrx_word' id='word_1_920' title='bbox 3143 5438 3276 5494; x_wconf 88' lang='lat' dir='ltr'><strong>tales</strong></span> <span class='ocrx_word' id='word_1_921' title='bbox 3302 5437 3733 5494; x_wconf 89' lang='lat' dir='ltr'><strong>babcntmaritos</strong></span> <span class='ocrx_word' id='word_1_922' title='bbox 3762 5457 3776 5496; x_wconf 92' lang='lat'><strong>:</strong></span> 
     </span>
    </p>
   </div>
   <div class='ocr_carea' id='block_1_118' title="bbox 2191 5527 3780 5604">
    <p class='ocr_par' dir='ltr' id='par_1_118' title="bbox 2191 5527 3780 5604">
     <span class='ocr_line' id='line_1_118' title="bbox 2191 5527 3780 5604; baseline 0.004 -23"><span class='ocrx_word' id='word_1_923' title='bbox 2191 5542 2313 5582; x_wconf 87' lang='lat' dir='ltr'><strong>nam</strong></span> <span class='ocrx_word' id='word_1_924' title='bbox 2354 5527 2852 5600; x_wconf 83' lang='lat' dir='ltr'><strong>quomodocumque</strong></span> <span class='ocrx_word' id='word_1_925' title='bbox 2899 5540 2949 5585; x_wconf 92' lang='lat' dir='ltr'><strong>te</strong></span> <span class='ocrx_word' id='word_1_926' title='bbox 2978 5546 3234 5596; x_wconf 80' lang='lat' dir='ltr'><strong>exornes,</strong></span> <span class='ocrx_word' id='word_1_927' title='bbox 3259 5531 3370 5598; x_wconf 91' lang='lat' dir='ltr'><strong>ille,</strong></span> <span class='ocrx_word' id='word_1_928' title='bbox 3405 5543 3460 5587; x_wconf 91' lang='lat' dir='ltr'><strong>ut</strong></span> <span class='ocrx_word' id='word_1_929' title='bbox 3487 5534 3578 5604; x_wconf 91' lang='lat' dir='ltr'><strong>qui</strong></span> <span class='ocrx_word' id='word_1_930' title='bbox 3604 5534 3671 5588; x_wconf 90' lang='lat' dir='ltr'><strong>sit</strong></span> <span class='ocrx_word' id='word_1_931' title='bbox 3697 5533 3780 5587; x_wconf 89' lang='lat' dir='ltr'><strong>in-</strong></span> 
     </span>
    </p>
   </div>
   <div class='ocr_carea' id='block_1_119' title="bbox 2189 5619 3779 5694">
    <p class='ocr_par' dir='ltr' id='par_1_119' title="bbox 2189 5619 3779 5694">
     <span class='ocr_line' id='line_1_119' title="bbox 2189 5619 3779 5694; baseline 0.005 -23"><span class='ocrx_word' id='word_1_932' title='bbox 2189 5619 2490 5686; x_wconf 85' lang='lat' dir='ltr'><strong>continens,</strong></span> <span class='ocrx_word' id='word_1_933' title='bbox 2519 5619 2628 5674; x_wconf 89' lang='lat' dir='ltr'><strong>abit</strong></span> <span class='ocrx_word' id='word_1_934' title='bbox 2656 5619 2722 5675; x_wconf 91' lang='lat' dir='ltr'><strong>ad</strong></span> <span class='ocrx_word' id='word_1_935' title='bbox 2753 5621 2912 5676; x_wconf 88' lang='lat' dir='ltr'><strong>aliam</strong></span> <span class='ocrx_word' id='word_1_936' title='bbox 2943 5642 2956 5678; x_wconf 90' lang='lat'><strong>:</strong></span> <span class='ocrx_word' id='word_1_937' title='bbox 2982 5635 3104 5678; x_wconf 86' lang='lat' dir='ltr'><strong>eum</strong></span> <span class='ocrx_word' id='word_1_938' title='bbox 3145 5632 3321 5678; x_wconf 90' lang='lat' dir='ltr'><strong>autem</strong></span> <span class='ocrx_word' id='word_1_939' title='bbox 3349 5625 3437 5694; x_wconf 89' lang='lat' dir='ltr'><strong>qui</strong></span> <span class='ocrx_word' id='word_1_940' title='bbox 3459 5637 3543 5679; x_wconf 87' lang='lat' dir='ltr'><strong>cst</strong></span> <span class='ocrx_word' id='word_1_941' title='bbox 3574 5633 3779 5694; x_wconf 83' lang='lat' dir='ltr'><strong>tempe-</strong></span> 
     </span>
    </p>
   </div>
   <div class='ocr_carea' id='block_1_120' title="bbox 2189 5711 3774 5786">
    <p class='ocr_par' dir='ltr' id='par_1_120' title="bbox 2189 5711 3774 5786">
     <span class='ocr_line' id='line_1_120' title="bbox 2189 5711 3774 5786; baseline 0.004 -20"><span class='ocrx_word' id='word_1_942' title='bbox 2189 5725 2314 5767; x_wconf 87' lang='lat' dir='ltr'><strong>rans</strong></span> <span class='ocrx_word' id='word_1_943' title='bbox 2343 5720 2393 5766; x_wconf 88' lang='lat' dir='ltr'><strong>et</strong></span> <span class='ocrx_word' id='word_1_944' title='bbox 2425 5711 2646 5782; x_wconf 82' lang='lat' dir='ltr'><strong>pudicus</strong></span> <span class='ocrx_word' id='word_1_945' title='bbox 2666 5755 2678 5779; x_wconf 91' lang='lat'><strong>,</strong></span> <span class='ocrx_word' id='word_1_946' title='bbox 2708 5728 2812 5768; x_wconf 93' lang='lat' dir='ltr'><strong>non</strong></span> <span class='ocrx_word' id='word_1_947' title='bbox 2848 5715 2930 5769; x_wconf 85' lang='lat' dir='ltr'><strong>his</strong></span> <span class='ocrx_word' id='word_1_948' title='bbox 2957 5715 3136 5786; x_wconf 88' lang='lat' dir='ltr'><strong>capies</strong></span> <span class='ocrx_word' id='word_1_949' title='bbox 3156 5757 3171 5782; x_wconf 94' lang='lat'><strong>,</strong></span> <span class='ocrx_word' id='word_1_950' title='bbox 3201 5715 3294 5771; x_wconf 88' lang='lat' dir='ltr'><strong>sed</strong></span> <span class='ocrx_word' id='word_1_951' title='bbox 3343 5717 3662 5782; x_wconf 78' lang='lat' dir='ltr'><strong>contrariis;</strong></span> <span class='ocrx_word' id='word_1_952' title='bbox 3693 5717 3774 5773; x_wconf 84' lang='lat' dir='ltr'><strong>his</strong></span> 
     </span>
    </p>
   </div>
  </div>
