4080 6198
325 264 430 319 199

321 377 546 447 ἄνδρας.
573 375 756 430 Πάντα
783 378 892 448 γὰρ
921 378 986 432 τὰ
1019 381 1206 443 λοιπά,
1231 381 1374 452 άπερ
1403 383 1618 452 ἔχομεν,
1637 385 1883 453 περιττά⁹

322 461 480 527 μόνοι
507 462 558 513 οἱ
589 462 818 531 πένητες
841 464 901 516 ού
927 465 1156 534 περιττά
1184 467 1476 536 κέκτηνται
1501 483 1514 496 ·
1548 469 1687 536 τάχα
1716 468 1772 520 δὲ
1798 469 1893 520 κά·-

322 547 494 597 κεῖνοι
528 544 597 597 δι’
629 546 895 614 ἀνάγκην,
917 546 1014 610 ὡς,
1046 549 1097 601 εί
1125 566 1186 617 γε
1219 548 1369 618 ἐξῆν,
1404 551 1505 603 οὐκ
1527 553 1589 605 ἂν
1615 551 1732 603 ούδέ
1755 553 1896 603 ἐκεῖ·

322 644 406 680 νοι
438 627 761 697 ἀπέσχοντο.
798 629 944 700 Πλὴν
989 631 1124 692 ἀλλ’,
1155 633 1265 686 εἴτε
1289 633 1576 703 προφάσει,
1622 636 1729 686 εἴτε
1760 635 1897 702 ἀλη-

325 709 474 779 θείᾳ,
503 709 644 772 τέως
679 712 876 764 ἐκεῖνοι
917 713 987 764 τά
1029 714 1257 782 περιττά
1290 715 1390 767 ούκ
1420 716 1621 786 έχουσι.
1659 717 1897 770 Τοιαῦτα

324 795 510 846 τοίνυν
534 794 789 863 φορῶμεν
840 795 1049 864 ἱμάτια,
1099 797 1169 850 τὰ
1213 798 1311 868 τὴν
1335 801 1526 869 χρείαν
1565 799 1895 871 πληροῦντα.

326 879 394 930 Τί
421 879 531 948 γάρ
581 878 832 945 βούλεται
885 881 915 932 6
958 881 1124 943 πολὺς
1152 882 1389 951 χρυσός;
1429 886 1542 946 τοῖς
1573 884 1664 936 ἐπὶ
1696 885 1900 954 σκηνῆς

325 960 505 1014 ταῦτα
536 961 820 1030 ἁρμόττει,
845 961 1016 1016 ταῦτα
1064 965 1288 1016 ἐκείνων
1322 965 1390 1017 τά
1415 968 1729 1038 φορήματα,
1770 983 1901 1037 πορ-

326 1045 438 1097 νῶν
473 1046 590 1098 ἐστι
619 1046 916 1112 γυναικῶν,
958 1047 1136 1099 πάντα
1160 1047 1300 1117 πρὸς
1328 1048 1390 1100 τὸ
1423 1047 1680 1118 θεαθῆναι
1716 1065 1897 1101 ποιου-

330 1128 461 1181 σῶν.
498 1129 941 1194 Καλλωπιζέσθω
970 1131 1150 1202 ἐκείνη
1185 1134 1216 1202 ἡ
1250 1133 1343 1185 ἐπὶ
1361 1132 1461 1203 τῆς
1499 1134 1721 1203 σκηνῆς,
1748 1135 1780 1203 ἡ
1808 1132 1902 1185 ἐπὶ

326 1213 434 1280 τῆς
480 1213 790 1281 ὀρχήστρας
816 1231 830 1244 ο
867 1211 1074 1277 πάντας
1117 1216 1226 1286 γάρ
1280 1214 1525 1284 βούλεται
1547 1216 1683 1285 πρὸς
1705 1216 1902 1284 ἑαυτὴν

330 1294 745 1347 ἐπισπάσασθαι
774 1309 788 1324 ο
824 1297 856 1366 ἡ
887 1296 944 1348 δέ
974 1297 1428 1367 ἐπαγγελλομένη
1464 1297 1792 1362 θεοσέϐειαν,
1829 1297 1903 1368 μὴ

329 1377 481 1431 οὔτω
508 1378 960 1446 καλλωπιζέσθω,
991 1381 1129 1434 ἀλλὰ
1161 1383 1363 1452 ἑτέρως
1378 1382 1490 1452 ἔχει
1516 1381 1904 1452 καλλωπισμὸν

331 1461 470 1512 πολὺ
504 1461 722 1531 ἐκείνης
746 1464 989 1530 μείζονα.

412 1543 598 1612 Ἔχεις
627 1545 720 1596 καὶ
753 1545 816 1598 σὺ
859 1544 1125 1614 θίατρονυ
1161 1546 1298 1616 πρὸς
1341 1547 1519 1600 ἐκεῖνο
1565 1545 1902 1610 καλλωπίζου

331 1626 399 1679 τὸ
413 1626 664 1697 θέατρον,
697 1628 904 1680 ἐκεῖνον
939 1628 1246 1698 περιτίθεσο
1269 1629 1358 1682 τὸν
1387 1630 1609 1698 κόσμον.
1632 1631 1789 1682 Ποῖόν
1812 1628 1904 1682 σού

333 1712 452 1762 ἐστι
473 1711 536 1762 τὸ
567 1710 831 1780 θέατρον;
867 1711 927 1764 '0
956 1711 1205 1781 οὐρανὸς,
1240 1715 1266 1766 6
1302 1713 1409 1765 τῶν
1432 1714 1681 1783 ἀγγέλων
1705 1715 1902 1783 δῆμος·

332 1793 459 1862 ούχὶ
494 1793 604 1846 τῶν
627 1795 913 1865 παρθένων
935 1795 1078 1863 λέγω
1107 1797 1287 1864 μόνον,
1324 1798 1460 1850 ἀλλά
1483 1798 1575 1851 καὶ
1597 1799 1702 1851 τῶν
1724 1816 1909 1869 κοσμι-

336 1879 449 1930 ιοῶν
483 1895 496 1907 ο
548 1879 744 1940 πᾶσαι,
789 1880 912 1932 ὅσαι
941 1879 1017 1949 τῷ
1063 1880 1286 1950 Χριστῷ
1329 1881 1700 1942 πιστεύουσιν,
1733 1883 1912 1934 ἐκεῖνο

336 1961 522 2029 ἔχουσι
561 1961 623 2012 τὸ
662 1959 916 2031 θέατρον.
942 1963 1182 2017 Τοιαῦτα
1203 1963 1589 2033 φθεγγώμεθα,
1641 1964 1727 2016 ἵνα
1765 1965 1911 2016 ἐκεί-

336 2059 449 2105 νοις
484 2044 782 2113 τέρπωμεν
804 2047 932 2109 τοὺς
959 2046 1178 2109 θεατάςο
1211 2046 1437 2099 τοιαῦτα
1460 2047 1788 2117 περιτίθεσο,
1827 2047 1913 2099 ἵνα

335 2126 586 2188 ἐκείνους
605 2126 886 2198 εύφράνῃς
909 2140 957 2180 ⁸.
975 2127 1124 2199 [Ξϐὅ]
1145 2130 1279 2182 Εἰπέ
1300 2129 1408 2198 γάρ
1433 2146 1542 2198 μοι,
1568 2130 1664 2182 ἐάν
1685 2131 1718 2199 ἡ
1744 2129 1912 2199 πόρνη

339 2212 480 2281 γυνὴ
511 2213 715 2280 ἀφεῖσα
733 2212 804 2265 τὰ
827 2212 1026 2282 χρυσία
1049 2215 1142 2266 καὶ⁹
1165 2217 1232 2267 τά
1260 2214 1451 2282 ἱμάτια
1474 2216 1569 2267 καὶΙ
1591 2215 1679 2266 τὸν
1704 2215 1913 2282 γέλωτα

339 2294 435 2346 καὶ
457 2294 527 2345 τά
562 2295 787 2364 ῥήματα
837 2296 904 2348 τά
952 2297 1140 2348 ἀστεῖα
1193 2297 1286 2348 καὶ
1317 2296 1386 2348 τά
1434 2298 1658 2366 αἰσχρά,
1705 2296 1915 2358 εὐτελὲς

339 2379 559 2447 ίμάτιον
618 2378 1005 2448 περιϐάληται,
1063 2380 1159 2432 καὶ
1187 2380 1623 2449 ἀνεπιτηδεύτως
1664 2381 1919 2433 συνθεῖσα

336 2462 542 2529 ἑαυτὴν
604 2461 854 2532 εἰσέλθῃ,
899 2462 992 2514 καὶ
1043 2462 1268 2532 θεοσεϐῆ
1319 2462 1624 2533 φθέγγηται
1674 2463 1918 2533 ῥήματα,

337 2545 434 2596 καὶ
460 2545 592 2614 περὶ
624 2545 984 2613 σωφροσύνης
1009 2545 1347 2615 διαλέγηται,
1376 2546 1471 2599 καὶ
1506 2546 1671 2617 μηδὲν
1694 2546 1921 2616 αἰσχρὸν

337 2626 496 2697 λέγῃ,
517 2627 642 2695 οὐχὶ
670 2627 1070 2696 ἀναστήσονται
1116 2629 1318 2690 πάντες
1344 2646 1358 2694 ;
1389 2629 1508 2699 οὐχὶ
1535 2628 1920 2700 διαλυθήσεται

335 2707 500 2761 τοῦτο
540 2709 601 2760 τὸ
636 2709 899 2777 θέατρον;
932 2710 1055 2779 ούχὶ
1106 2710 1430 2764 ἐκϐαλοῦσιν
1477 2712 1666 2778 αὐτὴν,
1717 2713 1792 2774 ὡς
1823 2713 1922 2764 ούκ

340 2790 551 2843 εἰδυῖαν
575 2791 918 2862 ἁρμόσασθαι
946 2792 1020 2862 τῷ
1039 2792 1219 2864 δήμῳ,
1251 2795 1346 2848 καί⁵
1375 2795 1631 2864 ἀλλότρια
1656 2794 1922 2862 λέγουσαν

342 2873 443 2925 τοῦ
481 2874 705 2942 θεάτρου
760 2875 973 2927 ἐκείνου
1017 2875 1110 2928 τοῦ
1161 2878 1486 2942 σατανικοῦ;
1528 2878 1682 2930 Οὕτω
1708 2879 1802 2930 καὶ
1833 2879 1919 2942 σὺ,

340 2958 444 3010 ἐὰν
502 2958 572 3010 τά
625 2960 836 3028 ἐκείνης
887 2959 1215 3031 περιθεμένη
1270 2961 1352 3024 εἰς
1405 2963 1466 3013 τὸ
1517 2961 1626 3014 τῶν
1678 2960 1924 3028 οὐρανῶν

340 3042 578 3111 θέατρον
608 3041 880 3114 είσέλθῃς.
912 3041 1205 3096 ἐκϐαλοῦσί
1233 3060 1290 3096 σε
1315 3046 1364 3096 οἱ
1385 3042 1596 3097 θεαταί.
1639 3044 1787 3096 Ἐκεῖ
1815 3043 1924 3113 γάρ

337 3127 405 3179 ού
440 3128 549 3179 τῶν
577 3126 798 3195 χρυσῶν
829 3125 1059 3195 ἱματίων
1088 3125 1247 3196 χρεία
1277 3126 1507 3190 τούτων,
1549 3125 1665 3179 ἀλλ’
1699 3127 1921 3197 ἐτέρων.

342 3211 559 3276 Ποίωνς
593 3210 734 3262 Οῐων
773 3211 802 3262 6
851 3210 1137 3279 προφήτης
1181 3210 1384 3278 φησίν·
1429 3211 1526 3262 Ἔν
1559 3207 1926 3277 κροσσωτοῖς

341 3291 601 3360 χρυσοῖς
630 3292 1121 3359 περιϐεϐλημένη,
1151 3293 1584 3360 πεποικιλμένη
1608 3309 1622 3322 ·
1651 3293 1748 3361 οὐχ
1784 3292 1924 3344 ὥστε

341 3375 410 3426 τὸ
453 3375 616 3442 σῶμα
656 3373 850 3426 λευκὸν
879 3376 1220 3444 ποιῆσαικαὶ
1253 3375 1599 3437 ἀποστίλϐον,
1640 3375 1754 3426 ἀλλ’
1783 3374 1924 3427 ὥστε

343 3459 449 3528 τὴν
479 3458 657 3527 ψυχὴν
684 3457 1055 3510 καλλωπίσαι·
1090 3458 1228 3528 αῦτη
1282 3460 1390 3528 γάρ
1423 3460 1570 3510 ἐστιν
1595 3459 1626 3527 ἡ
1661 3457 1924 3525 ἀγωνιζο-

347 3543 490 3611 μένη
522 3544 637 3593 ἐκεῖ
657 3543 749 3593 καὶ
769 3540 929 3594 ἀθλοῦ
941 3559 1022 3593 σα.
1052 3541 1225 3595 Πᾶσα
1250 3543 1285 3609 ἡ
1318 3541 1469 3605 δόξα
1503 3542 1611 3608 τῆς
1635 3539 1926 3610 θυωτρύς

343 3625 458 3677 τοῦ
481 3625 790 3690 ,βασιλέως
821 3624 1066 3688 ἔσωθεν,
1102 3625 1255 3694 φησί.
1294 3624 1478 3676 Ταῦτα
1521 3623 1744 3694 περίθου
1773 3639 1784 3651 ⁸
1824 3640 1926 3692 μυο

346 3707 490 3777 ρίων
519 3709 624 3776 γὰρ
654 3710 749 3758 καὶ
778 3707 954 3760 ἄλλων
979 3708 1339 3770 ἀπαλλάττεις
1366 3708 1572 3776 σαυτὴν
1597 3705 1801 3764 κακῶν,
1832 3705 1927 3758 καὶ

343 3790 444 3842 τὸν
491 3791 659 3859 ἄνδρα
707 3791 1000 3860 μερίμνης,
1037 3793 1129 3843 καὶ
1171 3791 1373 3860 σαυτὴν
1416 3790 1720 3861 φροντίδος.
1771 3787 1927 3841 Οὕτω

345 3873 460 3943 γὰρ
493 3873 770 3943 αἰδέσιμος
799 3873 896 3944 ἔσῃ
920 3873 995 3942 τῷ
1022 3873 1196 3942 ἀνδρὶ,
1232 3874 1360 3926 ὅταν
1389 3874 1463 3942 μὴ
1499 3872 1710 3924 πολλῶν
1739 3871 1853 3941 δέῃ.

426 3977 503 4044 ς’.
526 3979 641 4041 Πᾶς
661 3979 770 4047 γάρ
786 3979 1072 4049 ἄνθρωπος
1095 3979 1287 4032 εἴωθεν
1308 3976 1630 4042 ἀκκίζεσθαι
1648 3978 1788 4030 κατά
1820 3977 1928 4031 τῶν

347 4064 626 4133 δεομένων
684 4063 882 4116 αὐτοῦ’
915 4066 1041 4116 ὅταν
1089 4064 1145 4116 δὲ
1203 4065 1288 4136 ῖδῃ
1342 4063 1416 4134 μὴ
1463 4062 1653 4132 χρείαν
1684 4061 1925 4132 ἔχοντας,

349 4147 618 4217 κατασπᾲ
663 4148 725 4200 τὸ
776 4147 1050 4218 φρόνημα,
1087 4147 1226 4200 ὥστε
1272 4148 1550 4218 ὀμοτίμως
1592 4146 1924 4216 διαλέγεται.

355 4233 530 4284 Ὀταν
560 4231 645 4303 ἴδῃ
675 4234 704 4284 6
723 4233 961 4301 ἀνὴρὸτι
983 4234 1041 4284 ού
1072 4232 1260 4302 χρείαν
1291 4231 1455 4284 αὑτοῦ
1486 4231 1628 4301 ἔχεις
1649 4233 1704 4284 ἐν
1727 4231 1924 4295 οὐδενὶ,

348 4316 439 4368 ὅτι
462 4318 820 4386 καταφρονεῖς
841 4315 949 4367 τῶν
979 4317 1104 4386 παρ’
1128 4315 1294 4368 αὑτοῦ
1321 4314 1559 4384 δωρεῶν,
1593 4313 1696 4367 κᾶν
1726 4313 1929 4382 σφόδρα

349 4392 391 4468 ᾗ
422 4398 829 4467 φρονηματιῶν,
863 4398 987 4451 τότε
1017 4415 1075 4450 σε
1128 4398 1506 4468 αἰδεσθήσεται
1541 4396 1760 4466 μᾶλλον,
1796 4395 1828 4462 ἣ
1861 4394 1928 4448 τὰ

351 4482 561 4549 χρυσία
606 4483 1025 4552 περικειμένην
1062 4484 1155 4535 καὶ
1196 4481 1379 4534 ούκέτι
1415 4480 1508 4550 ἔσῃ
1549 4479 1714 4532 αὑτοῦ
1741 4479 1922 4546 δούλη.

350 4559 458 4617 Ἦν
487 4564 598 4634 γάρ
623 4563 810 4634 χρείαν
844 4565 1060 4635 ἔχομεν.
1087 4564 1419 4617 ὑποκύπτειν
1442 4563 1653 4625 τούτοις
1687 4563 1928 4628 “Tim”

350 4646 568 4716 ζόμεθα
597 4663 611 4676 ·
644 4647 736 4699 ἐάν
767 4647 821 4700 δέ
851 4647 1249 4717 ἀποστήσωμεν
1302 4645 1546 4707 ἑαυτοὺς,
1590 4645 1772 4696 οὐκέτι
1805 4643 1926 4695 ἐσό-

355 4731 501 4797 μεθα
529 4730 798 4794 ὑπόδικοι,
839 4729 952 4781 ἀλλ’
1005 4726 1142 4783 οἶδεν
1184 4732 1266 4784 ὅτι
1296 4730 1382 4783 διὰ
1418 4729 1507 4782 τὸν
1538 4729 1631 4781 τοῦ
1665 4727 1801 4780 Θεοῦ
1834 4727 1927 4793 φό-

351 4812 448 4864 ϐον
477 4813 724 4882 ὑπακοήν
748 4829 867 4865 τινα
893 4814 1238 4882 άπονέμομεν
1277 4811 1447 4880 αύτῷ,
1496 4811 1556 4863 ού
1583 4810 1670 4862 διὰ
1698 4810 1766 4862 τά
1796 4811 1926 4879 παρ’

351 4894 544 4947 αὐτοῦ.
572 4895 686 4946 Νῦν
724 4894 822 4964 μὲν
852 4896 959 4966 γάρ
1001 4895 1074 4958 ὡς
1124 4894 1337 4965 μεγάλα
1377 4896 1509 4962 ἡμῖν
1548 4892 1926 4963 χαριζόμενος,

349 4981 488 5048 ὅσης
519 4979 585 5031 ἂν
615 4979 897 5051 ἀπολαύσῃ
926 4980 1023 5049 τῆς
1044 4981 1230 5049 τιμῆς,
1253 4981 1349 5046 οὐχ
1373 4981 1591 5049 ἡγεῖται
1623 4978 1720 5047 τῆς
1751 4977 1931 5044 πάσης

351 5061 816 5115 ἀπολελαυκέναισ
849 5064 969 5115 τότε
997 5062 1052 5116 δέ
1083 5062 1182 5114 κᾶν
1211 5063 1413 5132 μικρᾶς
1434 5060 1593 5131 τύχῃ,
1615 5060 1772 5129 χάριν
1793 5059 1932 5128 ἡγήσ-

352 5162 512 5198 σεται
531 5164 546 5177 ⁸
583 5147 683 5198 οὐκ
709 5146 942 5209 ὀνειδιεῖ,
975 5147 1075 5199 ούκ
1103 5145 1582 5214 ἀναγκασθήσεται
1617 5143 1740 5196 ούδέ
1771 5143 1932 5204 αὐτὸς

352 5231 704 5282 πλεονεκτεῖν
753 5229 840 5282 διὰ
873 5228 951 5282 σέ.
989 5229 1053 5280 Τί
1086 5231 1194 5298 γὰρ
1235 5229 1576 5298 ἀλογώτερον
1609 5227 1702 5280 τοῦ
1733 5226 1933 5296 χρυσία

351 5316 436 5376 είς
462 5313 622 5365 τοῦτο
655 5314 1106 5374 κατασκευάζειν,
1139 5313 1227 5365 ἵνα
1278 5312 1640 5381 περικέωνται
1673 5313 1731 5362 ἐν
1770 5309 1934 5378 βαλα-

353 5395 519 5458 νείοις
561 5395 710 5468 [266]
743 5397 834 5448 καὶ
859 5397 918 5447 ἐν
942 5398 1204 5465 άγοραῖς;
1249 5396 1390 5447 Ἀλλ’
1417 5397 1475 5446 ἐν
1511 5393 1813 5462 βαλανείοις
1842 5393 1934 5445 καὶ

352 5479 410 5532 ἐν
439 5479 666 5550 ἀγοραῖς
696 5479 845 5533 οὐδὲν
893 5481 1022 5541 ἴσως
1052 5479 1364 5549 θαυμαστόν
1387 5493 1398 5505 ’
1429 5477 1488 5530 τὸ
1533 5475 1590 5528 δὲ
1619 5476 1711 5528 καὶ
1755 5477 1813 5528 ἐν
1840 5479 1932 5528 ὲκ-

416 5691 434 5714 ¹
455 5691 594 5742 Finis
617 5691 830 5740 hominm
858 5691 903 5738 in
931 5689 1070 5742 Co!b.

1032 263 1098 318 IN
1153 264 1368 322 EPIST.
1407 266 1496 321 AD
1535 265 1890 322 ΠΕΒΒᾸΞΟΒ.
1933 266 2081 323 CAP.
2127 267 2238 321 XII.
2284 267 2516 322 HOMIL.
2559 268 2796 323 XXVIII.

3466 275 3571 326 9.οη

2007 383 2207 455 κλησία
2235 385 2380 436 ούτω
2412 385 2889 456 σχηματιζομένην
2926 385 3194 456 προϊέναι,
3235 387 3397 449 πολὺς
3439 388 3468 439 6
3491 388 3578 456 γέ-

2001 466 2128 530 λως.
2152 467 2217 520 Τί
2237 467 2345 537 γάρ
2362 467 2563 536 δήποτε
2583 469 2891 538 εἰσέρχεται
2917 467 3115 539 χρυσία
3134 468 3373 538 φοροῦσα
3390 471 3578 522 ἐνταῦ-

2000 548 2091 614 θα,
2114 551 2146 618 ὴ
2163 550 2452 618 ὀφείλουσα
2475 549 2760 611 εἰσελθεῖν,
2781 551 2866 604 ἵνα
2884 549 3093 623 ἀκούσῃ
3115 554 3337 621 κοσμεῖν
3358 553 3577 614 ἐαυτάς,

2005 631 2080 702 μὴ
2115 632 2325 703 χρυσίῳ
2353 633 2486 703 μηδέ
2523 633 2910 704 μαργαρίταις,
2941 633 3076 704 μηδέ
3108 634 3388 704 ἱματισμῷ
3419 634 3580 687 πολυ-

2000 717 2171 782 τελεῖς
2208 717 2367 778 Τίνος
2396 713 2490 770 οὖν
2538 717 2724 770 ἕνεκεν
2771 718 3018 790 είσέρχῃ,
3059 712 3104 770 ὧ
3135 719 3328 787 γύναι;
3364 714 3474 788 ἀρα
3506 718 3582 781 ὡς

2007 799 2290 868 μαχομένη
2313 801 2389 870 τῷ
2408 799 2629 869 Παύλῳ,
2644 799 2738 852 καλ
2755 800 3076 853 δεικνύουσα
3098 802 3179 854 ὃτι
3203 802 3304 855 κᾶν
3325 801 3582 872 μυριάκις

2003 881 2177 933 ταῦτα
2202 881 2357 952 λέγῃ,
2379 883 2477 935 οὐκ
2503 883 2809 953 ἐπιστρέφῃ
2829 899 2843 946 ;
2867 882 2981 935 ἀλλ’
2997 883 3071 946 ὡς
3090 885 3216 947 τοὺς
3232 885 3582 946 διδασκάλους

2004 965 2152 1033 ἡμᾶς
2172 963 2388 1031 ἐλέγξαι
2416 965 2715 1034 βουλομένη
2744 966 2922 1036 μάτην
2947 966 3120 1018 ταῦτα
3145 967 3579 1037 διαλεγομένουςς

2004 1049 2141 1100 Είπέ
2165 1049 2273 1119 γάρ
2305 1065 2414 1117 μοι,
2457 1049 2554 1102 ἐάν
2598 1065 2682 1110 τις
2719 1048 2916 1117 Ἕλλην
2947 1049 3043 1101 καὶ
3086 1049 3309 1114 ἄπιστος
3347 1051 3582 1112 ἀκούσας

2005 1131 2518 1202 ἀναγινωσκομένου
2570 1130 2664 1184 τοῦ
2718 1132 2917 1201 χωρίου
2979 1131 3204 1198 τούτου,
3267 1133 3394 1186 ἔνθα
3414 1134 3585 1186 ταῦτα

2005 1214 2155 1282 λέγει
2192 1217 2220 1268 6
2254 1216 2524 1286 μακάριος
2554 1215 2786 1279 Παῦλος,
2813 1217 3145 1287 παρεγγυῶν
3175 1220 3292 1278 ταῖς
3345 1217 3585 1284 γυναιξὶ,

2011 1299 2147 1368 μήτε
2199 1297 2410 1368 χρυσῷ,
2476 1299 2613 1369 μήτε
2677 1299 3066 1369 μαργαρίταις,
3115 1302 3250 1370 μήτε
3309 1299 3587 1370 ἱματισμῷ

2011 1381 2296 1434 πολυτελεῖ
2325 1385 2553 1452 κοσμεῖν
2580 1383 2799 1446 ἑαυτάς,
2833 1385 2927 1435 καὶ
2949 1383 3088 1453 ἔχων
3113 1387 3346 1450 γυναῖκα
3365 1383 3584 1454 πιστὴν,

2012 1465 2097 1537 ἴδῃ
2124 1465 2205 1517 ὅτι
2241 1464 2408 1517 πολὺν
2438 1467 2671 1519 ποιεῖται
2719 1465 2876 1533 λόγον
2922 1465 3017 1518 τοῦ
3069 1467 3458 1536 καλλωπισμοῦ
3491 1467 3589 1519 καὶ

2009 1547 2211 1616 χρυσία
2263 1548 2621 1618 περιτίθεται,
2675 1549 2762 1602 ἵνα
2791 1550 3030 1622 προέλθῃ
3070 1551 3127 1602 ἐν
3159 1550 3444 1621 ἐκκλησία,
3481 1546 3591 1620 ἆρα

2010 1631 2109 1682 οὐκ
2134 1631 2252 1700 ἐρεῖ
2276 1630 2412 1700 πρὸς
2440 1632 2656 1692 ἐαυτὸν,
2686 1631 2828 1701 ὀρῶν
2854 1633 3023 1702 αὐτὴν
3069 1634 3126 1686 ἐν
3155 1633 3232 1701 τῷ
3259 1633 3591 1702 κοιτωνίσκῳ

2010 1711 2182 1764 ταῦτα
2200 1713 2621 1783 περιτιθεμένην
2645 1715 2739 1766 καὶ
2759 1714 3091 1768 διατιθεῖσαν
3120 1717 3320 1780 καλῶς,
3346 1716 3410 1768 Τί
3439 1716 3590 1784 μένει

2013 1793 2158 1845 ἔνδον
2194 1796 2227 1862 ἡ
2278 1795 2414 1864 γυνὴ
2452 1797 2533 1858 είς
2563 1796 2655 1849 τὸν
2687 1798 3074 1860 κοιτωνίσκον;
3109 1799 3161 1850 τί
3194 1799 3478 1869 βραδύνεις
3536 1799 3590 1851 τί

2015 1876 2358 1948 περιτίθεται
2415 1879 2740 1951 τά’χρυσία;
2773 1881 2876 1934 ποῦ
2909 1881 3164 1935 ἀπελθεῖν
3191 1884 3333 1953 ἒχει;
3389 1885 3465 1944 είς
3493 1883 3592 1952 τὴν

2015 1959 2344 2027 ἐκκλησίαν;
2373 1961 2463 2014 διὰ
2491 1964 2543 2014 τί
2567 1979 2580 2026 ;
2610 1964 2696 2016 ἵνα
2723 1962 2955 2033 ἀκούσῃ,
2977 1964 3072 2030 Μὴ
3091 1965 3384 2034 ίματισμῷ
3413 1967 3594 2018 nolu-

2017 2046 2212 2110 τελεῖ;
2242 2047 2317 2098 Ού
2346 2045 2671 2112 γελάσεται;
2701 2046 2801 2098 ούκ
2845 2047 3256 2116 ἀνακαγχάσαι
3290 2048 3351 2100 ού
3393 2049 3593 2118 χλεύην

2020 2129 2115 2181 καὶ
2138 2131 2354 2200 ἀπάτην
2374 2125 2512 2180 εἶναι
2547 2130 2728 2196 νομιεῖ
2751 2129 2821 2180 τὰ
2851 2129 3122 2200 ἡμέτερας
3148 2129 3238 2183 Διὸ
3268 2130 3590 2199 παρακαλῶ,

2017 2211 2088 2264 τά
2121 2213 2322 2284 χρυσία
2355 2214 2477 2274 ταῖς
2511 2214 2758 2281 πομπαῖς
2778 2213 3028 2282 ἀφῶμεν,
3057 2217 3179 2278 ταῖς
3213 2217 3596 2284 σκηναῖς,ταῖ;

2021 2296 2327 2366 προθήκαις
2349 2297 2470 2355 ταῖς
2491 2294 2586 2344 ἐπὶ
2615 2294 2724 2346 τῶν
2753 2296 3135 2365 ἐργαστηρίων
3159 2314 3172 2326 ·
3203 2299 3235 2367 ἡ
3262 2297 3316 2350 δέ
3347 2297 3440 2350 τοῦ
3458 2297 3594 2350 θεοῦ

2020 2376 2184 2430 εἰκὼν
2237 2376 2310 2448 μὴ
2360 2376 2573 2438 τούτοις
2631 2377 3160 2450 καλλωπιζέσθωοή
3212 2379 3472 2450 ἐλευθέρα
3528 2383 3594 2449 τῇ

2024 2459 2307 2532 ἐλευθερίᾳ
2355 2459 2696 2528 κοσμείσθω’
2749 2461 3032 2532 ἐλευθερία
3079 2461 3136 2515 δέ
3179 2461 3237 2514 τὸ
3263 2461 3488 2530 ἄτυφον,
3537 2463 3599 2514 τὺ

2023 2541 2398 2610 ἀκόμπαστον.
2421 2540 2482 2593 El
2509 2541 2565 2593 δέ
2594 2542 2689 2594 καλ⁸
2712 2540 2870 2608 δόξης
2896 2542 3074 2610 βούλει
3099 2545 3199 2612 τῆς
3218 2547 3368 2615 παρά
3390 2544 3602 2613 ἀνθρώ-

2025 2641 2142 2677 πων
2162 2626 2466 2694 ἐπιτυχεῖν,
2485 2622 2660 2687 οὖτως
2678 2625 2934 2696 ἐπιτεύξῃ
2963 2627 3074 2694 Τὴν
3098 2627 3168 2694 γά
3177 2644 3207 2696 ρ
3225 2627 3419 2697 ἀνδρὸς
3443 2627 3605 2679 πλου-

2024 2706 2244 2769 τοῦντος
2262 2703 2427 2760 οὖσαν
2444 2709 2678 2775 γυναῖκα
2700 2709 2799 2778 οὐχ
2814 2708 2958 2761 οὕτω
2983 2709 3380 2780 θαυμασόμεθα
3401 2710 3602 2781 χρυσία

2026 2788 2298 2860 φοροῦσαν
2326 2791 2421 2842 καὶ
2449 2790 2851 2860 σηρικά(τοῦτο
2879 2792 2988 2859 γὰρ
3013 2792 3192 2846 κοινὸν
3214 2793 3490 2862 ἀπασῶν),
3524 2793 3601 2855 ὡς

2025 2874 2154 2927 ὅταν
2185 2872 2329 2924 λιτὸν
2378 2872 2592 2941 ἱμάτιον
2625 2874 2720 2925 καὶ
2763 2874 2993 2935 ἁπλοῦν,
3030 2877 3123 2927 καὶ
3145 2876 3203 2942 ἐξ
3235 2875 3383 2945 ἐρίου
3414 2878 3604 2945 είργαο

2029 2956 2224 3024 σμένον
2259 2954 2419 3025 μόνον
2470 2956 2828 3027 περικειμένη
2874 2957 3119 3028 τυγχάνῃ
3147 2971 3161 2984 ’
3194 2957 3351 3011 τοῦτο
3391 2958 3605 3029 θαυμά-

2029 3053 2213 3090 σονται
2266 3038 2490 3102 πάντες,
2535 3037 2692 3090 τοῦτο
2734 3040 3114 3108 κροτησουσιν.
3162 3039 3252 3093 Ἑν
3281 3043 3476 3112 ἐκείνῳ
3504 3044 3603 3111 μὲν

2027 3121 2135 3188 γὰρ
2165 3118 2242 3189 τῷ
2272 3119 2461 3189 κόσμῳ
2490 3118 2569 3190 τῷ
2606 3119 2713 3172 τῶν
2745 3120 2985 3190 χρυσίων
3015 3122 3109 3173 καὶ
3156 3122 3264 3174 τῶν
3296 3121 3603 3175 πολυτελῶν

2031 3204 2285 3274 ἱματίων,
2336 3201 2536 3266 πολλάς
2589 3201 2702 3272 ἔχει
2735 3203 2832 3266 τάς
2877 3205 3239 3268 κοινωνούσας
3272 3205 3442 3276 αύτῇσ
3501 3206 3604 3259 κᾶν

2028 3284 2232 3352 ταύτην
2263 3285 2687 3355 ύπερακοντίσῃ,
2723 3286 2828 3338 ὑπὸ
2853 3286 2954 3354 τῆς
2979 3287 3172 3356 ἐτέρας
3204 3289 3468 3358 ήττᾶται’
3501 3289 3604 3341 κᾶν

2030 3369 2209 3430 πάσας
2241 3367 2636 3440 ὑπερϐάληται,
2667 3369 2772 3422 ὑπὸ
2794 3369 2894 3439 τῆς
2938 3368 3207 3439 βασιλίδος
3237 3371 3404 3440 αὐτῆς
3449 3373 3604 3425 νικά-

2027 3469 2146 3507 ται·
2185 3453 2418 3507 ἐνταῦθα
2445 3453 2502 3506 δέ
2534 3456 2715 3517 πάσας
2741 3457 2887 3526 νικᾷ,
2920 3459 3016 3508 καὶ
3034 3455 3201 3527 αὐτὴν
3221 3457 3317 3526 τὴν
3334 3458 3424 3509 τοῦ
3454 3456 3604 3526 βασι-

2028 3539 2166 3601 λέως
2223 3541 2482 3606 γυναῖκα⁶
2520 3539 2657 3608 μόνη
2690 3538 2797 3608 γάρ
2823 3542 2880 3591 ὲν
2911 3539 3128 3609 πλούτῳ
3179 3539 3360 3610 πολλῷ
3397 3539 3464 3593 τά
3498 3541 3604 3591 τῶν

2031 3621 2182 3694 [207]
2219 3623 2468 3691 πενήτων
2523 3623 2716 3677 εἵλετο.
2742 3624 2905 3676 Ὥστε
2961 3625 3054 3677 καὶ
3087 3625 3135 3676 εί
3169 3624 3326 3692 δόξης
3366 3624 3602 3694 ἐρῶμεν,

2029 3704 2265 3757 ἐνταῦθα
2293 3703 2494 3774 μείζων
2527 3705 2725 3774 ήδόξα.
2755 3706 2831 3758 Οὐ
2855 3705 2993 3775 πρὸς
3016 3707 3114 3768 τάς
3141 3707 3316 3775 χήρας
3335 3705 3477 3774 λέγω
3513 3709 3608 3776 μό-

2028 3803 2141 3848 νον,
2179 3787 2274 3839 καὶ
2324 3787 2424 3847 τὰς
2467 3786 2762 3849 πλουσίας’
2817 3787 3053 3841 ἐνταῦθα
3100 3789 3208 3857 γὰρ
3253 3788 3461 3860 δοκεῖὴ
3505 3790 3605 3858 τῆς

2031 3869 2260 3940 χηρείας
2311 3869 2528 3940 ἀνάγκη
2583 3868 2742 3922 τοῦτο
2790 3874 2996 3924 ποιεῖν·
3051 3871 3188 3925 ἀλλά
3217 3871 3312 3925 καὶ
3346 3873 3481 3942 πρὸς
3507 3874 3606 3934 τὰς

2033 3952 2344 4023 ὑπάνδρους
2374 3951 2560 4014 οὔσας.
2587 3951 2729 4004 Ἀλλ’
2752 3953 2850 4006 οὺκ
2872 3953 3110 4024 ἀρέσκω,
3149 3955 3304 4024 φησὶ,
3329 3953 3408 4024 τῷ
3428 3955 3602 4025 ἀνδρί.

2035 4036 2111 4088 Ού
2147 4035 2223 4104 τῷ
2249 4034 2405 4105 ἀνδρὶ⁹
2456 4035 2632 4105 βούλει
2665 4035 2945 4106 ἀρέσκειν,
2977 4036 3113 4090 ἀλλὰ
3143 4036 3219 4108 τῷ
3256 4037 3451 4109 πλήθει
3498 4038 3606 4091 τῶν

2034 4117 2308 4188 γυναικῶν
2356 4118 2465 4171 τῶν
2517 4119 2823 4188 πενιχρῶψ
2857 4119 3059 4190 μᾶλλον
3109 4120 3165 4174 δέ
3200 4121 3300 4174 οὐκ
3328 4124 3603 4192 ἀρέσκειν,

2033 4203 2171 4257 ἀλλά
2203 4205 2535 4272 κατατήκειν
2561 4203 2732 4266 αὑτάς
2761 4203 2855 4257 καὶ
2902 4203 3118 4276 ὀδυνᾷν,
3154 4204 3250 4256 καὶ
3275 4206 3372 4271 τὴν
3417 4204 3606 4257 πενίαν

2037 4285 2259 4356 μείζονα
2291 4288 2483 4340 ποιεῖν.
2519 4287 2671 4340 Πόσα
2696 4285 2787 4339 διά
2815 4289 2874 4339 σέ
2900 4287 3198 4356 βλάσφημα
3243 4286 3604 4355 φθέγγονταις

2034 4371 2126 4440 Μὴ
2154 4370 2317 4431 ἔστω,
2336 4371 2664 4439 φησὶ,πενία
2683 4387 2696 4401 ο
2723 4371 2752 4423 6
2771 4369 2904 4432 Θεὸς
2933 4373 3083 4441 μισεῖ
3100 4371 3228 4432 τοὺς
3253 4370 3603 4440 πενομένους,

2035 4457 2063 4508 6
2093 4455 2226 4517 Θεὸς
2256 4455 2317 4507 οὐ
2355 4453 2499 4522 φιλεῖ
2525 4455 2648 4517 τοὺς
2681 4454 2739 4506 ἐν
2773 4455 2954 4524 πενίᾳ.
2972 4457 3092 4509 Ὅτι
3119 4454 3228 4524 γάρ
3251 4455 3312 4507 οὐ
3347 4453 3425 4523 τῷ
3452 4454 3608 4523 ἀνδρὶ

2039 4538 2218 4608 βούλει
2241 4538 2517 4608 ἀρέσκειν,
2543 4538 2636 4592 καὶ
2665 4536 2869 4608 ταύτης
2898 4538 3083 4592 ἕνεκεν
3114 4540 3214 4608 τῆς
3261 4535 3441 4600 αἰτίας
3476 4535 3606 4589 καλ-

2037 4620 2266 4693 λωπίζῃ,
2285 4619 2344 4686 ἐξ
2364 4615 2438 4674 ὧν
2451 4620 2587 4691 αὐτὴ
2605 4621 2777 4685 ποιεῖς
2792 4621 2948 4675 τοῦτο
2961 4621 3120 4693 δῆλον
3138 4623 3307 4674 ἅπασι
3325 4619 3605 4689 καθιστᾷς.

2038 4704 2205 4758 Ὅταν
2232 4706 2340 4776 γάρ
2375 4706 2619 4777 ὑπερϐῇς
2647 4706 2736 4760 τὸν
2766 4707 2919 4759 ούδὸν
2950 4707 3045 4758 τοῦ
3089 4704 3358 4771 θαλάμου,
3405 4703 3608 4764 εύθέως

2037 4787 2255 4841 ἅπαντα
2281 4788 2534 4858 άποτίθῃ,
2566 4789 2661 4841 καὶ
2689 4789 2756 4841 τά
2806 4789 3018 4858 ἱμάτια,
3048 4788 3142 4839 καὶ
3174 4785 3242 4838 τά
3270 4785 3484 4855 χρυσία,
3514 4787 3608 4840 καὶ⁵

2037 4871 2162 4933 τοὺς
2195 4871 2569 4940 μαργαρίτας·
2604 4872 2695 4924 καὶ
2720 4871 2812 4924 ἐπὶ
2841 4871 2938 4939 τῆς
2959 4870 3136 4931 οἰκίας
3175 4869 3410 4938 μάλιστα
3432 4869 3492 4922 ού
3515 4887 3611 4938 φο⁴

2041 4955 2171 5023 ρεῖς.
2207 4954 2268 5004 Εἰ
2296 4952 2352 5004 δέ
2378 4953 2514 5014 ὅλως
2557 4952 2737 5020 βούλει
2769 4953 3028 5024 ἀρέσκειν
3055 4952 3132 5022 τῷ
3175 4952 3348 5022 ἀνδρὶ,
3391 4952 3505 5005 ἔστι
3539 4952 3606 5006 δι’

2035 5030 2110 5087 ὢν
2143 5036 2418 5104 ἀρέσκεις,
2451 5035 2518 5087 δι’
2554 5036 2876 5099 ἐπιεικείας,
2925 5034 3012 5088 διά
3045 5035 3365 5106 πραότητος,
3401 5034 3489 5087 διά
3517 5052 3608 5086 κο-

2042 5117 2355 5188 σμιότητος.
2384 5117 2616 5171 Πίστευε
2650 5117 2760 5188 γάρ
2793 5134 2903 5187 μοι,
2933 5116 3117 5185 γύναι,
3150 5116 3254 5169 κᾶν
3286 5118 3545 5187 μυριάκις

2039 5200 2368 5271 κατωφερὴς
2389 5202 2416 5254 6
2438 5200 2538 5268 ἀνη
2549 5217 2578 5271 ρ
2610 5201 2704 5252 καὶ
2729 5201 2994 5272 ἀκρατὴς,
3025 5199 3197 5253 ταῦτα
3232 5200 3432 5270 μᾶλλον
3450 5199 3612 5251 αὐτὸν

2039 5285 2415 5353 ἐφελκύσεται,
2466 5284 2760 5348 ἐπιείκεια,
2809 5285 3124 5356 κοσμιότης,
3180 5284 3242 5337 τὸ
3297 5284 3519 5352 ἄτυφον,
3554 5283 3613 5335 τὸ

2039 5369 2332 5430 ἀδάπανον,
2371 5367 2432 5420 τὸ
2462 5367 2698 5431 εὐτελές.
2731 5369 2834 5422 Τὸν
2869 5369 2969 5436 μὲν
2995 5369 3103 5439 γάρ
3139 5367 3456 5428 ἀκόλαστον,
3510 5366 3612 5420 κᾶν

2043 5451 2212 5522 μυρία
2247 5449 2475 5504 τοιαῦτα
2505 5453 2747 5522 ἐπινοῇς,
2783 5453 2841 5506 ού
2870 5451 3119 5515 καθέξεις
3140 5467 3152 5478 ·
3184 5450 3278 5502 καὶ
3300 5449 3476 5502 ἴσασιν
3491 5449 3614 5502 ὅσαι

2039 5536 2312 5596 τοιούτους
2333 5535 2631 5604 ἐσχήκασιν
2654 5536 2850 5607 ἄνδρας
2867 5552 2880 5565 ο
2909 5535 2984 5597 ὡς
3013 5535 3121 5605 γὰρ
3149 5533 3242 5586 ἐὰν
3265 5531 3614 5604 καλλωπίσῃς

2046 5615 2268 5685 σαυτὴν,
2319 5617 2528 5680 ἐκεῖνος
2563 5620 2859 5684 ἀκόλαστος
2889 5619 2962 5673 ὣν
2996 5620 3128 5690 πρὸς
3172 5618 3363 5687 ἑτέραν
3393 5616 3576 5668 ἄπεισι
3598 5634 3614 5648 θ

2049 5699 2140 5752 τίεν
2161 5700 2215 5753 δὲ
2241 5701 2494 5773 σώφρονα
2518 5703 2610 5756 καί
2636 5704 2862 5776 κόσμιον
2878 5703 2939 5758 ού
2957 5703 3162 5766 τούτοις
3182 5702 3236 5754 αἱ
3246 5701 3455 5774 μήπως,
3480 5699 3615 5751 ἀλλᾶ
