4080 6198
492 321 597 379 9.θί

498 447 608 508 τοῖς
639 443 901 506 ἐναντίοις
926 456 937 470 ’
968 441 1026 496 ἐν
1047 439 1257 504 τούτοις
1277 440 1331 493 δέ
1355 440 1448 495 καί
1474 440 1686 502 λυπεῖς,
1730 439 1900 508 σαυτῇ
1922 435 2078 498 δόξαν

498 528 839 601 περιτιθεῖσα
892 526 1247 596 φιλοκόσμου.
1299 525 1360 577 Εί
1412 524 1522 595 γάρ
1566 523 1659 576 καὶ
1706 519 2080 588 αἰδούμενοςὸ

497 615 660 684 ἀνὴρ,
708 612 806 665 καὶ
835 609 992 664 τοῦτο
1025 607 1099 672 ὡς
1151 606 1384 678 σώφρων
1416 607 1478 661 ού
1508 606 1681 676 λέγει,
1725 603 1839 659 ἀλλ’
1867 601 2080 655 ἔνδοθεν

498 692 918 764 καταγνώσεταί
939 707 1054 744 σουο
1075 691 1200 754 τοὺς
1227 689 1282 742 δὲ
1301 689 1531 759 φθόνους
1560 688 1766 749 καὶτὰς
1784 685 2080 756 βασκανίας

497 781 559 833 ού
587 777 1012 850 περιστελεῖται.
1047 774 1120 827 Ού
1152 775 1334 827 πᾶσαν
1359 772 1554 844 ἡδονὴν
1587 770 1840 832 ἐκϐαλεῖς
1868 769 2078 831 λοιπὸν,

499 865 693 935 φθόνον
727 861 1016 930 ἐγείρουσα
1045 857 1189 911 κατά
1224 860 1455 927 σαυτῆςς

567 947 632 1012 ζ’.
660 945 813 1015 Τάχα
839 942 1114 1013 δυσχερῶς
1127 940 1354 994 ἀκούετε
1372 939 1478 992 τῶν
1491 937 1820 1009 λεγομένων,
1845 935 1938 988 καὶ
1954 934 2082 1001 ἀγα-

499 1031 746 1084 νακτεῖτε
778 1027 1057 1094 λέγουσαι,
1079 1027 1161 1078 ὅτι
1191 1025 1317 1087 τοὺς
1338 1023 1536 1092 ἄνδρας
1561 1020 1853 1092 παροξύνει
1883 1017 2081 1089 μᾶλλον

499 1113 641 1166 κατά
670 1111 778 1163 τῶν
807 1107 1103 1178 γυναικῶν.
1134 1107 1210 1159 Ού
1240 1106 1364 1167 τοὺς
1382 1104 1580 1177 ἄνδρας
1607 1101 1930 1173 παροξύνων
1952 1099 2084 1152 ταῦ-

497 1214 568 1250 τα
603 1195 766 1262 λέγω,
792 1193 930 1245 ἀλλά
963 1191 1091 1260 παρ’
1125 1189 1281 1258 ὑμῶν
1343 1187 1670 1258 βουλόμενος
1698 1185 1880 1238 ἑκοντὶ
1912 1182 2083 1236 ταῦτα

498 1278 768 1348 γίνεσθαι,
791 1275 860 1328 δι’
895 1275 1063 1345 ὑμᾶς,
1098 1273 1159 1326 ού
1182 1271 1249 1324 δι’
1277 1270 1521 1333 ἐκείνους
1552 1285 1564 1296 ·
1598 1269 1696 1338 οὐχ
1726 1268 1812 1321 ἴνα
1841 1267 2083 1328 ἐκείνους

497 1361 793 1426 ἀπαλλάξω
823 1357 1046 1428 φθόνου,
1075 1353 1190 1408 ἀλλ’
1225 1353 1309 1406 ἵνα
1356 1353 1500 1422 ὑμᾶς
1538 1348 1835 1414 ἀπαλλάξω
1878 1365 2084 1417 φαντα-

502 1446 623 1507 σίας
647 1442 929 1513 βιωτικῆς.
990 1437 1186 1491 Βούλει
1231 1436 1464 1505 φανῆναι
1512 1434 1688 1503 καλή;
1718 1431 1875 1501 κάγὼ
1925 1429 2084 1484 τοῦτο

505 1526 654 1600 [268]
689 1525 973 1597 βούλομαι,
1017 1521 1155 1576 ἀλλὰ
1184 1519 1380 1583 κάλλος
1403 1518 1430 1572 ὃ
1451 1519 1478 1570 6
1494 1517 1626 1580 Θεὸς
1645 1516 1819 1587 ζητεῖ,
1838 1515 2038 1600 κάλλος
2057 1513 2084 1565 ὃ

501 1595 760 1678 ἐπιθῦμεί
779 1605 1098 1678 ὁβασιλεύς.
1144 1604 1281 1658 Τίνα
1323 1600 1503 1672 βούλει
1537 1598 1967 1671 σχεῖν-ἐραστὴν,
1994 1595 2084 1649 τὸν

502 1693 636 1748 Θεὸν
663 1693 698 1763 ἢ
727 1691 823 1744 ἀνθ
835 1689 1048 1762 ρώπους
1075 1707 1091 1756 ;
1124 1688 1249 1741 Ἐάν
1266 1689 1443 1740 ἐκεῖνο
1459 1683 1525 1758 ᾖς
1553 1685 1615 1738 τὸ
1650 1684 1846 1747 κάλλος
1875 1682 2034 1753 καλὴ,
2058 1683 2087 1734 6

502 1779 637 1841 Θεὸς
664 1774 1003 1845 ἐπιθυμήσει
1019 1772 1114 1825 τοῦ
1149 1771 1382 1832 κάλλους
1411 1787 1505 1823 σου
1530 1787 1545 1802 ο
1567 1770 1632 1822 ἂν
1658 1769 1716 1822 δὲ
1741 1767 1900 1821 τοῦτο
1919 1767 2086 1837 χωρὶς

504 1861 739 1925 ἐκείνου,
776 1859 984 1920 ἐκεῖνος
1020 1855 1122 1926 μέν
1159 1872 1219 1907 σε
1255 1853 1570 1924 βδελύξεται
1595 1892 1610 1918 ,
1669 1852 1883 1904 ἔσονται
1911 1850 1967 1903 δέ
1995 1867 2087 1902 σου

505 1943 731 2017 ἐρασταὶ
750 1942 944 2014 ἀνδρες
970 1937 1156 2010 μιαροί
1176 1955 1190 1967 ·
1216 1937 1392 2002 οὐδεὶς
1409 1937 1518 2006 γάρ
1537 1935 1808 2006 ύπάνδρου
1834 1933 2091 2004 γυναικὸς

506 2028 648 2100 ἐρῶν
676 2024 902 2097 ἀγαθός.
932 2022 1104 2076 Τοῦτο
1134 2022 1228 2076 καὶ
1258 2022 1352 2074 ἐπὶ
1384 2021 1478 2074 τοῦ
1509 2021 1718 2090 κόσμου
1759 2018 1856 2073 τοῦ
1891 2017 2090 2083 ἔξωθεν

505 2112 746 2182 λογίζου.
784 2107 1028 2170 Ἐκεῖνος
1059 2105 1157 2175 μὲν
1191 2105 1300 2176 γάρ
1325 2106 1352 2158 6
1384 2105 1655 2174 κόσμος,ὀ
1679 2106 1780 2174 τῆς
1812 2102 1990 2174 ψυχῆς
2005 2101 2092 2155 λέ-

506 2212 611 2264 γω,
643 2193 734 2246 τὸν
756 2190 889 2245 θεὸν
915 2188 1220 2242 ἐπισπᾶται
1238 2203 1250 2216 ⁸
1275 2182 1431 2250 οὗτος
1451 2187 1508 2240 δὲ
1535 2186 1698 2241 πάλιν
1718 2188 1843 2250 τοὺς
1861 2184 2092 2256 μιαροὺς

507 2279 728 2349 ἄνδρας.
773 2275 936 2346 Ὁρᾷς
977 2273 1060 2326 ὃτι
1105 2270 1260 2342 ὑμῶν
1310 2271 1572 2342 κήδομαι,
1607 2271 1690 2323 ὅτι
1720 2270 1875 2340 ὑμῶν
1929 2287 2092 2340 φρον-

508 2361 665 2425 τίζω,
705 2359 791 2412 ἵνα
817 2357 983 2410 καλαὶ
1021 2350 1143 2424 ἦτε,
1178 2355 1348 2417 ὅντως
1402 2354 1589 2419 καλαὶ,
1624 2354 1792 2418 ὅντως
1837 2352 2090 2419 ἐπίδοξοι,

513 2447 603 2500 ἵνα
636 2444 758 2498 ἀντὶ
777 2441 987 2511 ἀνδρῶν
1013 2439 1228 2511 μιαρῶν
1249 2439 1342 2492 τὸν
1371 2438 1629 2491 ἀπάντων
1660 2437 1936 2506 Δεσπότην
1962 2436 2093 2488 Θεὸν

508 2530 674 2599 ἔχητε
699 2526 976 2596 ἐραστήν;
1023 2525 1086 2576 'H
1113 2522 1171 2576 δέ
1194 2524 1402 2575 ἐκεῖνον
1445 2521 1646 2591 ἔχουσα
1697 2518 1954 2592 ἐραστὴν,
1987 2517 2094 2570 τίνι

510 2613 666 2664 ἐσται
717 2608 916 2678 ὁμοία;
957 2606 1096 2678 μετά
1140 2605 1391 2674 ἀγγέλων
1429 2603 1662 2676 χορεύει.
1693 2604 1755 2655 Εἰ
1789 2602 1896 2671 γὰρ
1943 2600 2096 2672 παρά

514 2694 785 2765 βασιλέως
810 2691 1115 2762 φιλουμένη
1143 2707 1228 2754 τις
1255 2690 1394 2760 ύπέρ
1426 2690 1635 2752 πάντας
1679 2687 2041 2758 μακαρίςεται
2075 2700 2089 2717 ο

510 2785 545 2852 ή
587 2778 742 2848 παρά
770 2776 865 2830 τοῦ
905 2776 1041 2830 Θεοῦ
1074 2773 1376 2844 φιλουμένη
1437 2772 1620 2842 φιλίαν
1672 2770 1894 2842 πολλὴν,
1952 2769 2096 2833 τίνος

513 2851 852 2928 ἐσταιάξία;
891 2859 993 2912 κᾶν
1022 2859 1122 2930 τὴν
1161 2855 1492 2927 οἰκουμένην
1527 2855 1882 2926 ἀντιστήσης,
1944 2851 2095 2906 ούδέν

511 2945 605 2999 τοῦ
632 2944 863 3006 κάλλους
889 2942 1108 3012 ἐκείνου
1131 2940 1300 3004 ἀξιον.
1340 2938 1512 2991 Τοῦτο
1538 2938 1718 2992 τοίνυν
1765 2937 2096 3007 ἀσκήσωμεν

513 3029 576 3083 τὸ
601 3028 816 3094 κάλλος,
851 3025 1027 3096 τούτῳ
1061 3022 1398 3095 κοσμώμεθα
1413 3022 1489 3092 τῷ
1511 3021 1722 3092 κόσμῳ,
1757 3020 1845 3075 ἵνα
1873 3023 1952 3084 είς
1968 3022 2094 3085 τοὺς

514 3111 779 3182 οὐρανοὺς
801 3112 1166 3180 χωρήσωμεν,
1195 3107 1275 3172 εἰς
1298 3105 1398 3168 τάς
1424 3105 1704 3169 παστάδας
1729 3109 1831 3168 τὰς
1847 3121 2095 3175 πνευμα-

515 3198 694 3259 τικὰς,
716 3197 796 3257 εἰς
817 3193 910 3246 τὸν
936 3192 1204 3263 νυμφῶνα
1234 3191 1326 3245 τὸν
1358 3192 1654 3260 ἀκήρατον.
1687 3187 1859 3241 Τοῦτο
1873 3188 1972 3259 μὲν
1988 3187 2097 3259 γὰρ

516 3283 577 3334 τὸ
612 3279 807 3342 κάλλος
834 3277 940 3331 ὑπὸ
972 3277 1191 3329 πάντων
1233 3274 1543 3336 ἁλίσκεται,
1584 3273 1678 3325 καί
1725 3272 1854 3324 ὅταν
1913 3288 2097 3342 παρα-

520 3365 680 3436 μείνῃ
704 3362 904 3426 καλῶς,
929 3361 1024 3414 καὶ
1052 3360 1191 3429 μήτε
1216 3357 1368 3420 νόσος
1389 3356 1660 3428 ἐνοχλήσῃ
1687 3356 1824 3425 μήτε
1849 3355 2094 3427 φροντὶς,

495 3449 656 3519 ,ὅπερ
684 3445 968 3506 ἀδύνατον,
1003 3443 1064 3494 ού
1095 3441 1404 3512 παραμένει
1431 3440 1637 3492 εἴκοσιν
1670 3437 1764 3508 ἐτη
1788 3455 1801 3468 ο
1835 3439 2013 3490 ἐκεῖνο
2043 3437 2098 3490 δὲ

518 3535 606 3586 ἀεὶ
635 3530 805 3595 ἀνθεῖ,
841 3529 928 3582 ἀεὶ
959 3523 1199 3596 ἀκμάζει
1221 3539 1238 3556 ο
1272 3525 1374 3576 οὐκ
1403 3523 1551 3577 ἐστιν
1575 3524 1693 3575 ἐκεῖ
1712 3521 1888 3576 δεῖσαι
1929 3539 2097 3593 μετα-

517 3617 704 3685 ϐολὴν,
735 3613 796 3665 ού
828 3611 1009 3681 γῆρας
1052 3606 1278 3661 ἐπελθὸν
1329 3607 1523 3676 ῥυτίδα
1582 3607 1814 3677 ἢγαγεν,
1847 3607 1909 3659 ού
1944 3607 2100 3670 νόσος

520 3695 925 3766 κατασκήψασα
952 3693 1249 3765 ἐμάρανεν,
1271 3691 1373 3744 οὑκ
1403 3690 1645 3762 ἀθυμίας
1695 3690 1918 3761 φροντὶς
1972 3688 2100 3741 ἐλυ-

521 3787 750 3854 μήνατο,
784 3779 921 3833 ἀλλά
941 3779 1160 3833 πάντων
1191 3775 1398 3831 τούτων
1420 3776 1570 3829 ἐστὶν
1601 3773 1898 3844 ἀνώτερον.
1928 3771 2101 3824 Τοῦτο

519 3870 578 3922 δὲ
623 3867 815 3938 πρὶνῆ
853 3865 1113 3936 φανῆναι,
1166 3863 1415 3933 ἀπέστη,
1464 3861 1561 3914 καὶ
1610 3860 1780 3930 φανὲν
1828 3859 1928 3912 οὐκ
1985 3857 2100 3928 ἔχει

522 3953 752 4015 πολλοὺς
786 3952 914 4014 τοὺς
937 3949 1282 4020 θαυμαστάς.
1301 3950 1364 4000 υἱ
1394 3947 1494 4019 μὲν
1515 3945 1624 4017 γάρ
1651 3945 1870 4014 κόσμιοι
1894 3943 1953 3996 ού
1969 3941 2103 3995 θαυ-

526 4037 812 4107 μάζουσιν,
837 4035 885 4084 οἱ
905 4033 961 4085 δὲ
994 4032 1401 4101 θαυμάζοντες,
1431 4031 1570 4101 μετά
1621 4026 1910 4096 ἀσελγείας
1972 4026 2104 4078 θαυ-

528 4117 782 4187 μάζουσι.
823 4113 915 4182 Μὴ
945 4114 1124 4165 τοίνυν
1174 4111 1331 4166 τοῦτο
1377 4112 1659 4180 ἀσκῶμεν,
1709 4111 1825 4164 ἀλλ’
1885 4111 2096 4163 ἐκεῖνοο

525 4197 734 4252 ἐκείνου
763 4193 1037 4265 ἐχώμεθα,
1061 4197 1147 4246 ἵνα
1175 4195 1316 4262 μετά
1347 4194 1646 4263 λαμπάδων
1667 4191 1910 4264 φαιδρῶν
1933 4191 2100 4244 ἀπέλ-

525 4282 710 4350 θωμεν
733 4279 811 4340 εἰς
840 4277 932 4331 τὸν
949 4276 1231 4347 νυμφῶνα.
1256 4276 1331 4328 Οὐ
1357 4275 1466 4346 γὰρ
1491 4279 1616 4338 ταῖς
1631 4275 1924 4346 παρθένοις
1943 4274 2100 4328 τοῦτο

524 4363 860 4436 ἐπήγγελται
890 4362 1069 4433 μόνον,
1102 4359 1240 4415 ἀλλά
1266 4362 1386 4423 ταῖς
1403 4360 1606 4430 ψυχαῖς
1627 4361 1746 4423 ταῖς
1773 4359 2065 4431 παρθένοις
2085 4375 2100 4390 ·

527 4451 670 4512 ἐπεὶ,
704 4449 754 4500 εἰ
793 4447 1078 4518 παρθένων
1111 4442 1180 4518 ἦν
1212 4445 1400 4509 ἁπλῶς
1429 4443 1610 4509 τοῦτο,
1642 4444 1741 4497 οὐκ
1762 4443 1829 4498 ἂν
1857 4445 1913 4498 αἱ
1938 4443 2104 4497 πέντε

527 4531 993 4601 ἀπεκλείσθησαν.
1033 4529 1234 4584 Πασῶν
1279 4529 1458 4583 τοίνυν
1485 4529 1605 4582 ἐστὶ
1636 4529 1796 4583 τοῦτο
1831 4528 1954 4582 ὅσαι
2003 4527 2105 4600 τὴν

527 4617 703 4687 ψυχήν
729 4616 834 4668 εἰσι
871 4613 1158 4685 παρθένοι,
1182 4615 1305 4670 ὅσαι
1332 4613 1441 4668 τῶν
1467 4612 1756 4684 νοημάτων
1780 4613 1886 4666 τῶν
1923 4612 2106 4683 βιωτι-

525 4699 638 4754 κῶν
663 4701 797 4754 εἰσιν
820 4699 1245 4772 ἀπηλλαγμέναι
1266 4716 1280 4733 ο
1316 4699 1600 4770 φθείρουσι
1633 4698 1742 4770 γάρ
1797 4699 1894 4762 τὰς
1924 4696 2103 4768 ψυχὰς

1179 317 1237 373 S.
1281 310 1566 373 JOANNIS
1607 309 2099 370 CHRYSOSTOMI
2140 307 2467 367 ARCIHEP.
2515 306 3063 365 CONSTANTINOP.

3652 309 3757 364 9.09.

2185 432 2356 507 [⁸269]
2418 434 2490 488 τὰ
2548 436 2796 505 νοήματα
2837 433 3029 487 ταῦτα.
3091 431 3216 486 Ἑάν
3265 430 3443 485 τοίνυν
3509 431 3760 503 ἀκέραιοι

2187 520 2440 590 μένωμεν
2463 559 2478 584 ,
2511 519 2928 590 ἀπελευσόμεθα
2971 520 3087 571 ἐκεῖ
3121 517 3214 570 καὶ
3242 515 3642 586 δεχθησόμεθα.

2267 603 2648 672 Ἡρμοσάμην
2675 603 2782 673 γὰρ
2814 602 2989 670 ὑμᾶς,
3015 601 3200 671 φησὶν,
3226 600 3315 652 ἐνὶ
3337 599 3531 668 ἀνδρὶ,
3550 598 3763 666 παρθέ-

2184 702 2296 740 νον
2319 685 2514 755 ἁγνὴν
2525 684 2911 754 παραστῆσαι
2930 683 3007 750 τῷ
3022 682 3272 751 Χριστῷ.
3329 681 3513 736 Ταῦτα
3537 682 3598 734 οὐ
3626 681 3762 750 πρὸς

2183 768 2284 832 τὰς
2303 769 2606 840 παρθένους
2625 765 2800 828 εἶπεν,
2831 768 2964 822 ἀλλά
2995 767 3132 839 πρὸς
3153 767 3213 820 τὸ
3235 765 3510 836 πλήρωμα
3549 765 3647 833 τῆς
3664 766 3761 816 ἐκ-

2185 853 2410 920 κλησίας
2423 853 2661 923 ἀπάσης.
2681 853 2744 905 Ἠ
2760 853 2870 922 γάρ
2887 852 3122 922 ἀφθορος
3142 849 3320 920 ψυχὴν
3333 848 3603 919 παρθένος
3619 848 3758 912 ἐστὶ,

2185 939 2292 992 κᾶν
2314 938 2483 1008 ἄνδρα
2503 937 2603 1008 ἔχῃ
2633 953 2645 965 ·
2671 938 2938 1008 παρθένος
2965 938 3082 989 ἐστί
3097 936 3193 1007 τὴν
3223 934 3392 997 ὅντως
3438 931 3759 1006 παρθενίαν,

2185 1022 2282 1092 τὴν
2336 1021 2658 1092 θαυμαστήν
2691 1039 2704 1052 ο
2731 1021 2868 1094 αῦτη
2917 1021 3079 1090 γάρή
3107 1019 3202 1072 τοῦ
3253 1017 3504 1088 σώματος
3548 1016 3763 1086 ἐκείνης

2188 1106 2336 1160 ἐστὶν
2379 1105 2803 1176 ἐπακολούθημα
2857 1107 2949 1158 καὶ
2977 1105 3124 1168 σκιά,
3149 1106 3181 1174 ἡ
3208 1104 3265 1157 δέ
3295 1102 3500 1174 ἀληθὴς
3559 1101 3764 1171 παρθε-

2187 1187 2274 1242 νία
2305 1189 2488 1259 ἐκείνη
2543 1189 2682 1243 ἐστί.
2735 1189 2954 1260 Ταύτην
3013 1187 3292 1258 ἀσκῶμεν.
3350 1186 3449 1239 καὶ
3490 1186 3632 1238 οὕτω
3669 1185 3762 1237 δυ-

2186 1271 2466 1342 νησόμεθα
2535 1272 2674 1342 μετά
2731 1271 2957 1342 φαιδροῦ
3020 1269 3312 1342 προσώπου
3363 1270 3456 1322 τὸν
3525 1269 3761 1339 νυμφίον

2191 1355 2317 1409 ἰδεῖν
2346 1395 2362 1420 ,
2419 1357 2559 1427 μετά
2628 1356 2868 1427 φαιδρῶν
2927 1355 3193 1409 εἰσελθεῖν
3256 1353 3365 1406 τῶν
3421 1353 3760 1424 λαμπάδων.

2187 1439 2283 1493 ἐάν
2317 1439 2378 1492 τὸ
2434 1439 2610 1493 ἔλαιον
2668 1442 2816 1510 ἡμᾶς
2879 1439 2954 1510 μὴ
3005 1440 3252 1509 ἐπιλίπῃ,
3286 1437 3382 1490 ἐὰν
3445 1437 3515 1490 τὰ
3562 1437 3764 1507 χρυσία

2188 1523 2532 1592 χωνεύσασαι
2591 1523 2772 1576 ἔλαιον
2831 1522 3201 1594 ἐργασώμεθα
3257 1521 3521 1584 τοιοῦτον,
3552 1521 3580 1572 6
3617 1521 3763 1572 ποιεῖ

2189 1605 2420 1676 φαιδρᾶς
2462 1607 2559 1670 τὰς
2614 1605 2902 1676 λαμπάδας
2945 1621 2957 1634 ·
2990 1603 3051 1656 τὸ
3079 1604 3136 1658 δέ
3160 1604 3338 1658 ἔλαιον
3393 1603 3570 1656 ἐκεῖνό
3616 1604 3765 1655 ἐστιν

2189 1691 2222 1759 ή
2252 1689 2654 1760 φιλανθρωπία.
2673 1688 2799 1742 Ἐὰν
2825 1689 3034 1759 ἑτέροις
3067 1687 3388 1758 μεταδῶμεν
3409 1686 3477 1740 τὰ
3501 1686 3650 1748 ὄντα,
3669 1686 3766 1737 ἐὰν

2187 1773 2368 1826 ἔλαιον
2392 1774 2531 1827 αὑτά
2569 1772 2957 1844 ἐργασώμεθά,
2992 1772 3116 1824 τότε
3147 1771 3307 1841 ήμῶν
3363 1771 3761 1840 προστήσεται,

2188 1859 2280 1910 καί
2295 1858 2393 1910 ούκ
2408 1858 2532 1930 ἐροῦ
2542 1876 2640 1928 μεν
2661 1859 2718 1910 ἐν
2737 1858 2933 1927 ἐκείνῳ
2945 1855 3022 1926 τῷ
3035 1854 3229 1926 καιρῷ,
3251 1854 3392 1907 Δότε
3404 1853 3547 1922 ἡμῖν
3557 1853 3766 1906 ἔλαιον

2189 1941 2279 1995 ὅτι
2323 1943 2687 1997 σϐέννυνται
2727 1941 2898 2011 ἡμῶν
2913 1941 2972 1994 al
3011 1937 3344 2006 λαμπάδες,
3382 1938 3504 1991 ούδέ
3560 1936 3766 2006 ἐτέρων

2188 2025 2590 2096 δεηθησόμεθα,
2619 2025 2738 2078 ούδέ
2769 2021 3103 2078 ἀπελθοῦσαι
3131 2021 3268 2092 πρὸς
3282 2022 3409 2084 τοῦς
3426 2018 3762 2083 πωλοῦντας,

2191 2109 2743 2181 ἀποκλεισθησόμεθα
2774 2148 2788 2172 ,
2842 2106 2962 2161 ούδέ
3005 2105 3357 2176 ἀκουσόμεθα
3413 2105 3512 2175 τῆς
3579 2105 3768 2174 φωνῆς

2190 2193 2406 2264 ἐκείνης
2424 2193 2522 2262 τῆς
2540 2192 2777 2262 φοϐερᾶς
2807 2190 3169 2260 καὶφρικτῆς,
3204 2188 3498 2259 κρούουσαι
3556 2188 3654 2248 τὰς
3668 2187 3771 2240 θύ-

2194 2295 2291 2348 ρας
2311 2294 2324 2307 ο
2357 2278 2479 2330 Οὐκ
2497 2271 2628 2330 οῖδα
2648 2274 2803 2344 ὑμᾶς
2822 2291 2836 2306 ·
2864 2274 2978 2327 ἀλλ’
3010 2273 3378 2342 ἐπιγνώσεται
3434 2273 3601 2342 ἡμᾶς,
3671 2271 3771 2324 καὶ

2194 2358 2714 2430 συνεισελευσόμεθα
2736 2357 2815 2428 τῷ
2833 2357 3072 2428 νυμφίῳ,
3100 2357 3195 2410 καὶ
3214 2355 3550 2418 εἰσελθόντες
3579 2357 3656 2417 είς
3677 2353 3770 2407 τὸν

2195 2459 2256 2496 νυ
2265 2443 2462 2511 μφῶνα
2479 2441 2570 2494 τὸν
2602 2441 2996 2510 πνευματικὸν,
3034 2439 3243 2510 μυρίων
3263 2438 3645 2509 ἀπολαύσομεν
3660 2438 3773 2490 τῶν

2194 2525 2436 2594 ἀγαθῶν.
2468 2526 2530 2578 Εἰ
2556 2525 2666 2595 γὰρ
2727 2523 2962 2578 ἐνταῦθα
3009 2522 3152 2576 οὕτω
3213 2523 3436 2594 φαιδρὸς
3461 2524 3489 2576 6
3517 2521 3769 2591 νυμφὼν,

2195 2608 2338 2663 οὕτω
2367 2608 2620 2679 λαμπραὶ
2648 2608 2704 2661 αἱ
2741 2607 3033 2673 παστάδες,
3060 2606 3136 2670 ὡς
3164 2606 3372 2678 μηδένα
3412 2605 3772 2676 κορέννυσθαι

2197 2691 2534 2763 προσέχοντα
2556 2710 2568 2722 ο
2606 2691 2758 2761 πόσῳ
2811 2690 3012 2760 μᾶλλον
3047 2690 3198 2754 ἐκεῖ;
3255 2689 3508 2759 Θάλαμός
3563 2690 3710 2741 ἐστιν
3746 2689 3774 2741 6

2199 2776 2452 2846 οὐρανὸς,
2477 2773 2573 2828 καὶ
2619 2773 2713 2826 τοῦ
2769 2771 3000 2846 ιὺρανοῦ
3025 2774 3051 2826 6
3073 2770 3302 2842 νυμφὼν
3363 2772 3586 2842 βελτίων
3611 2787 3624 2802 ο
3655 2772 3775 2824 ἐκεῖ

2199 2857 2640 2928 εἰσελευσόμεθα.
2664 2855 2727 2910 El
2756 2856 2812 2910 δέ
2836 2857 2864 2908 6
2889 2854 3117 2926 νυμφὼν
3147 2856 3289 2908 οῦτω
3322 2855 3484 2917 καλὸς
3504 2896 3518 2921 ,
3551 2855 3634 2917 τίς
3662 2856 3772 2924 ἄρα

2198 2943 2351 2995 ἔσται
2377 2943 2405 2995 6
2426 2942 2658 3012 νυμφίος
2689 2957 2703 3005 ;
2737 2940 2847 2994 Καὶ
2875 2939 2928 2992 τί
2959 2939 3101 3008 λέγω
3128 2940 3196 2991 τά
3217 2939 3416 3009 χρυσία
3435 2938 3774 3009 ἀποθέμεναι

2203 3024 2525 3096 μεταδῶμεν
2555 3027 2666 3088 τοῖς
2689 3023 2996 3093 δεομένοις;
3027 3025 3075 3075 εἰ
3101 3021 3210 3093 γὰρ
3230 3024 3324 3076 καὶ
3345 3023 3545 3084 ἐαυτάς
3571 3022 3772 3075 πωλεῖν

2202 3109 2391 3181 ἐχρῆν,
2425 3111 2473 3162 εἰ
2497 3111 2605 3181 γὰρ
2630 3109 2743 3162 ἀντ’
2771 3107 3072 3177 ἐλευθέρων
3100 3107 3353 3174 γενέσθαι
3380 3107 3593 3172 δούλας,
3629 3107 3772 3161 ὥστε

2202 3193 2502 3264 δυνηθῆναι
2519 3191 2862 3264 μετ’ἐκείνου
2890 3187 3132 3244 εἷναιτοῦ
3157 3189 3522 3260 νυμφίου,τοῦ
3541 3191 3772 3254 κάλλους

2198 3276 2495 3331 ἀπολαύειν
2530 3277 2760 3339 ἐκείνου,
2782 3274 2943 3344 μόνον
2958 3275 3090 3345 ὁρᾷν
3120 3274 3199 3336 εἰς
3228 3275 3290 3326 τὸ
3317 3275 3604 3344 πρόσωπον
3621 3273 3769 3326 ἐκεί-

2198 3377 2329 3414 νου·
2365 3361 2466 3413 ούκ
2512 3359 2682 3430 ἐχρῆν
2718 3357 2856 3428 μετὰ
2905 3356 3217 3428 προθυμίας
3270 3357 3485 3409 ἅπαντα
3538 3357 3768 3410 καταδέ-

2201 3444 2400 3511 ξασθαι
2435 3460 2450 3508 ;
2482 3443 2592 3495 Καὶ
2618 3441 2844 3512 βασιλέα
2877 3442 2975 3512 μέν
2991 3442 3083 3493 τὸν
3103 3441 3195 3494 ἐπὶ
3215 3439 3317 3509 γῆς
3343 3440 3429 3493 ἵνα
3464 3440 3627 3510 μόνον
3653 3441 3774 3493 ἴδω-

2203 3545 2324 3598 μεν,
2358 3525 2622 3590 πολλάκις
2656 3526 2799 3595 ὑπὲρ
2822 3524 2914 3577 τοῦ
2950 3524 3080 3578 ἰδεῖν
3113 3523 3274 3576 αὐτὸν
3305 3524 3394 3578 καὶ
3427 3525 3496 3578 τὰ
3533 3525 3592 3578 ἐν
3617 3527 3775 3595 χερσὶ

2201 3611 2489 3681 ρίπτομεν,
2519 3611 2614 3662 καὶ
2643 3610 2921 3676 ἀναγκαῖα
2969 3608 3098 3662 ὄντα
3132 3623 3146 3638 ο
3180 3607 3319 3678 ὑπὲρ
3340 3608 3396 3660 δέ
3420 3607 3514 3660 τοῦ
3545 3608 3774 3678 βασιλέα
3857 3665 3860 3667 λ

2201 3695 2295 3747 καί
2323 3692 2556 3763 νυμφίον
2585 3693 2642 3744 ἐν
2662 3693 2914 3758 οὐρανοῖς
2941 3691 3226 3763 ἀμφότερα
3247 3691 3394 3754 ὂντα,
3421 3691 3561 3744 ὥστε
3585 3691 3659 3762 μὴ
3679 3692 3774 3761 μό·

2201 3794 2291 3832 νον
2320 3775 2729 3845 καταξιωθῆναι
2753 3775 2902 3839 ἰδεῖν,
2923 3775 3056 3828 ἀλλὰ
3083 3777 3178 3828 καὶ
3215 3774 3578 3845 προηγεῖσθαι
3608 3773 3774 3828 αὑτοῦ

2205 3861 2344 3933 μετά
2373 3860 2692 3931 λαμπάδων,
2723 3859 2817 3912 καὶ
2841 3861 3008 3928 ἐγγυς
3041 3857 3206 3912 αὑτοῦ
3238 3854 3399 3922 εἶναι,
3437 3858 3531 3912 καὶ
3551 3857 3780 3911 διαπιπν⁴

2201 3947 2294 4009 τὸς
2325 3943 2476 4017 [270]
2509 3939 2650 3996 εἶναι
2681 3944 2800 4012 μετ’
2822 3941 3011 4007 αὑτοῦ,
3043 3942 3096 3994 τί
3125 3941 3227 3994 οὐκ
3267 3941 3374 3994 ἔδει
3409 3944 3614 4002 ποιεῖν;
3643 3941 3695 3992 τί
3721 3941 3781 3993 δέ

2201 4030 2262 4083 ού
2298 4028 2594 4100 πράττειν;
2631 4026 2685 4078 τί
2710 4026 2765 4078 δέ
2788 4027 2887 4098 ούχ
2912 4026 3244 4096 ύπομένειν;
3285 4026 3397 4089 Διὸ,
3450 4025 3779 4096 παρακαλῶ,

2202 4112 2458 4183 λάϐωμέν
2492 4129 2614 4165 τινα
2658 4109 2822 4164 πόθον
2847 4111 3074 4163 ἐκείνων
3106 4109 3214 4162 τῶν
3237 4109 3478 4178 ἀγαθῶν,
3520 4109 3782 4179 ποθήσω-

2211 4214 2309 4268 μεν
2332 4198 2537 4248 ἐκεῖνον
2569 4196 2660 4248 τὸν
2689 4193 2942 4264 νυμφίον,
2974 4187 3124 4264 ὦμεν
3149 4192 3407 4264 παρθένοι
3449 4193 3550 4263 τὴν
3604 4193 3784 4262 ἀληθῆ

2208 4278 2508 4350 παρθενίαν
2543 4293 2556 4306 ·
2589 4278 2688 4346 τὴν
2718 4277 2827 4347 γάρ
2858 4279 2957 4347 τῆς
2982 4276 3162 4347 ψυχῆς
3210 4275 3505 4346 παρθενίαν
3532 4276 3788 4345 ἐπιζητεῖ

2208 4365 2236 4417 6
2265 4362 2566 4430 Δεσπότης.
2605 4361 2761 4414 Μετὰ
2783 4359 2987 4430 ταύτης
3022 4359 3355 4429 εἰσέλθωμεν
3388 4361 3469 4421 εἰς
3497 4359 3586 4412 τὸν
3615 4359 3782 4428 ούραο

2207 4447 2318 4513 νὸν,
2357 4446 2432 4516 μὴ
2464 4445 2678 4515 ἔχοντες
2703 4443 2966 4514 σπῖλον,ἢ
3002 4443 3208 4514 ῥυτίδα,
3228 4445 3261 4512 ἦ
3286 4461 3338 4496 τι
3360 4443 3469 4496 τῶν
3502 4442 3785 4507 τοιούτων,

2209 4531 2296 4585 ἵνα
2331 4529 2424 4583 καὶ
2457 4529 2566 4582 τῶν
2603 4525 3033 4598 ἐπηγγελμένων
3063 4528 3193 4596 ἡμῖν
3233 4526 3455 4593 ἀγαθῶν
3510 4526 3790 4594 ἐπιτύχω-

2212 4631 2311 4686 μεν
2333 4631 2346 4644 ·
2373 4607 2446 4667 ὧν
2471 4612 2683 4681 γένοιτο
2717 4612 2924 4673 πάντας
2953 4612 3103 4681 ἡμᾶς
3131 4614 3440 4680 μετασχεῖν,
3475 4609 3659 4680 χάριτι
3692 4610 3792 4661 καὶ

2209 4697 2609 4770 φιλανθρωπία.
