  <div class='ocr_page' id='page_1' title='image "/cluster/home/n/w/nwhite01/storage/ocr_20150623/63/hvd.32044054112164/208.png"; bbox 0 0 4088 6208; ppageno 0'>
   <div class='ocr_carea' id='block_1_1' title="bbox 300 333 401 391">
    <p class='ocr_par' dir='ltr' id='par_1_1' title="bbox 300 333 401 391">
     <span class='ocr_line' id='line_1_1' title="bbox 300 333 401 391; baseline 0.02 -2"><span class='ocrx_word' id='word_1_1' title='bbox 300 333 401 391; x_wconf 59' lang='lat' dir='ltr'><strong>ﬁt)!</strong></span> 
     </span>
    </p>
   </div>
   <div class='ocr_carea' id='block_1_2' title="bbox 308 448 1899 533">
    <p class='ocr_par' dir='ltr' id='par_1_2' title="bbox 308 448 1899 533">
     <span class='ocr_line' id='line_1_2' title="bbox 308 448 1899 533; baseline 0.012 -34"><span class='ocrx_word' id='word_1_2' title='bbox 308 450 469 501; x_wconf 74' lang='lat' dir='ltr'><strong>uiam</strong></span> <span class='ocrx_word' id='word_1_3' title='bbox 492 462 552 503; x_wconf 88' lang='lat' dir='ltr'><strong>es</strong></span> <span class='ocrx_word' id='word_1_4' title='bbox 570 448 619 503; x_wconf 93' lang='lat' dir='ltr'><strong>ei</strong></span> <span class='ocrx_word' id='word_1_5' title='bbox 642 450 889 516; x_wconf 84' lang='lat' dir='ltr'><strong>molesta,</strong></span> <span class='ocrx_word' id='word_1_6' title='bbox 903 459 959 507; x_wconf 89' lang='lat' dir='ltr'><strong>ut</strong></span> <span class='ocrx_word' id='word_1_7' title='bbox 980 466 1098 523; x_wconf 78' lang='lat' dir='ltr'><strong>qua:</strong></span> <span class='ocrx_word' id='word_1_8' title='bbox 1121 454 1170 509; x_wconf 91' lang='lat' dir='ltr'><strong>ei</strong></span> <span class='ocrx_word' id='word_1_9' title='bbox 1192 453 1260 510; x_wconf 93' lang='lat' dir='ltr'><strong>de</strong></span> <span class='ocrx_word' id='word_1_10' title='bbox 1280 463 1329 510; x_wconf 90' lang='lat' dir='ltr'><strong>te</strong></span> <span class='ocrx_word' id='word_1_11' title='bbox 1347 455 1484 511; x_wconf 88' lang='lat' dir='ltr'><strong>hanc</strong></span> <span class='ocrx_word' id='word_1_12' title='bbox 1502 473 1755 530; x_wconf 81' lang='lat' dir='ltr'><strong>suggeras</strong></span> <span class='ocrx_word' id='word_1_13' title='bbox 1778 463 1899 533; x_wconf 84' lang='lat' dir='ltr'><strong>opi-</strong></span> 
     </span>
    </p>
   </div>
   <div class='ocr_carea' id='block_1_3' title="bbox 302 540 1895 613">
    <p class='ocr_par' dir='ltr' id='par_1_3' title="bbox 302 540 1895 613">
     <span class='ocr_line' id='line_1_3' title="bbox 302 540 1895 613; baseline 0.013 -22"><span class='ocrx_word' id='word_1_14' title='bbox 302 540 546 606; x_wconf 87' lang='lat' dir='ltr'><strong>nionem,</strong></span> <span class='ocrx_word' id='word_1_15' title='bbox 561 541 701 605; x_wconf 83' lang='lat' dir='ltr'><strong>quod</strong></span> <span class='ocrx_word' id='word_1_16' title='bbox 720 543 949 598; x_wconf 90' lang='lat' dir='ltr'><strong>tenearis</strong></span> <span class='ocrx_word' id='word_1_17' title='bbox 964 558 1150 601; x_wconf 91' lang='lat' dir='ltr'><strong>amore</strong></span> <span class='ocrx_word' id='word_1_18' title='bbox 1165 556 1603 606; x_wconf 75' lang='lat' dir='ltr'><strong>ornamentorum</strong></span> <span class='ocrx_word' id='word_1_19' title='bbox 1620 560 1674 608; x_wconf 91' lang='lat' dir='ltr'><strong>et</strong></span> <span class='ocrx_word' id='word_1_20' title='bbox 1686 553 1895 613; x_wconf 90' lang='lat' dir='ltr'><strong>mundi.</strong></span> 
     </span>
    </p>
   </div>
   <div class='ocr_carea' id='block_1_4' title="bbox 306 635 1887 706">
    <p class='ocr_par' dir='ltr' id='par_1_4' title="bbox 306 635 1887 706">
     <span class='ocr_line' id='line_1_4' title="bbox 306 635 1887 706; baseline 0 -16"><span class='ocrx_word' id='word_1_21' title='bbox 306 636 530 691; x_wconf 75' lang='lat' dir='ltr'><strong>Etiamsi</strong></span> <span class='ocrx_word' id='word_1_22' title='bbox 548 635 690 691; x_wconf 87' lang='lat' dir='ltr'><strong>enim</strong></span> <span class='ocrx_word' id='word_1_23' title='bbox 710 635 975 692; x_wconf 88' lang='lat' dir='ltr'><strong>reveritus</strong></span> <span class='ocrx_word' id='word_1_24' title='bbox 990 636 1232 703; x_wconf 89' lang='lat' dir='ltr'><strong>maritus,</strong></span> <span class='ocrx_word' id='word_1_25' title='bbox 1248 644 1300 689; x_wconf 91' lang='lat' dir='ltr'><strong>ut</strong></span> <span class='ocrx_word' id='word_1_26' title='bbox 1314 635 1403 706; x_wconf 91' lang='lat' dir='ltr'><strong>qui</strong></span> <span class='ocrx_word' id='word_1_27' title='bbox 1417 638 1483 690; x_wconf 89' lang='lat' dir='ltr'><strong>sit</strong></span> <span class='ocrx_word' id='word_1_28' title='bbox 1500 637 1770 691; x_wconf 87' lang='lat' dir='ltr'><strong>modestus</strong></span> <span class='ocrx_word' id='word_1_29' title='bbox 1784 652 1887 690; x_wconf 87' lang='lat' dir='ltr'><strong>non</strong></span> 
     </span>
    </p>
   </div>
   <div class='ocr_carea' id='block_1_5' title="bbox 299 725 1891 798">
    <p class='ocr_par' dir='ltr' id='par_1_5' title="bbox 299 725 1891 798">
     <span class='ocr_line' id='line_1_5' title="bbox 299 725 1891 798; baseline -0.001 -16"><span class='ocrx_word' id='word_1_30' title='bbox 299 727 466 794; x_wconf 82' lang='lat' dir='ltr'><strong>dicat,</strong></span> <span class='ocrx_word' id='word_1_31' title='bbox 481 727 624 782; x_wconf 91' lang='lat' dir='ltr'><strong>intus</strong></span> <span class='ocrx_word' id='word_1_32' title='bbox 640 736 816 782; x_wconf 90' lang='lat' dir='ltr'><strong>tamen</strong></span> <span class='ocrx_word' id='word_1_33' title='bbox 834 726 973 798; x_wconf 90' lang='lat' dir='ltr'><strong>apud</strong></span> <span class='ocrx_word' id='word_1_34' title='bbox 1000 742 1061 783; x_wconf 90' lang='lat' dir='ltr'><strong>se</strong></span> <span class='ocrx_word' id='word_1_35' title='bbox 1085 736 1135 782; x_wconf 93' lang='lat' dir='ltr'><strong>te</strong></span> <span class='ocrx_word' id='word_1_36' title='bbox 1151 726 1508 793; x_wconf 90' lang='lat' dir='ltr'><strong>condemnat;</strong></span> <span class='ocrx_word' id='word_1_37' title='bbox 1533 725 1787 781; x_wconf 83' lang='lat' dir='ltr'><strong>invidiam</strong></span> <span class='ocrx_word' id='word_1_38' title='bbox 1805 741 1891 781; x_wconf 89' lang='lat' dir='ltr'><strong>au-</strong></span> 
     </span>
    </p>
   </div>
   <div class='ocr_carea' id='block_1_6' title="bbox 302 820 1893 893">
    <p class='ocr_par' dir='ltr' id='par_1_6' title="bbox 302 820 1893 893">
     <span class='ocr_line' id='line_1_6' title="bbox 302 820 1893 893; baseline 0.001 -20"><span class='ocrx_word' id='word_1_39' title='bbox 302 830 410 875; x_wconf 89' lang='lat' dir='ltr'><strong>tem</strong></span> <span class='ocrx_word' id='word_1_40' title='bbox 430 835 536 875; x_wconf 91' lang='lat' dir='ltr'><strong>non</strong></span> <span class='ocrx_word' id='word_1_41' title='bbox 557 821 896 891; x_wconf 82' lang='lat' dir='ltr'><strong>comprimet.</strong></span> <span class='ocrx_word' id='word_1_42' title='bbox 910 822 1103 875; x_wconf 82' lang='lat' dir='ltr'><strong>Annon</strong></span> <span class='ocrx_word' id='word_1_43' title='bbox 1127 820 1237 891; x_wconf 88' lang='lat' dir='ltr'><strong>jam</strong></span> <span class='ocrx_word' id='word_1_44' title='bbox 1254 836 1469 876; x_wconf 93' lang='lat' dir='ltr'><strong>omnem</strong></span> <span class='ocrx_word' id='word_1_45' title='bbox 1491 821 1730 893; x_wconf 89' lang='lat' dir='ltr'><strong>expelles</strong></span> <span class='ocrx_word' id='word_1_46' title='bbox 1751 820 1893 875; x_wconf 78' lang='lat' dir='ltr'><strong>Volu-</strong></span> 
     </span>
    </p>
   </div>
   <div class='ocr_carea' id='block_1_7' title="bbox 304 911 1892 983">
    <p class='ocr_par' dir='ltr' id='par_1_7' title="bbox 304 911 1892 983">
     <span class='ocr_line' id='line_1_7' title="bbox 304 911 1892 983; baseline 0.001 -17"><span class='ocrx_word' id='word_1_47' title='bbox 304 923 530 982; x_wconf 89' lang='lat' dir='ltr'><strong>ptatem,</strong></span> <span class='ocrx_word' id='word_1_48' title='bbox 554 921 615 967; x_wconf 88' lang='lat' dir='ltr'><strong>ut</strong></span> <span class='ocrx_word' id='word_1_49' title='bbox 642 928 759 983; x_wconf 79' lang='lat' dir='ltr'><strong>qua:</strong></span> <span class='ocrx_word' id='word_1_50' title='bbox 785 911 1043 967; x_wconf 88' lang='lat' dir='ltr'><strong>adversus</strong></span> <span class='ocrx_word' id='word_1_51' title='bbox 1097 913 1323 982; x_wconf 89' lang='lat' dir='ltr'><strong>teipsum</strong></span> <span class='ocrx_word' id='word_1_52' title='bbox 1353 913 1556 968; x_wconf 89' lang='lat' dir='ltr'><strong>excites</strong></span> <span class='ocrx_word' id='word_1_53' title='bbox 1597 912 1892 967; x_wconf 74' lang='lat' dir='ltr'><strong>invidiam?</strong></span> 
     </span>
    </p>
   </div>
   <div class='ocr_carea' id='block_1_8' title="bbox 374 1003 1891 1075">
    <p class='ocr_par' dir='ltr' id='par_1_8' title="bbox 374 1003 1891 1075">
     <span class='ocr_line' id='line_1_8' title="bbox 374 1003 1891 1075; baseline 0.001 -16"><span class='ocrx_word' id='word_1_54' title='bbox 374 1003 430 1059; x_wconf 84' lang='lat'><strong>7.</strong></span> <span class='ocrx_word' id='word_1_55' title='bbox 453 1003 619 1075; x_wconf 66' lang='lat' dir='ltr'><strong>Egre</strong></span> <span class='ocrx_word' id='word_1_56' title='bbox 641 1004 866 1059; x_wconf 81' lang='lat' dir='ltr'><strong>fortasse</strong></span> <span class='ocrx_word' id='word_1_57' title='bbox 886 1003 1081 1059; x_wconf 86' lang='lat' dir='ltr'><strong>auditis</strong></span> <span class='ocrx_word' id='word_1_58' title='bbox 1097 1019 1218 1075; x_wconf 62' lang='lat' dir='ltr'><strong>quae</strong></span> <span class='ocrx_word' id='word_1_59' title='bbox 1238 1003 1509 1072; x_wconf 90' lang='lat' dir='ltr'><strong>dicuntur,</strong></span> <span class='ocrx_word' id='word_1_60' title='bbox 1529 1013 1584 1059; x_wconf 92' lang='lat' dir='ltr'><strong>et</strong></span> <span class='ocrx_word' id='word_1_61' title='bbox 1606 1018 1891 1060; x_wconf 81' lang='lat' dir='ltr'><strong>succense-</strong></span> 
     </span>
    </p>
   </div>
   <div class='ocr_carea' id='block_1_9' title="bbox 306 1093 1894 1166">
    <p class='ocr_par' dir='ltr' id='par_1_9' title="bbox 306 1093 1894 1166">
     <span class='ocr_line' id='line_1_9' title="bbox 306 1093 1894 1166; baseline 0.001 -17"><span class='ocrx_word' id='word_1_62' title='bbox 306 1096 376 1150; x_wconf 88' lang='lat' dir='ltr'><strong>tis</strong></span> <span class='ocrx_word' id='word_1_63' title='bbox 394 1095 640 1151; x_wconf 84' lang='lat' dir='ltr'><strong>dicentes</strong></span> <span class='ocrx_word' id='word_1_64' title='bbox 667 1113 681 1149; x_wconf 92' lang='lat'><strong>:</strong></span> <span class='ocrx_word' id='word_1_65' title='bbox 716 1094 822 1151; x_wconf 90' lang='lat' dir='ltr'><strong>lste</strong></span> <span class='ocrx_word' id='word_1_66' title='bbox 847 1094 1070 1150; x_wconf 91' lang='lat' dir='ltr'><strong>maritos</strong></span> <span class='ocrx_word' id='word_1_67' title='bbox 1102 1093 1272 1166; x_wconf 90' lang='lat' dir='ltr'><strong>magis</strong></span> <span class='ocrx_word' id='word_1_68' title='bbox 1292 1095 1736 1160; x_wconf 88' lang='lat' dir='ltr'><strong>irritatadversus</strong></span> <span class='ocrx_word' id='word_1_69' title='bbox 1758 1108 1894 1150; x_wconf 79' lang='lat' dir='ltr'><strong>uxo-</strong></span> 
     </span>
    </p>
   </div>
   <div class='ocr_carea' id='block_1_10' title="bbox 306 1186 1895 1254">
    <p class='ocr_par' dir='ltr' id='par_1_10' title="bbox 306 1186 1895 1254">
     <span class='ocr_line' id='line_1_10' title="bbox 306 1186 1895 1254; baseline 0.001 -12"><span class='ocrx_word' id='word_1_70' title='bbox 306 1204 417 1244; x_wconf 88' lang='lat' dir='ltr'><strong>res.</strong></span> <span class='ocrx_word' id='word_1_71' title='bbox 448 1186 574 1242; x_wconf 61' lang='lat' dir='ltr'><strong>Haec</strong></span> <span class='ocrx_word' id='word_1_72' title='bbox 598 1186 721 1242; x_wconf 89' lang='lat' dir='ltr'><strong>dico</strong></span> <span class='ocrx_word' id='word_1_73' title='bbox 750 1200 859 1242; x_wconf 90' lang='lat' dir='ltr'><strong>non</strong></span> <span class='ocrx_word' id='word_1_74' title='bbox 882 1186 1098 1243; x_wconf 89' lang='lat' dir='ltr'><strong>irritans</strong></span> <span class='ocrx_word' id='word_1_75' title='bbox 1122 1188 1368 1254; x_wconf 86' lang='lat' dir='ltr'><strong>maritos,</strong></span> <span class='ocrx_word' id='word_1_76' title='bbox 1396 1188 1489 1244; x_wconf 88' lang='lat' dir='ltr'><strong>sed</strong></span> <span class='ocrx_word' id='word_1_77' title='bbox 1526 1189 1649 1245; x_wconf 87' lang='lat' dir='ltr'><strong>volo</strong></span> <span class='ocrx_word' id='word_1_78' title='bbox 1676 1203 1705 1243; x_wconf 91' lang='lat' dir='ltr'><strong>a</strong></span> <span class='ocrx_word' id='word_1_79' title='bbox 1742 1188 1895 1244; x_wconf 83' lang='lat' dir='ltr'><strong>vobis</strong></span> 
     </span>
    </p>
   </div>
   <div class='ocr_carea' id='block_1_11' title="bbox 307 1279 1896 1353">
    <p class='ocr_par' dir='ltr' id='par_1_11' title="bbox 307 1279 1896 1353">
     <span class='ocr_line' id='line_1_11' title="bbox 307 1279 1896 1353; baseline 0.002 -18"><span class='ocrx_word' id='word_1_80' title='bbox 307 1281 618 1337; x_wconf 89' lang='lat' dir='ltr'><strong>lubentibus</strong></span> <span class='ocrx_word' id='word_1_81' title='bbox 645 1279 762 1336; x_wconf 65' lang='lat' dir='ltr'><strong>haec</strong></span> <span class='ocrx_word' id='word_1_82' title='bbox 788 1280 1053 1352; x_wconf 72' lang='lat' dir='ltr'><strong>praestari,</strong></span> <span class='ocrx_word' id='word_1_83' title='bbox 1074 1289 1294 1352; x_wconf 82' lang='lat' dir='ltr'><strong>propter</strong></span> <span class='ocrx_word' id='word_1_84' title='bbox 1319 1296 1438 1350; x_wconf 90' lang='lat' dir='ltr'><strong>vos,</strong></span> <span class='ocrx_word' id='word_1_85' title='bbox 1463 1297 1567 1338; x_wconf 89' lang='lat' dir='ltr'><strong>non</strong></span> <span class='ocrx_word' id='word_1_86' title='bbox 1600 1292 1813 1353; x_wconf 85' lang='lat' dir='ltr'><strong>propter</strong></span> <span class='ocrx_word' id='word_1_87' title='bbox 1829 1282 1896 1338; x_wconf 85' lang='lat' dir='ltr'><strong>il-</strong></span> 
     </span>
    </p>
   </div>
   <div class='ocr_carea' id='block_1_12' title="bbox 307 1369 1900 1439">
    <p class='ocr_par' dir='ltr' id='par_1_12' title="bbox 307 1369 1900 1439">
     <span class='ocr_line' id='line_1_12' title="bbox 307 1369 1900 1439; baseline 0.003 -14"><span class='ocrx_word' id='word_1_88' title='bbox 307 1371 392 1426; x_wconf 86' lang='lat' dir='ltr'><strong>los</strong></span> <span class='ocrx_word' id='word_1_89' title='bbox 412 1389 428 1427; x_wconf 89' lang='lat'><strong>:</strong></span> <span class='ocrx_word' id='word_1_90' title='bbox 451 1387 556 1425; x_wconf 89' lang='lat' dir='ltr'><strong>non</strong></span> <span class='ocrx_word' id='word_1_91' title='bbox 584 1380 641 1425; x_wconf 93' lang='lat' dir='ltr'><strong>ut</strong></span> <span class='ocrx_word' id='word_1_92' title='bbox 660 1370 778 1426; x_wconf 90' lang='lat' dir='ltr'><strong>illos</strong></span> <span class='ocrx_word' id='word_1_93' title='bbox 795 1369 1015 1426; x_wconf 86' lang='lat' dir='ltr'><strong>liberem</strong></span> <span class='ocrx_word' id='word_1_94' title='bbox 1040 1370 1107 1425; x_wconf 89' lang='lat' dir='ltr'><strong>ab</strong></span> <span class='ocrx_word' id='word_1_95' title='bbox 1124 1371 1342 1439; x_wconf 82' lang='lat' dir='ltr'><strong>invidia,</strong></span> <span class='ocrx_word' id='word_1_96' title='bbox 1366 1372 1460 1428; x_wconf 91' lang='lat' dir='ltr'><strong>sed</strong></span> <span class='ocrx_word' id='word_1_97' title='bbox 1487 1383 1542 1428; x_wconf 89' lang='lat' dir='ltr'><strong>ut</strong></span> <span class='ocrx_word' id='word_1_98' title='bbox 1562 1387 1656 1429; x_wconf 85' lang='lat' dir='ltr'><strong>vos</strong></span> <span class='ocrx_word' id='word_1_99' title='bbox 1672 1373 1900 1430; x_wconf 85' lang='lat' dir='ltr'><strong>liberem</strong></span> 
     </span>
    </p>
   </div>
   <div class='ocr_carea' id='block_1_13' title="bbox 305 1462 1902 1536">
    <p class='ocr_par' dir='ltr' id='par_1_13' title="bbox 305 1462 1902 1536">
     <span class='ocr_line' id='line_1_13' title="bbox 305 1462 1902 1536; baseline 0.005 -19"><span class='ocrx_word' id='word_1_100' title='bbox 305 1478 338 1517; x_wconf 85' lang='lat' dir='ltr'><strong>a</strong></span> <span class='ocrx_word' id='word_1_101' title='bbox 360 1462 639 1533; x_wconf 79' lang='lat' dir='ltr'><strong>phantasia</strong></span> <span class='ocrx_word' id='word_1_102' title='bbox 661 1477 841 1517; x_wconf 78' lang='lat' dir='ltr'><strong>rerum</strong></span> <span class='ocrx_word' id='word_1_103' title='bbox 872 1462 1031 1532; x_wconf 85' lang='lat' dir='ltr'><strong>hujus</strong></span> <span class='ocrx_word' id='word_1_104' title='bbox 1054 1464 1195 1517; x_wconf 74' lang='lat' dir='ltr'><strong>vitaz.</strong></span> <span class='ocrx_word' id='word_1_105' title='bbox 1214 1463 1309 1518; x_wconf 77' lang='lat' dir='ltr'><strong>Vis</strong></span> <span class='ocrx_word' id='word_1_106' title='bbox 1332 1465 1498 1521; x_wconf 88' lang='lat' dir='ltr'><strong>videri</strong></span> <span class='ocrx_word' id='word_1_107' title='bbox 1522 1465 1777 1535; x_wconf 87' lang='lat' dir='ltr'><strong>pulchra?</strong></span> <span class='ocrx_word' id='word_1_108' title='bbox 1798 1480 1902 1536; x_wconf 81' lang='lat' dir='ltr'><strong>ego</strong></span> 
     </span>
    </p>
   </div>
   <div class='ocr_carea' id='block_1_14' title="bbox 307 1550 1900 1627">
    <p class='ocr_par' dir='ltr' id='par_1_14' title="bbox 307 1550 1900 1627">
     <span class='ocr_line' id='line_1_14' title="bbox 307 1550 1900 1627; baseline 0.005 -24"><span class='ocrx_word' id='word_1_109' title='bbox 307 1567 526 1623; x_wconf 88' lang='lat' dir='ltr'><strong>quoque</strong></span> <span class='ocrx_word' id='word_1_110' title='bbox 552 1550 655 1607; x_wconf 86' lang='lat' dir='ltr'><strong>hoc</strong></span> <span class='ocrx_word' id='word_1_111' title='bbox 678 1551 823 1619; x_wconf 82' lang='lat' dir='ltr'><strong>volo,</strong></span> <span class='ocrx_word' id='word_1_112' title='bbox 853 1552 945 1608; x_wconf 86' lang='lat' dir='ltr'><strong>sed</strong></span> <span class='ocrx_word' id='word_1_113' title='bbox 973 1552 1366 1624; x_wconf 87' lang='lat' dir='ltr'><strong>pulchritudine</strong></span> <span class='ocrx_word' id='word_1_114' title='bbox 1390 1570 1549 1626; x_wconf 90' lang='lat' dir='ltr'><strong>quam</strong></span> <span class='ocrx_word' id='word_1_115' title='bbox 1579 1555 1718 1611; x_wconf 90' lang='lat' dir='ltr'><strong>Deus</strong></span> <span class='ocrx_word' id='word_1_116' title='bbox 1746 1570 1900 1627; x_wconf 75' lang='lat' dir='ltr'><strong>quae-</strong></span> 
     </span>
    </p>
   </div>
   <div class='ocr_carea' id='block_1_15' title="bbox 307 1644 1902 1716">
    <p class='ocr_par' dir='ltr' id='par_1_15' title="bbox 307 1644 1902 1716">
     <span class='ocr_line' id='line_1_15' title="bbox 307 1644 1902 1716; baseline 0.003 -16"><span class='ocrx_word' id='word_1_117' title='bbox 307 1645 403 1711; x_wconf 88' lang='lat' dir='ltr'><strong>rit,</strong></span> <span class='ocrx_word' id='word_1_118' title='bbox 420 1659 581 1716; x_wconf 86' lang='lat' dir='ltr'><strong>quam</strong></span> <span class='ocrx_word' id='word_1_119' title='bbox 602 1644 717 1701; x_wconf 81' lang='lat' dir='ltr'><strong>Rex</strong></span> <span class='ocrx_word' id='word_1_120' title='bbox 739 1645 1086 1716; x_wconf 88' lang='lat' dir='ltr'><strong>concupiscit.</strong></span> <span class='ocrx_word' id='word_1_121' title='bbox 1106 1645 1400 1716; x_wconf 84' lang='lat' dir='ltr'><strong>Quemnam</strong></span> <span class='ocrx_word' id='word_1_122' title='bbox 1422 1648 1502 1703; x_wconf 87' lang='lat' dir='ltr'><strong>vis</strong></span> <span class='ocrx_word' id='word_1_123' title='bbox 1527 1647 1724 1706; x_wconf 88' lang='lat' dir='ltr'><strong>habere</strong></span> <span class='ocrx_word' id='word_1_124' title='bbox 1747 1665 1902 1705; x_wconf 86' lang='lat' dir='ltr'><strong>ama-</strong></span> 
     </span>
    </p>
   </div>
   <div class='ocr_carea' id='block_1_16' title="bbox 310 1735 1900 1810">
    <p class='ocr_par' dir='ltr' id='par_1_16' title="bbox 310 1735 1900 1810">
     <span class='ocr_line' id='line_1_16' title="bbox 310 1735 1900 1810; baseline 0.003 -17"><span class='ocrx_word' id='word_1_125' title='bbox 310 1747 485 1793; x_wconf 84' lang='lat' dir='ltr'><strong>torem</strong></span> <span class='ocrx_word' id='word_1_126' title='bbox 507 1779 523 1806; x_wconf 93' lang='lat'><strong>,</strong></span> <span class='ocrx_word' id='word_1_127' title='bbox 552 1737 720 1792; x_wconf 91' lang='lat' dir='ltr'><strong>Deum</strong></span> <span class='ocrx_word' id='word_1_128' title='bbox 748 1752 816 1792; x_wconf 89' lang='lat' dir='ltr'><strong>an</strong></span> <span class='ocrx_word' id='word_1_129' title='bbox 844 1735 1131 1793; x_wconf 88' lang='lat' dir='ltr'><strong>homines?</strong></span> <span class='ocrx_word' id='word_1_130' title='bbox 1158 1736 1214 1794; x_wconf 92' lang='lat' dir='ltr'><strong>Si</strong></span> <span class='ocrx_word' id='word_1_131' title='bbox 1256 1738 1331 1794; x_wconf 87' lang='lat' dir='ltr'><strong>sis</strong></span> <span class='ocrx_word' id='word_1_132' title='bbox 1362 1739 1435 1794; x_wconf 90' lang='lat' dir='ltr'><strong>ita</strong></span> <span class='ocrx_word' id='word_1_133' title='bbox 1467 1739 1709 1810; x_wconf 87' lang='lat' dir='ltr'><strong>pulchra,</strong></span> <span class='ocrx_word' id='word_1_134' title='bbox 1756 1741 1900 1797; x_wconf 87' lang='lat' dir='ltr'><strong>Deus</strong></span> 
     </span>
    </p>
   </div>
   <div class='ocr_carea' id='block_1_17' title="bbox 312 1829 1903 1900">
    <p class='ocr_par' dir='ltr' id='par_1_17' title="bbox 312 1829 1903 1900">
     <span class='ocr_line' id='line_1_17' title="bbox 312 1829 1903 1900; baseline 0.003 -14"><span class='ocrx_word' id='word_1_135' title='bbox 312 1841 461 1886; x_wconf 88' lang='lat' dir='ltr'><strong>tuam</strong></span> <span class='ocrx_word' id='word_1_136' title='bbox 507 1829 855 1900; x_wconf 90' lang='lat' dir='ltr'><strong>concupiscet</strong></span> <span class='ocrx_word' id='word_1_137' title='bbox 899 1829 1352 1898; x_wconf 88' lang='lat' dir='ltr'><strong>pulchritudinem</strong></span> <span class='ocrx_word' id='word_1_138' title='bbox 1404 1848 1417 1885; x_wconf 88' lang='lat'>:</span> <span class='ocrx_word' id='word_1_139' title='bbox 1464 1833 1548 1888; x_wconf 86' lang='lat' dir='ltr'><strong>sin</strong></span> <span class='ocrx_word' id='word_1_140' title='bbox 1593 1844 1770 1890; x_wconf 89' lang='lat' dir='ltr'><strong>autem</strong></span> <span class='ocrx_word' id='word_1_141' title='bbox 1801 1834 1903 1891; x_wconf 89' lang='lat' dir='ltr'><strong>hoc</strong></span> 
     </span>
    </p>
   </div>
   <div class='ocr_carea' id='block_1_18' title="bbox 311 1920 1901 1992">
    <p class='ocr_par' dir='ltr' id='par_1_18' title="bbox 311 1920 1901 1992">
     <span class='ocr_line' id='line_1_18' title="bbox 311 1920 1901 1992; baseline 0.003 -16"><span class='ocrx_word' id='word_1_142' title='bbox 311 1923 517 1992; x_wconf 78' lang='lat' dir='ltr'><strong>absque</strong></span> <span class='ocrx_word' id='word_1_143' title='bbox 567 1920 659 1975; x_wconf 93' lang='lat' dir='ltr'><strong>illo</strong></span> <span class='ocrx_word' id='word_1_144' title='bbox 677 1961 691 1987; x_wconf 88' lang='lat'><strong>,</strong></span> <span class='ocrx_word' id='word_1_145' title='bbox 727 1920 818 1976; x_wconf 92' lang='lat' dir='ltr'><strong>ille</strong></span> <span class='ocrx_word' id='word_1_146' title='bbox 842 1920 1060 1990; x_wconf 89' lang='lat' dir='ltr'><strong>quidem</strong></span> <span class='ocrx_word' id='word_1_147' title='bbox 1085 1929 1136 1976; x_wconf 90' lang='lat' dir='ltr'><strong>te</strong></span> <span class='ocrx_word' id='word_1_148' title='bbox 1162 1921 1511 1989; x_wconf 89' lang='lat' dir='ltr'><strong>abhorrebit,</strong></span> <span class='ocrx_word' id='word_1_149' title='bbox 1539 1934 1699 1980; x_wconf 90' lang='lat' dir='ltr'><strong>erunt</strong></span> <span class='ocrx_word' id='word_1_150' title='bbox 1723 1935 1901 1981; x_wconf 90' lang='lat' dir='ltr'><strong>autem</strong></span> 
     </span>
    </p>
   </div>
   <div class='ocr_carea' id='block_1_19' title="bbox 314 2012 1902 2088">
    <p class='ocr_par' dir='ltr' id='par_1_19' title="bbox 314 2012 1902 2088">
     <span class='ocr_line' id='line_1_19' title="bbox 314 2012 1902 2088; baseline 0.002 -18"><span class='ocrx_word' id='word_1_151' title='bbox 314 2016 393 2071; x_wconf 92' lang='lat' dir='ltr'><strong>tui</strong></span> <span class='ocrx_word' id='word_1_152' title='bbox 415 2023 686 2069; x_wconf 87' lang='lat' dir='ltr'><strong>amatores</strong></span> <span class='ocrx_word' id='word_1_153' title='bbox 714 2012 812 2067; x_wconf 87' lang='lat' dir='ltr'><strong>viri</strong></span> <span class='ocrx_word' id='word_1_154' title='bbox 837 2012 1049 2068; x_wconf 86' lang='lat' dir='ltr'><strong>scelesti</strong></span> <span class='ocrx_word' id='word_1_155' title='bbox 1082 2030 1097 2067; x_wconf 89' lang='lat'><strong>:</strong></span> <span class='ocrx_word' id='word_1_156' title='bbox 1121 2013 1296 2069; x_wconf 93' lang='lat' dir='ltr'><strong>nullus</strong></span> <span class='ocrx_word' id='word_1_157' title='bbox 1320 2014 1465 2070; x_wconf 90' lang='lat' dir='ltr'><strong>enim</strong></span> <span class='ocrx_word' id='word_1_158' title='bbox 1487 2026 1569 2070; x_wconf 91' lang='lat' dir='ltr'><strong>est</strong></span> <span class='ocrx_word' id='word_1_159' title='bbox 1597 2015 1787 2084; x_wconf 91' lang='lat' dir='ltr'><strong>bonus,</strong></span> <span class='ocrx_word' id='word_1_160' title='bbox 1812 2018 1902 2088; x_wconf 91' lang='lat' dir='ltr'><strong>qui</strong></span> 
     </span>
    </p>
   </div>
   <div class='ocr_carea' id='block_1_20' title="bbox 314 2104 1900 2175">
    <p class='ocr_par' dir='ltr' id='par_1_20' title="bbox 314 2104 1900 2175">
     <span class='ocr_line' id='line_1_20' title="bbox 314 2104 1900 2175; baseline 0.004 -14"><span class='ocrx_word' id='word_1_161' title='bbox 314 2116 459 2162; x_wconf 89' lang='lat' dir='ltr'><strong>amet</strong></span> <span class='ocrx_word' id='word_1_162' title='bbox 487 2105 766 2160; x_wconf 88' lang='lat' dir='ltr'><strong>mulierem</strong></span> <span class='ocrx_word' id='word_1_163' title='bbox 787 2104 1026 2175; x_wconf 87' lang='lat' dir='ltr'><strong>junctam</strong></span> <span class='ocrx_word' id='word_1_164' title='bbox 1054 2108 1413 2163; x_wconf 89' lang='lat' dir='ltr'><strong>matrimonio.</strong></span> <span class='ocrx_word' id='word_1_165' title='bbox 1458 2107 1572 2164; x_wconf 83' lang='lat' dir='ltr'><strong>Hoc</strong></span> <span class='ocrx_word' id='word_1_166' title='bbox 1605 2109 1767 2165; x_wconf 89' lang='lat' dir='ltr'><strong>etiam</strong></span> <span class='ocrx_word' id='word_1_167' title='bbox 1807 2126 1900 2167; x_wconf 88' lang='lat' dir='ltr'><strong>co-</strong></span> 
     </span>
    </p>
   </div>
   <div class='ocr_carea' id='block_1_21' title="bbox 312 2195 1901 2269">
    <p class='ocr_par' dir='ltr' id='par_1_21' title="bbox 312 2195 1901 2269">
     <span class='ocr_line' id='line_1_21' title="bbox 312 2195 1901 2269; baseline 0.003 -18"><span class='ocrx_word' id='word_1_168' title='bbox 312 2199 421 2269; x_wconf 86' lang='lat' dir='ltr'><strong>gita</strong></span> <span class='ocrx_word' id='word_1_169' title='bbox 462 2197 517 2251; x_wconf 89' lang='lat' dir='ltr'><strong>in</strong></span> <span class='ocrx_word' id='word_1_170' title='bbox 561 2195 761 2251; x_wconf 88' lang='lat' dir='ltr'><strong>mundo</strong></span> <span class='ocrx_word' id='word_1_171' title='bbox 800 2204 1048 2251; x_wconf 79' lang='lat' dir='ltr'><strong>externo.</strong></span> <span class='ocrx_word' id='word_1_172' title='bbox 1093 2195 1224 2251; x_wconf 81' lang='lat' dir='ltr'><strong>Nam</strong></span> <span class='ocrx_word' id='word_1_173' title='bbox 1257 2197 1346 2252; x_wconf 93' lang='lat' dir='ltr'><strong>ille</strong></span> <span class='ocrx_word' id='word_1_174' title='bbox 1383 2197 1601 2268; x_wconf 86' lang='lat' dir='ltr'><strong>quidem</strong></span> <span class='ocrx_word' id='word_1_175' title='bbox 1631 2199 1901 2269; x_wconf 91' lang='lat' dir='ltr'><strong>mundus,</strong></span> 
     </span>
    </p>
   </div>
   <div class='ocr_carea' id='block_1_22' title="bbox 315 2286 1906 2358">
    <p class='ocr_par' dir='ltr' id='par_1_22' title="bbox 315 2286 1906 2358">
     <span class='ocr_line' id='line_1_22' title="bbox 315 2286 1906 2358; baseline 0.003 -16"><span class='ocrx_word' id='word_1_176' title='bbox 315 2288 571 2354; x_wconf 83' lang='lat' dir='ltr'><strong>mundus,</strong></span> <span class='ocrx_word' id='word_1_177' title='bbox 603 2287 842 2358; x_wconf 86' lang='lat' dir='ltr'><strong>inquam,</strong></span> <span class='ocrx_word' id='word_1_178' title='bbox 869 2287 1083 2353; x_wconf 62' lang='lat' dir='ltr'><strong>animm,</strong></span> <span class='ocrx_word' id='word_1_179' title='bbox 1117 2286 1286 2343; x_wconf 90' lang='lat' dir='ltr'><strong>Deum</strong></span> <span class='ocrx_word' id='word_1_180' title='bbox 1319 2288 1575 2356; x_wconf 81' lang='lat' dir='ltr'><strong>attrahit;</strong></span> <span class='ocrx_word' id='word_1_181' title='bbox 1613 2290 1698 2346; x_wconf 89' lang='lat' dir='ltr'><strong>hic</strong></span> <span class='ocrx_word' id='word_1_182' title='bbox 1725 2303 1906 2347; x_wconf 87' lang='lat' dir='ltr'><strong>autem</strong></span> 
     </span>
    </p>
   </div>
   <div class='ocr_carea' id='block_1_23' title="bbox 313 2379 1902 2452">
    <p class='ocr_par' dir='ltr' id='par_1_23' title="bbox 313 2379 1902 2452">
     <span class='ocr_line' id='line_1_23' title="bbox 313 2379 1902 2452; baseline 0.001 -14"><span class='ocrx_word' id='word_1_183' title='bbox 313 2391 502 2439; x_wconf 85' lang='lat' dir='ltr'><strong>contra</strong></span> <span class='ocrx_word' id='word_1_184' title='bbox 546 2382 691 2435; x_wconf 90' lang='lat' dir='ltr'><strong>viros</strong></span> <span class='ocrx_word' id='word_1_185' title='bbox 750 2380 1063 2436; x_wconf 88' lang='lat' dir='ltr'><strong>sceleratos.</strong></span> <span class='ocrx_word' id='word_1_186' title='bbox 1111 2379 1277 2436; x_wconf 75' lang='lat' dir='ltr'><strong>Vides</strong></span> <span class='ocrx_word' id='word_1_187' title='bbox 1318 2381 1460 2452; x_wconf 91' lang='lat' dir='ltr'><strong>quod</strong></span> <span class='ocrx_word' id='word_1_188' title='bbox 1508 2383 1674 2438; x_wconf 89' lang='lat' dir='ltr'><strong>vestri</strong></span> <span class='ocrx_word' id='word_1_189' title='bbox 1721 2399 1902 2440; x_wconf 86' lang='lat' dir='ltr'><strong>curam</strong></span> 
     </span>
    </p>
   </div>
   <div class='ocr_carea' id='block_1_24' title="bbox 313 2471 1895 2547">
    <p class='ocr_par' dir='ltr' id='par_1_24' title="bbox 313 2471 1895 2547">
     <span class='ocr_line' id='line_1_24' title="bbox 313 2471 1895 2547; baseline 0.002 -18"><span class='ocrx_word' id='word_1_190' title='bbox 313 2490 467 2546; x_wconf 84' lang='lat' dir='ltr'><strong>gero,</strong></span> <span class='ocrx_word' id='word_1_191' title='bbox 499 2472 642 2545; x_wconf 87' lang='lat' dir='ltr'><strong>quod</strong></span> <span class='ocrx_word' id='word_1_192' title='bbox 669 2472 736 2528; x_wconf 86' lang='lat' dir='ltr'><strong>de</strong></span> <span class='ocrx_word' id='word_1_193' title='bbox 758 2471 910 2528; x_wconf 88' lang='lat' dir='ltr'><strong>vobis</strong></span> <span class='ocrx_word' id='word_1_194' title='bbox 938 2487 1055 2527; x_wconf 93' lang='lat' dir='ltr'><strong>sum</strong></span> <span class='ocrx_word' id='word_1_195' title='bbox 1083 2471 1378 2542; x_wconf 87' lang='lat' dir='ltr'><strong>sollicitus,</strong></span> <span class='ocrx_word' id='word_1_196' title='bbox 1410 2484 1467 2529; x_wconf 91' lang='lat' dir='ltr'><strong>ut</strong></span> <span class='ocrx_word' id='word_1_197' title='bbox 1492 2475 1611 2532; x_wconf 90' lang='lat' dir='ltr'><strong>sitis</strong></span> <span class='ocrx_word' id='word_1_198' title='bbox 1632 2476 1895 2547; x_wconf 69' lang='lat' dir='ltr'><strong>pulchrm,</strong></span> 
     </span>
    </p>
   </div>
   <div class='ocr_carea' id='block_1_25' title="bbox 317 2568 1904 2638">
    <p class='ocr_par' dir='ltr' id='par_1_25' title="bbox 317 2568 1904 2638">
     <span class='ocr_line' id='line_1_25' title="bbox 317 2568 1904 2638; baseline 0 -15"><span class='ocrx_word' id='word_1_199' title='bbox 317 2584 448 2625; x_wconf 84' lang='lat' dir='ltr'><strong>vere</strong></span> <span class='ocrx_word' id='word_1_200' title='bbox 478 2568 716 2636; x_wconf 71' lang='lat' dir='ltr'><strong>pulchra:</strong></span> <span class='ocrx_word' id='word_1_201' title='bbox 736 2576 791 2623; x_wconf 93' lang='lat' dir='ltr'><strong>et</strong></span> <span class='ocrx_word' id='word_1_202' title='bbox 815 2568 1063 2638; x_wconf 67' lang='lat' dir='ltr'><strong>gloriosae</strong></span> <span class='ocrx_word' id='word_1_203' title='bbox 1094 2585 1110 2623; x_wconf 91' lang='lat'><strong>:</strong></span> <span class='ocrx_word' id='word_1_204' title='bbox 1140 2577 1199 2623; x_wconf 91' lang='lat' dir='ltr'><strong>ut</strong></span> <span class='ocrx_word' id='word_1_205' title='bbox 1228 2584 1323 2638; x_wconf 91' lang='lat' dir='ltr'><strong>pro</strong></span> <span class='ocrx_word' id='word_1_206' title='bbox 1352 2569 1479 2623; x_wconf 87' lang='lat' dir='ltr'><strong>viris</strong></span> <span class='ocrx_word' id='word_1_207' title='bbox 1499 2570 1775 2625; x_wconf 88' lang='lat' dir='ltr'><strong>sceleratis</strong></span> <span class='ocrx_word' id='word_1_208' title='bbox 1809 2570 1904 2624; x_wconf 85' lang='lat' dir='ltr'><strong>ha-</strong></span> 
     </span>
    </p>
   </div>
   <div class='ocr_carea' id='block_1_26' title="bbox 325 2656 1907 2723">
    <p class='ocr_par' dir='ltr' id='par_1_26' title="bbox 325 2656 1907 2723">
     <span class='ocr_line' id='line_1_26' title="bbox 325 2656 1907 2723; baseline -0.007 -4"><span class='ocrx_word' id='word_1_209' title='bbox 325 2664 496 2719; x_wconf 86' lang='lat' dir='ltr'><strong>beatis</strong></span> <span class='ocrx_word' id='word_1_210' title='bbox 544 2671 835 2716; x_wconf 87' lang='lat' dir='ltr'><strong>amatorem</strong></span> <span class='ocrx_word' id='word_1_211' title='bbox 889 2661 1058 2716; x_wconf 91' lang='lat' dir='ltr'><strong>Deum</strong></span> <span class='ocrx_word' id='word_1_212' title='bbox 1116 2660 1357 2714; x_wconf 89' lang='lat' dir='ltr'><strong>omnium</strong></span> <span class='ocrx_word' id='word_1_213' title='bbox 1410 2656 1735 2712; x_wconf 84' lang='lat' dir='ltr'><strong>Dominum?</strong></span> <span class='ocrx_word' id='word_1_214' title='bbox 1775 2657 1907 2723; x_wconf 54' lang='lat' dir='ltr'><strong>Quae</strong></span> 
     </span>
    </p>
   </div>
   <div class='ocr_carea' id='block_1_27' title="bbox 323 2748 1906 2815">
    <p class='ocr_par' dir='ltr' id='par_1_27' title="bbox 323 2748 1906 2815">
     <span class='ocr_line' id='line_1_27' title="bbox 323 2748 1906 2815; baseline -0.005 -5"><span class='ocrx_word' id='word_1_215' title='bbox 323 2767 505 2810; x_wconf 86' lang='lat' dir='ltr'><strong>autem</strong></span> <span class='ocrx_word' id='word_1_216' title='bbox 526 2755 675 2809; x_wconf 90' lang='lat' dir='ltr'><strong>illum</strong></span> <span class='ocrx_word' id='word_1_217' title='bbox 706 2753 866 2809; x_wconf 88' lang='lat' dir='ltr'><strong>habet</strong></span> <span class='ocrx_word' id='word_1_218' title='bbox 891 2759 1186 2807; x_wconf 88' lang='lat' dir='ltr'><strong>amatorem</strong></span> <span class='ocrx_word' id='word_1_219' title='bbox 1207 2791 1223 2815; x_wconf 88' lang='lat'><strong>,</strong></span> <span class='ocrx_word' id='word_1_220' title='bbox 1256 2750 1343 2805; x_wconf 93' lang='lat' dir='ltr'><strong>cui</strong></span> <span class='ocrx_word' id='word_1_221' title='bbox 1372 2750 1475 2805; x_wconf 90' lang='lat' dir='ltr'><strong>erit</strong></span> <span class='ocrx_word' id='word_1_222' title='bbox 1501 2749 1728 2804; x_wconf 80' lang='lat' dir='ltr'><strong>similis?</strong></span> <span class='ocrx_word' id='word_1_223' title='bbox 1771 2748 1906 2802; x_wconf 86' lang='lat' dir='ltr'><strong>cho-</strong></span> 
     </span>
    </p>
   </div>
   <div class='ocr_carea' id='block_1_28' title="bbox 326 2840 1903 2914">
    <p class='ocr_par' dir='ltr' id='par_1_28' title="bbox 326 2840 1903 2914">
     <span class='ocr_line' id='line_1_28' title="bbox 326 2840 1903 2914; baseline -0.004 -14"><span class='ocrx_word' id='word_1_224' title='bbox 326 2861 422 2900; x_wconf 84' lang='lat' dir='ltr'><strong>ros</strong></span> <span class='ocrx_word' id='word_1_225' title='bbox 446 2846 607 2907; x_wconf 85' lang='lat' dir='ltr'><strong>ducet</strong></span> <span class='ocrx_word' id='word_1_226' title='bbox 634 2860 753 2899; x_wconf 88' lang='lat' dir='ltr'><strong>cum</strong></span> <span class='ocrx_word' id='word_1_227' title='bbox 774 2842 1004 2914; x_wconf 83' lang='lat' dir='ltr'><strong>angelis.</strong></span> <span class='ocrx_word' id='word_1_228' title='bbox 1050 2840 1183 2895; x_wconf 86' lang='lat' dir='ltr'><strong>Nam</strong></span> <span class='ocrx_word' id='word_1_229' title='bbox 1231 2841 1274 2896; x_wconf 92' lang='lat' dir='ltr'><strong>si</strong></span> <span class='ocrx_word' id='word_1_230' title='bbox 1316 2856 1435 2911; x_wconf 85' lang='lat' dir='ltr'><strong>quae</strong></span> <span class='ocrx_word' id='word_1_231' title='bbox 1463 2855 1493 2894; x_wconf 90' lang='lat' dir='ltr'><strong>a</strong></span> <span class='ocrx_word' id='word_1_232' title='bbox 1527 2854 1652 2910; x_wconf 88' lang='lat' dir='ltr'><strong>rege</strong></span> <span class='ocrx_word' id='word_1_233' title='bbox 1675 2848 1903 2906; x_wconf 90' lang='lat' dir='ltr'><strong>amatur,</strong></span> 
     </span>
    </p>
   </div>
   <div class='ocr_carea' id='block_1_29' title="bbox 324 2931 1906 3005">
    <p class='ocr_par' dir='ltr' id='par_1_29' title="bbox 324 2931 1906 3005">
     <span class='ocr_line' id='line_1_29' title="bbox 324 2931 1906 3005; baseline -0.003 -14"><span class='ocrx_word' id='word_1_234' title='bbox 324 2951 494 3005; x_wconf 87' lang='lat' dir='ltr'><strong>supra</strong></span> <span class='ocrx_word' id='word_1_235' title='bbox 520 2951 702 2990; x_wconf 88' lang='lat' dir='ltr'><strong>omnes</strong></span> <span class='ocrx_word' id='word_1_236' title='bbox 726 2936 881 2991; x_wconf 86' lang='lat' dir='ltr'><strong>beata</strong></span> <span class='ocrx_word' id='word_1_237' title='bbox 910 2933 1122 2989; x_wconf 90' lang='lat' dir='ltr'><strong>ducitur</strong></span> <span class='ocrx_word' id='word_1_238' title='bbox 1146 2950 1160 2989; x_wconf 90' lang='lat'><strong>:</strong></span> <span class='ocrx_word' id='word_1_239' title='bbox 1189 2948 1310 3003; x_wconf 63' lang='lat' dir='ltr'><strong>quae</strong></span> <span class='ocrx_word' id='word_1_240' title='bbox 1340 2948 1371 2987; x_wconf 89' lang='lat' dir='ltr'><strong>a</strong></span> <span class='ocrx_word' id='word_1_241' title='bbox 1401 2932 1512 2987; x_wconf 90' lang='lat' dir='ltr'><strong>Deo</strong></span> <span class='ocrx_word' id='word_1_242' title='bbox 1538 2931 1703 2987; x_wconf 90' lang='lat' dir='ltr'><strong>multo</strong></span> <span class='ocrx_word' id='word_1_243' title='bbox 1722 2945 1906 2987; x_wconf 89' lang='lat' dir='ltr'><strong>amore</strong></span> 
     </span>
    </p>
   </div>
   <div class='ocr_carea' id='block_1_30' title="bbox 323 3022 1905 3097">
    <p class='ocr_par' dir='ltr' id='par_1_30' title="bbox 323 3022 1905 3097">
     <span class='ocr_line' id='line_1_30' title="bbox 323 3022 1905 3097; baseline -0.003 -15"><span class='ocrx_word' id='word_1_244' title='bbox 323 3028 583 3097; x_wconf 78' lang='lat' dir='ltr'><strong>diligitur,</strong></span> <span class='ocrx_word' id='word_1_245' title='bbox 616 3036 810 3097; x_wconf 88' lang='lat' dir='ltr'><strong>quanta</strong></span> <span class='ocrx_word' id='word_1_246' title='bbox 839 3028 942 3083; x_wconf 87' lang='lat' dir='ltr'><strong>erit</strong></span> <span class='ocrx_word' id='word_1_247' title='bbox 968 3027 1085 3096; x_wconf 89' lang='lat' dir='ltr'><strong>ejus</strong></span> <span class='ocrx_word' id='word_1_248' title='bbox 1112 3023 1390 3095; x_wconf 78' lang='lat' dir='ltr'><strong>dignitas?</strong></span> <span class='ocrx_word' id='word_1_249' title='bbox 1436 3022 1660 3078; x_wconf 87' lang='lat' dir='ltr'><strong>Etiamsi</strong></span> <span class='ocrx_word' id='word_1_250' title='bbox 1704 3023 1905 3078; x_wconf 80' lang='lat' dir='ltr'><strong>dixeris</strong></span> 
     </span>
    </p>
   </div>
   <div class='ocr_carea' id='block_1_31' title="bbox 322 3112 1903 3187">
    <p class='ocr_par' dir='ltr' id='par_1_31' title="bbox 322 3112 1903 3187">
     <span class='ocr_line' id='line_1_31' title="bbox 322 3112 1903 3187; baseline -0.001 -17"><span class='ocrx_word' id='word_1_251' title='bbox 322 3116 510 3172; x_wconf 86' lang='lat' dir='ltr'><strong>urbem</strong></span> <span class='ocrx_word' id='word_1_252' title='bbox 554 3125 752 3182; x_wconf 58' lang='lat' dir='ltr'><strong>terra},</strong></span> <span class='ocrx_word' id='word_1_253' title='bbox 802 3116 935 3171; x_wconf 86' lang='lat' dir='ltr'><strong>nihil</strong></span> <span class='ocrx_word' id='word_1_254' title='bbox 966 3117 1071 3172; x_wconf 92' lang='lat' dir='ltr'><strong>erit</strong></span> <span class='ocrx_word' id='word_1_255' title='bbox 1097 3116 1313 3187; x_wconf 90' lang='lat' dir='ltr'><strong>dignum</strong></span> <span class='ocrx_word' id='word_1_256' title='bbox 1358 3114 1446 3169; x_wconf 89' lang='lat' dir='ltr'><strong>illa</strong></span> <span class='ocrx_word' id='word_1_257' title='bbox 1492 3112 1903 3184; x_wconf 87' lang='lat' dir='ltr'><strong>pulchritudine.</strong></span> 
     </span>
    </p>
   </div>
   <div class='ocr_carea' id='block_1_32' title="bbox 326 3206 1907 3278">
    <p class='ocr_par' dir='ltr' id='par_1_32' title="bbox 326 3206 1907 3278">
     <span class='ocr_line' id='line_1_32' title="bbox 326 3206 1907 3278; baseline -0.001 -17"><span class='ocrx_word' id='word_1_258' title='bbox 326 3207 474 3262; x_wconf 82' lang='lat' dir='ltr'><strong>llanc</strong></span> <span class='ocrx_word' id='word_1_259' title='bbox 499 3221 628 3278; x_wconf 89' lang='lat' dir='ltr'><strong>ergo</strong></span> <span class='ocrx_word' id='word_1_260' title='bbox 652 3206 893 3262; x_wconf 89' lang='lat' dir='ltr'><strong>colamus</strong></span> <span class='ocrx_word' id='word_1_261' title='bbox 924 3206 1390 3277; x_wconf 81' lang='lat' dir='ltr'><strong>pulchritudinem,</strong></span> <span class='ocrx_word' id='word_1_262' title='bbox 1414 3206 1516 3261; x_wconf 90' lang='lat' dir='ltr'><strong>hoc</strong></span> <span class='ocrx_word' id='word_1_263' title='bbox 1533 3208 1730 3260; x_wconf 90' lang='lat' dir='ltr'><strong>mundo</strong></span> <span class='ocrx_word' id='word_1_264' title='bbox 1751 3218 1907 3259; x_wconf 85' lang='lat' dir='ltr'><strong>ome-</strong></span> 
     </span>
    </p>
   </div>
   <div class='ocr_carea' id='block_1_33' title="bbox 322 3293 1905 3367">
    <p class='ocr_par' dir='ltr' id='par_1_33' title="bbox 322 3293 1905 3367">
     <span class='ocr_line' id='line_1_33' title="bbox 322 3293 1905 3367; baseline -0.002 -16"><span class='ocrx_word' id='word_1_265' title='bbox 322 3314 461 3359; x_wconf 85' lang='lat' dir='ltr'><strong>mur,</strong></span> <span class='ocrx_word' id='word_1_266' title='bbox 486 3306 545 3352; x_wconf 90' lang='lat' dir='ltr'><strong>ut</strong></span> <span class='ocrx_word' id='word_1_267' title='bbox 571 3297 639 3352; x_wconf 92' lang='lat' dir='ltr'><strong>ad</strong></span> <span class='ocrx_word' id='word_1_268' title='bbox 668 3298 832 3352; x_wconf 77' lang='lat' dir='ltr'><strong>ezelos</strong></span> <span class='ocrx_word' id='word_1_269' title='bbox 859 3298 1248 3367; x_wconf 88' lang='lat' dir='ltr'><strong>perveniamus,</strong></span> <span class='ocrx_word' id='word_1_270' title='bbox 1278 3296 1331 3351; x_wconf 93' lang='lat' dir='ltr'><strong>in</strong></span> <span class='ocrx_word' id='word_1_271' title='bbox 1351 3295 1625 3351; x_wconf 75' lang='lat' dir='ltr'><strong>coenaeula</strong></span> <span class='ocrx_word' id='word_1_272' title='bbox 1655 3293 1905 3365; x_wconf 91' lang='lat' dir='ltr'><strong>spiritua-</strong></span> 
     </span>
    </p>
   </div>
   <div class='ocr_carea' id='block_1_34' title="bbox 322 3383 1901 3457">
    <p class='ocr_par' dir='ltr' id='par_1_34' title="bbox 322 3383 1901 3457">
     <span class='ocr_line' id='line_1_34' title="bbox 322 3383 1901 3457; baseline -0.002 -15"><span class='ocrx_word' id='word_1_273' title='bbox 322 3389 411 3455; x_wconf 85' lang='lat' dir='ltr'><strong>lia,</strong></span> <span class='ocrx_word' id='word_1_274' title='bbox 434 3390 488 3443; x_wconf 93' lang='lat' dir='ltr'><strong>in</strong></span> <span class='ocrx_word' id='word_1_275' title='bbox 508 3387 800 3443; x_wconf 83' lang='lat' dir='ltr'><strong>thalamum</strong></span> <span class='ocrx_word' id='word_1_276' title='bbox 828 3388 1011 3457; x_wconf 79' lang='lat' dir='ltr'><strong>Sponsi</strong></span> <span class='ocrx_word' id='word_1_277' title='bbox 1032 3387 1082 3441; x_wconf 91' lang='lat' dir='ltr'><strong>in</strong></span> <span class='ocrx_word' id='word_1_278' title='bbox 1101 3401 1257 3456; x_wconf 88' lang='lat' dir='ltr'><strong>quem</strong></span> <span class='ocrx_word' id='word_1_279' title='bbox 1276 3384 1450 3440; x_wconf 90' lang='lat' dir='ltr'><strong>nullus</strong></span> <span class='ocrx_word' id='word_1_280' title='bbox 1465 3383 1608 3439; x_wconf 87' lang='lat' dir='ltr'><strong>cadit</strong></span> <span class='ocrx_word' id='word_1_281' title='bbox 1632 3384 1901 3439; x_wconf 90' lang='lat' dir='ltr'><strong>interitus.</strong></span> 
     </span>
    </p>
   </div>
   <div class='ocr_carea' id='block_1_35' title="bbox 321 3476 1900 3550">
    <p class='ocr_par' dir='ltr' id='par_1_35' title="bbox 321 3476 1900 3550">
     <span class='ocr_line' id='line_1_35' title="bbox 321 3476 1900 3550; baseline -0.003 -16"><span class='ocrx_word' id='word_1_282' title='bbox 321 3478 451 3534; x_wconf 79' lang='lat' dir='ltr'><strong>Nam</strong></span> <span class='ocrx_word' id='word_1_283' title='bbox 476 3481 591 3535; x_wconf 69' lang='lat' dir='ltr'><strong>lure</strong></span> <span class='ocrx_word' id='word_1_284' title='bbox 612 3480 827 3550; x_wconf 89' lang='lat' dir='ltr'><strong>quidem</strong></span> <span class='ocrx_word' id='word_1_285' title='bbox 853 3478 1192 3549; x_wconf 88' lang='lat' dir='ltr'><strong>pulchritudo</strong></span> <span class='ocrx_word' id='word_1_286' title='bbox 1209 3477 1275 3532; x_wconf 91' lang='lat' dir='ltr'><strong>ab</strong></span> <span class='ocrx_word' id='word_1_287' title='bbox 1293 3476 1539 3532; x_wconf 91' lang='lat' dir='ltr'><strong>omnibus</strong></span> <span class='ocrx_word' id='word_1_288' title='bbox 1555 3476 1714 3532; x_wconf 88' lang='lat' dir='ltr'><strong>rebus</strong></span> <span class='ocrx_word' id='word_1_289' title='bbox 1729 3491 1900 3546; x_wconf 84' lang='lat' dir='ltr'><strong>expu-</strong></span> 
     </span>
    </p>
   </div>
   <div class='ocr_carea' id='block_1_36' title="bbox 317 3566 1900 3640">
    <p class='ocr_par' dir='ltr' id='par_1_36' title="bbox 317 3566 1900 3640">
     <span class='ocr_line' id='line_1_36' title="bbox 317 3566 1900 3640; baseline -0.003 -16"><span class='ocrx_word' id='word_1_290' title='bbox 317 3582 533 3640; x_wconf 87' lang='lat' dir='ltr'><strong>gnatur,</strong></span> <span class='ocrx_word' id='word_1_291' title='bbox 552 3580 607 3627; x_wconf 90' lang='lat' dir='ltr'><strong>et</strong></span> <span class='ocrx_word' id='word_1_292' title='bbox 631 3569 844 3640; x_wconf 85' lang='lat' dir='ltr'><strong>quando</strong></span> <span class='ocrx_word' id='word_1_293' title='bbox 877 3569 1037 3625; x_wconf 88' lang='lat' dir='ltr'><strong>etiam</strong></span> <span class='ocrx_word' id='word_1_294' title='bbox 1063 3566 1287 3640; x_wconf 89' lang='lat' dir='ltr'><strong>pulchre</strong></span> <span class='ocrx_word' id='word_1_295' title='bbox 1314 3567 1605 3634; x_wconf 87' lang='lat' dir='ltr'><strong>manserit,</strong></span> <span class='ocrx_word' id='word_1_296' title='bbox 1635 3576 1686 3622; x_wconf 88' lang='lat' dir='ltr'><strong>et</strong></span> <span class='ocrx_word' id='word_1_297' title='bbox 1727 3582 1900 3636; x_wconf 90' lang='lat' dir='ltr'><strong>neque</strong></span> 
     </span>
    </p>
   </div>
   <div class='ocr_carea' id='block_1_37' title="bbox 319 3657 1899 3732">
    <p class='ocr_par' dir='ltr' id='par_1_37' title="bbox 319 3657 1899 3732">
     <span class='ocr_line' id='line_1_37' title="bbox 319 3657 1899 3732; baseline -0.004 -15"><span class='ocrx_word' id='word_1_298' title='bbox 319 3664 539 3719; x_wconf 86' lang='lat' dir='ltr'><strong>morbus</strong></span> <span class='ocrx_word' id='word_1_299' title='bbox 557 3679 727 3732; x_wconf 88' lang='lat' dir='ltr'><strong>neque</strong></span> <span class='ocrx_word' id='word_1_300' title='bbox 755 3662 1056 3717; x_wconf 86' lang='lat' dir='ltr'><strong>sollicitudo</strong></span> <span class='ocrx_word' id='word_1_301' title='bbox 1073 3675 1189 3716; x_wconf 91' lang='lat' dir='ltr'><strong>eam</strong></span> <span class='ocrx_word' id='word_1_302' title='bbox 1212 3660 1504 3723; x_wconf 86' lang='lat' dir='ltr'><strong>vexaverit,</strong></span> <span class='ocrx_word' id='word_1_303' title='bbox 1520 3657 1661 3729; x_wconf 90' lang='lat' dir='ltr'><strong>quod</strong></span> <span class='ocrx_word' id='word_1_304' title='bbox 1688 3658 1899 3730; x_wconf 89' lang='lat' dir='ltr'><strong>quidem</strong></span> 
     </span>
    </p>
   </div>
   <div class='ocr_carea' id='block_1_38' title="bbox 322 3748 1903 3823">
    <p class='ocr_par' dir='ltr' id='par_1_38' title="bbox 322 3748 1903 3823">
     <span class='ocr_line' id='line_1_38' title="bbox 322 3748 1903 3823; baseline -0.004 -16"><span class='ocrx_word' id='word_1_305' title='bbox 322 3755 432 3810; x_wconf 87' lang='lat' dir='ltr'><strong>fieri</strong></span> <span class='ocrx_word' id='word_1_306' title='bbox 464 3768 572 3810; x_wconf 91' lang='lat' dir='ltr'><strong>non</strong></span> <span class='ocrx_word' id='word_1_307' title='bbox 602 3763 796 3823; x_wconf 86' lang='lat' dir='ltr'><strong>potest,</strong></span> <span class='ocrx_word' id='word_1_308' title='bbox 823 3768 927 3807; x_wconf 90' lang='lat' dir='ltr'><strong>non</strong></span> <span class='ocrx_word' id='word_1_309' title='bbox 951 3759 1410 3822; x_wconf 88' lang='lat' dir='ltr'><strong>permanetannos</strong></span> <span class='ocrx_word' id='word_1_310' title='bbox 1439 3748 1655 3820; x_wconf 82' lang='lat' dir='ltr'><strong>viginti:</strong></span> <span class='ocrx_word' id='word_1_311' title='bbox 1690 3748 1780 3804; x_wconf 83' lang='lat' dir='ltr'><strong>illa</strong></span> <span class='ocrx_word' id='word_1_312' title='bbox 1806 3765 1903 3804; x_wconf 83' lang='lat' dir='ltr'><strong>au-</strong></span> 
     </span>
    </p>
   </div>
   <div class='ocr_carea' id='block_1_39' title="bbox 320 3840 1903 3916">
    <p class='ocr_par' dir='ltr' id='par_1_39' title="bbox 320 3840 1903 3916">
     <span class='ocr_line' id='line_1_39' title="bbox 320 3840 1903 3916; baseline -0.001 -16"><span class='ocrx_word' id='word_1_313' title='bbox 320 3858 422 3901; x_wconf 90' lang='lat' dir='ltr'><strong>tem</strong></span> <span class='ocrx_word' id='word_1_314' title='bbox 440 3861 657 3916; x_wconf 88' lang='lat' dir='ltr'><strong>semper</strong></span> <span class='ocrx_word' id='word_1_315' title='bbox 675 3845 851 3912; x_wconf 81' lang='lat' dir='ltr'><strong>floret,</strong></span> <span class='ocrx_word' id='word_1_316' title='bbox 874 3860 1088 3914; x_wconf 89' lang='lat' dir='ltr'><strong>semper</strong></span> <span class='ocrx_word' id='word_1_317' title='bbox 1099 3844 1266 3914; x_wconf 85' lang='lat' dir='ltr'><strong>viget:</strong></span> <span class='ocrx_word' id='word_1_318' title='bbox 1288 3858 1390 3896; x_wconf 92' lang='lat' dir='ltr'><strong>non</strong></span> <span class='ocrx_word' id='word_1_319' title='bbox 1410 3850 1492 3898; x_wconf 91' lang='lat' dir='ltr'><strong>est</strong></span> <span class='ocrx_word' id='word_1_320' title='bbox 1513 3843 1619 3897; x_wconf 92' lang='lat' dir='ltr'><strong>illic</strong></span> <span class='ocrx_word' id='word_1_321' title='bbox 1639 3840 1777 3913; x_wconf 90' lang='lat' dir='ltr'><strong>quod</strong></span> <span class='ocrx_word' id='word_1_322' title='bbox 1799 3857 1903 3898; x_wconf 86' lang='lat' dir='ltr'><strong>me-</strong></span> 
     </span>
    </p>
   </div>
   <div class='ocr_carea' id='block_1_40' title="bbox 318 3935 1897 4006">
    <p class='ocr_par' dir='ltr' id='par_1_40' title="bbox 318 3935 1897 4006">
     <span class='ocr_line' id='line_1_40' title="bbox 318 3935 1897 4006; baseline -0.004 -13"><span class='ocrx_word' id='word_1_323' title='bbox 318 3949 435 3994; x_wconf 88' lang='lat' dir='ltr'><strong>tuas</strong></span> <span class='ocrx_word' id='word_1_324' title='bbox 457 3940 834 4006; x_wconf 85' lang='lat' dir='ltr'><strong>mutationem,</strong></span> <span class='ocrx_word' id='word_1_325' title='bbox 857 3952 960 3992; x_wconf 94' lang='lat' dir='ltr'><strong>non</strong></span> <span class='ocrx_word' id='word_1_326' title='bbox 984 3938 1193 3992; x_wconf 90' lang='lat' dir='ltr'><strong>irruens</strong></span> <span class='ocrx_word' id='word_1_327' title='bbox 1208 3945 1453 3992; x_wconf 89' lang='lat' dir='ltr'><strong>senectus</strong></span> <span class='ocrx_word' id='word_1_328' title='bbox 1471 3935 1671 3990; x_wconf 91' lang='lat' dir='ltr'><strong>inducit</strong></span> <span class='ocrx_word' id='word_1_329' title='bbox 1691 3950 1897 4004; x_wconf 82' lang='lat' dir='ltr'><strong>rugam,</strong></span> 
     </span>
    </p>
   </div>
   <div class='ocr_carea' id='block_1_41' title="bbox 318 4027 1898 4103">
    <p class='ocr_par' dir='ltr' id='par_1_41' title="bbox 318 4027 1898 4103">
     <span class='ocr_line' id='line_1_41' title="bbox 318 4027 1898 4103; baseline -0.003 -17"><span class='ocrx_word' id='word_1_330' title='bbox 318 4049 423 4087; x_wconf 91' lang='lat' dir='ltr'><strong>non</strong></span> <span class='ocrx_word' id='word_1_331' title='bbox 451 4033 707 4103; x_wconf 78' lang='lat' dir='ltr'><strong>ingruens</strong></span> <span class='ocrx_word' id='word_1_332' title='bbox 733 4032 953 4086; x_wconf 89' lang='lat' dir='ltr'><strong>morbus</strong></span> <span class='ocrx_word' id='word_1_333' title='bbox 982 4029 1257 4084; x_wconf 85' lang='lat' dir='ltr'><strong>ﬂaccidam</strong></span> <span class='ocrx_word' id='word_1_334' title='bbox 1279 4027 1465 4095; x_wconf 81' lang='lat' dir='ltr'><strong>efficit,</strong></span> <span class='ocrx_word' id='word_1_335' title='bbox 1491 4042 1596 4081; x_wconf 91' lang='lat' dir='ltr'><strong>non</strong></span> <span class='ocrx_word' id='word_1_336' title='bbox 1620 4042 1685 4082; x_wconf 81' lang='lat' dir='ltr'><strong>ex</strong></span> <span class='ocrx_word' id='word_1_337' title='bbox 1707 4027 1898 4081; x_wconf 66' lang='lat' dir='ltr'><strong>anima:</strong></span> 
     </span>
    </p>
   </div>
   <div class='ocr_carea' id='block_1_42' title="bbox 314 4116 1898 4192">
    <p class='ocr_par' dir='ltr' id='par_1_42' title="bbox 314 4116 1898 4192">
     <span class='ocr_line' id='line_1_42' title="bbox 314 4116 1898 4192; baseline -0.003 -16"><span class='ocrx_word' id='word_1_338' title='bbox 314 4121 631 4192; x_wconf 64' lang='lat' dir='ltr'><strong>aegritudine</strong></span> <span class='ocrx_word' id='word_1_339' title='bbox 658 4118 900 4191; x_wconf 86' lang='lat' dir='ltr'><strong>profecta</strong></span> <span class='ocrx_word' id='word_1_340' title='bbox 929 4135 1054 4175; x_wconf 90' lang='lat' dir='ltr'><strong>cura</strong></span> <span class='ocrx_word' id='word_1_341' title='bbox 1081 4134 1200 4174; x_wconf 89' lang='lat' dir='ltr'><strong>eam</strong></span> <span class='ocrx_word' id='word_1_342' title='bbox 1232 4119 1557 4188; x_wconf 84' lang='lat' dir='ltr'><strong>corrumpit;</strong></span> <span class='ocrx_word' id='word_1_343' title='bbox 1583 4118 1677 4172; x_wconf 91' lang='lat' dir='ltr'><strong>sed</strong></span> <span class='ocrx_word' id='word_1_344' title='bbox 1703 4127 1785 4173; x_wconf 90' lang='lat' dir='ltr'><strong>est</strong></span> <span class='ocrx_word' id='word_1_345' title='bbox 1816 4116 1898 4172; x_wconf 92' lang='lat' dir='ltr'><strong>his</strong></span> 
     </span>
    </p>
   </div>
   <div class='ocr_carea' id='block_1_43' title="bbox 314 4206 1898 4281">
    <p class='ocr_par' dir='ltr' id='par_1_43' title="bbox 314 4206 1898 4281">
     <span class='ocr_line' id='line_1_43' title="bbox 314 4206 1898 4281; baseline -0.003 -14"><span class='ocrx_word' id='word_1_346' title='bbox 314 4213 567 4268; x_wconf 89' lang='lat' dir='ltr'><strong>omnibus</strong></span> <span class='ocrx_word' id='word_1_347' title='bbox 596 4209 866 4281; x_wconf 88' lang='lat' dir='ltr'><strong>superior.</strong></span> <span class='ocrx_word' id='word_1_348' title='bbox 897 4209 1022 4264; x_wconf 69' lang='lat' dir='ltr'><strong>lla2c</strong></span> <span class='ocrx_word' id='word_1_349' title='bbox 1056 4218 1233 4263; x_wconf 88' lang='lat' dir='ltr'><strong>autem</strong></span> <span class='ocrx_word' id='word_1_350' title='bbox 1261 4207 1565 4278; x_wconf 89' lang='lat' dir='ltr'><strong>priusquam</strong></span> <span class='ocrx_word' id='word_1_351' title='bbox 1593 4206 1898 4277; x_wconf 88' lang='lat' dir='ltr'><strong>apparuerit</strong></span> 
     </span>
    </p>
   </div>
   <div class='ocr_carea' id='block_1_44' title="bbox 315 4297 1894 4371">
    <p class='ocr_par' dir='ltr' id='par_1_44' title="bbox 315 4297 1894 4371">
     <span class='ocr_line' id='line_1_44' title="bbox 315 4297 1894 4371; baseline -0.004 -13"><span class='ocrx_word' id='word_1_352' title='bbox 315 4305 520 4361; x_wconf 87' lang='lat' dir='ltr'><strong>recedit</strong></span> <span class='ocrx_word' id='word_1_353' title='bbox 544 4320 560 4368; x_wconf 90' lang='lat'><strong>;</strong></span> <span class='ocrx_word' id='word_1_354' title='bbox 583 4312 639 4361; x_wconf 89' lang='lat' dir='ltr'><strong>et</strong></span> <span class='ocrx_word' id='word_1_355' title='bbox 665 4318 785 4357; x_wconf 90' lang='lat' dir='ltr'><strong>cum</strong></span> <span class='ocrx_word' id='word_1_356' title='bbox 814 4301 1141 4371; x_wconf 84' lang='lat' dir='ltr'><strong>apparuerit,</strong></span> <span class='ocrx_word' id='word_1_357' title='bbox 1174 4315 1279 4353; x_wconf 91' lang='lat' dir='ltr'><strong>non</strong></span> <span class='ocrx_word' id='word_1_358' title='bbox 1313 4300 1507 4354; x_wconf 92' lang='lat' dir='ltr'><strong>multos</strong></span> <span class='ocrx_word' id='word_1_359' title='bbox 1534 4298 1694 4353; x_wconf 89' lang='lat' dir='ltr'><strong>habet</strong></span> <span class='ocrx_word' id='word_1_360' title='bbox 1721 4297 1894 4352; x_wconf 86' lang='lat' dir='ltr'><strong>admi-</strong></span> 
     </span>
    </p>
   </div>
   <div class='ocr_carea' id='block_1_45' title="bbox 313 4388 1893 4461">
    <p class='ocr_par' dir='ltr' id='par_1_45' title="bbox 313 4388 1893 4461">
     <span class='ocr_line' id='line_1_45' title="bbox 313 4388 1893 4461; baseline -0.003 -12"><span class='ocrx_word' id='word_1_361' title='bbox 313 4405 546 4450; x_wconf 87' lang='lat' dir='ltr'><strong>ratores.</strong></span> <span class='ocrx_word' id='word_1_362' title='bbox 578 4392 711 4448; x_wconf 82' lang='lat' dir='ltr'><strong>Nam</strong></span> <span class='ocrx_word' id='word_1_363' title='bbox 744 4392 835 4461; x_wconf 89' lang='lat' dir='ltr'><strong>qui</strong></span> <span class='ocrx_word' id='word_1_364' title='bbox 867 4399 995 4447; x_wconf 91' lang='lat' dir='ltr'><strong>sunt</strong></span> <span class='ocrx_word' id='word_1_365' title='bbox 1027 4388 1254 4446; x_wconf 89' lang='lat' dir='ltr'><strong>modesti</strong></span> <span class='ocrx_word' id='word_1_366' title='bbox 1275 4398 1327 4445; x_wconf 92' lang='lat' dir='ltr'><strong>et</strong></span> <span class='ocrx_word' id='word_1_367' title='bbox 1360 4397 1738 4459; x_wconf 88' lang='lat' dir='ltr'><strong>temperantes,</strong></span> <span class='ocrx_word' id='word_1_368' title='bbox 1786 4405 1893 4444; x_wconf 89' lang='lat' dir='ltr'><strong>non</strong></span> 
     </span>
    </p>
   </div>
   <div class='ocr_carea' id='block_1_46' title="bbox 313 4478 1894 4551">
    <p class='ocr_par' dir='ltr' id='par_1_46' title="bbox 313 4478 1894 4551">
     <span class='ocr_line' id='line_1_46' title="bbox 313 4478 1894 4551; baseline -0.003 -14"><span class='ocrx_word' id='word_1_369' title='bbox 313 4484 682 4547; x_wconf 86' lang='lat' dir='ltr'><strong>admirantur;</strong></span> <span class='ocrx_word' id='word_1_370' title='bbox 705 4483 797 4551; x_wconf 88' lang='lat' dir='ltr'><strong>qui</strong></span> <span class='ocrx_word' id='word_1_371' title='bbox 821 4492 998 4537; x_wconf 89' lang='lat' dir='ltr'><strong>autem</strong></span> <span class='ocrx_word' id='word_1_372' title='bbox 1021 4480 1375 4547; x_wconf 85' lang='lat' dir='ltr'><strong>admirantur,</strong></span> <span class='ocrx_word' id='word_1_373' title='bbox 1403 4494 1523 4534; x_wconf 90' lang='lat' dir='ltr'><strong>cum</strong></span> <span class='ocrx_word' id='word_1_374' title='bbox 1555 4478 1776 4534; x_wconf 89' lang='lat' dir='ltr'><strong>libidine</strong></span> <span class='ocrx_word' id='word_1_375' title='bbox 1795 4479 1894 4533; x_wconf 89' lang='lat' dir='ltr'><strong>ad-</strong></span> 
     </span>
    </p>
   </div>
   <div class='ocr_carea' id='block_1_47' title="bbox 314 4571 1893 4646">
    <p class='ocr_par' dir='ltr' id='par_1_47' title="bbox 314 4571 1893 4646">
     <span class='ocr_line' id='line_1_47' title="bbox 314 4571 1893 4646; baseline -0.006 -11"><span class='ocrx_word' id='word_1_376' title='bbox 314 4580 595 4636; x_wconf 80' lang='lat' dir='ltr'><strong>mirantur.</strong></span> <span class='ocrx_word' id='word_1_377' title='bbox 629 4576 708 4632; x_wconf 87' lang='lat' dir='ltr'><strong>Ne</strong></span> <span class='ocrx_word' id='word_1_378' title='bbox 738 4577 876 4631; x_wconf 88' lang='lat' dir='ltr'><strong>hanc</strong></span> <span class='ocrx_word' id='word_1_379' title='bbox 901 4590 1030 4646; x_wconf 88' lang='lat' dir='ltr'><strong>ergo</strong></span> <span class='ocrx_word' id='word_1_380' title='bbox 1051 4575 1310 4637; x_wconf 88' lang='lat' dir='ltr'><strong>colamus,</strong></span> <span class='ocrx_word' id='word_1_381' title='bbox 1343 4573 1436 4628; x_wconf 93' lang='lat' dir='ltr'><strong>sed</strong></span> <span class='ocrx_word' id='word_1_382' title='bbox 1468 4572 1611 4627; x_wconf 90' lang='lat' dir='ltr'><strong>illam</strong></span> <span class='ocrx_word' id='word_1_383' title='bbox 1650 4589 1663 4624; x_wconf 90' lang='lat'><strong>:</strong></span> <span class='ocrx_word' id='word_1_384' title='bbox 1694 4571 1768 4625; x_wconf 92' lang='lat' dir='ltr'><strong>illi</strong></span> <span class='ocrx_word' id='word_1_385' title='bbox 1795 4571 1893 4626; x_wconf 87' lang='lat' dir='ltr'><strong>ad-</strong></span> 
     </span>
    </p>
   </div>
   <div class='ocr_carea' id='block_1_48' title="bbox 318 4663 1893 4736">
    <p class='ocr_par' dir='ltr' id='par_1_48' title="bbox 318 4663 1893 4736">
     <span class='ocr_line' id='line_1_48' title="bbox 318 4663 1893 4736; baseline -0.001 -16"><span class='ocrx_word' id='word_1_386' title='bbox 318 4669 657 4733; x_wconf 76' lang='lat' dir='ltr'><strong>lizereamus,</strong></span> <span class='ocrx_word' id='word_1_387' title='bbox 705 4677 763 4720; x_wconf 93' lang='lat' dir='ltr'><strong>ut</strong></span> <span class='ocrx_word' id='word_1_388' title='bbox 804 4682 924 4720; x_wconf 90' lang='lat' dir='ltr'><strong>cum</strong></span> <span class='ocrx_word' id='word_1_389' title='bbox 969 4666 1242 4736; x_wconf 61' lang='lat' dir='ltr'><strong>praeclaris</strong></span> <span class='ocrx_word' id='word_1_390' title='bbox 1269 4664 1597 4734; x_wconf 87' lang='lat' dir='ltr'><strong>lampadibus</strong></span> <span class='ocrx_word' id='word_1_391' title='bbox 1628 4664 1679 4717; x_wconf 92' lang='lat' dir='ltr'><strong>in</strong></span> <span class='ocrx_word' id='word_1_392' title='bbox 1712 4663 1893 4733; x_wconf 80' lang='lat' dir='ltr'><strong>Sponsi</strong></span> 
     </span>
    </p>
   </div>
   <div class='ocr_carea' id='block_1_49' title="bbox 314 4755 1894 4826">
    <p class='ocr_par' dir='ltr' id='par_1_49' title="bbox 314 4755 1894 4826">
     <span class='ocr_line' id='line_1_49' title="bbox 314 4755 1894 4826; baseline -0.003 -13"><span class='ocrx_word' id='word_1_393' title='bbox 314 4760 607 4813; x_wconf 86' lang='lat' dir='ltr'><strong>thalamum</strong></span> <span class='ocrx_word' id='word_1_394' title='bbox 634 4758 932 4813; x_wconf 85' lang='lat' dir='ltr'><strong>veniamus.</strong></span> <span class='ocrx_word' id='word_1_395' title='bbox 970 4755 1083 4810; x_wconf 83' lang='lat' dir='ltr'><strong>Non</strong></span> <span class='ocrx_word' id='word_1_396' title='bbox 1110 4756 1252 4810; x_wconf 90' lang='lat' dir='ltr'><strong>enim</strong></span> <span class='ocrx_word' id='word_1_397' title='bbox 1281 4755 1572 4826; x_wconf 80' lang='lat' dir='ltr'><strong>virginibus</strong></span> <span class='ocrx_word' id='word_1_398' title='bbox 1608 4756 1779 4809; x_wconf 91' lang='lat' dir='ltr'><strong>solum</strong></span> <span class='ocrx_word' id='word_1_399' title='bbox 1812 4762 1894 4809; x_wconf 90' lang='lat' dir='ltr'><strong>est</strong></span> 
     </span>
    </p>
   </div>
   <div class='ocr_carea' id='block_1_50' title="bbox 315 4845 1888 4919">
    <p class='ocr_par' dir='ltr' id='par_1_50' title="bbox 315 4845 1888 4919">
     <span class='ocr_line' id='line_1_50' title="bbox 315 4845 1888 4919; baseline -0.002 -16"><span class='ocrx_word' id='word_1_400' title='bbox 315 4850 415 4903; x_wconf 82' lang='lat' dir='ltr'><strong>hoc</strong></span> <span class='ocrx_word' id='word_1_401' title='bbox 469 4849 795 4919; x_wconf 89' lang='lat' dir='ltr'><strong>promissum</strong></span> <span class='ocrx_word' id='word_1_402' title='bbox 816 4888 832 4913; x_wconf 90' lang='lat'><strong>,</strong></span> <span class='ocrx_word' id='word_1_403' title='bbox 879 4845 974 4901; x_wconf 89' lang='lat' dir='ltr'><strong>sed</strong></span> <span class='ocrx_word' id='word_1_404' title='bbox 1002 4845 1283 4899; x_wconf 90' lang='lat' dir='ltr'><strong>animabus</strong></span> <span class='ocrx_word' id='word_1_405' title='bbox 1311 4862 1427 4915; x_wconf 65' lang='lat' dir='ltr'><strong>qua:</strong></span> <span class='ocrx_word' id='word_1_406' title='bbox 1462 4855 1585 4899; x_wconf 88' lang='lat' dir='ltr'><strong>sunt</strong></span> <span class='ocrx_word' id='word_1_407' title='bbox 1613 4846 1844 4916; x_wconf 80' lang='lat' dir='ltr'><strong>virgines</strong></span> <span class='ocrx_word' id='word_1_408' title='bbox 1875 4864 1888 4900; x_wconf 95' lang='lat'><strong>:</strong></span> 
     </span>
    </p>
   </div>
   <div class='ocr_carea' id='block_1_51' title="bbox 310 4937 1892 5009">
    <p class='ocr_par' dir='ltr' id='par_1_51' title="bbox 310 4937 1892 5009">
     <span class='ocr_line' id='line_1_51' title="bbox 310 4937 1892 5009; baseline -0.003 -14"><span class='ocrx_word' id='word_1_409' title='bbox 310 4957 431 4995; x_wconf 85' lang='lat' dir='ltr'><strong>nam</strong></span> <span class='ocrx_word' id='word_1_410' title='bbox 456 4943 501 4996; x_wconf 90' lang='lat' dir='ltr'><strong>si</strong></span> <span class='ocrx_word' id='word_1_411' title='bbox 526 4942 629 4995; x_wconf 93' lang='lat' dir='ltr'><strong>hoc</strong></span> <span class='ocrx_word' id='word_1_412' title='bbox 657 4950 803 4995; x_wconf 90' lang='lat' dir='ltr'><strong>esset</strong></span> <span class='ocrx_word' id='word_1_413' title='bbox 828 4940 1092 5009; x_wconf 88' lang='lat' dir='ltr'><strong>virginum</strong></span> <span class='ocrx_word' id='word_1_414' title='bbox 1118 4947 1342 5003; x_wconf 90' lang='lat' dir='ltr'><strong>tantum,</strong></span> <span class='ocrx_word' id='word_1_415' title='bbox 1370 4938 1603 5008; x_wconf 89' lang='lat' dir='ltr'><strong>quinque</strong></span> <span class='ocrx_word' id='word_1_416' title='bbox 1629 4952 1733 4992; x_wconf 90' lang='lat' dir='ltr'><strong>non</strong></span> <span class='ocrx_word' id='word_1_417' title='bbox 1762 4937 1892 4991; x_wconf 84' lang='lat' dir='ltr'><strong>fuis-</strong></span> 
     </span>
    </p>
   </div>
   <div class='ocr_carea' id='block_1_52' title="bbox 311 5029 1890 5100">
    <p class='ocr_par' dir='ltr' id='par_1_52' title="bbox 311 5029 1890 5100">
     <span class='ocr_line' id='line_1_52' title="bbox 311 5029 1890 5100; baseline 0 -16"><span class='ocrx_word' id='word_1_418' title='bbox 311 5042 429 5085; x_wconf 77' lang='lat' dir='ltr'><strong>sent</strong></span> <span class='ocrx_word' id='word_1_419' title='bbox 454 5033 706 5087; x_wconf 72' lang='lat' dir='ltr'><strong>exclusm.</strong></span> <span class='ocrx_word' id='word_1_420' title='bbox 753 5029 864 5084; x_wconf 84' lang='lat' dir='ltr'><strong>lloc</strong></span> <span class='ocrx_word' id='word_1_421' title='bbox 894 5045 1020 5100; x_wconf 87' lang='lat' dir='ltr'><strong>ergo</strong></span> <span class='ocrx_word' id='word_1_422' title='bbox 1046 5038 1129 5084; x_wconf 91' lang='lat' dir='ltr'><strong>est</strong></span> <span class='ocrx_word' id='word_1_423' title='bbox 1153 5029 1389 5086; x_wconf 90' lang='lat' dir='ltr'><strong>omnium</strong></span> <span class='ocrx_word' id='word_1_424' title='bbox 1419 5045 1537 5099; x_wconf 74' lang='lat' dir='ltr'><strong>qum</strong></span> <span class='ocrx_word' id='word_1_425' title='bbox 1563 5038 1688 5084; x_wconf 90' lang='lat' dir='ltr'><strong>sunt</strong></span> <span class='ocrx_word' id='word_1_426' title='bbox 1715 5030 1890 5084; x_wconf 87' lang='lat' dir='ltr'><strong>anima</strong></span> 
     </span>
    </p>
   </div>
   <div class='ocr_carea' id='block_1_53' title="bbox 309 5118 1889 5194">
    <p class='ocr_par' dir='ltr' id='par_1_53' title="bbox 309 5118 1889 5194">
     <span class='ocr_line' id='line_1_53' title="bbox 309 5118 1889 5194; baseline -0.001 -19"><span class='ocrx_word' id='word_1_427' title='bbox 309 5123 560 5194; x_wconf 81' lang='lat' dir='ltr'><strong>virgines,</strong></span> <span class='ocrx_word' id='word_1_428' title='bbox 594 5137 715 5194; x_wconf 67' lang='lat' dir='ltr'><strong>qua:</strong></span> <span class='ocrx_word' id='word_1_429' title='bbox 745 5131 870 5178; x_wconf 92' lang='lat' dir='ltr'><strong>sunt</strong></span> <span class='ocrx_word' id='word_1_430' title='bbox 901 5121 1139 5178; x_wconf 80' lang='lat' dir='ltr'><strong>liberata:</strong></span> <span class='ocrx_word' id='word_1_431' title='bbox 1164 5120 1233 5175; x_wconf 90' lang='lat' dir='ltr'><strong>ab</strong></span> <span class='ocrx_word' id='word_1_432' title='bbox 1260 5119 1421 5190; x_wconf 85' lang='lat' dir='ltr'><strong>hujus</strong></span> <span class='ocrx_word' id='word_1_433' title='bbox 1446 5119 1564 5176; x_wconf 72' lang='lat' dir='ltr'><strong>vita:</strong></span> <span class='ocrx_word' id='word_1_434' title='bbox 1611 5118 1889 5188; x_wconf 89' lang='lat' dir='ltr'><strong>cogitatio-</strong></span> 
     </span>
    </p>
   </div>
   <div class='ocr_carea' id='block_1_54' title="bbox 1041 344 2755 421">
    <p class='ocr_par' dir='ltr' id='par_1_54' title="bbox 1041 344 2755 421">
     <span class='ocr_line' id='line_1_54' title="bbox 1041 344 2755 421; baseline 0.012 -21"><span class='ocrx_word' id='word_1_435' title='bbox 1041 344 1106 402; x_wconf 86' lang='lat' dir='ltr'><strong>lN</strong></span> <span class='ocrx_word' id='word_1_436' title='bbox 1144 346 1360 403; x_wconf 81' lang='lat' dir='ltr'><strong>EPIST.</strong></span> <span class='ocrx_word' id='word_1_437' title='bbox 1393 350 1480 405; x_wconf 79' lang='lat' dir='ltr'><strong>AD</strong></span> <span class='ocrx_word' id='word_1_438' title='bbox 1520 349 1873 411; x_wconf 69' lang='grc' dir='ltr'><strong>ιιΕΒιιΑεοδ.</strong></span> <span class='ocrx_word' id='word_1_439' title='bbox 1917 356 2067 413; x_wconf 76' lang='lat' dir='ltr'><strong>CAP.</strong></span> <span class='ocrx_word' id='word_1_440' title='bbox 2102 358 2216 415; x_wconf 77' lang='lat' dir='ltr'><strong>Xll.</strong></span> <span class='ocrx_word' id='word_1_441' title='bbox 2260 363 2489 420; x_wconf 80' lang='lat' dir='ltr'><strong>ilOMlL.</strong></span> <span class='ocrx_word' id='word_1_442' title='bbox 2527 364 2755 421; x_wconf 74' lang='lat' dir='ltr'><strong>XXVllf.</strong></span> 
     </span>
    </p>
   </div>
   <div class='ocr_carea' id='block_1_55' title="bbox 3456 372 3572 427">
    <p class='ocr_par' dir='ltr' id='par_1_55' title="bbox 3456 372 3572 427">
     <span class='ocr_line' id='line_1_55' title="bbox 3456 372 3572 427; baseline -0.034 1"><span class='ocrx_word' id='word_1_443' title='bbox 3456 372 3572 427; x_wconf 65' lang='lat'><strong>20.1</strong></span> 
     </span>
    </p>
   </div>
   <div class='ocr_carea' id='block_1_56' title="bbox 1990 470 3562 543">
    <p class='ocr_par' dir='ltr' id='par_1_56' title="bbox 1990 470 3562 543">
     <span class='ocr_line' id='line_1_56' title="bbox 1990 470 3562 543; baseline 0.004 -18"><span class='ocrx_word' id='word_1_444' title='bbox 1990 470 2183 526; x_wconf 89' lang='lat' dir='ltr'><strong>nibus:</strong></span> <span class='ocrx_word' id='word_1_445' title='bbox 2216 481 2564 542; x_wconf 89' lang='lat' dir='ltr'><strong>corrumpunt</strong></span> <span class='ocrx_word' id='word_1_446' title='bbox 2586 473 2729 528; x_wconf 84' lang='lat' dir='ltr'><strong>cnim</strong></span> <span class='ocrx_word' id='word_1_447' title='bbox 2758 472 2963 527; x_wconf 84' lang='lat' dir='ltr'><strong>animas</strong></span> <span class='ocrx_word' id='word_1_448' title='bbox 2997 470 3079 527; x_wconf 78' lang='lat' dir='ltr'><strong>lue</strong></span> <span class='ocrx_word' id='word_1_449' title='bbox 3105 472 3471 543; x_wconf 86' lang='lat' dir='ltr'><strong>cogitationes.</strong></span> <span class='ocrx_word' id='word_1_450' title='bbox 3508 479 3562 531; x_wconf 83' lang='lat' dir='ltr'><strong>Si</strong></span> 
     </span>
    </p>
   </div>
   <div class='ocr_carea' id='block_1_57' title="bbox 1983 562 3566 635">
    <p class='ocr_par' dir='ltr' id='par_1_57' title="bbox 1983 562 3566 635">
     <span class='ocr_line' id='line_1_57' title="bbox 1983 562 3566 635; baseline 0.003 -17"><span class='ocrx_word' id='word_1_451' title='bbox 1983 576 2112 632; x_wconf 86' lang='lat' dir='ltr'><strong>ergo</strong></span> <span class='ocrx_word' id='word_1_452' title='bbox 2133 578 2444 619; x_wconf 90' lang='lat' dir='ltr'><strong>maneamus</strong></span> <span class='ocrx_word' id='word_1_453' title='bbox 2465 565 2653 635; x_wconf 88' lang='lat' dir='ltr'><strong>integri</strong></span> <span class='ocrx_word' id='word_1_454' title='bbox 2677 572 2732 620; x_wconf 91' lang='lat' dir='ltr'><strong>et</strong></span> <span class='ocrx_word' id='word_1_455' title='bbox 2757 562 2975 630; x_wconf 83' lang='lat' dir='ltr'><strong>sinceri,</strong></span> <span class='ocrx_word' id='word_1_456' title='bbox 2998 563 3121 618; x_wconf 90' lang='lat' dir='ltr'><strong>illuc</strong></span> <span class='ocrx_word' id='word_1_457' title='bbox 3140 563 3352 631; x_wconf 89' lang='lat' dir='ltr'><strong>ibimus,</strong></span> <span class='ocrx_word' id='word_1_458' title='bbox 3380 574 3433 620; x_wconf 89' lang='lat' dir='ltr'><strong>et</strong></span> <span class='ocrx_word' id='word_1_459' title='bbox 3461 567 3566 623; x_wconf 85' lang='lat' dir='ltr'><strong>illic</strong></span> 
     </span>
    </p>
   </div>
   <div class='ocr_carea' id='block_1_58' title="bbox 1980 655 2327 723">
    <p class='ocr_par' dir='ltr' id='par_1_58' title="bbox 1980 655 2327 723">
     <span class='ocr_line' id='line_1_58' title="bbox 1980 655 2327 723; baseline 0.003 -13"><span class='ocrx_word' id='word_1_460' title='bbox 1980 655 2327 723; x_wconf 76' lang='lat' dir='ltr'><strong>excipientur.</strong></span> 
     </span>
    </p>
   </div>
   <div class='ocr_carea' id='block_1_59' title="bbox 2062 737 3553 813">
    <p class='ocr_par' dir='ltr' id='par_1_59' title="bbox 2062 737 3553 813">
     <span class='ocr_line' id='line_1_59' title="bbox 2062 737 3553 813; baseline -0.003 -18"><span class='ocrx_word' id='word_1_461' title='bbox 2062 742 2333 813; x_wconf 76' lang='lat' dir='ltr'><strong>Virginitas</strong></span> <span class='ocrx_word' id='word_1_462' title='bbox 2374 758 2487 795; x_wconf 82' lang='lat' dir='ltr'><strong>vera</strong></span> <span class='ocrx_word' id='word_1_463' title='bbox 2521 756 2652 811; x_wconf 74' lang='lat' dir='ltr'><strong>qum.</strong></span> <span class='ocrx_word' id='word_1_464' title='bbox 2674 770 2745 780; x_wconf 92' lang='lat'><strong>-</strong></span> <span class='ocrx_word' id='word_1_465' title='bbox 2768 737 3026 810; x_wconf 82' lang='lat' dir='ltr'><strong>Despondi</strong></span> <span class='ocrx_word' id='word_1_466' title='bbox 3053 737 3185 793; x_wconf 84' lang='lat' dir='ltr'><strong>enim</strong></span> <span class='ocrx_word' id='word_1_467' title='bbox 3212 751 3329 802; x_wconf 75' lang='lat' dir='ltr'><strong>vos,</strong></span> <span class='ocrx_word' id='word_1_468' title='bbox 3362 737 3553 807; x_wconf 88' lang='lat' dir='ltr'><strong>inquit,</strong></span> 
     </span>
    </p>
   </div>
   <div class='ocr_carea' id='block_1_60' title="bbox 1979 828 3554 905">
    <p class='ocr_par' dir='ltr' id='par_1_60' title="bbox 1979 828 3554 905">
     <span class='ocr_line' id='line_1_60' title="bbox 1979 828 3554 905; baseline -0.004 -17"><span class='ocrx_word' id='word_1_469' title='bbox 1979 835 2066 888; x_wconf 87' lang='lat' dir='ltr'><strong>uni</strong></span> <span class='ocrx_word' id='word_1_470' title='bbox 2095 835 2221 902; x_wconf 86' lang='lat' dir='ltr'><strong>viro,</strong></span> <span class='ocrx_word' id='word_1_471' title='bbox 2249 834 2495 905; x_wconf 83' lang='lat' dir='ltr'><strong>virginem</strong></span> <span class='ocrx_word' id='word_1_472' title='bbox 2523 841 2710 886; x_wconf 83' lang='lat' dir='ltr'><strong>castam</strong></span> <span class='ocrx_word' id='word_1_473' title='bbox 2739 831 2971 885; x_wconf 74' lang='lat' dir='ltr'><strong>exhibere</strong></span> <span class='ocrx_word' id='word_1_474' title='bbox 2998 828 3197 885; x_wconf 71' lang='lat' dir='ltr'><strong>Christo</strong></span> <span class='ocrx_word' id='word_1_475' title='bbox 3224 828 3300 900; x_wconf 75' lang='lat'><strong>(2.</strong></span> <span class='ocrx_word' id='word_1_476' title='bbox 3323 828 3445 883; x_wconf 80' lang='lat' dir='ltr'><strong>Cor.</strong></span> <span class='ocrx_word' id='word_1_477' title='bbox 3466 829 3554 882; x_wconf 76' lang='lat' dir='ltr'><strong>il.</strong></span> 
     </span>
    </p>
   </div>
   <div class='ocr_carea' id='block_1_61' title="bbox 1976 918 3556 995">
    <p class='ocr_par' dir='ltr' id='par_1_61' title="bbox 1976 918 3556 995">
     <span class='ocr_line' id='line_1_61' title="bbox 1976 918 3556 995; baseline -0.004 -16"><span class='ocrx_word' id='word_1_478' title='bbox 1976 926 2058 995; x_wconf 72' lang='lat'><strong>2).</strong></span> <span class='ocrx_word' id='word_1_479' title='bbox 2107 924 2232 980; x_wconf 73' lang='lat' dir='ltr'><strong>Hmc</strong></span> <span class='ocrx_word' id='word_1_480' title='bbox 2257 940 2361 978; x_wconf 88' lang='lat' dir='ltr'><strong>non</strong></span> <span class='ocrx_word' id='word_1_481' title='bbox 2389 924 2603 978; x_wconf 87' lang='lat' dir='ltr'><strong>dicebat</strong></span> <span class='ocrx_word' id='word_1_482' title='bbox 2635 920 2952 992; x_wconf 84' lang='lat' dir='ltr'><strong>virginibus,</strong></span> <span class='ocrx_word' id='word_1_483' title='bbox 2981 919 3076 975; x_wconf 89' lang='lat' dir='ltr'><strong>sed</strong></span> <span class='ocrx_word' id='word_1_484' title='bbox 3101 920 3263 975; x_wconf 74' lang='grc' dir='ltr'><strong>οωιυὶ</strong></span> <span class='ocrx_word' id='word_1_485' title='bbox 3293 918 3556 974; x_wconf 70' lang='lat' dir='ltr'><strong>universa)</strong></span> 
     </span>
    </p>
   </div>
   <div class='ocr_carea' id='block_1_62' title="bbox 1965 1012 3555 1085">
    <p class='ocr_par' dir='ltr' id='par_1_62' title="bbox 1965 1012 3555 1085">
     <span class='ocr_line' id='line_1_62' title="bbox 1965 1012 3555 1085; baseline -0.004 -13"><span class='ocrx_word' id='word_1_486' title='bbox 1965 1015 2239 1072; x_wconf 58' lang='lat' dir='ltr'><strong>Ecclesia}.</strong></span> <span class='ocrx_word' id='word_1_487' title='bbox 2293 1015 2426 1070; x_wconf 83' lang='lat' dir='ltr'><strong>Nam</strong></span> <span class='ocrx_word' id='word_1_488' title='bbox 2476 1014 2627 1085; x_wconf 90' lang='lat' dir='ltr'><strong>cujus</strong></span> <span class='ocrx_word' id='word_1_489' title='bbox 2666 1023 2748 1068; x_wconf 90' lang='lat' dir='ltr'><strong>est</strong></span> <span class='ocrx_word' id='word_1_490' title='bbox 2790 1013 2968 1067; x_wconf 90' lang='lat' dir='ltr'><strong>anima</strong></span> <span class='ocrx_word' id='word_1_491' title='bbox 2998 1012 3327 1081; x_wconf 89' lang='lat' dir='ltr'><strong>incorrupta,</strong></span> <span class='ocrx_word' id='word_1_492' title='bbox 3372 1026 3435 1066; x_wconf 89' lang='lat' dir='ltr'><strong>ea</strong></span> <span class='ocrx_word' id='word_1_493' title='bbox 3474 1021 3555 1066; x_wconf 85' lang='lat' dir='ltr'><strong>est</strong></span> 
     </span>
    </p>
   </div>
   <div class='ocr_carea' id='block_1_63' title="bbox 1978 1104 3555 1181">
    <p class='ocr_par' dir='ltr' id='par_1_63' title="bbox 1978 1104 3555 1181">
     <span class='ocr_line' id='line_1_63' title="bbox 1978 1104 3555 1181; baseline -0.003 -19"><span class='ocrx_word' id='word_1_494' title='bbox 1978 1111 2150 1181; x_wconf 88' lang='lat' dir='ltr'><strong>virgo,</strong></span> <span class='ocrx_word' id='word_1_495' title='bbox 2176 1108 2276 1165; x_wconf 87' lang='lat' dir='ltr'><strong>etsi</strong></span> <span class='ocrx_word' id='word_1_496' title='bbox 2303 1106 2463 1162; x_wconf 88' lang='lat' dir='ltr'><strong>habet</strong></span> <span class='ocrx_word' id='word_1_497' title='bbox 2507 1105 2786 1169; x_wconf 89' lang='lat' dir='ltr'><strong>maritum;</strong></span> <span class='ocrx_word' id='word_1_498' title='bbox 2820 1105 2990 1174; x_wconf 88' lang='lat' dir='ltr'><strong>virgo,</strong></span> <span class='ocrx_word' id='word_1_499' title='bbox 3015 1104 3252 1173; x_wconf 89' lang='lat' dir='ltr'><strong>inquam,</strong></span> <span class='ocrx_word' id='word_1_500' title='bbox 3281 1117 3402 1157; x_wconf 90' lang='lat' dir='ltr'><strong>cum</strong></span> <span class='ocrx_word' id='word_1_501' title='bbox 3431 1118 3555 1158; x_wconf 84' lang='lat' dir='ltr'><strong>vera</strong></span> 
     </span>
    </p>
   </div>
   <div class='ocr_carea' id='block_1_64' title="bbox 1980 1195 3558 1270">
    <p class='ocr_par' dir='ltr' id='par_1_64' title="bbox 1980 1195 3558 1270">
     <span class='ocr_line' id='line_1_64' title="bbox 1980 1195 3558 1270; baseline -0.004 -16"><span class='ocrx_word' id='word_1_502' title='bbox 1980 1200 2368 1270; x_wconf 79' lang='lat' dir='ltr'><strong>virginitate,et</strong></span> <span class='ocrx_word' id='word_1_503' title='bbox 2382 1196 2693 1252; x_wconf 88' lang='lat' dir='ltr'><strong>admiranda</strong></span> <span class='ocrx_word' id='word_1_504' title='bbox 2715 1213 2728 1251; x_wconf 92' lang='lat'>:</span> <span class='ocrx_word' id='word_1_505' title='bbox 2750 1212 2873 1251; x_wconf 88' lang='lat' dir='ltr'><strong>nam</strong></span> <span class='ocrx_word' id='word_1_506' title='bbox 2893 1196 3134 1264; x_wconf 90' lang='lat' dir='ltr'><strong>corporis</strong></span> <span class='ocrx_word' id='word_1_507' title='bbox 3161 1195 3371 1265; x_wconf 87' lang='lat' dir='ltr'><strong>quidem</strong></span> <span class='ocrx_word' id='word_1_508' title='bbox 3400 1195 3558 1264; x_wconf 83' lang='lat' dir='ltr'><strong>virgi-</strong></span> 
     </span>
    </p>
   </div>
   <div class='ocr_carea' id='block_1_65' title="bbox 1980 1284 3558 1354">
    <p class='ocr_par' dir='ltr' id='par_1_65' title="bbox 1980 1284 3558 1354">
     <span class='ocr_line' id='line_1_65' title="bbox 1980 1284 3558 1354; baseline -0.003 -11"><span class='ocrx_word' id='word_1_509' title='bbox 1980 1290 2118 1345; x_wconf 89' lang='lat' dir='ltr'><strong>nitas</strong></span> <span class='ocrx_word' id='word_1_510' title='bbox 2139 1297 2222 1345; x_wconf 88' lang='lat' dir='ltr'><strong>est</strong></span> <span class='ocrx_word' id='word_1_511' title='bbox 2246 1289 2387 1343; x_wconf 89' lang='lat' dir='ltr'><strong>illius</strong></span> <span class='ocrx_word' id='word_1_512' title='bbox 2405 1301 2588 1343; x_wconf 92' lang='lat' dir='ltr'><strong>comes</strong></span> <span class='ocrx_word' id='word_1_513' title='bbox 2611 1295 2666 1341; x_wconf 92' lang='lat' dir='ltr'><strong>et</strong></span> <span class='ocrx_word' id='word_1_514' title='bbox 2692 1286 2876 1341; x_wconf 90' lang='lat' dir='ltr'><strong>umbra</strong></span> <span class='ocrx_word' id='word_1_515' title='bbox 2899 1301 2913 1351; x_wconf 93' lang='lat'><strong>;</strong></span> <span class='ocrx_word' id='word_1_516' title='bbox 2943 1300 3064 1340; x_wconf 89' lang='lat' dir='ltr'><strong>vera</strong></span> <span class='ocrx_word' id='word_1_517' title='bbox 3082 1294 3260 1339; x_wconf 90' lang='lat' dir='ltr'><strong>autem</strong></span> <span class='ocrx_word' id='word_1_518' title='bbox 3282 1284 3558 1354; x_wconf 90' lang='lat' dir='ltr'><strong>virginitas</strong></span> 
     </span>
    </p>
   </div>
   <div class='ocr_carea' id='block_1_66' title="bbox 1978 1375 3557 1446">
    <p class='ocr_par' dir='ltr' id='par_1_66' title="bbox 1978 1375 3557 1446">
     <span class='ocr_line' id='line_1_66' title="bbox 1978 1375 3557 1446; baseline -0.004 -11"><span class='ocrx_word' id='word_1_519' title='bbox 1978 1388 2060 1435; x_wconf 89' lang='lat' dir='ltr'><strong>est</strong></span> <span class='ocrx_word' id='word_1_520' title='bbox 2078 1380 2187 1435; x_wconf 90' lang='lat' dir='ltr'><strong>illa.</strong></span> <span class='ocrx_word' id='word_1_521' title='bbox 2209 1379 2355 1434; x_wconf 84' lang='lat' dir='ltr'><strong>[lane</strong></span> <span class='ocrx_word' id='word_1_522' title='bbox 2375 1378 2635 1442; x_wconf 90' lang='lat' dir='ltr'><strong>colamus,</strong></span> <span class='ocrx_word' id='word_1_523' title='bbox 2665 1384 2719 1432; x_wconf 91' lang='lat' dir='ltr'><strong>et</strong></span> <span class='ocrx_word' id='word_1_524' title='bbox 2746 1378 2815 1431; x_wconf 92' lang='lat' dir='ltr'><strong>ita</strong></span> <span class='ocrx_word' id='word_1_525' title='bbox 2842 1377 3132 1446; x_wconf 89' lang='lat' dir='ltr'><strong>poterimus</strong></span> <span class='ocrx_word' id='word_1_526' title='bbox 3162 1375 3284 1431; x_wconf 70' lang='grc' dir='ltr'><strong>ιωιο</strong></span> <span class='ocrx_word' id='word_1_527' title='bbox 3305 1375 3454 1430; x_wconf 89' lang='lat' dir='ltr'><strong>vultu</strong></span> <span class='ocrx_word' id='word_1_528' title='bbox 3474 1375 3557 1429; x_wconf 86' lang='lat' dir='ltr'><strong>vi-</strong></span> 
     </span>
    </p>
   </div>
   <div class='ocr_carea' id='block_1_67' title="bbox 1977 1464 3560 1541">
    <p class='ocr_par' dir='ltr' id='par_1_67' title="bbox 1977 1464 3560 1541">
     <span class='ocr_line' id='line_1_67' title="bbox 1977 1464 3560 1541; baseline -0.002 -17"><span class='ocrx_word' id='word_1_529' title='bbox 1977 1468 2109 1526; x_wconf 88' lang='lat' dir='ltr'><strong>dere</strong></span> <span class='ocrx_word' id='word_1_530' title='bbox 2132 1485 2410 1541; x_wconf 88' lang='lat' dir='ltr'><strong>sponsum,</strong></span> <span class='ocrx_word' id='word_1_531' title='bbox 2429 1477 2484 1525; x_wconf 94' lang='lat' dir='ltr'><strong>et</strong></span> <span class='ocrx_word' id='word_1_532' title='bbox 2510 1483 2629 1524; x_wconf 92' lang='lat' dir='ltr'><strong>cum</strong></span> <span class='ocrx_word' id='word_1_533' title='bbox 2657 1466 3059 1537; x_wconf 91' lang='lat' dir='ltr'><strong>splendentibus</strong></span> <span class='ocrx_word' id='word_1_534' title='bbox 3087 1465 3290 1536; x_wconf 88' lang='lat' dir='ltr'><strong>ingredi</strong></span> <span class='ocrx_word' id='word_1_535' title='bbox 3310 1464 3560 1536; x_wconf 83' lang='lat' dir='ltr'><strong>lampadi-</strong></span> 
     </span>
    </p>
   </div>
   <div class='ocr_carea' id='block_1_68' title="bbox 1978 1545 3575 1627">
    <p class='ocr_par' dir='ltr' id='par_1_68' title="bbox 1978 1545 3575 1627">
     <span class='ocr_line' id='line_1_68' title="bbox 1978 1545 3575 1627; baseline -0.001 -10"><span class='ocrx_word' id='word_1_536' title='bbox 1978 1563 2097 1627; x_wconf 90' lang='lat' dir='ltr'><strong>bus,</strong></span> <span class='ocrx_word' id='word_1_537' title='bbox 2112 1563 2157 1617; x_wconf 89' lang='lat' dir='ltr'><strong>si</strong></span> <span class='ocrx_word' id='word_1_538' title='bbox 2186 1561 2364 1616; x_wconf 86' lang='lat' dir='ltr'><strong>oleum</strong></span> <span class='ocrx_word' id='word_1_539' title='bbox 2389 1560 2543 1616; x_wconf 90' lang='lat' dir='ltr'><strong>nobis</strong></span> <span class='ocrx_word' id='word_1_540' title='bbox 2572 1574 2677 1615; x_wconf 91' lang='lat' dir='ltr'><strong>non</strong></span> <span class='ocrx_word' id='word_1_541' title='bbox 2703 1558 2938 1625; x_wconf 74' lang='lat' dir='ltr'><strong>deficiat,</strong></span> <span class='ocrx_word' id='word_1_542' title='bbox 2962 1557 3004 1612; x_wconf 92' lang='lat' dir='ltr'><strong>si</strong></span> <span class='ocrx_word' id='word_1_543' title='bbox 3026 1545 3201 1612; x_wconf 65' lang='lat' dir='ltr'><strong>a&#39;ureis</strong></span> <span class='ocrx_word' id='word_1_544' title='bbox 3230 1555 3575 1615; x_wconf 55' lang='lat' dir='ltr'><strong>ornamentis.</strong></span> 
     </span>
    </p>
   </div>
   <div class='ocr_carea' id='block_1_69' title="bbox 1978 1647 3558 1721">
    <p class='ocr_par' dir='ltr' id='par_1_69' title="bbox 1978 1647 3558 1721">
     <span class='ocr_line' id='line_1_69' title="bbox 1978 1647 3558 1721; baseline -0.003 -14"><span class='ocrx_word' id='word_1_545' title='bbox 1978 1652 2108 1709; x_wconf 88' lang='lat' dir='ltr'><strong>fusis</strong></span> <span class='ocrx_word' id='word_1_546' title='bbox 2128 1662 2182 1707; x_wconf 92' lang='lat' dir='ltr'><strong>et</strong></span> <span class='ocrx_word' id='word_1_547' title='bbox 2210 1651 2455 1707; x_wconf 86' lang='lat' dir='ltr'><strong>conflatis</strong></span> <span class='ocrx_word' id='word_1_548' title='bbox 2476 1649 2739 1721; x_wconf 90' lang='lat' dir='ltr'><strong>ejusmodi</strong></span> <span class='ocrx_word' id='word_1_549' title='bbox 2769 1649 2944 1704; x_wconf 91' lang='lat' dir='ltr'><strong>oleum</strong></span> <span class='ocrx_word' id='word_1_550' title='bbox 2980 1647 3558 1717; x_wconf 62' lang='lat' dir='ltr'><strong>confecerimus,,quod</strong></span> 
     </span>
    </p>
   </div>
   <div class='ocr_carea' id='block_1_70' title="bbox 1978 1737 3571 1814">
    <p class='ocr_par' dir='ltr' id='par_1_70' title="bbox 1978 1737 3571 1814">
     <span class='ocr_line' id='line_1_70' title="bbox 1978 1737 3571 1814; baseline -0.006 -15"><span class='ocrx_word' id='word_1_551' title='bbox 1978 1742 2321 1814; x_wconf 89' lang='lat' dir='ltr'><strong>splendentes</strong></span> <span class='ocrx_word' id='word_1_552' title='bbox 2350 1741 2524 1797; x_wconf 89' lang='lat' dir='ltr'><strong>reddit</strong></span> <span class='ocrx_word' id='word_1_553' title='bbox 2553 1738 2827 1808; x_wconf 84' lang='lat' dir='ltr'><strong>lampades</strong></span> <span class='ocrx_word' id='word_1_554' title='bbox 2856 1756 2870 1792; x_wconf 90' lang='lat'><strong>:</strong></span> <span class='ocrx_word' id='word_1_555' title='bbox 2896 1737 3024 1793; x_wconf 92' lang='lat' dir='ltr'><strong>illud</strong></span> <span class='ocrx_word' id='word_1_556' title='bbox 3063 1748 3238 1792; x_wconf 82' lang='lat' dir='ltr'><strong>autem</strong></span> <span class='ocrx_word' id='word_1_557' title='bbox 3270 1737 3447 1793; x_wconf 88' lang='lat' dir='ltr'><strong>oleum</strong></span> <span class='ocrx_word' id='word_1_558' title='bbox 3475 1747 3571 1793; x_wconf 90' lang='lat' dir='ltr'><strong>est.</strong></span> 
     </span>
    </p>
   </div>
   <div class='ocr_carea' id='block_1_71' title="bbox 1977 1828 3565 1899">
    <p class='ocr_par' dir='ltr' id='par_1_71' title="bbox 1977 1828 3565 1899">
     <span class='ocr_line' id='line_1_71' title="bbox 1977 1828 3565 1899; baseline -0.003 -10"><span class='ocrx_word' id='word_1_559' title='bbox 1977 1834 2169 1889; x_wconf 86' lang='lat' dir='ltr'><strong>caritas</strong></span> <span class='ocrx_word' id='word_1_560' title='bbox 2211 1833 2265 1887; x_wconf 91' lang='lat' dir='ltr'><strong>in</strong></span> <span class='ocrx_word' id='word_1_561' title='bbox 2310 1831 2573 1887; x_wconf 90' lang='lat' dir='ltr'><strong>homines.</strong></span> <span class='ocrx_word' id='word_1_562' title='bbox 2623 1830 2679 1885; x_wconf 88' lang='lat' dir='ltr'><strong>Si</strong></span> <span class='ocrx_word' id='word_1_563' title='bbox 2727 1829 2846 1885; x_wconf 88' lang='lat' dir='ltr'><strong>aliis</strong></span> <span class='ocrx_word' id='word_1_564' title='bbox 2889 1838 3101 1884; x_wconf 87' lang='lat' dir='ltr'><strong>nostras</strong></span> <span class='ocrx_word' id='word_1_565' title='bbox 3144 1828 3565 1899; x_wconf 87' lang='lat' dir='ltr'><strong>impertierimus</strong></span> 
     </span>
    </p>
   </div>
   <div class='ocr_carea' id='block_1_72' title="bbox 1979 1918 3557 1988">
    <p class='ocr_par' dir='ltr' id='par_1_72' title="bbox 1979 1918 3557 1988">
     <span class='ocr_line' id='line_1_72' title="bbox 1979 1918 3557 1988; baseline -0.002 -11"><span class='ocrx_word' id='word_1_566' title='bbox 1979 1923 2280 1988; x_wconf 87' lang='lat' dir='ltr'><strong>facultates,</strong></span> <span class='ocrx_word' id='word_1_567' title='bbox 2304 1920 2349 1975; x_wconf 94' lang='lat' dir='ltr'><strong>si</strong></span> <span class='ocrx_word' id='word_1_568' title='bbox 2391 1921 2566 1975; x_wconf 91' lang='lat' dir='ltr'><strong>oleum</strong></span> <span class='ocrx_word' id='word_1_569' title='bbox 2595 1935 2687 1975; x_wconf 91' lang='lat' dir='ltr'><strong>eas</strong></span> <span class='ocrx_word' id='word_1_570' title='bbox 2717 1918 3038 1986; x_wconf 78' lang='lat' dir='ltr'><strong>fecerimus,</strong></span> <span class='ocrx_word' id='word_1_571' title='bbox 3084 1926 3210 1973; x_wconf 91' lang='lat' dir='ltr'><strong>tunc</strong></span> <span class='ocrx_word' id='word_1_572' title='bbox 3248 1933 3344 1974; x_wconf 90' lang='lat' dir='ltr'><strong>nos</strong></span> <span class='ocrx_word' id='word_1_573' title='bbox 3376 1927 3557 1988; x_wconf 89' lang='lat' dir='ltr'><strong>prote-</strong></span> 
     </span>
    </p>
   </div>
   <div class='ocr_carea' id='block_1_73' title="bbox 1977 2011 3557 2086">
    <p class='ocr_par' dir='ltr' id='par_1_73' title="bbox 1977 2011 3557 2086">
     <span class='ocr_line' id='line_1_73' title="bbox 1977 2011 3557 2086; baseline -0.003 -16"><span class='ocrx_word' id='word_1_574' title='bbox 1977 2024 2066 2086; x_wconf 89' lang='lat' dir='ltr'><strong>get</strong></span> <span class='ocrx_word' id='word_1_575' title='bbox 2111 2024 2166 2071; x_wconf 94' lang='lat' dir='ltr'><strong>et</strong></span> <span class='ocrx_word' id='word_1_576' title='bbox 2207 2012 2488 2079; x_wconf 87' lang='lat' dir='ltr'><strong>defendet,</strong></span> <span class='ocrx_word' id='word_1_577' title='bbox 2544 2021 2599 2068; x_wconf 89' lang='lat' dir='ltr'><strong>et</strong></span> <span class='ocrx_word' id='word_1_578' title='bbox 2637 2027 2742 2067; x_wconf 93' lang='lat' dir='ltr'><strong>non</strong></span> <span class='ocrx_word' id='word_1_579' title='bbox 2773 2011 3014 2067; x_wconf 91' lang='lat' dir='ltr'><strong>dicemus</strong></span> <span class='ocrx_word' id='word_1_580' title='bbox 3048 2012 3104 2066; x_wconf 92' lang='lat' dir='ltr'><strong>in</strong></span> <span class='ocrx_word' id='word_1_581' title='bbox 3149 2012 3243 2067; x_wconf 94' lang='lat' dir='ltr'><strong>illo</strong></span> <span class='ocrx_word' id='word_1_582' title='bbox 3268 2020 3509 2084; x_wconf 90' lang='lat' dir='ltr'><strong>tempore</strong></span> <span class='ocrx_word' id='word_1_583' title='bbox 3541 2029 3557 2066; x_wconf 87' lang='lat'><strong>:</strong></span> 
     </span>
    </p>
   </div>
   <div class='ocr_carea' id='block_1_74' title="bbox 1976 2101 3560 2173">
    <p class='ocr_par' dir='ltr' id='par_1_74' title="bbox 1976 2101 3560 2173">
     <span class='ocr_line' id='line_1_74' title="bbox 1976 2101 3560 2173; baseline -0.004 -14"><span class='ocrx_word' id='word_1_584' title='bbox 1976 2104 2112 2160; x_wconf 84' lang='lat' dir='ltr'><strong>Date</strong></span> <span class='ocrx_word' id='word_1_585' title='bbox 2158 2104 2300 2159; x_wconf 82' lang='lat' dir='ltr'><strong>nobis</strong></span> <span class='ocrx_word' id='word_1_586' title='bbox 2344 2103 2511 2158; x_wconf 84' lang='lat' dir='ltr'><strong>oleum</strong></span> <span class='ocrx_word' id='word_1_587' title='bbox 2531 2144 2548 2171; x_wconf 94' lang='lat'><strong>,</strong></span> <span class='ocrx_word' id='word_1_588' title='bbox 2600 2102 2841 2173; x_wconf 83' lang='lat' dir='ltr'><strong>quoniam</strong></span> <span class='ocrx_word' id='word_1_589' title='bbox 2871 2101 3131 2172; x_wconf 75' lang='lat' dir='ltr'><strong>lampades</strong></span> <span class='ocrx_word' id='word_1_590' title='bbox 3163 2112 3349 2156; x_wconf 71' lang='lat' dir='ltr'><strong>nostra:</strong></span> <span class='ocrx_word' id='word_1_591' title='bbox 3371 2101 3560 2155; x_wconf 75' lang='lat' dir='ltr'><strong>exstin-</strong></span> 
     </span>
    </p>
   </div>
   <div class='ocr_carea' id='block_1_75' title="bbox 1977 2193 3565 2270">
    <p class='ocr_par' dir='ltr' id='par_1_75' title="bbox 1977 2193 3565 2270">
     <span class='ocr_line' id='line_1_75' title="bbox 1977 2193 3565 2270; baseline -0.002 -18"><span class='ocrx_word' id='word_1_592' title='bbox 1977 2207 2201 2270; x_wconf 83' lang='lat' dir='ltr'><strong>guuntur</strong></span> <span class='ocrx_word' id='word_1_593' title='bbox 2230 2196 2445 2268; x_wconf 79' lang='lat' dir='ltr'><strong>(Matth.</strong></span> <span class='ocrx_word' id='word_1_594' title='bbox 2475 2193 2565 2251; x_wconf 76' lang='lat'><strong>25.</strong></span> <span class='ocrx_word' id='word_1_595' title='bbox 2600 2194 2678 2267; x_wconf 90' lang='lat'><strong>8),</strong></span> <span class='ocrx_word' id='word_1_596' title='bbox 2708 2210 2883 2265; x_wconf 87' lang='lat' dir='ltr'><strong>neque</strong></span> <span class='ocrx_word' id='word_1_597' title='bbox 2911 2195 3032 2250; x_wconf 91' lang='lat' dir='ltr'><strong>aliis</strong></span> <span class='ocrx_word' id='word_1_598' title='bbox 3058 2195 3353 2265; x_wconf 85' lang='lat' dir='ltr'><strong>egebimus,</strong></span> <span class='ocrx_word' id='word_1_599' title='bbox 3385 2208 3565 2264; x_wconf 87' lang='lat' dir='ltr'><strong>neque</strong></span> 
     </span>
    </p>
   </div>
   <div class='ocr_carea' id='block_1_76' title="bbox 1976 2285 3558 2359">
    <p class='ocr_par' dir='ltr' id='par_1_76' title="bbox 1976 2285 3558 2359">
     <span class='ocr_line' id='line_1_76' title="bbox 1976 2285 3558 2359; baseline -0.003 -14"><span class='ocrx_word' id='word_1_600' title='bbox 1976 2299 2166 2345; x_wconf 71' lang='lat' dir='ltr'><strong>clintes</strong></span> <span class='ocrx_word' id='word_1_601' title='bbox 2194 2287 2262 2342; x_wconf 92' lang='lat' dir='ltr'><strong>ad</strong></span> <span class='ocrx_word' id='word_1_602' title='bbox 2296 2301 2391 2343; x_wconf 90' lang='lat' dir='ltr'><strong>eos</strong></span> <span class='ocrx_word' id='word_1_603' title='bbox 2417 2287 2508 2359; x_wconf 93' lang='lat' dir='ltr'><strong>qui</strong></span> <span class='ocrx_word' id='word_1_604' title='bbox 2533 2286 2772 2342; x_wconf 89' lang='lat' dir='ltr'><strong>vendunt</strong></span> <span class='ocrx_word' id='word_1_605' title='bbox 2796 2328 2810 2351; x_wconf 93' lang='lat'><strong>,</strong></span> <span class='ocrx_word' id='word_1_606' title='bbox 2844 2285 3191 2342; x_wconf 83' lang='lat' dir='ltr'><strong>excludemur</strong></span> <span class='ocrx_word' id='word_1_607' title='bbox 3213 2327 3229 2354; x_wconf 92' lang='lat'><strong>,</strong></span> <span class='ocrx_word' id='word_1_608' title='bbox 3256 2302 3431 2357; x_wconf 89' lang='lat' dir='ltr'><strong>neque</strong></span> <span class='ocrx_word' id='word_1_609' title='bbox 3458 2302 3558 2341; x_wconf 59' lang='grc' dir='ltr'><strong>ευρ</strong></span> 
     </span>
    </p>
   </div>
   <div class='ocr_carea' id='block_1_77' title="bbox 1976 2375 3557 2447">
    <p class='ocr_par' dir='ltr' id='par_1_77' title="bbox 1976 2375 3557 2447">
     <span class='ocr_line' id='line_1_77' title="bbox 1976 2375 3557 2447; baseline -0.001 -13"><span class='ocrx_word' id='word_1_610' title='bbox 1976 2379 2184 2435; x_wconf 90' lang='lat' dir='ltr'><strong>dicmus</strong></span> <span class='ocrx_word' id='word_1_611' title='bbox 2208 2394 2395 2435; x_wconf 91' lang='lat' dir='ltr'><strong>vocem</strong></span> <span class='ocrx_word' id='word_1_612' title='bbox 2426 2378 2566 2432; x_wconf 90' lang='lat' dir='ltr'><strong>illam</strong></span> <span class='ocrx_word' id='word_1_613' title='bbox 2596 2375 2889 2433; x_wconf 86' lang='lat' dir='ltr'><strong>terribilem</strong></span> <span class='ocrx_word' id='word_1_614' title='bbox 2938 2385 2993 2432; x_wconf 93' lang='lat' dir='ltr'><strong>et</strong></span> <span class='ocrx_word' id='word_1_615' title='bbox 3037 2376 3390 2442; x_wconf 84' lang='lat' dir='ltr'><strong>horrendam,</strong></span> <span class='ocrx_word' id='word_1_616' title='bbox 3439 2378 3557 2447; x_wconf 81' lang='lat' dir='ltr'><strong>pul-</strong></span> 
     </span>
    </p>
   </div>
   <div class='ocr_carea' id='block_1_78' title="bbox 1977 2468 3559 2540">
    <p class='ocr_par' dir='ltr' id='par_1_78' title="bbox 1977 2468 3559 2540">
     <span class='ocr_line' id='line_1_78' title="bbox 1977 2468 3559 2540; baseline 0.001 -12"><span class='ocrx_word' id='word_1_617' title='bbox 1977 2482 2156 2528; x_wconf 86' lang='lat' dir='ltr'><strong>santes</strong></span> <span class='ocrx_word' id='word_1_618' title='bbox 2182 2472 2398 2536; x_wconf 87' lang='lat' dir='ltr'><strong>ostium,</strong></span> <span class='ocrx_word' id='word_1_619' title='bbox 2425 2470 2612 2525; x_wconf 82' lang='lat' dir='ltr'><strong>Nescio</strong></span> <span class='ocrx_word' id='word_1_620' title='bbox 2643 2485 2727 2524; x_wconf 81' lang='lat' dir='ltr'><strong>vos</strong></span> <span class='ocrx_word' id='word_1_621' title='bbox 2742 2487 2762 2536; x_wconf 88' lang='lat'><strong>;</strong></span> <span class='ocrx_word' id='word_1_622' title='bbox 2787 2468 2884 2525; x_wconf 91' lang='lat' dir='ltr'><strong>sed</strong></span> <span class='ocrx_word' id='word_1_623' title='bbox 2914 2483 3013 2525; x_wconf 88' lang='lat' dir='ltr'><strong>nos</strong></span> <span class='ocrx_word' id='word_1_624' title='bbox 3039 2479 3326 2540; x_wconf 87' lang='lat' dir='ltr'><strong>agnoscet,</strong></span> <span class='ocrx_word' id='word_1_625' title='bbox 3358 2482 3410 2526; x_wconf 92' lang='lat' dir='ltr'><strong>et</strong></span> <span class='ocrx_word' id='word_1_626' title='bbox 3435 2487 3559 2530; x_wconf 90' lang='lat' dir='ltr'><strong>cum</strong></span> 
     </span>
    </p>
   </div>
   <div class='ocr_carea' id='block_1_79' title="bbox 1976 2559 3561 2631">
    <p class='ocr_par' dir='ltr' id='par_1_79' title="bbox 1976 2559 3561 2631">
     <span class='ocr_line' id='line_1_79' title="bbox 1976 2559 3561 2631; baseline 0.004 -16"><span class='ocrx_word' id='word_1_627' title='bbox 1976 2576 2175 2631; x_wconf 91' lang='lat' dir='ltr'><strong>sponso</strong></span> <span class='ocrx_word' id='word_1_628' title='bbox 2206 2559 2560 2626; x_wconf 90' lang='lat' dir='ltr'><strong>intrabimus,</strong></span> <span class='ocrx_word' id='word_1_629' title='bbox 2592 2568 2647 2615; x_wconf 90' lang='lat' dir='ltr'><strong>et</strong></span> <span class='ocrx_word' id='word_1_630' title='bbox 2674 2560 2724 2613; x_wconf 91' lang='lat' dir='ltr'><strong>in</strong></span> <span class='ocrx_word' id='word_1_631' title='bbox 2750 2559 3080 2630; x_wconf 90' lang='lat' dir='ltr'><strong>spiritualem</strong></span> <span class='ocrx_word' id='word_1_632' title='bbox 3119 2560 3301 2629; x_wconf 89' lang='lat' dir='ltr'><strong>sponsi</strong></span> <span class='ocrx_word' id='word_1_633' title='bbox 3330 2562 3561 2631; x_wconf 82' lang='lat' dir='ltr'><strong>ingressi</strong></span> 
     </span>
    </p>
   </div>
   <div class='ocr_carea' id='block_1_80' title="bbox 1978 2651 3569 2717">
    <p class='ocr_par' dir='ltr' id='par_1_80' title="bbox 1978 2651 3569 2717">
     <span class='ocr_line' id='line_1_80' title="bbox 1978 2651 3569 2717; baseline 0.002 -9"><span class='ocrx_word' id='word_1_634' title='bbox 1978 2654 2264 2708; x_wconf 81' lang='lat' dir='ltr'><strong>thalamum</strong></span> <span class='ocrx_word' id='word_1_635' title='bbox 2289 2695 2303 2717; x_wconf 91' lang='lat'><strong>,</strong></span> <span class='ocrx_word' id='word_1_636' title='bbox 2327 2651 2568 2708; x_wconf 90' lang='lat' dir='ltr'><strong>fruemur</strong></span> <span class='ocrx_word' id='word_1_637' title='bbox 2595 2652 2751 2707; x_wconf 87' lang='lat' dir='ltr'><strong>bonis</strong></span> <span class='ocrx_word' id='word_1_638' title='bbox 2774 2652 3271 2709; x_wconf 87' lang='lat' dir='ltr'><strong>innumerabilibus.</strong></span> <span class='ocrx_word' id='word_1_639' title='bbox 3317 2654 3372 2711; x_wconf 91' lang='lat' dir='ltr'><strong>Si</strong></span> <span class='ocrx_word' id='word_1_640' title='bbox 3412 2658 3569 2714; x_wconf 81' lang='lat' dir='ltr'><strong>enim.</strong></span> 
     </span>
    </p>
   </div>
   <div class='ocr_carea' id='block_1_81' title="bbox 1977 2745 3552 2817">
    <p class='ocr_par' dir='ltr' id='par_1_81' title="bbox 1977 2745 3552 2817">
     <span class='ocr_line' id='line_1_81' title="bbox 1977 2745 3552 2817; baseline 0.003 -18"><span class='ocrx_word' id='word_1_641' title='bbox 1977 2745 2062 2801; x_wconf 89' lang='lat' dir='ltr'><strong>hic</strong></span> <span class='ocrx_word' id='word_1_642' title='bbox 2085 2746 2219 2802; x_wconf 90' lang='lat' dir='ltr'><strong>adeo</strong></span> <span class='ocrx_word' id='word_1_643' title='bbox 2244 2745 2458 2816; x_wconf 86' lang='lat' dir='ltr'><strong>elegans</strong></span> <span class='ocrx_word' id='word_1_644' title='bbox 2486 2753 2569 2800; x_wconf 93' lang='lat' dir='ltr'><strong>est</strong></span> <span class='ocrx_word' id='word_1_645' title='bbox 2588 2745 2768 2814; x_wconf 86' lang='lat' dir='ltr'><strong>sponsi</strong></span> <span class='ocrx_word' id='word_1_646' title='bbox 2793 2745 3078 2811; x_wconf 88' lang='lat' dir='ltr'><strong>thalamus,</strong></span> <span class='ocrx_word' id='word_1_647' title='bbox 3109 2745 3246 2803; x_wconf 88' lang='lat' dir='ltr'><strong>adeo</strong></span> <span class='ocrx_word' id='word_1_648' title='bbox 3272 2748 3552 2817; x_wconf 85' lang='lat' dir='ltr'><strong>splendida</strong></span> 
     </span>
    </p>
   </div>
   <div class='ocr_carea' id='block_1_82' title="bbox 1976 2836 3559 2913">
    <p class='ocr_par' dir='ltr' id='par_1_82' title="bbox 1976 2836 3559 2913">
     <span class='ocr_line' id='line_1_82' title="bbox 1976 2836 3559 2913; baseline 0.003 -20"><span class='ocrx_word' id='word_1_649' title='bbox 1976 2839 2271 2903; x_wconf 62' lang='lat' dir='ltr'><strong>cenacula,</strong></span> <span class='ocrx_word' id='word_1_650' title='bbox 2298 2845 2358 2892; x_wconf 91' lang='lat' dir='ltr'><strong>ut</strong></span> <span class='ocrx_word' id='word_1_651' title='bbox 2387 2852 2547 2892; x_wconf 88' lang='lat' dir='ltr'><strong>nemo</strong></span> <span class='ocrx_word' id='word_1_652' title='bbox 2567 2836 2852 2893; x_wconf 90' lang='lat' dir='ltr'><strong>attendens</strong></span> <span class='ocrx_word' id='word_1_653' title='bbox 2876 2837 3103 2892; x_wconf 91' lang='lat' dir='ltr'><strong>satietur</strong></span> <span class='ocrx_word' id='word_1_654' title='bbox 3122 2879 3137 2905; x_wconf 92' lang='lat'><strong>,</strong></span> <span class='ocrx_word' id='word_1_655' title='bbox 3160 2849 3359 2909; x_wconf 91' lang='lat' dir='ltr'><strong>quanto</strong></span> <span class='ocrx_word' id='word_1_656' title='bbox 3388 2844 3559 2913; x_wconf 87' lang='lat' dir='ltr'><strong>magis</strong></span> 
     </span>
    </p>
   </div>
   <div class='ocr_carea' id='block_1_83' title="bbox 1978 2930 3573 3001">
    <p class='ocr_par' dir='ltr' id='par_1_83' title="bbox 1978 2930 3573 3001">
     <span class='ocr_line' id='line_1_83' title="bbox 1978 2930 3573 3001; baseline 0 -14"><span class='ocrx_word' id='word_1_657' title='bbox 1978 2932 2118 2987; x_wconf 90' lang='lat' dir='ltr'><strong>illic?</strong></span> <span class='ocrx_word' id='word_1_658' title='bbox 2148 2931 2436 2987; x_wconf 86' lang='lat' dir='ltr'><strong>Thalamus</strong></span> <span class='ocrx_word' id='word_1_659' title='bbox 2463 2939 2546 2987; x_wconf 91' lang='lat' dir='ltr'><strong>est</strong></span> <span class='ocrx_word' id='word_1_660' title='bbox 2588 2930 2778 2985; x_wconf 65' lang='lat' dir='ltr'><strong>caelum</strong></span> <span class='ocrx_word' id='word_1_661' title='bbox 2797 2971 2813 2996; x_wconf 94' lang='lat'><strong>,</strong></span> <span class='ocrx_word' id='word_1_662' title='bbox 2851 2939 2905 2985; x_wconf 88' lang='lat' dir='ltr'><strong>et</strong></span> <span class='ocrx_word' id='word_1_663' title='bbox 2928 2931 3111 3001; x_wconf 89' lang='lat' dir='ltr'><strong>sponsi</strong></span> <span class='ocrx_word' id='word_1_664' title='bbox 3137 2931 3400 2988; x_wconf 89' lang='lat' dir='ltr'><strong>thalamus</strong></span> <span class='ocrx_word' id='word_1_665' title='bbox 3425 2935 3573 2990; x_wconf 65' lang='lat' dir='ltr'><strong>catlo.</strong></span> 
     </span>
    </p>
   </div>
   <div class='ocr_carea' id='block_1_84' title="bbox 1978 3019 3570 3090">
    <p class='ocr_par' dir='ltr' id='par_1_84' title="bbox 1978 3019 3570 3090">
     <span class='ocr_line' id='line_1_84' title="bbox 1978 3019 3570 3090; baseline 0.002 -14"><span class='ocrx_word' id='word_1_666' title='bbox 1978 3021 2167 3076; x_wconf 87' lang='lat' dir='ltr'><strong>melior</strong></span> <span class='ocrx_word' id='word_1_667' title='bbox 2198 3040 2212 3076; x_wconf 88' lang='lat'><strong>:</strong></span> <span class='ocrx_word' id='word_1_668' title='bbox 2240 3021 2364 3076; x_wconf 90' lang='lat' dir='ltr'><strong>illuc</strong></span> <span class='ocrx_word' id='word_1_669' title='bbox 2391 3020 2774 3090; x_wconf 86' lang='lat' dir='ltr'><strong>ingrediemur.</strong></span> <span class='ocrx_word' id='word_1_670' title='bbox 2802 3019 2863 3074; x_wconf 88' lang='lat' dir='ltr'><strong>Si</strong></span> <span class='ocrx_word' id='word_1_671' title='bbox 2877 3029 3054 3075; x_wconf 91' lang='lat' dir='ltr'><strong>autem</strong></span> <span class='ocrx_word' id='word_1_672' title='bbox 3082 3022 3266 3090; x_wconf 90' lang='lat' dir='ltr'><strong>sponsi</strong></span> <span class='ocrx_word' id='word_1_673' title='bbox 3295 3022 3570 3079; x_wconf 73' lang='lat' dir='ltr'><strong>thalamus.</strong></span> 
     </span>
    </p>
   </div>
   <div class='ocr_carea' id='block_1_85' title="bbox 1977 3110 3556 3182">
    <p class='ocr_par' dir='ltr' id='par_1_85' title="bbox 1977 3110 3556 3182">
     <span class='ocr_line' id='line_1_85' title="bbox 1977 3110 3556 3182; baseline -0.001 -13"><span class='ocrx_word' id='word_1_674' title='bbox 1977 3123 2060 3169; x_wconf 69' lang='lat' dir='ltr'><strong>est</strong></span> <span class='ocrx_word' id='word_1_675' title='bbox 2084 3114 2220 3168; x_wconf 86' lang='lat' dir='ltr'><strong>adeo</strong></span> <span class='ocrx_word' id='word_1_676' title='bbox 2248 3111 2486 3182; x_wconf 90' lang='lat' dir='ltr'><strong>pulcher,</strong></span> <span class='ocrx_word' id='word_1_677' title='bbox 2517 3110 2638 3181; x_wconf 89' lang='lat' dir='ltr'><strong>quis</strong></span> <span class='ocrx_word' id='word_1_678' title='bbox 2672 3110 2777 3167; x_wconf 74' lang='lat' dir='ltr'><strong>erit</strong></span> <span class='ocrx_word' id='word_1_679' title='bbox 2828 3124 2960 3180; x_wconf 89' lang='lat' dir='ltr'><strong>ergo</strong></span> <span class='ocrx_word' id='word_1_680' title='bbox 2999 3110 3115 3180; x_wconf 89' lang='lat' dir='ltr'><strong>ipse</strong></span> <span class='ocrx_word' id='word_1_681' title='bbox 3162 3114 3440 3182; x_wconf 84' lang='lat' dir='ltr'><strong>sponsus?</strong></span> <span class='ocrx_word' id='word_1_682' title='bbox 3491 3114 3556 3169; x_wconf 82' lang='lat' dir='ltr'><strong>Et</strong></span> 
     </span>
    </p>
   </div>
   <div class='ocr_carea' id='block_1_86' title="bbox 1979 3202 3554 3277">
    <p class='ocr_par' dir='ltr' id='par_1_86' title="bbox 1979 3202 3554 3277">
     <span class='ocr_line' id='line_1_86' title="bbox 1979 3202 3554 3277; baseline 0 -17"><span class='ocrx_word' id='word_1_683' title='bbox 1979 3205 2107 3277; x_wconf 89' lang='lat' dir='ltr'><strong>quid</strong></span> <span class='ocrx_word' id='word_1_684' title='bbox 2131 3204 2251 3259; x_wconf 90' lang='lat' dir='ltr'><strong>dico</strong></span> <span class='ocrx_word' id='word_1_685' title='bbox 2290 3212 2348 3258; x_wconf 93' lang='lat' dir='ltr'><strong>ut</strong></span> <span class='ocrx_word' id='word_1_686' title='bbox 2377 3202 2636 3272; x_wconf 88' lang='lat' dir='ltr'><strong>depositis</strong></span> <span class='ocrx_word' id='word_1_687' title='bbox 2680 3202 2858 3257; x_wconf 90' lang='lat' dir='ltr'><strong>aureis</strong></span> <span class='ocrx_word' id='word_1_688' title='bbox 2886 3203 3237 3268; x_wconf 86' lang='lat' dir='ltr'><strong>ornamentis,</strong></span> <span class='ocrx_word' id='word_1_689' title='bbox 3264 3219 3326 3259; x_wconf 91' lang='lat' dir='ltr'><strong>ea</strong></span> <span class='ocrx_word' id='word_1_690' title='bbox 3353 3205 3554 3275; x_wconf 87' lang='lat' dir='ltr'><strong>imper-</strong></span> 
     </span>
    </p>
   </div>
   <div class='ocr_carea' id='block_1_87' title="bbox 1980 3292 3556 3366">
    <p class='ocr_par' dir='ltr' id='par_1_87' title="bbox 1980 3292 3556 3366">
     <span class='ocr_line' id='line_1_87' title="bbox 1980 3292 3556 3366; baseline 0.001 -15"><span class='ocrx_word' id='word_1_691' title='bbox 1980 3297 2172 3351; x_wconf 89' lang='lat' dir='ltr'><strong>tiamus</strong></span> <span class='ocrx_word' id='word_1_692' title='bbox 2217 3292 2529 3365; x_wconf 82' lang='lat' dir='ltr'><strong>egentibus?</strong></span> <span class='ocrx_word' id='word_1_693' title='bbox 2567 3309 2693 3348; x_wconf 90' lang='lat' dir='ltr'><strong>nam</strong></span> <span class='ocrx_word' id='word_1_694' title='bbox 2741 3293 2788 3347; x_wconf 91' lang='lat' dir='ltr'><strong>si</strong></span> <span class='ocrx_word' id='word_1_695' title='bbox 2830 3300 3105 3361; x_wconf 86' lang='lat' dir='ltr'><strong>oporteret</strong></span> <span class='ocrx_word' id='word_1_696' title='bbox 3146 3294 3229 3349; x_wconf 89' lang='lat' dir='ltr'><strong>vel</strong></span> <span class='ocrx_word' id='word_1_697' title='bbox 3268 3310 3364 3351; x_wconf 86' lang='lat' dir='ltr'><strong>vos</strong></span> <span class='ocrx_word' id='word_1_698' title='bbox 3412 3296 3556 3366; x_wconf 87' lang='lat' dir='ltr'><strong>ipsas</strong></span> 
     </span>
    </p>
   </div>
   <div class='ocr_carea' id='block_1_88' title="bbox 1979 3384 3557 3458">
    <p class='ocr_par' dir='ltr' id='par_1_88' title="bbox 1979 3384 3557 3458">
     <span class='ocr_line' id='line_1_88' title="bbox 1979 3384 3557 3458; baseline 0.003 -17"><span class='ocrx_word' id='word_1_699' title='bbox 1979 3386 2344 3450; x_wconf 87' lang='lat' dir='ltr'><strong>venumdare,</strong></span> <span class='ocrx_word' id='word_1_700' title='bbox 2396 3385 2440 3441; x_wconf 92' lang='lat' dir='ltr'><strong>si</strong></span> <span class='ocrx_word' id='word_1_701' title='bbox 2475 3401 2572 3454; x_wconf 90' lang='lat' dir='ltr'><strong>pro</strong></span> <span class='ocrx_word' id='word_1_702' title='bbox 2607 3386 2790 3440; x_wconf 91' lang='lat' dir='ltr'><strong>liberis</strong></span> <span class='ocrx_word' id='word_1_703' title='bbox 2814 3384 2929 3440; x_wconf 86' lang='lat' dir='ltr'><strong>fieri</strong></span> <span class='ocrx_word' id='word_1_704' title='bbox 2957 3386 3212 3453; x_wconf 91' lang='lat' dir='ltr'><strong>ancillas,</strong></span> <span class='ocrx_word' id='word_1_705' title='bbox 3243 3397 3301 3443; x_wconf 93' lang='lat' dir='ltr'><strong>ut</strong></span> <span class='ocrx_word' id='word_1_706' title='bbox 3326 3390 3557 3458; x_wconf 87' lang='lat' dir='ltr'><strong>possetis</strong></span> 
     </span>
    </p>
   </div>
   <div class='ocr_carea' id='block_1_89' title="bbox 1978 3474 3556 3547">
    <p class='ocr_par' dir='ltr' id='par_1_89' title="bbox 1978 3474 3556 3547">
     <span class='ocr_line' id='line_1_89' title="bbox 1978 3474 3556 3547; baseline 0.001 -13"><span class='ocrx_word' id='word_1_707' title='bbox 1978 3492 2099 3534; x_wconf 90' lang='lat' dir='ltr'><strong>cum</strong></span> <span class='ocrx_word' id='word_1_708' title='bbox 2144 3477 2233 3531; x_wconf 91' lang='lat' dir='ltr'><strong>illo</strong></span> <span class='ocrx_word' id='word_1_709' title='bbox 2268 3490 2388 3532; x_wconf 89' lang='lat' dir='ltr'><strong>esse</strong></span> <span class='ocrx_word' id='word_1_710' title='bbox 2420 3490 2642 3545; x_wconf 86' lang='lat' dir='ltr'><strong>sponso,</strong></span> <span class='ocrx_word' id='word_1_711' title='bbox 2681 3476 2767 3530; x_wconf 89' lang='lat' dir='ltr'><strong>illa</strong></span> <span class='ocrx_word' id='word_1_712' title='bbox 2795 3474 2897 3531; x_wconf 88' lang='lat' dir='ltr'><strong>frui</strong></span> <span class='ocrx_word' id='word_1_713' title='bbox 2924 3476 3357 3547; x_wconf 88' lang='lat' dir='ltr'><strong>pulchritudine,</strong></span> <span class='ocrx_word' id='word_1_714' title='bbox 3387 3490 3443 3536; x_wconf 90' lang='lat' dir='ltr'><strong>et</strong></span> <span class='ocrx_word' id='word_1_715' title='bbox 3466 3498 3556 3536; x_wconf 79' lang='lat' dir='ltr'><strong>so-</strong></span> 
     </span>
    </p>
   </div>
   <div class='ocr_carea' id='block_1_90' title="bbox 1977 3567 3565 3642">
    <p class='ocr_par' dir='ltr' id='par_1_90' title="bbox 1977 3567 3565 3642">
     <span class='ocr_line' id='line_1_90' title="bbox 1977 3567 3565 3642; baseline 0.002 -20"><span class='ocrx_word' id='word_1_716' title='bbox 1977 3567 2085 3622; x_wconf 90' lang='lat' dir='ltr'><strong>lum</strong></span> <span class='ocrx_word' id='word_1_717' title='bbox 2120 3567 2268 3622; x_wconf 89' lang='lat' dir='ltr'><strong>illum</strong></span> <span class='ocrx_word' id='word_1_718' title='bbox 2295 3568 2494 3623; x_wconf 89' lang='lat' dir='ltr'><strong>vultum</strong></span> <span class='ocrx_word' id='word_1_719' title='bbox 2524 3569 2718 3625; x_wconf 88' lang='lat' dir='ltr'><strong>intueri</strong></span> <span class='ocrx_word' id='word_1_720' title='bbox 2747 3587 2760 3624; x_wconf 91' lang='lat'>:</span> <span class='ocrx_word' id='word_1_721' title='bbox 2792 3585 2970 3626; x_wconf 87' lang='lat' dir='ltr'><strong>annon</strong></span> <span class='ocrx_word' id='word_1_722' title='bbox 3000 3578 3275 3642; x_wconf 87' lang='lat' dir='ltr'><strong>oporteret</strong></span> <span class='ocrx_word' id='word_1_723' title='bbox 3302 3583 3424 3624; x_wconf 91' lang='lat' dir='ltr'><strong>eum</strong></span> <span class='ocrx_word' id='word_1_724' title='bbox 3453 3584 3565 3625; x_wconf 70' lang='lat' dir='ltr'><strong>om~</strong></span> 
     </span>
    </p>
   </div>
   <div class='ocr_carea' id='block_1_91' title="bbox 1977 3659 3565 3734">
    <p class='ocr_par' dir='ltr' id='par_1_91' title="bbox 1977 3659 3565 3734">
     <span class='ocr_line' id='line_1_91' title="bbox 1977 3659 3565 3734; baseline 0.003 -20"><span class='ocrx_word' id='word_1_725' title='bbox 1977 3659 2032 3714; x_wconf 90' lang='lat' dir='ltr'><strong>ni</strong></span> <span class='ocrx_word' id='word_1_726' title='bbox 2073 3660 2352 3717; x_wconf 85' lang='lat' dir='ltr'><strong>alacritate</strong></span> <span class='ocrx_word' id='word_1_727' title='bbox 2377 3661 2543 3718; x_wconf 90' lang='lat' dir='ltr'><strong>animi</strong></span> <span class='ocrx_word' id='word_1_728' title='bbox 2571 3663 2756 3718; x_wconf 88' lang='lat' dir='ltr'><strong>omnia</strong></span> <span class='ocrx_word' id='word_1_729' title='bbox 2781 3664 3098 3734; x_wconf 83' lang='lat' dir='ltr'><strong>suscipere?</strong></span> <span class='ocrx_word' id='word_1_730' title='bbox 3124 3663 3326 3733; x_wconf 84' lang='lat' dir='ltr'><strong>Regem</strong></span> <span class='ocrx_word' id='word_1_731' title='bbox 3356 3663 3445 3733; x_wconf 92' lang='lat' dir='ltr'><strong>qui</strong></span> <span class='ocrx_word' id='word_1_732' title='bbox 3478 3672 3565 3719; x_wconf 87' lang='lat' dir='ltr'><strong>est.</strong></span> 
     </span>
    </p>
   </div>
   <div class='ocr_carea' id='block_1_92' title="bbox 1978 3749 3564 3825">
    <p class='ocr_par' dir='ltr' id='par_1_92' title="bbox 1978 3749 3564 3825">
     <span class='ocr_line' id='line_1_92' title="bbox 1978 3749 3564 3825; baseline 0.004 -22"><span class='ocrx_word' id='word_1_733' title='bbox 1978 3749 2031 3805; x_wconf 92' lang='lat' dir='ltr'><strong>in</strong></span> <span class='ocrx_word' id='word_1_734' title='bbox 2061 3757 2203 3805; x_wconf 89' lang='lat' dir='ltr'><strong>terra</strong></span> <span class='ocrx_word' id='word_1_735' title='bbox 2224 3760 2283 3806; x_wconf 89' lang='lat' dir='ltr'><strong>ut</strong></span> <span class='ocrx_word' id='word_1_736' title='bbox 2309 3751 2607 3820; x_wconf 88' lang='lat' dir='ltr'><strong>videamus,</strong></span> <span class='ocrx_word' id='word_1_737' title='bbox 2630 3769 2775 3823; x_wconf 67' lang='lat' dir='ltr'><strong>stupe</strong></span> <span class='ocrx_word' id='word_1_738' title='bbox 2796 3769 2918 3825; x_wconf 85' lang='lat' dir='ltr'><strong>quae</strong></span> <span class='ocrx_word' id='word_1_739' title='bbox 2943 3763 3069 3810; x_wconf 90' lang='lat' dir='ltr'><strong>sunt</strong></span> <span class='ocrx_word' id='word_1_740' title='bbox 3090 3755 3141 3807; x_wconf 91' lang='lat' dir='ltr'><strong>in</strong></span> <span class='ocrx_word' id='word_1_741' title='bbox 3170 3754 3418 3809; x_wconf 90' lang='lat' dir='ltr'><strong>manibus</strong></span> <span class='ocrx_word' id='word_1_742' title='bbox 3458 3754 3564 3809; x_wconf 89' lang='lat' dir='ltr'><strong>etsi</strong></span> 
     </span>
    </p>
   </div>
   <div class='ocr_carea' id='block_1_93' title="bbox 1978 3842 3564 3915">
    <p class='ocr_par' dir='ltr' id='par_1_93' title="bbox 1978 3842 3564 3915">
     <span class='ocr_line' id='line_1_93' title="bbox 1978 3842 3564 3915; baseline 0.003 -19"><span class='ocrx_word' id='word_1_743' title='bbox 1978 3842 2304 3910; x_wconf 89' lang='lat' dir='ltr'><strong>necessaria,</strong></span> <span class='ocrx_word' id='word_1_744' title='bbox 2317 3842 2616 3913; x_wconf 90' lang='lat' dir='ltr'><strong>abjicimus.</strong></span> <span class='ocrx_word' id='word_1_745' title='bbox 2636 3844 2860 3912; x_wconf 84' lang='lat' dir='ltr'><strong>Quando</strong></span> <span class='ocrx_word' id='word_1_746' title='bbox 2879 3854 3057 3900; x_wconf 90' lang='lat' dir='ltr'><strong>autem</strong></span> <span class='ocrx_word' id='word_1_747' title='bbox 3082 3844 3275 3900; x_wconf 89' lang='lat' dir='ltr'><strong>videris</strong></span> <span class='ocrx_word' id='word_1_748' title='bbox 3289 3852 3343 3900; x_wconf 92' lang='lat' dir='ltr'><strong>et</strong></span> <span class='ocrx_word' id='word_1_749' title='bbox 3363 3844 3564 3915; x_wconf 82' lang='lat' dir='ltr'><strong>Regem</strong></span> 
     </span>
    </p>
   </div>
   <div class='ocr_carea' id='block_1_94' title="bbox 1975 3933 3564 4006">
    <p class='ocr_par' dir='ltr' id='par_1_94' title="bbox 1975 3933 3564 4006">
     <span class='ocr_line' id='line_1_94' title="bbox 1975 3933 3564 4006; baseline 0.003 -19"><span class='ocrx_word' id='word_1_750' title='bbox 1975 3941 2030 3987; x_wconf 91' lang='lat' dir='ltr'><strong>et</strong></span> <span class='ocrx_word' id='word_1_751' title='bbox 2050 3947 2326 4003; x_wconf 80' lang='lat' dir='ltr'><strong>Sponsum,</strong></span> <span class='ocrx_word' id='word_1_752' title='bbox 2344 3933 2513 3989; x_wconf 92' lang='lat' dir='ltr'><strong>multo</strong></span> <span class='ocrx_word' id='word_1_753' title='bbox 2535 3935 2702 4006; x_wconf 87' lang='lat' dir='ltr'><strong>magis</strong></span> <span class='ocrx_word' id='word_1_754' title='bbox 2720 3935 2773 3991; x_wconf 91' lang='lat' dir='ltr'><strong>id</strong></span> <span class='ocrx_word' id='word_1_755' title='bbox 2790 3935 2952 3990; x_wconf 89' lang='lat' dir='ltr'><strong>alacri</strong></span> <span class='ocrx_word' id='word_1_756' title='bbox 2974 3936 3153 3990; x_wconf 91' lang='lat' dir='ltr'><strong>animo</strong></span> <span class='ocrx_word' id='word_1_757' title='bbox 3173 3943 3449 4006; x_wconf 90' lang='lat' dir='ltr'><strong>oporteret</strong></span> <span class='ocrx_word' id='word_1_758' title='bbox 3469 3952 3564 3991; x_wconf 89' lang='lat' dir='ltr'><strong>su-</strong></span> 
     </span>
    </p>
   </div>
   <div class='ocr_carea' id='block_1_95' title="bbox 1977 4025 3562 4099">
    <p class='ocr_par' dir='ltr' id='par_1_95' title="bbox 1977 4025 3562 4099">
     <span class='ocr_line' id='line_1_95' title="bbox 1977 4025 3562 4099; baseline 0.002 -19"><span class='ocrx_word' id='word_1_759' title='bbox 1977 4025 2203 4095; x_wconf 86' lang='lat' dir='ltr'><strong>scipere.</strong></span> <span class='ocrx_word' id='word_1_760' title='bbox 2243 4026 2450 4081; x_wconf 85' lang='lat' dir='ltr'><strong>Revera</strong></span> <span class='ocrx_word' id='word_1_761' title='bbox 2487 4027 2602 4083; x_wconf 62' lang='lat' dir='ltr'><strong>haec</strong></span> <span class='ocrx_word' id='word_1_762' title='bbox 2626 4028 2840 4099; x_wconf 86' lang='lat' dir='ltr'><strong>quidem</strong></span> <span class='ocrx_word' id='word_1_763' title='bbox 2868 4036 2995 4085; x_wconf 88' lang='lat' dir='ltr'><strong>sunt</strong></span> <span class='ocrx_word' id='word_1_764' title='bbox 3024 4028 3234 4096; x_wconf 91' lang='lat' dir='ltr'><strong>umbra,</strong></span> <span class='ocrx_word' id='word_1_765' title='bbox 3266 4028 3352 4083; x_wconf 88' lang='lat' dir='ltr'><strong>illa</strong></span> <span class='ocrx_word' id='word_1_766' title='bbox 3384 4039 3562 4084; x_wconf 90' lang='lat' dir='ltr'><strong>autem</strong></span> 
     </span>
    </p>
   </div>
   <div class='ocr_carea' id='block_1_96' title="bbox 1980 4114 3565 4190">
    <p class='ocr_par' dir='ltr' id='par_1_96' title="bbox 1980 4114 3565 4190">
     <span class='ocr_line' id='line_1_96' title="bbox 1980 4114 3565 4190; baseline 0.005 -22"><span class='ocrx_word' id='word_1_767' title='bbox 1980 4115 2196 4170; x_wconf 87' lang='lat' dir='ltr'><strong>veritas.</strong></span> <span class='ocrx_word' id='word_1_768' title='bbox 2220 4114 2288 4172; x_wconf 89' lang='lat' dir='ltr'><strong>Ut</strong></span> <span class='ocrx_word' id='word_1_769' title='bbox 2316 4133 2493 4188; x_wconf 87' lang='lat' dir='ltr'><strong>regem</strong></span> <span class='ocrx_word' id='word_1_770' title='bbox 2521 4130 2700 4175; x_wconf 90' lang='lat' dir='ltr'><strong>autem</strong></span> <span class='ocrx_word' id='word_1_771' title='bbox 2725 4128 2780 4175; x_wconf 91' lang='lat' dir='ltr'><strong>et</strong></span> <span class='ocrx_word' id='word_1_772' title='bbox 2804 4134 3059 4190; x_wconf 90' lang='lat' dir='ltr'><strong>sponsum</strong></span> <span class='ocrx_word' id='word_1_773' title='bbox 3087 4119 3143 4175; x_wconf 91' lang='lat' dir='ltr'><strong>in</strong></span> <span class='ocrx_word' id='word_1_774' title='bbox 3173 4120 3321 4175; x_wconf 64' lang='lat' dir='ltr'><strong>catlis</strong></span> <span class='ocrx_word' id='word_1_775' title='bbox 3344 4136 3449 4175; x_wconf 89' lang='lat' dir='ltr'><strong>non</strong></span> <span class='ocrx_word' id='word_1_776' title='bbox 3478 4136 3565 4176; x_wconf 77' lang='lat' dir='ltr'><strong>so-</strong></span> 
     </span>
    </p>
   </div>
   <div class='ocr_carea' id='block_1_97' title="bbox 1977 4208 3564 4285">
    <p class='ocr_par' dir='ltr' id='par_1_97' title="bbox 1977 4208 3564 4285">
     <span class='ocr_line' id='line_1_97' title="bbox 1977 4208 3564 4285; baseline 0.004 -23"><span class='ocrx_word' id='word_1_777' title='bbox 1977 4208 2090 4264; x_wconf 90' lang='lat' dir='ltr'><strong>lum</strong></span> <span class='ocrx_word' id='word_1_778' title='bbox 2117 4210 2303 4267; x_wconf 86' lang='lat' dir='ltr'><strong>videre</strong></span> <span class='ocrx_word' id='word_1_779' title='bbox 2328 4212 2584 4281; x_wconf 87' lang='lat' dir='ltr'><strong>digneris,</strong></span> <span class='ocrx_word' id='word_1_780' title='bbox 2609 4212 2703 4269; x_wconf 88' lang='lat' dir='ltr'><strong>sed</strong></span> <span class='ocrx_word' id='word_1_781' title='bbox 2728 4214 2888 4269; x_wconf 86' lang='lat' dir='ltr'><strong>etiam</strong></span> <span class='ocrx_word' id='word_1_782' title='bbox 2918 4213 3191 4285; x_wconf 74' lang='lat' dir='ltr'><strong>prmcedas</strong></span> <span class='ocrx_word' id='word_1_783' title='bbox 3207 4229 3331 4270; x_wconf 90' lang='lat' dir='ltr'><strong>cum</strong></span> <span class='ocrx_word' id='word_1_784' title='bbox 3361 4215 3564 4284; x_wconf 75' lang='lat' dir='ltr'><strong>lampa-</strong></span> 
     </span>
    </p>
   </div>
   <div class='ocr_carea' id='block_1_98' title="bbox 1977 4301 3558 4376">
    <p class='ocr_par' dir='ltr' id='par_1_98' title="bbox 1977 4301 3558 4376">
     <span class='ocr_line' id='line_1_98' title="bbox 1977 4301 3558 4376; baseline 0.004 -21"><span class='ocrx_word' id='word_1_785' title='bbox 1977 4301 2156 4368; x_wconf 87' lang='lat' dir='ltr'><strong>dibus,</strong></span> <span class='ocrx_word' id='word_1_786' title='bbox 2191 4315 2243 4359; x_wconf 92' lang='lat' dir='ltr'><strong>et</strong></span> <span class='ocrx_word' id='word_1_787' title='bbox 2270 4306 2345 4359; x_wconf 90' lang='lat' dir='ltr'><strong>sis</strong></span> <span class='ocrx_word' id='word_1_788' title='bbox 2378 4319 2543 4372; x_wconf 74' lang='lat' dir='ltr'><strong>prone</strong></span> <span class='ocrx_word' id='word_1_789' title='bbox 2572 4306 2768 4372; x_wconf 90' lang='lat' dir='ltr'><strong>ipsum,</strong></span> <span class='ocrx_word' id='word_1_790' title='bbox 2795 4316 2851 4362; x_wconf 90' lang='lat' dir='ltr'><strong>et</strong></span> <span class='ocrx_word' id='word_1_791' title='bbox 2879 4316 3135 4375; x_wconf 90' lang='lat' dir='ltr'><strong>perpetuo</strong></span> <span class='ocrx_word' id='word_1_792' title='bbox 3160 4307 3236 4361; x_wconf 92' lang='lat' dir='ltr'><strong>sis</strong></span> <span class='ocrx_word' id='word_1_793' title='bbox 3259 4321 3380 4361; x_wconf 93' lang='lat' dir='ltr'><strong>cum</strong></span> <span class='ocrx_word' id='word_1_794' title='bbox 3408 4308 3558 4376; x_wconf 86' lang='lat' dir='ltr'><strong>ipso,</strong></span> 
     </span>
    </p>
   </div>
   <div class='ocr_carea' id='block_1_99' title="bbox 1983 4388 3568 4465">
    <p class='ocr_par' dir='ltr' id='par_1_99' title="bbox 1983 4388 3568 4465">
     <span class='ocr_line' id='line_1_99' title="bbox 1983 4388 3568 4465; baseline 0.005 -22"><span class='ocrx_word' id='word_1_795' title='bbox 1983 4388 2109 4460; x_wconf 86' lang='lat' dir='ltr'><strong>quid</strong></span> <span class='ocrx_word' id='word_1_796' title='bbox 2131 4405 2238 4445; x_wconf 90' lang='lat' dir='ltr'><strong>non</strong></span> <span class='ocrx_word' id='word_1_797' title='bbox 2262 4398 2535 4460; x_wconf 89' lang='lat' dir='ltr'><strong>oporteret</strong></span> <span class='ocrx_word' id='word_1_798' title='bbox 2564 4389 2742 4448; x_wconf 86' lang='lat' dir='ltr'><strong>facere</strong></span> <span class='ocrx_word' id='word_1_799' title='bbox 2763 4431 2779 4457; x_wconf 93' lang='lat'><strong>,</strong></span> <span class='ocrx_word' id='word_1_800' title='bbox 2809 4392 2934 4462; x_wconf 89' lang='lat' dir='ltr'><strong>quid</strong></span> <span class='ocrx_word' id='word_1_801' title='bbox 2961 4407 3070 4448; x_wconf 88' lang='lat' dir='ltr'><strong>non</strong></span> <span class='ocrx_word' id='word_1_802' title='bbox 3093 4408 3277 4464; x_wconf 87' lang='lat' dir='ltr'><strong>agere,</strong></span> <span class='ocrx_word' id='word_1_803' title='bbox 3299 4396 3426 4465; x_wconf 86' lang='lat' dir='ltr'><strong>quid</strong></span> <span class='ocrx_word' id='word_1_804' title='bbox 3460 4411 3568 4451; x_wconf 92' lang='lat' dir='ltr'><strong>non</strong></span> 
     </span>
    </p>
   </div>
   <div class='ocr_carea' id='block_1_100' title="bbox 1990 4481 3574 4554">
    <p class='ocr_par' dir='ltr' id='par_1_100' title="bbox 1990 4481 3574 4554">
     <span class='ocr_line' id='line_1_100' title="bbox 1990 4481 3574 4554; baseline 0.005 -19"><span class='ocrx_word' id='word_1_805' title='bbox 1990 4481 2222 4538; x_wconf 89' lang='lat' dir='ltr'><strong>tolerare</strong></span> <span class='ocrx_word' id='word_1_806' title='bbox 2239 4481 2263 4534; x_wconf 86' lang='lat'><strong>?</strong></span> <span class='ocrx_word' id='word_1_807' title='bbox 2283 4482 2408 4537; x_wconf 85' lang='lat' dir='ltr'><strong>ideo</strong></span> <span class='ocrx_word' id='word_1_808' title='bbox 2428 4496 2559 4553; x_wconf 88' lang='lat' dir='ltr'><strong>rogo</strong></span> <span class='ocrx_word' id='word_1_809' title='bbox 2579 4497 2674 4538; x_wconf 92' lang='lat' dir='ltr'><strong>vos</strong></span> <span class='ocrx_word' id='word_1_810' title='bbox 2699 4484 2970 4554; x_wconf 90' lang='lat' dir='ltr'><strong>capiamus</strong></span> <span class='ocrx_word' id='word_1_811' title='bbox 2996 4484 3211 4554; x_wconf 89' lang='lat' dir='ltr'><strong>aliquod</strong></span> <span class='ocrx_word' id='word_1_812' title='bbox 3235 4485 3448 4543; x_wconf 88' lang='lat' dir='ltr'><strong>illorum</strong></span> <span class='ocrx_word' id='word_1_813' title='bbox 3480 4487 3574 4543; x_wconf 89' lang='lat' dir='ltr'><strong>bo-</strong></span> 
     </span>
    </p>
   </div>
   <div class='ocr_carea' id='block_1_101' title="bbox 1987 4574 3573 4649">
    <p class='ocr_par' dir='ltr' id='par_1_101' title="bbox 1987 4574 3573 4649">
     <span class='ocr_line' id='line_1_101' title="bbox 1987 4574 3573 4649; baseline 0.005 -22"><span class='ocrx_word' id='word_1_814' title='bbox 1987 4589 2178 4629; x_wconf 88' lang='lat' dir='ltr'><strong>norum</strong></span> <span class='ocrx_word' id='word_1_815' title='bbox 2199 4574 2543 4639; x_wconf 87' lang='lat' dir='ltr'><strong>desiderium,</strong></span> <span class='ocrx_word' id='word_1_816' title='bbox 2556 4575 2925 4632; x_wconf 90' lang='lat' dir='ltr'><strong>desideremus</strong></span> <span class='ocrx_word' id='word_1_817' title='bbox 2943 4576 3093 4634; x_wconf 91' lang='lat' dir='ltr'><strong>illum</strong></span> <span class='ocrx_word' id='word_1_818' title='bbox 3111 4592 3387 4649; x_wconf 86' lang='lat' dir='ltr'><strong>sponsum,</strong></span> <span class='ocrx_word' id='word_1_819' title='bbox 3400 4578 3573 4635; x_wconf 87' lang='lat' dir='ltr'><strong>simus</strong></span> 
     </span>
    </p>
   </div>
   <div class='ocr_carea' id='block_1_102' title="bbox 1986 4665 3573 4739">
    <p class='ocr_par' dir='ltr' id='par_1_102' title="bbox 1986 4665 3573 4739">
     <span class='ocr_line' id='line_1_102' title="bbox 1986 4665 3573 4739; baseline 0.003 -20"><span class='ocrx_word' id='word_1_820' title='bbox 1986 4680 2111 4720; x_wconf 87' lang='lat' dir='ltr'><strong>vera</strong></span> <span class='ocrx_word' id='word_1_821' title='bbox 2156 4665 2462 4737; x_wconf 87' lang='lat' dir='ltr'><strong>virginitate</strong></span> <span class='ocrx_word' id='word_1_822' title='bbox 2490 4666 2760 4738; x_wconf 88' lang='lat' dir='ltr'><strong>virgines:</strong></span> <span class='ocrx_word' id='word_1_823' title='bbox 2791 4666 2985 4725; x_wconf 64' lang='lat' dir='ltr'><strong>animae</strong></span> <span class='ocrx_word' id='word_1_824' title='bbox 3024 4669 3168 4723; x_wconf 90' lang='lat' dir='ltr'><strong>enim</strong></span> <span class='ocrx_word' id='word_1_825' title='bbox 3215 4668 3573 4739; x_wconf 85' lang='lat' dir='ltr'><strong>virginitatem</strong></span> 
     </span>
    </p>
   </div>
   <div class='ocr_carea' id='block_1_103' title="bbox 1987 4756 3572 4827">
    <p class='ocr_par' dir='ltr' id='par_1_103' title="bbox 1987 4756 3572 4827">
     <span class='ocr_line' id='line_1_103' title="bbox 1987 4756 3572 4827; baseline 0.004 -17"><span class='ocrx_word' id='word_1_826' title='bbox 1987 4756 2211 4827; x_wconf 89' lang='lat' dir='ltr'><strong>requirit</strong></span> <span class='ocrx_word' id='word_1_827' title='bbox 2260 4757 2537 4814; x_wconf 86' lang='lat' dir='ltr'><strong>Dominus.</strong></span> <span class='ocrx_word' id='word_1_828' title='bbox 2564 4757 2696 4814; x_wconf 88' lang='lat' dir='ltr'><strong>Cum</strong></span> <span class='ocrx_word' id='word_1_829' title='bbox 2723 4772 2785 4812; x_wconf 91' lang='lat' dir='ltr'><strong>ea</strong></span> <span class='ocrx_word' id='word_1_830' title='bbox 2819 4758 2870 4813; x_wconf 90' lang='lat' dir='ltr'><strong>in</strong></span> <span class='ocrx_word' id='word_1_831' title='bbox 2919 4759 3111 4814; x_wconf 59' lang='lat' dir='ltr'><strong>ca‘lum</strong></span> <span class='ocrx_word' id='word_1_832' title='bbox 3161 4759 3440 4827; x_wconf 91' lang='lat' dir='ltr'><strong>intremus,</strong></span> <span class='ocrx_word' id='word_1_833' title='bbox 3470 4776 3572 4817; x_wconf 84' lang='lat' dir='ltr'><strong>nec</strong></span> 
     </span>
    </p>
   </div>
   <div class='ocr_carea' id='block_1_104' title="bbox 1987 4846 3568 4921">
    <p class='ocr_par' dir='ltr' id='par_1_104' title="bbox 1987 4846 3568 4921">
     <span class='ocr_line' id='line_1_104' title="bbox 1987 4846 3568 4921; baseline 0.003 -19"><span class='ocrx_word' id='word_1_834' title='bbox 1987 4846 2280 4904; x_wconf 89' lang='lat' dir='ltr'><strong>habeamus</strong></span> <span class='ocrx_word' id='word_1_835' title='bbox 2298 4849 2556 4904; x_wconf 89' lang='lat' dir='ltr'><strong>maculam</strong></span> <span class='ocrx_word' id='word_1_836' title='bbox 2575 4858 2665 4904; x_wconf 92' lang='lat' dir='ltr'><strong>aut</strong></span> <span class='ocrx_word' id='word_1_837' title='bbox 2683 4864 2890 4920; x_wconf 88' lang='lat' dir='ltr'><strong>rugam,</strong></span> <span class='ocrx_word' id='word_1_838' title='bbox 2910 4860 2998 4904; x_wconf 89' lang='lat' dir='ltr'><strong>aut</strong></span> <span class='ocrx_word' id='word_1_839' title='bbox 3017 4849 3214 4920; x_wconf 89' lang='lat' dir='ltr'><strong>aliquid</strong></span> <span class='ocrx_word' id='word_1_840' title='bbox 3235 4849 3535 4921; x_wconf 86' lang='lat' dir='ltr'><strong>bnjusmodi</strong></span> <span class='ocrx_word' id='word_1_841' title='bbox 3554 4869 3568 4906; x_wconf 88' lang='lat'><strong>:</strong></span> 
     </span>
    </p>
   </div>
   <div class='ocr_carea' id='block_1_105' title="bbox 1988 4941 3575 5012">
    <p class='ocr_par' dir='ltr' id='par_1_105' title="bbox 1988 4941 3575 5012">
     <span class='ocr_line' id='line_1_105' title="bbox 1988 4941 3575 5012; baseline 0.006 -21"><span class='ocrx_word' id='word_1_842' title='bbox 1988 4948 2044 4993; x_wconf 89' lang='lat' dir='ltr'><strong>ut</strong></span> <span class='ocrx_word' id='word_1_843' title='bbox 2094 4954 2445 5009; x_wconf 88' lang='lat' dir='ltr'><strong>assequamur</strong></span> <span class='ocrx_word' id='word_1_844' title='bbox 2500 4941 2638 4996; x_wconf 90' lang='lat' dir='ltr'><strong>bona</strong></span> <span class='ocrx_word' id='word_1_845' title='bbox 2692 4941 2998 5011; x_wconf 89' lang='lat' dir='ltr'><strong>promissa:</strong></span> <span class='ocrx_word' id='word_1_846' title='bbox 3043 4957 3162 5012; x_wconf 66' lang='lat' dir='ltr'><strong>qua:</strong></span> <span class='ocrx_word' id='word_1_847' title='bbox 3212 4942 3367 4999; x_wconf 87' lang='lat' dir='ltr'><strong>detur</strong></span> <span class='ocrx_word' id='word_1_848' title='bbox 3411 4943 3575 5001; x_wconf 81' lang='lat' dir='ltr'><strong>nobis</strong></span> 
     </span>
    </p>
   </div>
   <div class='ocr_carea' id='block_1_106' title="bbox 1985 5031 2889 5103">
    <p class='ocr_par' dir='ltr' id='par_1_106' title="bbox 1985 5031 2889 5103">
     <span class='ocr_line' id='line_1_106' title="bbox 1985 5031 2889 5103; baseline -0.003 -16"><span class='ocrx_word' id='word_1_849' title='bbox 1985 5032 2239 5102; x_wconf 84' lang='lat' dir='ltr'><strong>consequi</strong></span> <span class='ocrx_word' id='word_1_850' title='bbox 2269 5032 2437 5103; x_wconf 75' lang='lat' dir='ltr'><strong>gratia</strong></span> <span class='ocrx_word' id='word_1_851' title='bbox 2469 5042 2522 5087; x_wconf 90' lang='lat' dir='ltr'><strong>et</strong></span> <span class='ocrx_word' id='word_1_852' title='bbox 2545 5031 2889 5102; x_wconf 84' lang='lat' dir='ltr'><strong>benignitate.</strong></span> 
     </span>
    </p>
   </div>
  </div>
