4088 6208
1155 342 1212 397 S.
1255 339 1525 397 JOANNIS
1560 338 2038 398 CHRYSOSTOMI
2077 334 2389 391 ARCIHEP.
2429 326 2962 388 CONS'I‘ANTINOP.

3625 315 3725 369 2(εᾶ

1808 553 2156 617 HOMILIA
2196 553 2442 614 XXIX.

455 688 581 741 Car.
628 685 714 740 19..
759 700 809 735 v.
848 684 903 737 4.
950 680 1197 734 Nondum
1240 694 1396 749 usque
1435 679 1505 733 ad
1531 677 1828 748 sanguinem
1864 676 2051 730 restiti.

525 781 615 835 stis
644 779 883 832 adversus
910 784 1171 846 peccatum
1201 782 1541 843 repugnantes
1563 787 1584 826 :
1607 770 1661 825 5.
1690 782 1738 824 et
1756 770 1899 824 obliti
1931 770 2051 824 estis

528 870 909 931 consolationis,
938 882 1053 937 qua:
1082 866 1220 920 vobis
1247 874 1507 936 tamquam
1534 862 1659 933 ﬁliis
1689 861 1934 933 loquitur,
1965 861 2044 914 di-

528 976 687 1016 cens:
717 958 823 1013 Fili
854 960 957 1023 mi,
1005 959 1108 1011 noli
1137 955 1390 1028 negligere
1429 954 1758 1023 disciplinam
1806 950 2048 1016 Domini,

528 1070 690 1121 neque
712 1051 941 1122 fatigeris
971 1050 1091 1103 dum
1119 1049 1182 1101 ab
1211 1064 1269 1101 eo
1299 1045 1594 1116 corriperis.
1630 1045 1686 1099 6.
1730 1044 1891 1110 Quem
1915 1042 2050 1096 enim

531 1147 696 1219 diligit
726 1144 1000 1207 Dominus,
1020 1141 1237 1211 castigat
1266 1155 1285 1193 :
1304 1138 1534 1210 ﬂagellat
1558 1146 1727 1190 autent
1754 1150 1954 1189 omnem
1981 1133 2049 1202 fi-

532 1242 656 1296 lium
686 1253 835 1308 quem
862 1237 1061 1305 recipit.
1084 1235 1140 1287 7.
1172 1232 1232 1287 Si
1261 1229 1520 1285 sustinetis
1556 1227 1903 1298 disciplinam,
1929 1241 2050 1294 erga

531 1349 618 1386 vos
649 1341 905 1400 tamquam
930 1343 1050 1397 erga
1070 1324 1204 1394 ﬁlios
1230 1321 1476 1394 afﬁcietur
1498 1317 1657 1373 Deus.
1680 1317 1807 1384 Quis
1826 1325 1900 1372 est
1915 1317 2048 1371 enim

533 1428 672 1495 ﬁlius
700 1439 845 1493 quem
872 1436 972 1474 non
1002 1417 1209 1487 corripit
1237 1414 1419 1486 pater?

534 1520 588 1573 1.
633 1517 759 1570 Duo:
786 1521 911 1569 sunt
940 1508 1151 1581 species
1177 1503 1563 1562 consolationis
1585 1542 1598 1567 ,
1645 1516 1764 1573 quae
1802 1498 2052 1555 videntur

463 1625 585 1667 esse
611 1610 749 1663 inter
777 1620 837 1661 se
858 1601 1144 1659 contraria:
1166 1641 1181 1666 ,
1229 1611 1474 1668 magnam
1500 1603 1681 1649 autem
1708 1607 1893 1648 secum
1941 1593 2047 1645 vim

464 1700 693 1756 all'erunt
725 1713 741 1752 :
772 1708 905 1766 quas
932 1694 1020 1748 hic
1052 1691 1226 1762 posuit
1256 1688 1463 1744 ambas.
1504 1685 1621 1743 Una
1666 1684 1882 1757 quidem
1933 1693 2047 1750 est,

463 1791 677 1864 quando
713 1788 944 1844 dicimus
988 1785 1200 1856 aliquos
1229 1782 1397 1838 multa
1426 1794 1546 1836 esse
1574 1793 1800 1851 passos:
1834 1778 2050 1846 requie-

469 1883 728 1939 scitenim
752 1881 982 1947 animus,
1002 1852 1213 1947 quando
1243 1873 1406 1929 habet
1435 1873 1630 1930 multos
1653 1881 1816 1929 testes
1841 1852 2058 1929 suarum

471 1972 881 2045 perpessiouum
911 1985 925 2022 :
957 1981 1114 2038 quam
1146 1964 1363 2035 quidem
1391 1978 1549 2033 supra
1578 1963 1797 2033 posuit,
1824 1963 2010 2019 dicens
2043 1981 2058 2018 :

471 2060 902 2122 Rememoramini
920 2068 1086 2113 autem
1106 2056 1347 2126 pristinos
1365 2054 1494 2121 dies,
1512 2055 1565 2108 in
1584 2054 1766 2125 quibus
1788 2053 2061 2108 illuminati

471 2173 714 2229 magnum
737 2162 991 2209 certamen
1011 2148 1322 2204 sustinuistis
1343 2144 1923 2218 passionumilleerO.
1944 2144 2057 2218 52):

472 2252 641 2305 altera
670 2255 874 2310 autem,
901 2241 1114 2313 quando
1146 2240 1396 2307 dicimus,
1417 2236 1535 2294 Non
1562 2253 1620 2294 es
1647 2252 1838 2308 passus
1863 2237 2062 2308 aliquid

474 2355 722 2411 magnum
752 2355 767 2393 :
800 2352 923 2392 nam
955 2335 1060 2390 hoc
1101 2333 1245 2388 dicto
1274 2332 1642 2389 convertimur
1669 2340 1721 2386 ct
1742 2332 2061 2398 excitamur,

473 2448 633 2506 atque
655 2432 721 2488 ad
750 2429 1058 2501 patiendum
1092 2427 1384 2482 alacriores
1413 2422 1696 2479 eflicimur.
1728 2422 1819 2477 Illa
1848 2423 2061 2493 quidem

475 2527 601 2582 facit
620 2535 677 2579 ut
700 2522 896 2577 afﬂicta
913 2531 967 2576 et
982 2525 1170 2574 veXata
1190 2518 1463 2588 quiescat;
1485 2514 1601 2569 haec
1615 2523 1793 2569 autem
1821 2514 2062 2586 ignavam

476 2620 708 2673 animam
728 2614 881 2671 sedat
904 2623 958 2668 et
988 2618 1198 2667 recreat
1216 2626 1231 2675 ;
1251 2609 1456 2680 pigram
1482 2618 1537 2663 et
1566 2608 1809 2680 supinam
1833 2622 2062 2663 conver-

476 2710 543 2765 tit
563 2717 618 2762 et
643 2723 672 2761 a
697 2705 949 2778 superbia
971 2701 1216 2758 retrahit.
1245 2699 1324 2755 Ne
1348 2700 1507 2770 igitur
1537 2714 1606 2754 ex
1633 2699 1724 2754 illo
1756 2699 2062 2755 testimonio

477 2804 557 2858 eis
584 2807 893 2855 nasceretur
916 2795 1107 2861 fastus,
1128 2792 1248 2848 vide
1270 2791 1396 2862 quid
1428 2789 1590 2846 faciat
1623 2807 1635 2844 :
1667 2788 1950 2854 Nondum,
1979 2790 2065 2844 in-

480 2894 615 2964 quit,
643 2904 802 2959 usque
841 2886 910 2941 ad
933 2886 1233 2957 sanguinem
1260 2881 1519 2937 restitistis
1544 2880 1784 2935 adversus
1811 2890 2069 2949 peccatum

479 2990 819 3053 repugnantes
853 2989 939 3034 :et
968 2977 1112 3032 obliti
1137 2976 1256 3031 estis
1296 2971 1679 3029 consolationis.
1735 2970 1847 3029 Nec
1889 2973 2071 3029 statim

483 3052 756 3139 subjunxit
801 3083 920 3138 qua:
972 3071 1287 3137 sequuntur,
1332 3058 1425 3114 sed
1454 3071 1574 3112 cum
1619 3058 1699 3110 eis
1737 3052 2059 3107 ostendisset

481 3175 670 3215 omnes
709 3158 796 3229 qui
845 3156 910 3211 ad
950 3155 1261 3224 sanguinem
1304 3162 1471 3218 usque
1511 3143 1836 3206 restiterant,
1872 3139 2065 3196 deinde

484 3250 868 3322 subjuuxisset,
897 3246 1266 3317 gloriationcm
1297 3254 1417 3296 esse
1446 3235 1643 3293 Christi
1671 3232 2063 3304 perpessiones,

489 3320 612 3399 tunc
647 3340 803 3397 facile
833 3347 1029 3393 caetera
1054 3346 1135 3392 est
1159 3340 1529 3405 persequutus.
1580 3326 1693 3382 Hoc
1732 3324 1892 3379 etiam
1936 3320 2069 3376 scri-

488 3437 619 3491 bens
656 3434 722 3489 ad
752 3430 1091 3496 Corinthios,
1139 3426 1268 3485 dicit
1299 3442 1314 3479 :
1342 3420 1578 3476 Tentatio
1624 3434 1710 3472 vos
1753 3432 1855 3470 non
1888 3428 2068 3483 appre-

492 3525 708 3590 hendat,
733 3523 831 3578 nisi
858 3521 1081 3575 humana
1112 3516 1188 3587 (l.
1220 3514 1338 3570 Cor.
1365 3510 1562 3581 10.13)
1581 3549 1599 3575 ,
1629 3508 1731 3563 hoc
1753 3514 1854 3569 est,
1889 3517 2069 3574 parva.

490 3619 603 3674 Hoc
626 3615 770 3672 enim
794 3611 991 3667 sufﬁcit
1017 3608 1086 3663 ad
1124 3603 1466 3663 excitandum
1511 3609 1568 3677 et
1604 3597 1915 3669 erigendum
1959 3594 2074 3648 ani-

490 3725 671 3774 mum,
712 3702 927 3776 quando
953 3696 1267 3772 cogitaverit
1289 3692 1433 3766 quod
1462 3706 1569 3747 non
1596 3690 1662 3744 ad
1695 3697 1862 3743 totum
1887 3699 2075 3740 ascen-

492 3804 591 3870 dit,
615 3811 669 3856 et
692 3775 791 3854 sibi
820 3792 1144 3866 persuaserit
1171 3804 1234 3843 ex
1262 3785 1329 3841 iis
1356 3799 1474 3856 qua:
1500 3786 1909 3855 prmcesserunt.
1944 3775 2077 3830 Dicit

496 3908 624 3949 vero
651 3910 665 3945 :
688 3889 932 3946 Nondum
978 3893 1205 3941 mortem
1254 3877 1400 3951 passi
1426 3874 1560 3932 estis
1587 3896 1600 3931 :
1630 3885 1801 3945 usque
1826 3867 1891 3924 ad
1920 3881 2080 3938 pecu-

498 3990 612 4041 nias
639 3983 902 4055 processit
944 3988 1179 4033 vestrum
1216 3973 1502 4035 damnum,
1529 3980 1697 4036 usque
1733 3963 1800 4018 ad
1832 3961 2076 4033 gloriam,

498 4089 551 4131 et
583 4088 820 4141 eousque
863 4080 919 4124 ut
942 4064 1350 4137 expelleremini
1377 4059 1663 4117 :Christus
1693 4070 1826 4110 vero
1856 4067 1953 4125 pro
1979 4067 2080 4106 no—

500 4168 581 4220 his
602 4162 738 4217 fudit
758 4159 1091 4229 sanguinem;
1115 4170 1213 4210 vos
1233 4162 1410 4207 autem
1436 4164 1608 4220 neque
1633 4161 1732 4217 pro
1750 4145 1901 4200 vobis
1915 4142 2079 4213 ipsis:

505 4260 623 4326 ipse
646 4251 712 4308 ad
739 4260 966 4305 mortem
993 4259 1161 4315 usque
1186 4238 1512 4303 decertavit,
1541 4236 1739 4292 bellum
1764 4247 1958 4305 gerens
1988 4245 2085 4302 pro

510 4347 756 4411 veritate,
785 4356 881 4412 pro
913 4338 1098 4403 vobis;
1137 4347 1233 4389 vos
1265 4339 1446 4386 autem
1475 4327 1710 4384 nondum
1743 4323 1974 4378 venistis
2018 4320 2086 4376 ad

509 4435 743 4509 pericula
767 4439 991 4487 mortem
1016 4425 1338 4484 minitantia.
1373 4420 1440 4476 Et
1462 4418 1604 4474 obliti
1632 4417 1748 4472 estis
1775 4413 2087 4469 consolatio-

508 4504 607 4590 itis.
638 4527 754 4582 Hoc
793 4533 898 4589 est,
943 4531 998 4577 et
1036 4530 1228 4575 manus
1269 4510 1571 4577 remisistis,
1597 4516 1652 4563 et
1675 4505 1919 4563 dissoluti
1939 4504 2084 4559 estis.

513 4619 759 4676 Nondum
777 4657 793 4683 ,
845 4612 1047 4683 inquit,
1074 4623 1231 4679 usque
1259 4606 1328 4659 ad
1352 4603 1648 4674 sanguinem
1674 4598 1929 4654 restitistis
1952 4638 1966 4663 ,
1993 4595 2090 4649 ad-

512 4724 683 4765 versus
713 4712 968 4777 peccatum
1001 4705 1358 4771 repugnantes.
1387 4694 1486 4749 Hic
1526 4691 1764 4747 ostendit
1810 4697 1867 4745 et
1909 4701 2093 4758 pecca-

516 4811 629 4855 tum
672 4795 1018 4852 vehementer
1066 4789 1307 4859 spirare,
1335 4793 1390 4840 et
1421 4784 1594 4853 ipsum
1635 4794 1755 4837 esse
1793 4786 2093 4834 armatum:

515 4889 644 4948 illud
690 4889 858 4955 enim,
898 4879 1167 4939 Restitistis
1189 4919 1203 4945 ,
1246 4875 1313 4931 ad
1359 4889 1455 4931 eos
1483 4876 1570 4944 qui
1598 4879 1743 4927 Stant
1766 4870 1966 4925 dictum
1992 4875 2094 4923 est.

524 4981 653 5045 Quae
678 4979 813 5033 vobis
835 4988 1087 5047 tamquam
1108 4970 1231 5040 ﬁliis
1259 4969 1481 5038 loquitur
1506 4967 1679 5020 dicens
1700 4979 1719 5018 :
1751 4961 1861 5016 Fili
1877 4961 1967 5027 mi,
1994 4959 2100 5013 noli

521 5071 770 5141 negligere
804 5067 1124 5138 disciplinam
1158 5060 1399 5124 Domini,
1438 5074 1596 5127 neque
1630 5054 1857 5128 [aligeris
1891 5052 2014 5106 dum
2040 5050 2100 5103 ab

524 5178 583 5219 eo
612 5160 900 5229 corriperis.
919 5155 1354 5211 Consolationem
1373 5160 1426 5206 et
1443 5148 1867 5205 exhortationem
1893 5143 2016 5198 facit
2036 5157 2104 5197 ex

524 5257 684 5316 rebus
706 5251 866 5321 ipsis:
889 5263 953 5304 ex
977 5246 1299 5303 abundantia
1323 5251 1502 5298 autem
1524 5239 1679 5295 affert
1705 5239 1864 5293 etiam
1892 5252 1955 5291 ex
1984 5249 2108 5288 vcr-

527 5347 633 5412 his,
661 5344 728 5399 ab
749 5341 851 5396 hoc
871 5337 1205 5394 testimonio:
1228 5334 1406 5403 Neque
1431 5331 1678 5404 {atigeris,
1700 5326 2025 5398 inquit,dum
2045 5323 2106 5377 ab

531 5455 591 5496 eo
611 5432 901 5506 corriperis.
923 5429 1058 5486 Sunt
1088 5443 1217 5499 ergo
1241 5426 1357 5480 hate
1388 5425 1499 5480 Dei.
1530 5423 1640 5477 lloc
1664 5433 1874 5490 quoque
1895 5424 1978 5472 est
2003 5430 2111 5470 non

536 5544 753 5600 parvum
776 5525 842 5580 ad
864 5522 1306 5580 consolationem.
1321 5532 1441 5573 eum
1468 5514 1724 5570 discimus
1746 5510 1889 5582 quod
1917 5508 2014 5564 Dei
2030 5516 2113 5563 est

534 5636 669 5689 opus
689 5628 748 5674 ut
775 5618 890 5673 hate
911 5614 1024 5670 fieri
1054 5612 1280 5683 possint,
1303 5608 1396 5663 illo
1416 5604 1743 5663 concedente
1763 5618 1776 5655 :
1796 5602 1933 5658 sicut
1952 5602 2112 5656 etiam

543 5710 665 5764 dicit
691 5709 914 5765 Paulus:
946 5705 1165 5774 Propter
1194 5702 1287 5757 hoc
1313 5709 1384 5755 ter
1403 5697 1668 5756 Dominum
1691 5692 1887 5765 rogavi,
1917 5702 1961 5749 et
1988 5690 2116 5746 dixit

2148 668 2292 735 milii,
2317 667 2510 737 Suﬁicit
2527 665 2614 720 tibi
2630 665 2793 736 gratia
2818 680 2928 717 mea
2947 680 2965 718 :
2981 680 3097 717 nam
3125 663 3280 717 uirtus
3298 678 3407 715 mea
3425 662 3476 715 in
3497 660 3714 729 inﬁrmi-

2145 768 2246 812 tate
2263 758 2518 828 perﬁcitur
2540 756 2616 826 (2.
2633 755 2904 810 Car.12.8.
2926 754 3001 824 9).
3022 753 3111 808 Ille
3127 769 3255 823 ergo
3274 751 3532 808 concedit.
3559 750 3719 818 Quem

2144 853 2277 903 enim
2304 848 2469 919 diligit
2493 847 2738 901 Dominus
2755 888 2770 909 ,
2800 845 3035 915 castigat,
3071 842 3300 916 ﬂagellat
3328 853 3497 897 autem
3523 858 3719 895 onmem

2145 939 2311 1007 [ilium
2338 954 2484 1004 quem
2518 936 2716 1007 recipit.
2737 935 2852 989 Non
2883 945 3032 1004 potes
3059 933 3243 989 dicere
3269 935 3409 1002 quod
3437 933 3505 986 sit
3530 933 3721 1002 aliquis

2142 1031 2316 1100 justus
2336 1031 2536 1098 absque
2560 1026 2848 1083 afﬂictione
2878 1045 2891 1082 :
2924 1027 3131 1082 etiamsi
3174 1026 3316 1080 enim
3342 1024 3420 1080 sic
3446 1031 3718 1094 appareat,

2146 1119 2239 1174 sed
2269 1134 2367 1175 nos
2403 1119 2671 1174 nescimus
2699 1118 2829 1172 alias
2857 1116 3193 1170 alﬁictioues.
3243 1115 3599 1182 Quamobrem
3631 1130 3722 1170 ne-

2146 1228 2299 1269 cesse
2337 1224 2420 1267 est
2468 1221 2523 1265 ut
2571 1209 2744 1282 quivis
2785 1211 2962 1279 justus
3010 1212 3187 1264 veniat
3233 1225 3330 1282 per
3357 1209 3720 1264 afflictionem.

2149 1305 2244 1359 Est
2273 1305 2414 1358 enim
2443 1302 2644 1358 Christi
2683 1302 2945 1357 sententia
2966 1343 2981 1369 ,
3003 1301 3144 1368 quod
3170 1303 3252 1355 via
3281 1302 3385 1355 lata
3414 1311 3468 1356 et
3493 1302 3725 1371 spatiosa

2148 1396 2367 1465 abducit
2410 1395 2477 1449 ad
2528 1394 2824 1460 interitum,
2856 1404 3002 1449 arcta
3025 1404 3199 1448 autem
3228 1404 3283 1449 et
3301 1404 3523 1465 angusta
3554 1393 3619 1448 ad
3650 1384 3729 1447 vi-

2151 1500 2257 1542 tam
2282 1486 2495 1557 (Matth.
2516 1488 2568 1540 7.
2590 1486 2704 1557 15).
2729 1485 2787 1541 Si
2813 1501 2941 1556 ergo
2968 1485 3091 1540 inde
3119 1485 3243 1541 licet
3260 1487 3440 1541 venire
3461 1484 3526 1539 ad
3545 1486 3728 1554 vitam,

2150 1578 2365 1633 aliunde
2392 1591 2520 1632 vero
2547 1592 2652 1631 non
2679 1576 2801 1632 licet
2834 1594 2850 1631 :
2882 1591 2979 1646 per
3005 1584 3283 1648 angustam
3301 1591 3429 1647 ergo
3455 1578 3590 1631 viam
3616 1592 3730 1631 om-

2153 1684 2248 1724 nes
2279 1677 2560 1734 venerunt,
2586 1668 2676 1734 qui
2700 1676 2963 1725 venerunt
2991 1666 3058 1723 ad
3080 1668 3263 1723 vitam.
3294 1667 3357 1724 Si
3386 1669 3730 1740 disciplinam,

2155 1762 2343 1830 inquit,
2368 1760 2646 1826 sustinetis,
2668 1776 2787 1831 erga
2815 1776 2901 1815 vos
2922 1768 3177 1831 tamquam
3190 1778 3313 1833 erga
3337 1762 3470 1832 ﬁlios
3494 1762 3737 1833 amcietur

2155 1850 2313 1905 Deus.
2343 1852 2468 1918 Quis
2500 1850 2634 1904 enim
2655 1850 2816 1919 ﬁlius,
2850 1866 2996 1921 quem
3024 1866 3123 1906 non
3153 1852 3361 1921 corripit
3384 1853 3568 1922 pater?
3597 1853 3736 1920 Ergo

2154 1946 2221 2000 ad
2249 1944 2662 2015 correptionem,
2707 1957 2813 1997 non
2860 1943 2924 1998 ad
2957 1958 3166 2015 poenam
3196 1984 3212 2010 ,
3243 1958 3415 2015 neque
3439 1944 3503 1996 ad
3531 1944 3737 2014 suppli-

2156 2038 2318 2101 cium,
2366 2049 2539 2105 ueque
2575 2042 2632 2089 ut
2667 2033 2806 2088 male
2832 2033 3132 2104 patiamini.
3165 2032 3301 2090 Vide
3336 2053 3348 2087 :
3381 2034 3522 2090 unde
3547 2036 3737 2090 existi-

2160 2128 2372 2181 mabant
2424 2141 2484 2181 se
2534 2140 2655 2181 esse
2702 2123 3009 2189 derelictos,
3057 2139 3124 2179 ex
3156 2124 3260 2189 his,
3294 2125 3485 2195 inquit,
3517 2126 3740 2180 credant

2159 2219 2300 2290 quod
2330 2234 2436 2274 non
2461 2218 2571 2272 sint
2588 2216 2849 2272 derelicti.
2878 2216 3041 2286 Quasi
3067 2215 3274 2272 diceret
3303 2234 3317 2272 :
3349 2218 3607 2284 Quoniam
3630 2227 3739 2273 tam

2161 2312 2328 2367 multa
2366 2311 2505 2365 mala
2551 2309 2691 2380 passi
2728 2310 2860 2364 estis
2882 2350 2898 2376 ,
2932 2308 3253 2364 existimatis
3297 2310 3441 2380 quod
3479 2311 3619 2364 Deus
3643 2326 3742 2367 vos

2162 2400 2419 2456 dimiserit
2451 2409 2503 2454 et
2530 2398 2744 2454 oderit?
2784 2398 2891 2454 Sed
2935 2398 2979 2452 si
3028 2414 3134 2453 non
3170 2400 3314 2469 passi
3355 2403 3580 2466 essetis,
3613 2410 3741 2458 tunc

2162 2497 2435 2559 oporteret
2462 2488 2565 2543 hoc
2590 2488 2850 2558 suspicari
2894 2504 2908 2541 :
2941 2502 3064 2542 nam
3102 2489 3145 2542 si
3179 2488 3406 2559 ﬂagellat
3431 2505 3645 2544 omnem
3673 2490 3741 2543 ﬁ-

2164 2584 2292 2638 lium
2319 2596 2474 2654 quem
2504 2580 2710 2650 recipit,
2740 2580 2833 2650 qui
2870 2594 2975 2635 non
3008 2578 3325 2651 ﬂagellatur,
3359 2580 3584 2638 fortasse
3627 2598 3737 2639 non

2166 2683 2248 2729 est
2274 2671 2431 2725 ﬁlius.
2462 2670 2601 2739 Quid
2624 2685 2751 2724 vero
2772 2711 2788 2737 ,
2823 2670 3030 2740 inquit,
3063 2671 3185 2725 mali
3210 2686 3314 2725 non
3361 2673 3501 2728 male
3537 2675 3748 2742 patiun-

2169 2763 2296 2820 tur?
2318 2761 2599 2817 Patiuntur
2622 2760 2835 2831 quidem
2866 2778 2881 2815 :
2904 2761 3171 2832 quomodo
3197 2763 3339 2817 enim
3363 2779 3469 2818 non
3500 2776 3749 2834 pateren-

2174 2854 2303 2911 tur?
2325 2852 2418 2908 sed
2451 2867 2556 2907 non
2583 2852 2746 2919 dixit,
2793 2851 3123 2924 Quicumque
3146 2851 3441 2924 ﬂagellatur
3464 2863 3548 2909 est
3567 2854 3707 2910 ﬁlius
3730 2897 3746 2922 ,

2172 2947 2291 3013 sed,
2337 2946 2525 3001 Omnis
2553 2944 2693 2999 lilius
2727 2944 3045 3014 flagellatur.
3088 2943 3197 3000 Sed
3227 2958 3331 3000 non
3362 2955 3517 3015 potes
3542 2944 3642 3000 hoc
3665 2944 3751 3001 di-

2171 3053 2296 3093 cere
2325 3056 2338 3091 :
2365 3044 2490 3091 sunt
2517 3035 2658 3090 enint
2685 3034 2774 3105 qui
2802 3034 3139 3104 ﬁagellantnr
3165 3034 3350 3102 multi,
3388 3038 3547 3090 etiam
3580 3037 3701 3090 mali
3728 3079 3745 3102 ,

2174 3140 2232 3184 ut
2263 3126 2540 3183 homicida:
2559 3167 2573 3186 .
2603 3126 2871 3194 latrones,
2902 3126 3359 3196 prmstigiatores,
3383 3127 3750 3197 sepulcrorum

2174 3220 2478 3278 ell‘ossores.
2505 3217 2611 3273 Sed
2638 3217 2710 3271 illi
2741 3231 2962 3271 suorum
2988 3217 3252 3271 scelerum
3289 3216 3418 3271 dant
3442 3232 3659 3286 pinnas,
3690 3229 3748 3273 et

2175 3326 2284 3367 non
2314 3308 2650 3379 ﬂagellantur
2673 3316 2941 3377 tamquam
2966 3305 3080 3374 ﬁlii,
3110 3306 3204 3362 sed
3235 3306 3524 3377 puniuntur
3548 3318 3605 3361 ut
3630 3322 3750 3363 sce-

2172 3420 2358 3477 lerati:
2389 3430 2488 3471 vos
2515 3423 2694 3467 autem
2724 3418 2993 3476 tamquam
3022 3400 3137 3455 ﬁlii.
3166 3397 3326 3453 Vides
3354 3389 3621 3464 quomodo
3650 3401 3752 3441 un-

2172 3508 2332 3580 dique
2372 3504 2649 3563 ratiocinia
2683 3507 2896 3563 movet,
2947 3509 2977 3548 a
3027 3491 3181 3546 factis
3207 3502 3324 3559 qum
3354 3492 3479 3539 sunt
3522 3481 3577 3536 in
3604 3477 3754 3534 Scri-

2175 3567 2327 3670 ptura
2348 3639 2362 3663 ,
2389 3612 2420 3651 a
2446 3593 2624 3651 verbis
2643 3633 2659 3660 ,
2703 3606 2733 3646 a
2773 3585 3008 3661 propriis
3034 3579 3344 3638 notionibus
3361 3617 3375 3640 ,
3406 3575 3474 3630 ab
3497 3567 3759 3640 exemplis

2176 3710 2293 3765 quae
2322 3700 2447 3747 sunt
2475 3689 2528 3744 itt
2557 3687 2683 3741 vita.
2744 3680 2948 3736 Deinde
2993 3676 3153 3731 etiam
3184 3687 3215 3727 a
3244 3666 3513 3726 communi
3536 3674 3762 3719 consue-

2179 3757 2403 3840 tudine?
2429 3780 2484 3836 8.
2519 3777 2667 3846 Quod
2693 3775 2737 3829 si
2769 3782 2909 3827 extra
2934 3765 3258 3838 disciplinam
3284 3760 3422 3825 estis,
3457 3757 3603 3826 cujus
3638 3768 3762 3823 par-

2181 3874 2355 3944 ticipes
2393 3840 2674 3944 factiwsunt
2714 3878 2885 3919 omnes
2929 3876 2947 3914 :
2978 3872 3096 3929 ergo
3122 3852 3399 3909 adulterint’
3417 3889 3432 3915 ,
3464 3856 3508 3902 et
3537 3860 3638 3898 non
3666 3840 3764 3911 filii

2181 3965 2318 4019 estis.

2252 4055 2311 4110 2.
2348 4052 2509 4108 Vides
2537 4047 2680 4122 quod
2707 4044 2843 4102 dixit
2870 4040 2922 4097 id
2968 4036 3113 4112 quod
3156 4032 3434 4098 dicebam,
3476 4025 3619 4098 quod
3660 4039 3768 4080 non

2185 4148 2356 4217 possit
2382 4157 2502 4199 esse
2532 4116 2669 4195 ﬁlius
2697 4137 2786 4209 qui
2813 4149 2919 4190 non
2947 4125 3277 4201 castigatur?
3318 4122 3452 4178 Nam
3500 4116 3772 4190 quomodo

2188 4208 2241 4294 in
2268 4235 2480 4291 familiis
2507 4208 2837 4288 adulterinos
2863 4225 3000 4280 filios
3021 4219 3321 4290 deSpiciunt
3340 4227 3538 4287 patres,
3562 4208 3773 4267 etiamsi

2189 4329 2323 4386 nihil
2347 4327 2574 4392 discant,
2603 4318 2815 4378 etiamsi
2846 4331 2952 4372 non
2979 4315 3085 4370 sint
3107 4310 3276 4383 gloria
3307 4307 3577 4377 insignes;
3600 4301 3668 4357 de
3694 4302 3771 4355 le-

2188 4420 2389 4496 gitimis
2407 4428 2581 4474 autem
2612 4414 2737 4469 ﬁliis
2762 4412 2950 4467 timent
2978 4422 3046 4462 ne
3071 4421 3130 4462 se
3150 4402 3351 4460 dedant
3367 4400 3477 4456 otio
3500 4412 3555 4454 et
3584 4411 3774 4453 socor-

2191 4518 2294 4574 dia:
2319 4514 2423 4571 :ita
2449 4512 2608 4567 etiam
2637 4508 2691 4564 in
2724 4502 2992 4577 przesenti.
3017 4499 3073 4556 Si
3096 4508 3178 4554 est
3198 4512 3326 4567 ergo
3352 4492 3777 4549 adulterinorum

2194 4623 2300 4664 non
2317 4602 2540 4668 erudiri,
2555 4598 2788 4672 gaudere
2815 4600 3028 4666 oportet
3045 4591 3115 4646 ob
3136 4587 3494 4657 disciplinam,
3513 4580 3779 4652 siquidem

2194 4714 2255 4754 ea
2278 4694 2560 4751 adhibetur
2588 4691 2641 4746 in
2665 4686 2935 4762 germanis
2958 4691 3016 4740 et
3034 4679 3285 4753 legitimis
3312 4676 3454 4731 ﬁliis.
3483 4673 3780 4742 Tamquam

2196 4790 2318 4846 ﬁliis
2342 4787 2494 4844 vobis
2521 4800 2579 4841 se
2607 4760 2765 4839 olfert
2790 4780 2927 4834 Deus
2945 4795 2958 4829 :
2978 4784 3197 4847 propter
3224 4771 3326 4824 hoc
3352 4769 3527 4837 ipsum
3553 4763 3700 4819 dicit.
3725 4760 3783 4816 9.

2199 4882 2394 4939 Deinde
2413 4888 2580 4952 patres
2594 4873 2799 4948 quidem
2813 4868 2980 4925 carnis
3000 4875 3186 4920 nostra:
3202 4860 3479 4916 eruditores
3495 4855 3795 4917 habuimus,

2200 4984 2245 5030 et
2274 4970 2621 5027 reverebantur
2669 4980 2752 5020 eos
2781 4977 2800 5017 :
2825 4977 2926 5015 non
2965 4959 3124 5011 multo
3152 4953 3313 5026 magis
3339 4947 3792 5018 obtemperabimns

2203 5065 2352 5122 Patri
2376 5060 2668 5133 spirituum,
2696 5064 2742 5110 et
2769 5048 3030 5107 vivemus?
3056 5048 3263 5103 Rursus
3305 5058 3335 5097 a
3383 5038 3613 5112 propriis
3663 5050 3794 5106 per-

2209 5128 2567 5228 pessiohibus,
2595 5148 2663 5202 ab
2691 5144 2753 5200 iis
2783 5157 2904 5214 qua:
2945 5138 3045 5209 ipsi
3093 5136 3430 5207 patiebantur
3456 5172 3471 5196 ,
3519 5128 3791 5182 hortatur.

2206 5216 2353 5304 Sicut
2381 5244 2524 5298 enim
2553 5238 2661 5293 illic
2686 5236 2817 5291 dicit
2848 5250 2861 5285 :
2894 5224 3322 5286 Rememoramini
3352 5221 3592 5292 pristinos
3634 5216 3740 5269 dies
3766 5229 3791 5268 :

2207 5341 2278 5397 ita
2306 5338 2393 5393 hic
2418 5345 2629 5405 quoque
2662 5346 2675 5381 :
2710 5328 2850 5381 Deus
2875 5364 2891 5391 ,
2921 5322 3128 5392 inquit,
3180 5317 3460 5373 nobiseum
3503 5311 3611 5381 agit
3659 5318 3804 5360 tam-

2208 5443 2372 5502 quam
2397 5403 2518 5481 cum
2550 5421 2696 5485 ﬁliis,
2725 5431 2826 5473 nec
2851 5412 3073 5485 potestis
3097 5408 3278 5464 dicere
3301 5448 3316 5472 ,
3363 5403 3482 5459 Non
3511 5411 3801 5471 possumus

2213 5524 2386 5585 ferre;
2413 5529 2467 5574 et
2497 5526 2763 5584 tamquam
2790 5523 2911 5564 cum
2941 5505 3080 5561 caris
3110 5502 3235 5557 ﬁliis
3263 5500 3305 5553 ι.
3340 5496 3474 5552 Nam
3518 5493 3566 5548 si
3620 5500 3803 5562 patres

2280 5637 2296 5669 ι
2324 5631 2468 5689 Illud,
2488 5635 2534 5681 et
2556 5634 2801 5689 tamguam
2823 5631 2934 5672 cum
2954 5612 3239 5689 caris_
3259 5606 3566 5689 nouiegim
3606 5605 3658 5657 in
3698 5602 3812 5655 Mu-

2220 5676 2641 5756 tianoItitrvidetur
2663 5676 2876 5737 alienum
2902 5693 3013 5733 esse
3037 5676 3431 5729 additamentum.
