4080 6198
475 297 583 349 ‘ZJB

474 410 651 472 αἰτίας
682 410 775 463 καὶ
800 410 905 462 ἀπὸ
936 410 1027 463 τοῦ
1072 411 1394 482 πράγματος
1425 429 1438 441 ·
1468 413 1528 465 οὐ
1561 411 1669 483 γάρ
1700 412 1792 463 ἐπὶ
1823 412 1936 473 τοῖς
1964 411 2061 463 αὐ-

471 498 583 559 τοῖς
610 487 765 557 οὗτος
799 496 1041 547 κάκεῖνοι
1072 494 1404 547 παιδεύουσι.
1422 494 1571 566 [273]
1592 496 1681 547 Διὸ
1705 495 1799 546 καὶ
1829 494 2022 560 ἐπάγει
2044 509 2059 523 ⁸

1210 293 1268 346 S.
1308 292 1595 347 JOANNIS
1633 290 2127 347 CHRYSUSTOSH
2170 293 2491 350 ARCHIEP.
2535 294 3096 353 CONSTANTINOP.

3628 296 3732 355 EGO

2167 417 2408 480 ενεγκεῖν
2436 415 2655 483 εὔλογον
2675 457 2690 479 ,
2710 417 2775 486 ἦν
2805 416 2899 468 καὶ
2936 415 3097 480 αὐτὸς
3125 414 3501 486 διαλεγόμενος
3531 417 3607 485 τῷ
3638 418 3742 471 Φα-

2165 495 2281 563 ραὼ
2323 496 2474 565 ἔλεγε
2505 515 2519 528 ο
2561 497 2914 564 Marp-alma!
2961 497 3213 566 πονηραί
3262 501 3320 552 αὶ
3361 497 3571 568 ἡμέραι
3603 518 3743 569 μου,

478 582 541 633 Οἱ
566 579 683 646 μὲν
729 579 836 646 γὰρ
861 578 1009 643 πρὸς
1038 576 1247 645 ὀλίγας
1289 576 1511 645 ἡμέρας
1539 578 1688 632 κατὰ
1724 576 1791 629 τὸ
1839 576 2063 630 δοκοῦν
2162 578 2260 630 καὶ
2293 582 2404 632 οὐκ
2449 581 2739 648 ἀφίκοντο
2771 583 2857 646 είς
2900 580 3006 647 τὰς
3051 582 3273 651 ἡμέρας
3303 580 3423 636 τῶν
3470 584 3745 652 πατέρων

471 661 675 726 αὐτοῖς
717 659 1038 713 ἐπαίδευον
1063 674 1077 687 ·
1118 659 1398 711 τουτέστιν
1423 700 1437 723 ,
1480 659 1674 730 ήδονὴν
1724 660 2061 729 πληροῦντες

471 746 732 806 πολλάκις
759 781 772 807 ,
819 743 915 795 καὶ
949 742 1008 794 οὐ
1054 742 1330 812 πανταχοῦ
1368 743 1430 795 τὸ
1476 743 1755 813 συμφέρον
1802 742 2055 813 ὁρῶντες.

485 828 752 884 Ἐνταῦθα
781 826 837 880 δὲ
852 827 952 879 οὐκ
972 825 1087 878 ἔστι
1113 824 1271 879 τοῦτο
1299 828 1476 880 εἰπεῖν
1496 841 1511 855 °
1537 828 1598 879 οὐ
1624 827 1735 897 γάρ
1761 827 1850 879 διά
1882 845 1934 878 τι
1952 827 2059 880 τῶν

472 910 640 969 αὐτοῦ
671 909 831 963 τοῦτο
855 912 1037 975 ποιεῖ,
1081 908 1219 962 ἀλλά
1259 909 1330 962 δι’
1366 910 1510 979 ὑμᾶς
1547 911 1642 963 καὶ
1676 910 1774 979 τὴν
1791 909 2059 976 ὠφέλειαν

474 995 644 1066 μόνην
671 993 770 1062 τὴν
804 992 1077 1063 ὑμετέραν
1104 1010 1117 1022 ·
1156 994 1379 1059 ἐκεῖνοι,
1413 993 1498 1045 ἵνα
1530 993 1627 1046 καὶ⁵
1655 992 1838 1054 αὐτοῖς
1866 995 2058 1062 χρήσι-

474 1094 565 1145 μοι
594 1075 848 1146 γένησθε,
882 1074 1143 1137 πολλάκις
1163 1074 1224 1127 δὲ
1257 1074 1352 1127 καὶ
1397 1078 1521 1146 εἰκῆ
1553 1090 1567 1104 '
1608 1073 1845 1128 ἐνταῦθα
1885 1074 1941 1126 δὲ
1969 1074 2059 1126 οὑ-

469 1161 559 1213 δὲν
588 1158 827 1213 τοιοῦτόν
861 1160 1028 1212 ἐστιν.
1066 1158 1231 1229 Ὁρᾷς
1260 1158 1343 1211 ὅτι
1372 1158 1469 1211 καὶ
1505 1157 1662 1211 τοῦτο
1691 1160 1847 1229 φέρει
1880 1158 2057 1227 παρά-

471 1244 701 1314 κλησιν;
750 1241 1002 1296 Μάλιστα
1043 1241 1153 1311 γὰρ
1198 1240 1432 1303 ἐκείνοις
1478 1240 1829 1310 οἰκειούμεθα
1858 1282 1872 1306 ,
1927 1240 2059 1292 ὅταν

472 1328 671 1397 ἴδωμεν
718 1328 799 1379 δτι
845 1326 905 1379 οὐ
939 1325 1026 1378 διά
1056 1343 1107 1377 τι
1133 1324 1241 1377 τῶν
1279 1323 1461 1379 αὐτῶν
1502 1325 1535 1396 ἢ
1584 1325 1985 1390 ἐπιτάττουσιν,
2022 1324 2055 1394 ἢ

472 1408 834 1482 παραινοῦσιν
860 1449 873 1473 ,
907 1409 1022 1462 ἀλλ’
1051 1407 1344 1478 ὁλόκληρος
1375 1411 1408 1478 ἡ
1446 1408 1649 1478 σπουδὴ
1696 1407 1783 1461 διά
1816 1408 1876 1460 τὸ
1922 1408 2059 1478 ήμέο

470 1512 629 1566 τερον
660 1495 889 1563 γίνεται.
934 1492 1105 1546 Τοῦτο
1140 1494 1249 1562 γάρ
1295 1493 1445 1545 ἐστιν
1492 1492 1791 1562 εἰλικρινής
1842 1491 2054 1562 ἀγάπη,

471 1580 565 1632 καὶ
593 1577 762 1638 ὅντως
794 1576 1006 1646 ἀγάπη,
1030 1577 1157 1629 ὃταν
1182 1574 1347 1646 μηδὲν
1371 1575 1522 1636 ὄντες
1548 1574 1628 1643 τῷ
1655 1574 1899 1643 φιλοῦντι
1921 1576 2058 1646 χρή-

474 1678 624 1732 σιμοι
648 1703 663 1727 ,
701 1658 985 1729 φιλῶμεθα
1030 1659 1159 1729 παρ’
1191 1657 1379 1712 αὐτοῦ.
1421 1656 1730 1729 Φιλούμεθα
1769 1658 1878 1729 γὰρ
1906 1698 1920 1722 ,
1960 1659 2059 1729 οὐχ

471 1747 558 1801 ἵνα
585 1744 744 1817 λάϐῃ,
775 1743 891 1797 ἀλλ’
920 1743 1008 1797 ἵνα
1030 1742 1104 1813 δῷ
1130 1760 1144 1775 ο
1177 1742 1447 1806 παιδεύει,
1475 1743 1653 1795 πάντα
1684 1744 1849 1806 ποιεῖ,
1882 1743 2060 1796 πάντα

474 1828 785 1892 σπουδάζει,
818 1828 959 1882 ὥστε
1001 1826 1258 1895 γενέσθαι
1294 1829 1443 1898 ἡμᾶς
1471 1826 1758 1890 δεκτικοὺς
1785 1826 1894 1880 τῶν
1923 1828 2061 1894 ἀγα-

474 1914 581 1969 θῶν
610 1914 718 1968 τῶν
745 1911 928 1966 αὑτοῦ.
952 1914 1018 1965 Ol
1037 1910 1156 1980 μὲν
1177 1912 1309 1980 γὰρ,
1340 1912 1493 1980 φησὶ,
1518 1910 1667 1979 πρὸς
1691 1911 1900 1979 ὀλίγας
1924 1909 2063 1979 ἠμέ-

465 2016 579 2067 ρας
608 1996 757 2051 κατὰ
795 1996 860 2050 τὸ
896 1995 1120 2049 δοκοῦν
1156 1995 1362 2061 αὐτοῖς
1401 1994 1724 2048 ἐπαίδευον
1746 2011 1759 2025 ·
1802 1995 1833 2047 ὀ
1864 1992 1932 2046 δέ
1963 1993 2061 2047 ἐπὶ

472 2083 539 2135 τὸ
567 2079 896 2151 συμφέρον,
920 2082 1006 2146 είς
1028 2081 1093 2132 τὸ
1113 2076 1476 2148 μεταλαϐεῖν
1498 2077 1608 2146 τῆς
1633 2078 1943 2147 ἁγιότητος
1964 2078 2063 2130 αὑ·-

470 2163 602 2220 τοῦ.
659 2163 725 2216 Τί
773 2164 912 2227 ἐστι,
962 2161 1078 2229 Τῆς
1114 2161 1425 2230 ἁγιότητος
1468 2161 1696 2225 αὑτοῦ;
1751 2161 2057 2225 Τουτέστι,

472 2251 570 2320 τῆς
598 2248 993 2320 καθαρότητος,
1028 2245 1170 2302 ὥστε
1203 2246 1391 2312 ἀξίους
1422 2243 1590 2299 αὐτοῦ
1620 2244 1875 2313 γενέσθαι
1921 2244 2062 2298 κατά

471 2334 725 2405 δύναμιν.
768 2333 1009 2394 Ἐκεῖνος
1051 2328 1343 2394 σπουδάζει
1373 2329 1462 2383 ἵνα
1502 2329 1727 2401 λάϐητε,
1761 2329 1853 2381 καὶ
1882 2329 2061 2383 πάντα

473 2434 617 2486 ποιεῖ
642 2431 731 2484 ἵνα
757 2427 833 2499 δῷ
864 2429 991 2499 ὑμῖν
1014 2444 1028 2459 ο
1062 2428 1220 2497 ὑμεῖς
1242 2425 1297 2479 δὲ
1320 2427 1380 2479 οὑ
1410 2424 1742 2490 σπουδάζετε
1771 2426 1857 2479 ἴνα
1888 2425 2059 2495 λάϐη-

472 2535 557 2570 τε.
586 2512 791 2575 Εἶπον.
825 2514 980 2584 φησὶ,
1010 2512 1089 2578 τῷ
1115 2513 1330 2579 Κυρίῳ,
1361 2511 1578 2578 Κύριός
1598 2527 1717 2578 μου
1745 2507 1806 2563 εἷ
1838 2509 1941 2574 σὺ,
1970 2509 2059 2564 ὅτι

471 2600 589 2656 τῶν
612 2598 848 2670 ἀγαθῶν
868 2616 987 2666 μου
1016 2599 1087 2651 οὐ
1112 2597 1321 2665 χρείαν
1348 2596 1526 2664 ἔχεις.
1551 2591 1714 2659 Εἶτα,
1744 2596 1895 2664 φησὶ,
1919 2595 2061 2662 τοὺς

468 2684 586 2754 μὲν
613 2681 721 2751 τῆς
740 2680 970 2750 σαρκὸς
1006 2678 1177 2749 ἡμῶν
1200 2679 1460 2748 πατέρας
1489 2678 1733 2747 είχομεν
1754 2678 2062 2732 παιδεύον-

474 2784 581 2833 τας
608 2806 622 2831 ,
674 2764 774 2822 καί
820 2764 1252 2832 ἐνετρεπόμεθα
1276 2780 1290 2794 ·
1340 2764 1413 2816 οὐ
1468 2761 1676 2827 πολλῲ
1707 2762 1776 2814 δὲ
1818 2760 2061 2830 μᾶλλον

472 2848 975 2917 ὑποταγησόμεθα
1014 2845 1095 2911 τῷ
1137 2844 1318 2913 Πατρί
1364 2841 1485 2898 τῶν
1521 2842 1912 2913 πνευμάτων,
1957 2843 2060 2896 καὶ

473 2933 769 3003 ζήσομεν;
794 2928 877 2995 Τῷ
900 2927 1075 2998 Harp!
1102 2927 1222 2982 τῶν
1246 2927 1602 2997 πνευμάτων
1625 2944 1639 2959 ·
1677 2929 1795 2998 ήτοι
1827 2926 1937 2982 τῶν
1971 2944 2062 2996 χα-

478 3017 757 3087 ρισμάτων
777 3012 946 3081 λέγει,
978 3013 1096 3083 ήτοι
1114 3011 1224 3064 τῶν
1253 3012 1446 3082 εὐχῶν,
1471 3012 1590 3082 ἦτοι
1614 3010 1723 3064 τῶν
1751 3009 2059 3079 ἀσωμάτων

471 3099 777 3169 δυνάμεων.
851 3096 977 3149 Ἐἀν
1022 3095 1196 3158 οὑτως
1240 3095 1671 3164 ἀποθνήσκωμεν
1695 3132 1709 3157 ,
1740 3090 1863 3145 τότε
1894 3090 2059 3161 ζησὸ-

477 3181 639 3254 μεθα.
676 3180 787 3235 Καὶ
821 3178 1002 3242 καλῶς
1044 3173 1231 3243 εἶπεν,
1269 3179 1334 3230 Οἱ
1367 3176 1486 3247 μὲν
1520 3175 1629 3244 γὰρ
1666 3174 1812 3242 πρὸς
1851 3174 2065 3242 ὀλίγας

476 3263 700 3334 ἡμέρας
747 3263 1069 3318 ἐπαίδευον
1117 3261 1267 3315 κατὰ
1309 3259 1377 3313 τὸ
1427 3258 1652 3334 δοκοῦν
1695 3255 1898 3323 αὐτοῖς
1932 3272 1947 3287 °
1995 3257 2058 3309 οὐ

472 3331 888 3421 πανταχοῦ
919 3345 980 3398 τὸ
1005 3343 1195 3398 δοκοῦν
1226 3341 1505 3414 συμφέρον
1530 3356 1545 3373 ’
1571 3331 1728 3402 οὗτος
1756 3338 1813 3392 δὲ
1839 3338 1974 3411 πρὸς
1997 3338 2057 3392 τὸ

475 3432 777 3503 συμφέρον.

543 3514 614 3584 γ’.
632 3515 775 3585 ’Δρα
801 3513 834 3582 ἡ
855 3508 1068 3563 παιδεία
1091 3507 1390 3578 συμφέρον,
1410 3506 1564 3577 ἆραή
1596 3504 1814 3559 παιδεία
1832 3504 2059 3576 μετάλη.

470 3598 564 3670 ψις
590 3595 876 3666 ἀγιότητός
905 3595 1040 3646 ἐστι.
1074 3592 1185 3645 Καὶ
1229 3590 1435 3660 σφόδρα
1463 3607 1527 3659 γε
1552 3605 1567 3619 ο
1598 3589 1726 3642 ὅταν
1755 3588 1864 3657 γὰρ
1891 3587 2060 3658 ρᾳθυ-

477 3681 605 3750 μίαν
634 3678 893 3749 ἐκϐάλλῃ,
927 3677 1055 3729 ὅταν
1083 3674 1382 3744 ἐπιθυμίαν
1412 3673 1675 3745 πονηρὰν,
1723 3672 1851 3724 ὃταν
1882 3670 2060 3739 ἔρωτα

473 3767 583 3822 τῶν
606 3762 877 3837 βιωτικῶν
905 3760 1271 3832 πραγμάτων,
1292 3758 1421 3812 ὅταν
1445 3756 1725 3827 συστρέφῃ
1746 3755 1844 3827 τὴν
1859 3755 2057 3826 ψυχὴν,

473 3851 602 3905 ὅταν
631 3850 757 3919 ποιῇ
783 3844 1135 3916 καταγνῶναι
1175 3842 1283 3896 τῶν
1317 3840 1553 3896 ἐνταῦθα
1582 3840 1802 3893 πάντων
1832 3839 2062 3912 (τοιοῦτο

472 3935 583 4005 γάρ
605 3935 638 4003 ή
663 3929 1027 4000 θλίψις),οὐχὶ
1053 3928 1185 3996 ἁγία
1213 3926 1455 3995 γίνεται;
1479 3924 1600 3993 οὐχὶ
1628 3923 1722 3977 τοῦ
1745 3923 2062 3994 Πνεύματος

473 4014 775 4067 ἐπισπᾶται
824 4013 923 4082 τὴν
966 4013 1167 4081 χάρινς
1223 4011 1602 4079 Ἐννοήσωμεν
1645 4007 1932 4079 τοιγαροῦν
1974 4007 2062 4060 ἀεὶ

474 4101 600 4160 τοὺς
632 4096 871 4158 δικαίους
894 4136 909 4159 ,
945 4095 1039 4147 καὶ
1086 4095 1284 4163 ἴδωμεν
1329 4094 1493 4145 πόθεν
1537 4093 1735 4155 πάντες
1771 4091 2017 4161 ἔλαμψαν
2042 4131 2057 4156 ,

466 4179 630 4256 [274]
652 4181 745 4231 καὶ
765 4177 870 4248 πρὸ
899 4176 1137 4238 πάντων,
1162 4178 1190 4227 6
1218 4175 1404 4239 Ἅϐελ,
1434 4174 1463 4226 ὁ
1487 4175 1608 4226 Νῶε
1634 4190 1647 4204 ·
1679 4171 1788 4244 ἆρα
1812 4174 1921 4243 γάρ
1942 4173 2062 4243 οὐχ).

473 4263 583 4317 ἀπὸ
614 4260 841 4330 θλίψεως
863 4278 878 4327 ;
904 4260 965 4312 οὐ
995 4257 1103 4329 γάρ
1133 4256 1249 4309 ἐστι
1276 4256 1367 4308 τὸν
1410 4256 1571 4326 μόνον
1612 4255 1738 4308 ὅντα
1769 4258 1827 4307 ἐν
1867 4255 1944 4327 τῷ
1974 4273 2063 4309 το-

476 4347 653 4419 σοὺτῳ
697 4345 895 4417 πλήθει
933 4345 1040 4397 τῶν
1084 4342 1269 4397 κακῶν
1317 4344 1392 4414 μὴ
1436 4340 1738 4394 θλίϐεσθαι.
1770 4340 1898 4395 Νῶε
1927 4343 2058 4410 γάρ,

476 4432 630 4505 φησὶ,
660 4430 849 4501 μόνος
886 4431 1115 4495 τέλειος
1149 4426 1235 4482 ῶν
1274 4427 1343 4482 ἐν
1381 4426 1454 4496 τῇ
1496 4425 1673 4493 γενεᾷ
1716 4423 1902 4481 αὐτοῦ
1925 4466 1940 4491 ,
1980 4426 2061 4492 τῷ

480 4516 600 4584 Θεῴ
631 4516 1061 4585 εὐηρέστησεν.
1107 4514 1393 4585 Ἐννόησον
1431 4512 1541 4583 γάρ
1579 4530 1706 4582 μοι,
1750 4514 1799 4565 εί
1835 4512 1928 4566 νῦν
1960 4530 2062 4583 μυ-

480 4605 626 4673 ρίους
649 4602 865 4671 ἔχοντες
891 4593 965 4651 ὧν
1005 4597 1323 4667 ζηλώσομεν
1358 4597 1456 4666 τὴν
1499 4597 1723 4665 ἀρετὴν,
1770 4598 1863 4649 καὶ
1900 4597 2064 4650 πατέ-

480 4704 578 4759 ρας
602 4696 622 4716 ⁶
641 4726 655 4747 ,
688 4683 783 4737 καὶ
811 4682 1167 4744 διδασκάλους
1191 4721 1205 4747 ,
1242 4680 1385 4733 οὕτω
1429 4678 1749 4747 θλιϐόμεθα,
1788 4679 1840 4733 τί
1871 4682 2062 4733 παθεῖν

481 4773 686 4825 ἐκεῖνον
733 4768 880 4830 εἰκὸς
910 4763 983 4842 ἦν
1035 4766 1194 4836 μόνον
1240 4764 1444 4835 μεταξὺ
1478 4762 1784 4829 τοσούτων;
1817 4762 1954 4816 ἀλλά
1995 4764 2061 4817 τά

479 4855 622 4909 κατά
652 4852 744 4907 τὸν
771 4851 923 4905 ὑετὸν
944 4850 1081 4903 εῖπω
1102 4849 1192 4907 τὸν
1220 4849 1370 4916 ξένον
1391 4848 1598 4902 ἐκεῖνον
1625 4849 1717 4900 καὶ
1740 4847 2057 4918 παράδοξον;

481 4938 620 4990 ἀλλὰ
644 4939 734 4993 τὸν
768 4937 1017 5008 Ἀϐραὰμ
1038 4936 1197 5000 εἴπω,
1229 4936 1321 4989 καὶ
1350 4935 1386 4991 ἃ
1417 4934 1601 4988 τοῦτον
1623 4934 1818 5005 συνέϐη
1846 4934 2060 5001 παθεῖν,

489 5013 620 5083 οἷον,
647 5019 745 5083 τὰς
773 5020 1077 5093 ἀποδημίας
1114 5021 1213 5081 τὰς
1244 5019 1596 5091 ἐπαλλήλους,
1623 5020 1721 5087 τὴν
1745 5019 1843 5089 τῆς
1873 5035 2063 5087 γυναι-

484 5105 579 5168 κὸς
611 5105 890 5175 ἁρπαγὴν,
932 5108 1059 5169 τοὺς
1101 5105 1402 5170 κινδύνους,
1445 5106 1571 5168 τοὺς
1619 5103 1906 5173 πολέμους,
1937 5103 2064 5166 τοὺς

482 5188 824 5259 πειρασμούς
853 5188 878 5227 b
907 5204 921 5252 ;
967 5189 1125 5242 Ἀλλά
1166 5188 1257 5243 τὸν
1298 5186 1494 5241 Ἰακὼϐ
1520 5227 1535 5248 ,
1562 5189 1663 5241 ὅσα
1691 5185 1925 5239 πέπονθε
1957 5188 2065 5241 δει-

483 5271 569 5338 νά,
603 5270 962 5341 ἐλαυνόμενος
1003 5272 1283 5337 πάντοθεν,
1321 5275 1413 5324 καὶ
1444 5270 1621 5323 πονῶν
1650 5272 1792 5341 εἰκῆ,
1822 5272 1914 5323 καὶ
1945 5271 2064 5324 ἐτέ-

486 5379 598 5433 ροις
623 5360 865 5430 μοχθῶν;
891 5362 1096 5421 πάντας
1123 5360 1221 5430 μὲν
1248 5361 1355 5429 γὰρ
1378 5358 1540 5412 αὐτοῦ
1571 5360 1691 5421 τούς
1724 5356 2064 5427 πειρασμούς

485 5444 808 5512 καταλέγειν
834 5445 932 5497 οὐκ
965 5447 1263 5512 ἀναγκαῖον
1288 5484 1302 5507 ,
1334 5444 1430 5515 τὴν
1466 5445 1521 5496 δὲ
1565 5442 1873 5513 μαρτυρίαν
1925 5459 2066 5511 παρ-⁵

546 5659 561 5722 ‘_'
585 5660 826 5722 Comen,
851 5661 1030 5721 ηψπ,
1065 5660 1248 5709 Cmam.
1289 5666 1337 5708 ct
1366 5673 1517 5722 marg.
1546 5658 1681 5715 δίεν,
1710 5658 1783 5707 κοΐ
1810 5658 1996 5705 πατῖατ.

549 5719 576 5761 ι’
616 5720 784 5779 lide,
815 5723 919 5777 τοὺς
941 5719 1118 5784 λιιωύτ.

2154 679 2295 730 μου.
2345 665 2501 716 Ἀλλά
2546 664 2637 717 τὸν
2693 664 2889 733 Ἰωσὴφ
2930 665 3108 730 arma;
3151 665 3288 719 ἀλλὰ
3334 665 3426 719 τὸν
3468 667 3746 734 Μωῦσέας

2159 745 2296 798 ἀλλά
2340 745 2430 798 τὸν
2477 746 2724 815 Ἰησοῦν;
2776 746 2913 799 ἀλλά
2954 747 3044 799 τὸν
3081 748 3287 812 Δαυῖδς
3334 747 3472 802 ἀλλά
3512 748 3603 802 τὸν
3650 751 3745 802 Σα-

2163 830 2372 899 μουήλ;
2417 829 2554 882 ἀλλά
2594 830 2685 883 τὸν
2726 830 2954 896 Ἠλίαν;
3004 830 3141 883 ἀλλά
3186 831 3278 883 τὸν
3323 832 3561 903 Δανιήλ;
3610 833 3746 887 ἀλλά

2158 912 2285 975 τοὺς
2318 913 2603 982 προφήτας
2639 912 2885 978 πάντας;
2925 912 3083 965 Ἀλλά
3106 912 3326 978 τούτους
3366 913 3612 979 ἅπαντας
3638 917 3747 969 ἀπὸ

2157 992 2267 1046 τῶν
2309 993 2544 1063 θλίψεων
2588 993 2874 1066 λαμπροὺς
2917 997 3171 1067 εὑρήσεις
3215 998 3563 1068 γενομένους.
3607 999 3744 1052 Εἰπὲ

2157 1073 2251 1131 οὖν
2279 1095 2371 1147 μοι
2400 1082 2484 1141 σὺ,
2519 1078 2626 1132 ἀπὸ
2656 1080 2889 1143 ἀνέσεως
2916 1080 3012 1133 καὶ
3038 1082 3251 1150 τρυφῆς
3282 1080 3535 1152 λαμπρὸς
3564 1081 3743 1152 βούλει

2157 1160 2450 1227 γενέσθαι;
2504 1161 2645 1213 Ἀλλ’
2666 1161 2767 1214 οὐκ
2796 1161 2863 1215 ἀν
2890 1161 3092 1214 δύναιο.
3140 1161 3300 1215 Ἀλλά
3342 1163 3468 1225 τοὺς
3509 1164 3744 1217 ἀποστό-

2157 1242 2281 1306 λους
2310 1244 2488 1311 είπω;
2529 1244 2689 1297 Ἀλλά
2729 1245 2823 1297 καλ⁸
2865 1236 3011 1297 οὗτοι
3056 1246 3265 1308 πάντας
3305 1246 3741 1317 ὑπερηκόντισαν

2156 1328 2268 1391 τοῖς
2298 1327 2582 1398 λυπηροῖς.
2618 1329 2682 1382 Τί
2708 1327 2879 1381 ταῦτα
2908 1328 3052 1395 λέγω
3077 1345 3093 1393 ;
3124 1329 3215 1381 καὶ
3242 1330 3269 1381 6
3311 1330 3546 1399 Χριστὸς
3584 1328 3741 1396 τοῦτό

2160 1427 2325 1479 φησιν
2348 1427 2363 1441 ⁸
2405 1412 2503 1466 Ἑν
2536 1412 2616 1477 τῷ
2654 1414 2861 1479 κόσμῳ
2900 1411 3112 1479 θλῖψιν
3154 1411 3320 1475 ἕξετε
3351 1430 3365 1445 ·
3414 1414 3508 1466 καὶ
3554 1411 3739 1478 πάλιν,

2158 1496 2464 1548 κλαύσετε
2487 1496 2581 1549 καὶ
2607 1495 2939 1565 θρηνήσετε
2959 1494 3144 1565 ὑμεῖς·
3166 1498 3199 1549 ό
3218 1494 3287 1547 δὲ
3306 1497 3531 1565 κόσμος
3550 1495 3729 1566 χαρήο

2159 1592 2345 1632 σεται.

2230 1728 2341 1782 Καὶ
2364 1729 2444 1781 ὅτι
2485 1727 2642 1798 στενὴ
2689 1727 2783 1780 καὶ
2818 1726 3152 1798 τεθλιμμένη
3185 1726 3355 1797 ἡὸδὸς
3379 1728 3412 1797 ή
3438 1726 3734 1794 ἀπάγουσα

2161 1813 2244 1874 εἰς
2272 1812 2371 1883 τὴν
2395 1812 2563 1881 ζωήν.
2603 1812 2660 1864 'O
2692 1811 2793 1881 τῆς
2825 1810 2947 1864 ὁδοῦ
2992 1810 3197 1881 Κύριος
3233 1805 3408 1873 εἶπεν,
3440 1811 3521 1864 ὅτι
3568 1810 3728 1881 στενὴ

2161 1896 2255 1948 καὶ
2300 1895 2636 1964 τεθλιμμένη
2663 1910 2677 1924 ⁸
2720 1898 2784 1948 σὺ
2837 1894 2894 1947 δὲ
2930 1893 3026 1964 τὴν
3071 1895 3334 1946 πλατεῖαν
3382 1892 3603 1961 ζητεῖς;
3639 1893 3738 1947 καὶ

2162 1977 2279 2041 πῶς
2307 1978 2406 2031 οὐκ
2439 1977 2672 2043 ἀτοπον;
2703 1976 2801 2029 Διά
2827 1974 2986 2030 τοῦτο
3012 1977 3112 2028 οὐκ
3140 1974 3401 2045 ἐπιτεύξῃ
3427 1976 3525 2044 τῆς
3566 1975 3735 2045 ζωῆς,

2161 2061 2356 2131 ἑτέραν
2387 2059 2639 2130 βαδίζων,
2669 2058 2805 2113 ἀλλά
2844 2058 2944 2128 τῆς
2977 2058 3253 2121 ἀπωλείας
3279 2074 3294 2090 ο
3331 2058 3432 2129 τὴν
3470 2058 3579 2129 γάρ
3618 2060 3739 2111 ἐκεῖ

2161 2144 2437 2213 φέρουσαν
2488 2144 2651 2197 εἵλου.
2684 2142 2871 2195 Βούλει
2896 2141 3035 2194 εἴπω
3063 2143 3158 2195 καὶ
3183 2143 3492 2212 παραγάγω
3524 2143 3604 2204 είς
3634 2141 3737 2211 μέ-

2163 2246 2254 2284 σον
2300 2228 2429 2290 τούς
2466 2228 2525 2278 ἐν
2559 2228 2774 2297 τρυφῇ;
2832 2222 2967 2277 Ἀπὸ
3017 2223 3127 2276 τῶν
3171 2224 3416 2293 ἐσχάτων
3455 2223 3548 2277 ἐπὶ
3603 2223 3735 2286 τοὺς

2162 2308 2414 2382 πρώτους
2442 2306 2773 2378 ἀνέλθωμεν.
2822 2307 2882 2359 '0
2913 2306 3163 2369 πλούσιος
3189 2308 3217 2359 6
3248 2305 3536 2376 καιόμενος
3569 2306 3625 2358 ἐν
3662 2307 3731 2375 τῇ

2161 2393 2394 2464 καμίνῳ,
2422 2392 2470 2444 οἱ
2509 2393 2574 2461 τῇ
2616 2392 2813 2461 γαστρὶ
2837 2388 3037 2455 ζῶντες
3075 2386 3338 2452 Ἰουδαῖοι,
3374 2382 3449 2443 ὧν
3476 2391 3504 2442 6
3534 2388 3663 2451 Θεὸς
3697 2390 3736 2459 ἠ

2160 2476 2361 2539 κοιλία,
2385 2476 2436 2527 οἱ
2462 2475 2520 2526 ἐν
2551 2476 2617 2543 τῇ
2648 2474 2841 2544 ἐρήμῳ
2869 2471 3251 2542 ἐπιζητοῦντες
3279 2472 3365 2525 ἀεὶ
3399 2472 3604 2537 ἄνεσιν,
3637 2472 3729 2527 διὰ

2159 2561 2212 2613 τί
2242 2557 2554 2621 ἀπώλοντο;
2586 2555 2777 2624 ῶσπερ
2796 2555 2889 2608 καὶ
2915 2557 2964 2608 οἱ
2994 2554 3088 2607 ἐπὶ
3116 2553 3209 2607 τοῦ
3235 2554 3381 2621 Νῶε,
3413 2554 3514 2607 οὐκ
3539 2553 3731 2623 ἐπειδὴ

2158 2642 2251 2696 τὸν
2278 2640 2443 2711 ὑγρὸν
2464 2638 2652 2693 τοῦτον
2689 2638 2785 2692 καὶ
2804 2636 3185 2707 διαλελυμένον
3208 2636 3411 2690 εἴλοντο
3440 2636 3592 2707 βίον;
3622 2637 3731 2691 Καὶ

2158 2728 2206 2780 οί
2251 2728 2309 2779 ἐν
2343 2723 2595 2794 Σοδόμοις
2621 2721 2711 2777 διὰ
2754 2721 3196 2794 γαστριμαργίαν
3220 2739 3236 2751 ·
3277 2720 3373 2774 Ἐν
3403 2720 3734 2791 πλησμονῇ

2162 2808 2311 2883 [275]
2360 2810 2491 2879 γὰρ,
2531 2807 2718 2879 φησὶν,
2764 2805 2958 2875 ἀρτων
2990 2803 3370 2859 ἐσπατὰλων.
3406 2802 3577 2856 Τοῦτο
3606 2806 3737 2875 περίΙ

2159 2892 2269 2945 τῶν
2292 2893 2349 2944 ἐν
2386 2891 2644 2961 Σοδόμοις
2674 2890 2907 2957 είρηται.
2939 2889 3001 2941 Εἰ
3032 2886 3089 2940 δὲ
3117 2886 3297 2954 ἄρτων
3328 2884 3615 2956 πλησμονή
3641 2902 3735 2937 τοο

2162 2972 2350 3025 σοῦτον
2385 2972 2554 3023 κακὸν
2599 2969 2913 3037 εἰργάσατο,
2959 2967 3010 3019 τί
3046 2966 3112 3019 ἀν
3146 2967 3394 3039 εἴποιμεν
3442 2969 3572 3040 περὶ
3623 2968 3736 3023 τῶν

2158 3053 2335 3107 ἄλλων
2362 3051 2831 3122 καρυκευμάτων;
2874 3049 2934 3101 ὐ
2974 3046 3144 3103 Ἠσαῦ
3171 3050 3289 3119 οὐχι
3330 3051 3389 3102 ἐν
3421 3051 3602 3105 ἀνέσει
3625 3047 3734 3123 ἦν;

2162 3137 2217 3189 τί
2245 3136 2303 3189 δὲ
2337 3136 2387 3187 οἱ
2419 3134 2617 3195 ίδοντες
2650 3144 2746 3196 τας
2802 3134 3070 3199 γυναῖκας
3125 3130 3232 3185 τῶν
3265 3131 3398 3184 υίῶν
3434 3132 3530 3186 τοῦ
3568 3133 3730 3200 Θεοῦ,

2161 3221 2257 3273 καὶ
2286 3220 2427 3273 κατά
2453 3216 2717 3289 κρημνῶν
2767 3215 3024 3287 ἀχθέντες
3049 3232 3063 3281 ;
3112 3215 3164 3268 τί
3191 3214 3246 3268 δὲ
3278 3215 3328 3268 οῖ
3361 3218 3475 3279 τοῖς
3504 3216 3731 3287 ἄρρεσιν

2163 3302 2617 3373 ἐπιμαινόμενοι;
2655 3298 2854 3361 πάντες
2910 3297 2968 3351 δὲ
3017 3298 3068 3350 οί
3121 3296 3362 3367 βασιλεῖς
3407 3298 3513 3350 τῶν
3539 3296 3731 3365 ἐθνῶν,

2160 3385 2541 3448 Βαϐυλωνίων,
2574 3382 2909 3451 Αἰγυπτίων,
2935 3382 3055 3451 οὐχὶ
3078 3379 3265 3442 κακῶς
3289 3381 3387 3449 τήν
3412 3380 3557 3448 ζωὴν
3593 3395 3733 3432 κατ-

2097 3503 2102 3509 -
2165 3467 2479 3538 έστρεψαν;
2512 3465 2633 3535 οὐχὶ⁵
2678 3464 2735 3516 ἐν
2775 3463 2993 3517 κολάσει
3031 3462 3173 3527 είσί;
3212 3460 3294 3515 Τά
3333 3460 3391 3514 δὲ
3434 3460 3549 3525 νῦν,
3610 3461 3735 3513 είπὲ

2164 3568 2275 3620 μοι,
2343 3549 2403 3602 οὐ
2454 3545 2707 3611 τοιαῦτα;
2748 3547 2948 3598 Ἀκουε
3003 3542 3096 3597 τοῦ
3151 3542 3389 3614 Χριστοῦ
3438 3541 3729 3610 λέγοντος

2157 3636 2223 3687 Οἱ
2276 3632 2350 3686 τὰ
2405 3632 2645 3700 μαλακὰ
2702 3627 3053 3698 φοροῦντες,
3090 3627 3162 3681 ἐν
3203 3628 3327 3692 τοῖς
3376 3626 3566 3692 οῖκοις
3614 3624 3737 3678 τῶν

2156 3718 2469 3782 ,βασιλέων
2529 3714 2721 3768 εἰσιν·
2777 3712 2827 3765 οί
2875 3712 2933 3765 δὲ
2993 3712 3068 3782 μὴ
3106 3711 3175 3764 τὰ
3215 3710 3464 3772 τοιαῦτα,
3509 3712 3569 3762 ἐν
3617 3712 3736 3773 τοῖς

2161 3800 2433 3871 οὐρανοῖς.
2466 3797 2541 3850 Τὸ
2569 3797 2678 3866 γὰρ
2711 3793 2951 3864 μαλακὸν
2985 3795 3197 3864 ἱμάτιον
3245 3794 3341 3848 καὶ
3384 3792 3484 3859 τήν
3530 3794 3735 3863 αὐστη-

2164 3884 2264 3954 ράν
2292 3879 2476 3934 ἐκλύει
2500 3879 2678 3949 ψυχὴν
2703 3877 2795 3929 καὶ
2825 3876 3019 3947 διακλᾷ
3048 3875 3140 3929 καὶ
3173 3876 3350 3945 διαχεῖ
3368 3892 3383 3906 ο
3416 3875 3516 3928 κᾶν
3558 3876 3737 3945 τραχὺ

2161 3964 2304 4037 λάϐῃ
2337 3963 2496 4032 σῶμα
2528 3961 2621 4014 καὶ
2647 3959 2903 4028 σκληρὸν,
2940 3959 3152 4028 ταχέως
3197 3958 3285 4011 διὰ
3334 3958 3435 4026 τῆς
3472 3956 3733 4027 τοιαύτης

2162 4044 2621 4119 τρυφεραγωγίας
2672 4040 2915 4112 μαλακὸν
2956 4042 3099 4093 ποιεῖ
3147 4042 3241 4092 καὶ
3270 4040 3514 4102 ἀσθενές.
3562 4039 3736 4119 Πόθεν

2161 4118 2270 4199 γάρ
2323 4127 2502 4181 οἴεσθε
2559 4122 2826 4195 ἑτέρωθεν
2862 4123 2962 4186 τάς
3015 4124 3280 4191 γυναῖκας
3346 4122 3517 4185 οὑτως
3590 4118 3735 4176 εἶναι

2161 4212 2427 4275 ἀσθενεῖς,
2462 4209 2583 4261 εἰπέ
2638 4223 2764 4277 μοι;
2816 4202 2924 4274 ἆρα
2964 4205 3071 4259 ἀπὸ
3101 4206 3199 4275 τῆς
3260 4204 3476 4273 φύσεως
3522 4205 3734 4275 μόνης;

2161 4292 2449 4363 Οὐδαμῶς,
2468 4290 2603 4344 ἀλλά
2623 4290 2719 4343 καὶ
2745 4289 2853 4342 ἀπὸ
2874 4288 2972 4358 τῆς
2999 4289 3223 4357 ἀγωγῆς
3250 4288 3345 4340 καὶ
3370 4288 3469 4357 τῆς
3502 4288 3737 4359 ἀνατρο-

2162 4376 2305 4447 φῆς·
2354 4378 2388 4444 ὴ
2439 4374 2548 4444 γὰρ
2598 4371 2946 4442 σκιατροφία,
2997 4371 3028 4440 ἡ
3068 4371 3254 4438 ἀργία,
3292 4368 3362 4424 τά
3398 4369 3617 4440 λουτρὰ,
3662 4370 3738 4423 τά

2165 4459 2332 4530 μύρα,
2358 4458 2467 4510 τῶν
2506 4456 2813 4527 ἀρωμάτων
2840 4454 2900 4506 τὸ
2952 4453 3176 4523 πλῆθος,
3214 4453 3313 4522 τῆς
3370 4453 3661 4524 στρωμνῆς
3701 4453 3737 4523 ἡ

2161 4542 2457 4611 ἀπαλότης,
2515 4538 2769 4601 τοιαύτας
2821 4538 2991 4600 αὑτὰς
3038 4535 3433 4606 ἀπεργάζεται.
3493 4536 3605 4590 Καὶ
3646 4536 3739 4589 ἵνα

2166 4624 2365 4696 μάθῃς,
2404 4622 2637 4693 πρόσεχε
2660 4614 2703 4688 ᾧ
2731 4620 2895 4688 λέγω.
2929 4618 3060 4671 Ἀπὸ
3084 4622 3290 4689 κήπου,
3318 4618 3438 4671 εἰπέ
3483 4636 3594 4688 μοι,
3623 4616 3738 4671 τῶν

2163 4709 2219 4760 ἐν
2236 4712 2301 4778 τῇ
2320 4708 2510 4777 ἐρήμῳ
2525 4702 2774 4757 ἑστώτων
2798 4702 3055 4773 δένδρων,
3074 4702 3169 4753 καὶ
3184 4700 3491 4771 δερομένων
3509 4700 3611 4753 ὑπὸ
3625 4702 3740 4753 τῶν

2162 4791 2380 4860 ἀνέμων
2415 4786 2598 4841 λαϐὼν
2628 4787 2818 4855 φυτὸν,
2837 4787 2915 4848 είς
2941 4786 3106 4855 ὑγρὸν
3134 4785 3227 4837 καὶ
3260 4784 3481 4838 σύσκιον
3498 4784 3740 4838 κατάθου

2164 4875 2361 4928 τόπονσ
2400 4874 2496 4926 καὶ
2552 4870 2687 4923 πολύ
2724 4869 2941 4933 ἀνάξιον
2988 4869 3240 4937 εὑρήσεις
3286 4867 3518 4932 ἐκείνου,
3552 4868 3641 4936 ἀφ’
3674 4862 3741 4924 οὗ

2164 4956 2314 5027 παρὰ
2354 4955 2451 5025 τὴν
2482 4953 2655 5024 ἀρχὴν
2712 4952 2843 5005 αὐτὸ
2889 4951 3099 5013 ἔλαϐες.
3140 4952 3261 5003 Ὅτι
3305 4950 3363 5004 δὲ
3402 4949 3559 5002 τοῦτό
3589 4951 3741 5003 ἐστιν

2165 5042 2384 5112 ἀληθὲς,
2418 5040 2472 5092 αἱ
2498 5040 2590 5090 ἐπὶ
2628 5037 2737 5089 τῶν
2765 5034 2949 5105 ἀγρῶν
2974 5035 3305 5104 τρεφόμεναι
3334 5034 3740 5102 γυναῖκες,τῶν

2164 5123 2403 5179 ἀστικῶν
2442 5120 2652 5191 ἀνδρῶν
2686 5121 2824 5171 εἰσιν
2874 5118 3240 5189 ἰσχυρότεραι,
3288 5120 3384 5172 καὶ
3414 5118 3640 5180 πολλοὺς
3672 5117 3741 5170 ἀν

2164 5206 2439 5267 τοιούτους
2470 5202 2941 5261 καταπαλαίσαιεν
2972 5205 3198 5256 ἐκεῖναι.
3237 5202 3343 5255 Τοῦ
3378 5202 3434 5254 δὲ
3482 5200 3739 5270 σώματος

2165 5289 2457 5360 γενομένου
2520 5286 2934 5356 μαλακωτέρου,
2978 5286 3193 5357 ἀνάγκη
3254 5286 3347 5337 καὶ
3404 5284 3501 5355 τὴν
3559 5283 3742 5353 ψυχὴν

2168 5370 2561 5427 συναπολαύειν
2587 5370 2681 5437 τῆς
2702 5366 2879 5438 λύμης
2901 5385 2911 5395 ·
2937 5368 3005 5420 τὰ
3033 5369 3143 5439 γὰρ
3167 5367 3337 5420 πολλά
3363 5368 3456 5420 καὶ
3473 5364 3744 5419 συνδιατίο

2166 5461 2349 5511 θενται
2370 5456 2538 5523 αὐτῆς
2560 5455 2617 5507 αἱ
2645 5452 2916 5522 ἐνέργειαι
2939 5455 3003 5522 τῇ
3021 5452 3211 5505 τούτου
3232 5451 3486 5505 διαθέσει.
3510 5450 3616 5503 Καὶ
3633 5450 3744 5519 γάρ

2166 5544 2225 5594 ἐν
2253 5539 2428 5602 νόσοις
2475 5536 2655 5604 ἕτεροί
2704 5538 2872 5604 ἐσμεν
2923 5535 3010 5588 διὰ
3062 5534 3124 5587 τὸ
3173 5533 3589 5603 μαλακίζεσθαι,
3645 5533 3744 5585 καὶ

2168 5623 2500 5689 ὑγιαίνοντες
2530 5619 2691 5672 πάλιν
2736 5618 2933 5686 ἕτεροι.
2962 5617 3223 5687 Καθάπερ
3254 5618 3362 5686 γὰρ
3399 5617 3491 5669 ἐπὶ
3523 5617 3737 5686 νευρᾶς,

2168 5708 2294 5762 ὅταν
2346 5698 2476 5765 ᾧσιν
2526 5705 2571 5753 οξ
2609 5702 2833 5769 φθόγγοι
2870 5701 3063 5753 ἀπαλοὶ
3103 5702 3194 5755 καὶ
3243 5701 3495 5771 μαλακοὶ,
3532 5703 3621 5755 καὶ
3665 5697 3748 5773 μὴ
