4088 6208
372 249 483 313 9.Οὸ

363 350 612 407 carnales
643 349 715 405 illi
755 358 1067 406 reverentur
1092 391 1106 416 ,
1136 352 1406 421 quomodo
1437 351 1645 406 Patrem
1686 351 1954 407 curlestem

365 461 472 501 non
503 444 925 500 reverehimini?
953 444 1285 515 Quamquam
1319 461 1423 499 non
1465 461 1529 500 ex
1557 460 1623 500 eo
1651 446 1766 500 solo
1796 445 1954 500 dilic-

362 538 538 592 rcntia
565 546 794 600 constat,
824 545 916 591 aut
940 538 1101 592 etiam
1126 553 1191 593 ex
1221 539 1464 608 personis
1488 581 1503 604 ,
1533 538 1625 593 sed
1666 548 1717 594 ct
1745 538 1812 593 ab
1843 539 1956 607 ipsa

356 637 518 677 causa
541 631 597 676 et
617 638 680 676 ex
709 638 766 675 re
798 622 910 692 ipsa
943 640 956 675 :
993 639 1097 677 non
1126 626 1268 679 enim
1302 637 1518 695 propter
1547 627 1734 682 eadem
1763 637 1818 683 et
1858 627 1945 686 hic

360 724 415 769 et
462 714 532 766 illi
583 713 859 769 erudiunt.
885 713 1120 785 Ideoque
1146 716 1419 787 subjuugit
1448 736 1460 771 :
1494 717 1584 773 Illi
1616 720 1748 773 enim
1775 723 1953 791 paucis

360 805 537 859 diebus
562 846 576 867 ,
624 816 775 870 prout
818 804 922 860 illis
965 807 1257 873 videbatur,
1304 808 1646 865 erudiebant:
1683 810 1787 865 hoc
1817 820 1943 876 est,

359 911 505 963 szepe
528 896 814 965 iinplentes
834 897 1184 968 voluptatem,
1206 916 1310 955 non
1339 915 1553 971 semper
1572 912 1876 972 spectantes
1896 903 1950 959 id

320 1009 328 1015 -
361 986 503 1055 quod
525 996 608 1040 est
633 986 992 1043 conducibile.
1024 988 1118 1043 llic
1138 1000 1312 1045 autem
1337 1007 1443 1046 non
1474 1003 1647 1062 potest
1670 995 1770 1049 hoc
1795 994 1899 1048 dici
1932 1012 1947 1050 :

362 1092 469 1131 non
524 1077 669 1132 enim
728 1079 831 1132 hoc
885 1081 1010 1134 facit
1060 1090 1281 1151 propter
1333 1084 1547 1154 aliquod
1609 1085 1948 1140 commodum

364 1183 546 1231 suum,
580 1169 673 1222 sed
704 1178 925 1239 propter
949 1186 1046 1225 vos
1070 1180 1122 1225 et
1150 1184 1386 1227 vestram
1417 1175 1585 1228 Solam
1621 1176 1900 1231 utilitatem
1933 1193 1949 1230 :

363 1260 438 1315 illi
466 1270 525 1315 ut
553 1272 606 1315 et
633 1262 761 1330 ipsis
789 1263 907 1316 sitis
938 1264 1119 1330 utiles,
1155 1279 1298 1334 smpe
1322 1277 1497 1321 autem
1523 1268 1681 1323 etiam
1719 1279 1947 1336 temere;

362 1352 453 1408 hic
480 1364 657 1407 autem
678 1354 822 1419 nihil
853 1364 938 1410 est
966 1356 1291 1425 huiusmodi.
1332 1359 1487 1414 Vides
1516 1360 1659 1430 quod
1693 1361 1793 1416 hoc
1817 1376 1947 1431 quo-

362 1459 471 1513 quc
498 1444 650 1499 aﬂ‘ert
676 1446 1139 1502 conSolatiouem?
1164 1448 1292 1502 Nam
1325 1466 1444 1503 cum
1476 1451 1579 1506 illis
1607 1453 1838 1508 maxime
1861 1453 1951 1507 bc-

363 1536 666 1592 nevolcntia
690 1535 1085 1608 coniungimur,
1105 1540 1318 1610 quando
1348 1541 1642 1598 viderimus
1671 1543 1811 1614 quod
1843 1559 1951 1598 non

360 1640 584 1699 propter
615 1628 813 1698 aliquid
841 1644 995 1682 suum
1025 1641 1110 1683 aut
1137 1630 1361 1701 jubent,
1406 1641 1497 1687 aut
1540 1635 1767 1689 suadent
1793 1675 1807 1699 ,
1854 1634 1949 1689 sed

364 1730 587 1791 propter
618 1734 715 1774 nos
743 1729 909 1774 totum
940 1719 1008 1774 ab
1034 1722 1112 1775 eis
1142 1723 1357 1792 ponitur
1383 1724 1637 1779 studium.
1670 1724 1783 1781 lloc
1808 1726 1952 1781 enim

362 1821 448 1867 est
474 1811 686 1867 sincera
735 1811 953 1866 dilectio
1002 1820 1057 1867 et
1100 1827 1228 1868 vere
1275 1815 1521 1883 dilectio,
1571 1817 1784 1887 quando
1831 1832 1953 1873 cum

363 1903 499 1955 nihil
528 1903 698 1956 simus
724 1902 882 1957 utiles
912 1902 961 1957 ei
992 1904 1080 1972 qui
1111 1903 1281 1975 diligit
1307 1946 1321 1969 ,
1350 1905 1420 1960 ab
1461 1922 1527 1962 eo
1563 1917 1739 1963 tamen
1778 1907 1954 1979 diligi-

364 2011 486 2049 mur
518 2011 532 2047 :
563 1994 835 2064 diligimur
865 1993 1009 2049 enim
1044 2010 1147 2050 non
1179 2006 1234 2049 ut
1274 1998 1532 2067 accipiat,
1580 1998 1672 2053 sed
1717 2008 1772 2053 ut
1817 1999 1906 2054 det
1938 2016 1954 2054 :

364 2087 560 2151 erudit,
596 2088 774 2141 omnia
806 2086 950 2155 facit,
978 2104 1137 2142 omne
1157 2089 1391 2143 studiqu
1422 2089 1651 2154 confert,
1682 2102 1737 2144 ut
1767 2092 1957 2146 reddac

363 2195 488 2234 mur
517 2193 736 2233 suorum
768 2180 1029 2234 bonorum
1058 2194 1304 2249 capaces.
1358 2179 1422 2234 Et
1468 2183 1547 2235 illi
1589 2184 1830 2250 quidem,
1873 2183 1956 2237 in-

365 2273 486 2341 quit
511 2313 526 2335 ,
558 2272 613 2324 in
638 2281 862 2340 tempore
891 2288 1171 2343 paucorum
1198 2273 1395 2328 dierum
1422 2275 1698 2329 secundum
1723 2276 1960 2330 volunta-

367 2372 465 2417 tem
498 2379 645 2417 suam
674 2362 969 2418 erudierunt
995 2381 1086 2419 nos
1117 2382 1134 2421 :
1162 2366 1242 2419 hic
1269 2376 1436 2422 autem
1463 2367 1531 2421 ad
1570 2368 1625 2421 id
1662 2368 1796 2438 quod
1840 2368 1960 2423 utile

367 2464 483 2515 est.
522 2456 575 2508 in
620 2455 911 2524 recipiendo
962 2457 1413 2525 sanctiﬁcationem
1457 2460 1588 2530 ejus.
1646 2459 1783 2527 Quid
1830 2467 1954 2525 est,

370 2546 845 2613 Sancti/irationem
876 2547 1028 2617 ejus?
1061 2547 1174 2603 Hoc
1197 2558 1299 2615 est,
1334 2550 1641 2618 puritatem,
1671 2560 1728 2604 ut
1759 2565 1853 2619 pro
1877 2549 1957 2603 vi-

371 2640 522 2693 ribus
550 2638 722 2692 simus
748 2653 814 2692 eo
844 2637 1011 2708 digni.
1048 2638 1142 2693 Ille
1175 2640 1320 2709 ponit
1347 2640 1582 2695 studium
1632 2650 1689 2695 ut
1732 2640 1961 2709 accipia-

371 2729 463 2794 tis,
491 2737 546 2783 et
574 2728 755 2782 omnia
784 2726 908 2783 facit
940 2737 996 2783 ut
1025 2728 1119 2784 det
1150 2730 1305 2785 vobis
1335 2751 1349 2785 :
1380 2747 1474 2787 vos
1504 2740 1682 2785 autem
1720 2730 1959 2785 studium

372 2836 483 2874 non
512 2820 708 2889 ponitis
735 2827 795 2873 ut
821 2819 1115 2889 accipiatis.
1149 2820 1295 2889 Dixi,
1328 2821 1521 2891 inquit,
1556 2822 1807 2889 Domino,
1854 2820 1962 2875 Do-

378 2914 547 2965 minus
576 2928 711 2966 meus
735 2927 788 2966 es
816 2921 892 2979 tu,
925 2913 1165 2981 quoniam
1192 2913 1431 2967 bonorum
1461 2930 1685 2967 meorum
1711 2929 1812 2967 non
1853 2928 1965 2984 eges

376 3005 564 3071 (Psal.
604 3005 692 3060 15.
720 3005 757 3057 2
782 3006 821 3074 ).
868 3004 1064 3059 Deinde
1110 3016 1278 3075 patres
1317 3006 1517 3075 quidem
1566 3008 1736 3061 carnis
1780 3016 1966 3061 nostra

374 3097 656 3152 creditores
686 3096 975 3163 habuimus,
1008 3106 1056 3150 et
1080 3097 1424 3151 reverebantur
1449 3114 1532 3153 eos
1560 3114 1580 3153 :
1609 3114 1778 3152 annon
1810 3097 1965 3151 multo

375 3193 537 3259 magis
564 3190 1020 3258 obtemperabimus
1064 3188 1212 3244 Patri
1258 3191 1571 3261 spirituum,
1613 3200 1660 3245 et
1705 3188 1968 3243 vivemus?

369 3283 517 3338 Patri
540 3283 847 3353 spirituum;
872 3279 986 3333 sive
1014 3276 1394 3331 charismatum
1420 3270 1588 3337 dicit,
1615 3279 1706 3324 aut
1744 3271 1941 3323 oratio-

369 3391 493 3431 num
515 3416 530 3440 ,
561 3382 656 3428 aut
678 3379 999 3442 potestatum
1030 3368 1490 3436 incorporearum.
1520 3363 1576 3418 Si
1621 3360 1699 3416 sic
1744 3358 1942 3414 moria-

365 3484 531 3533 mur,
583 3475 711 3520 tunc
771 3463 1031 3517 vivemus.
1097 3458 1168 3512 Et
1217 3455 1460 3526 apposite
1517 3452 1650 3507 dixit
1692 3467 1705 3502 :
1750 3448 1815 3502 Et
1866 3447 1943 3501 illi

364 3560 565 3633 quidem
605 3557 659 3611 in
702 3565 922 3625 tempore
963 3563 1242 3618 paucorum
1286 3547 1480 3600 dierum
1528 3539 1819 3596 erudiebant
1861 3554 1944 3593 se-

366 3628 592 3707 cundum
636 3647 943 3701 voluntatem
989 3655 1180 3695 suam:
1212 3653 1318 3692 non
1355 3638 1496 3692 enim
1542 3647 1754 3701 semper
1799 3628 1941 3701 quod

366 3750 607 3812 videtur,
639 3752 721 3800 est
745 3738 876 3797 utile
908 3755 924 3793 :
952 3737 1038 3792 hic
1080 3741 1257 3790 autem
1301 3730 1369 3786 ad
1411 3729 1465 3785 id
1498 3727 1641 3799 quod
1685 3725 1816 3780 utile
1862 3731 1947 3779 est

365 3839 564 3896 erudit.

439 3934 493 3988 3.
528 3930 626 3985 Est
651 3942 779 3998 ergo
806 3922 1086 3994 disciplina
1117 3919 1263 3975 utilis
1289 3960 1304 3984 ,
1346 3927 1429 3972 est
1450 3928 1577 3985 ergo
1604 3907 1943 3981 participatio

364 4020 688 4078 sanctitatis.
716 4017 944 4072 Maxime
977 4032 990 4067 :
1018 4028 1139 4068 nam
1182 4025 1303 4065 cum
1349 4006 1567 4076 expellit
1611 3999 1944 4065 socordiam,

365 4128 491 4169 cum
518 4112 712 4166 malam
739 4107 1104 4177 cupiditatem,
1128 4117 1249 4158 cum
1278 4114 1514 4154 amorem
1543 4110 1723 4151 rerum
1746 4107 1860 4163 qua:
1880 4089 1947 4146 ad

368 4206 509 4260 hanc
529 4203 691 4258 vitam
718 4201 1000 4271 pertinent,
1018 4212 1139 4252 cmn
1170 4192 1436 4250 convertit
1462 4191 1714 4252 animam,
1733 4201 1853 4240 cum
1872 4182 1951 4238 cf-

368 4295 480 4351 licit
506 4304 566 4349 ut
591 4305 785 4348 cuncta
810 4306 929 4360 quae
952 4291 1037 4343 hic
1059 4298 1181 4342 sunt
1206 4287 1539 4346 damnemus,
1570 4281 1670 4334 hoc
1695 4279 1837 4333 enim
1868 4285 1951 4331 est

370 4388 596 4443 afﬂictio
629 4404 642 4439 :
671 4400 846 4439 annon
897 4381 956 4434 fit
1001 4379 1218 4433 sancta?
1244 4391 1419 4431 annon
1468 4370 1687 4426 attrahit
1724 4368 1948 4439 gratiam

368 4481 642 4555 Spiritus?
667 4478 972 4548 Cogitemus
1000 4476 1178 4551 itaque
1207 4486 1421 4541 semper
1442 4470 1616 4540 justos
1639 4509 1654 4534 ,
1684 4477 1739 4522 et
1767 4466 1950 4521 videao

368 4592 492 4631 mus
515 4573 780 4628 undeuam
804 4581 991 4623 omnes
1021 4565 1348 4626 claruerunt,
1365 4572 1415 4615 et
1432 4570 1555 4615 ante
1580 4573 1769 4615 omnes
1795 4556 1946 4622 Abel,

372 4668 487 4721 Noe
520 4684 533 4717 :
566 4676 746 4717 nonne
772 4660 840 4713 ab
864 4654 1185 4711 afﬂictione?
1209 4651 1348 4707 Fieri
1376 4652 1521 4705 enim
1558 4667 1662 4706 non
1695 4658 1867 4718 potest
1897 4656 1955 4703 ut.

370 4774 479 4813 non
492 4754 821 4819 afﬂigeretur
846 4747 938 4819 qui
967 4747 1113 4802 solus
1143 4753 1257 4799 erat
1285 4743 1337 4796 in
1365 4751 1469 4797 tam
1499 4742 1662 4795 multa
1691 4739 1953 4794 malorum

366 4846 712 4906 multitudine
740 4857 754 4896 :
787 4841 900 4895 Noe
932 4839 1097 4903 enim,
1154 4835 1346 4905 inquit,
1377 4851 1491 4888 cum
1520 4843 1645 4889 esset
1664 4833 1805 4887 solus
1848 4848 1953 4901 per-

368 4948 534 5012 fectus
575 4939 628 4992 in
672 4934 993 5007 generatione
1027 4946 1122 4983 sua
1147 4969 1161 4993 ,
1210 4926 1317 4982 Deo
1363 4926 1554 4997 placuit
1584 4923 1750 4997 (Gen.
1776 4924 1827 4977 6.
1859 4922 1950 4992 9).

368 5031 501 5087 Nam
531 5026 664 5083 mihi
691 5024 887 5094 cogita,
915 5020 960 5075 si
986 5034 1125 5075 nunc
1152 5032 1274 5073 cum
1314 5015 1605 5069 habeamus
1647 5013 1953 5067 innumera—

370 5125 505 5178 Itiles
533 5133 766 5191 quorum
818 5115 1068 5170 virtutem
1098 5109 1450 5173 aemulemur,
1480 5116 1662 5178 patres
1694 5116 1749 5160 et
1791 5105 1957 5173 magi-

370 5228 550 5278 siros,
585 5213 663 5266 sic
701 5206 1007 5277 affligimur,
1036 5200 1304 5272 quomodo
1345 5197 1635 5253 verisimile
1678 5204 1760 5251 est
1806 5195 1954 5249 illum

371 5307 536 5359 fuisse
563 5301 813 5356 allectum
845 5295 1017 5351 solum
1044 5294 1184 5348 inter
1203 5300 1308 5346 tam
1327 5287 1524 5343 multos
1539 5289 1561 5340 ?
1578 5286 1682 5341 Sed
1707 5300 1826 5342 cum
1845 5284 1954 5352 jam

370 5395 607 5452 dixerim
630 5391 698 5445 de
720 5387 896 5458 pluvia
924 5385 1012 5439 illa
1033 5383 1206 5437 aliena
1236 5389 1290 5434 et
1319 5379 1478 5450 plane
1507 5375 1845 5430 admirabili?
1871 5373 1956 5428 die

371 5500 562 5541 eamne
586 5483 656 5538 de
680 5476 1008 5538 Abrahamo,
1035 5473 1103 5529 de
1129 5470 1339 5527 crebris
1366 5468 1483 5535 ejus
1508 5463 1954 5536 peregrinationi-

375 5578 579 5641 bus,de
610 5582 763 5643 raptu
793 5569 994 5631 uxoris,
1016 5565 1082 5620 de
1108 5563 1380 5634 periculis,
1402 5560 1467 5615 de
1489 5558 1664 5621 bellis,
1690 5557 1754 5611 de
1783 5566 1955 5611 tenta-

376 5667 645 5729 tiouibus?
665 5663 774 5722 Sed
804 5663 870 5720 de
896 5658 1059 5716 Jacob
1083 5670 1240 5728 quam
1272 5653 1435 5709 nmlta
1466 5667 1500 5723 p
1520 5665 1652 5705 ssus
1670 5650 1736 5704 sit
1753 5649 1954 5720 gravia,

1186 245 1251 303 IN
1291 245 1506 303 EPIST.
1552 245 1641 300 AD
1680 241 2033 301 IlEBRJ‘ZOS.
2078 242 2230 300 CAP.
2276 245 2387 301 ΧΠ.
2430 247 2656 303 llOlllL.
2701 247 2893 304 XXIX.

3543 251 3648 310 206

2076 359 2305 421 undique
2353 359 2537 429 pulsus
2561 400 2576 424 ,
2605 368 2659 413 et
2682 357 2878 413 frustra
2902 356 3169 424 laborans,
3200 367 3253 413 et
3280 359 3398 414 aliis
3429 377 3646 431 operam

2074 449 2422 519 impendens?
2467 464 2654 505 omnes
2696 450 2836 505 enim
2879 448 2995 517 ejus
3017 449 3335 505 teutationcs
3366 467 3651 508 recensere

2069 556 2175 595 non
2204 551 2286 596 est
2317 555 2537 596 necesse
2561 557 2576 605 ;
2606 541 2966 595 testimonium
2992 547 3174 593 autem
3204 538 3399 594 all‘erre
3422 552 3502 595 est
3522 558 3652 596 cou-

2066 633 2400 690 scntaneum,
2429 628 2569 698 quod
2592 629 2927 697 ipsedieebat
2955 630 3223 687 Pharaoni
3252 647 3266 682 :
3295 630 3430 694 Dies,
3453 633 3642 701 inquit,

2070 717 2167 770 mei
2197 721 2348 787 pauri
2377 729 2561 772 suntet
2591 721 2734 784 mali,
2765 730 2936 776 etnon
2964 734 3297 792 peruenerunt
3323 723 3392 776 ad
3421 724 3527 778 dies
3555 744 3646 794 pa-

2068 815 2200 858 trum
2232 824 2456 862 meorum
2488 808 2641 880 (Gen.
2670 812 2759 864 47.
2792 809 2884 880 9).
2916 812 3016 865 Sed
3042 813 3286 867 dicamne
3314 814 3379 867 de
3409 813 3645 881 Josepli‘.’

2065 896 2157 951 scd
2182 898 2246 951 de
2269 899 2382 967 ipso
2410 899 2610 970 Moyse,
2639 901 2706 956 de
2732 901 2857 956 Jesu
2885 902 3046 966 Nave,
3085 903 3151 957 de
3181 904 3373 958 Davide
3397 945 3412 971 ,
3442 904 3508 958 de
3547 905 3644 958 Sa-

2065 989 2260 1056 muele,
2294 991 2361 1046 de
2383 992 2518 1058 Elia,
2547 992 2614 1047 de
2647 992 2863 1048 Danicle
2883 1033 2898 1058 ,
2932 993 3001 1047 de
3032 995 3280 1049 omnibus
3323 995 3646 1064 prophetis?

2063 1080 2165 1136 Sed
2194 1082 2290 1137 hos
2312 1098 2500 1139 omnes
2524 1085 2761 1140 invenies
2789 1086 3026 1140 evasisse
3068 1087 3248 1139 claros
3293 1103 3357 1139 ex
3397 1087 3645 1141 afﬂictio—

2063 1170 2241 1227 nibus.
2292 1173 2387 1227 Die
2429 1189 2528 1242 ego
2576 1173 2704 1227 mihi
2731 1215 2744 1237 ,
2792 1175 2940 1229 visne
2984 1189 3103 1229 esse
3156 1175 3334 1229 clarus
3378 1192 3443 1229 cx
3488 1180 3640 1239 otio,

2062 1265 2240 1332 quiete
2259 1274 2312 1318 et
2338 1265 2577 1320 deliciis?
2601 1266 2704 1321 Sed
2750 1281 2854 1321 non
2908 1268 3128 1336 poteris.
3170 1268 3240 1320 At
3285 1267 3528 1323 dicamne
3574 1269 3643 1324 de

2061 1355 2361 1422 apostolis?
2390 1357 2456 1409 At
2488 1356 2539 1410 hi
2563 1372 2778 1426 quoque
2805 1358 3058 1411 utrumuis
3086 1358 3222 1413 alios
3249 1372 3440 1413 omnes
3484 1374 3644 1428 supe-

2062 1459 2142 1497 ra‘.
2158 1455 2333 1498 erunt.
2361 1443 2470 1499 Cur
2523 1445 2636 1500 hare
2683 1445 2848 1500 dico?
2877 1444 3118 1501 Christus
3143 1463 3353 1517 quoque
3399 1448 3499 1504 hoc
3554 1450 3639 1503 di-

2060 1532 2131 1587 cit
2161 1551 2174 1587 ι
2204 1532 2269 1587 In
2299 1535 2491 1589 mundo
2515 1536 2849 1605 afflictionem
2879 1536 3158 1602 habebitis;
3185 1546 3239 1590 et
3277 1553 3462 1592 rursus
3487 1580 3501 1603 ,
3540 1537 3642 1593 Vos

2061 1628 2322 1696 plorabitis
2350 1639 2395 1682 et
2427 1629 2658 1698 lugebitis
2687 1646 2706 1682 :
2739 1628 2959 1683 mundus
2979 1639 3146 1683 autem
3176 1630 3410 1700 gaudebit
3438 1630 3636 1703 (Joan.

2062 1716 2149 1771 ιδ.
2178 1719 2267 1772 53.
2294 1717 2384 1772 ao.
2415 1726 2461 1771 et
2477 1718 2677 1786 μυρίαι.
2701 1720 2756 1773 7.
2786 1720 2853 1775 it
2872 1720 2915 1790 ).

2139 1836 2232 1891 Via
2260 1853 2371 1907 qua:
2390 1838 2528 1891 ducit
2550 1834 2618 1891 ad
2635 1839 2809 1906 vitam,
2837 1848 2976 1893 arcta
3002 1856 3202 1909 semper
3227 1850 3319 1895 est.
3337 1842 3474 1896 -—-El
3497 1843 3639 1912 quod

2058 1939 2202 1984 arcta
2227 1932 2298 1984 sit
2324 1941 2379 1985 et
2402 1941 2624 2000 angusta
2672 1931 2757 1984 via
2786 1946 2905 2001 qua:
2947 1931 3094 1986 ducit
3138 1932 3205 1987 ad
3253 1934 3413 1987 vitam
3441 1976 3456 2000 ,
3506 1935 3638 1990 dicit

2058 2023 2172 2092 ipse
2199 2025 2302 2075 via:
2326 2023 2579 2077 Dominus
2609 2038 2623 2075 :
2659 2032 2711 2077 tu
2742 2032 2918 2077 autem
2951 2024 3148 2093 qumvis
3176 2024 3378 2078 latam?
3409 2036 3460 2079 et
3501 2041 3639 2094 quo.

2058 2114 2218 2169 modo
2240 2130 2345 2169 non
2371 2123 2451 2169 est
2477 2113 2581 2169 hoc
2618 2114 2946 2169 absurdum?
2981 2115 3272 2183 PrOpterca
3318 2118 3476 2170 vitam
3526 2133 3631 2172 non

2057 2207 2360 2274 assequeris
2388 2205 2479 2274 qui
2502 2205 2603 2259 alia
2633 2204 2931 2275 ingrederis
2956 2246 2970 2272 ,
3018 2205 3115 2261 sed
3160 2205 3430 2261 interitum
3466 2224 3480 2261 :
3518 2222 3634 2261 eam

2057 2297 2198 2350 enim
2225 2295 2431 2364 elegisti
2461 2311 2580 2365 quae
2606 2294 2707 2350 fert
2738 2295 2882 2350 illuc.
2918 2295 3008 2350 Vis
3032 2296 3205 2350 dicam
3233 2307 3285 2350 et
3318 2299 3368 2351 in
3401 2298 3635 2353 medium

2056 2385 2315 2440 adducam
2347 2399 2441 2440 eos
2469 2385 2558 2454 qui
2591 2385 2752 2438 vitam
2780 2393 3003 2454 egerunt
3031 2385 3083 2438 in
3110 2384 3357 2441 deliciis?
3387 2386 3469 2441 Ab
3514 2387 3638 2441 ulti-

2057 2478 2157 2531 mis
2177 2476 2532 2531 ascendamus
2554 2475 2620 2529 ad
2648 2476 2870 2545 primos.
2904 2475 3063 2531 Dives
3098 2475 3185 2531 ille
3218 2478 3306 2546 qui
3338 2477 3557 2532 ardebat
3584 2479 3634 2533 in

2054 2568 2302 2631 camino;
2345 2569 2433 2637 qui
2457 2568 2631 2621 ventri
2663 2567 2846 2620 vivunt
2870 2566 3061 2632 Judaei,
3091 2581 3315 2636 quorum
3345 2569 3483 2623 Deus
3505 2585 3634 2624 ven—

2057 2670 2135 2714 tcr
2165 2670 2241 2714 est
2265 2674 2282 2723 ;
2313 2660 2402 2728 qui
2432 2661 2483 2712 iu
2511 2658 2799 2714 solitudine
2819 2672 3035 2727 semper
3059 2658 3372 2728 quzerehant
3392 2661 3557 2713 otium
3582 2670 3638 2714 et

2055 2753 2314 2822 requiem,
2340 2766 2438 2807 cur
2461 2751 2769 2820 perierunt?
2804 2751 2942 2806 sicut
2975 2762 3027 2805 ct
3064 2752 3153 2820 qui
3202 2761 3357 2806 erant
3395 2761 3635 2821 tempore

2053 2844 2186 2909 Noe,
2207 2861 2384 2899 annon
2407 2852 2687 2914 prepterea
2710 2842 2850 2910 quod
2876 2844 3039 2897 vitam
3061 2844 3335 2913 elegerunt
3366 2844 3558 2899 lautam
3581 2853 3637 2897 et

2054 2933 2406 2991 dissolutam?
2436 2934 2499 2987 Et
2523 2933 2612 3002 qui
2637 2932 2689 2987 in
2711 2932 2957 2987 Sodomis
2971 2941 3191 3003 prepter
3207 2933 3493 3003 ingluviem
3530 2950 3542 2986 :
3569 2934 3636 2988 In

2053 3028 2316 3083 saturitate
2343 3026 2474 3079 enim
2507 3025 2655 3094 panis
2678 3065 2694 3090 ,
2724 3023 2914 3093 inquit,
2941 3024 3265 3078 lasciviebant
3291 3024 3514 3096 (Ezeeh.
3546 3025 3632 3081 16.

2053 3118 2168 3186 49).
2199 3117 2308 3171 lloc
2336 3116 2402 3170 de
2431 3115 2495 3170 iis
2532 3114 2747 3179 dicitur,
2782 3113 2871 3183 qui
2903 3113 3130 3182 agebant
3158 3112 3424 3169 Sodomis.
3455 3116 3507 3169 Si
3537 3130 3636 3167 au-

2054 3220 2163 3266 tem
2190 3207 2438 3264 saturitas
2461 3206 2612 3276 panis
2653 3215 2853 3260 tantum
2882 3205 3077 3258 malum
3108 3205 3253 3269 fecit,
3284 3205 3408 3273 quid
3433 3205 3632 3259 dixeri-

2056 3315 2174 3355 mus
2192 3299 2260 3355 de
2288 3297 2406 3354 aliis
2433 3296 2694 3366 placentis
2714 3302 2770 3348 et
2790 3293 3064 3350 bellariis?
3083 3294 3223 3348 Esau
3247 3310 3424 3348 annon
3444 3303 3561 3348 erat
3583 3295 3634 3348 in

2060 3383 2236 3452 quiete
2262 3388 2316 3436 et
2340 3380 2490 3435 otio?
2528 3379 2654 3449 quid
2687 3379 2762 3432 illi
2792 3394 2858 3433 ex
2882 3377 3003 3432 filiis
3030 3377 3121 3431 Dei
3146 3376 3234 3446 qui
3263 3378 3509 3429 viderunt
3533 3391 3642 3429 mu-

2061 3472 2219 3528 lieres
2242 3512 2257 3537 ,
2286 3480 2341 3527 et
2364 3469 2630 3525 deturbati
2653 3479 2776 3523 sunt
2800 3484 2895 3539 per
2917 3465 3242 3537 prmeipitia?
3262 3465 3389 3536 quid
3436 3466 3509 3520 illi
3549 3465 3640 3533 qui

2061 3564 2113 3618 in
2141 3563 2408 3618 masculos
2436 3561 2808 3616 insaniebant?
2840 3560 3040 3614 Omnes
3083 3567 3260 3611 autem
3310 3570 3462 3625 reges
3507 3570 3642 3625 gen-

2061 3654 2229 3716 tium,
2271 3651 2687 3723 Babyloniorum
2736 3660 2791 3706 ct
2829 3648 3235 3719 Egyptiorum,
3280 3662 3457 3701 annon
3505 3645 3643 3700 male

2059 3744 2221 3796 vitam
2246 3741 2533 3795 finierunt?
2561 3755 2738 3796 annon
2768 3749 2893 3794 sunt
2916 3741 2965 3792 iu
3007 3735 3331 3792 tormentis?
3373 3734 3477 3789 Sed
3523 3750 3642 3804 qua:

2062 3847 2203 3887 nunc
2233 3831 2395 3895 fiunt,
2427 3831 2513 3885 dic
2540 3830 2690 3896 mihi,
2726 3845 2901 3883 nonne
2945 3838 3069 3882 sunt
3112 3825 3456 3894 huiusmodi?
3502 3825 3640 3879 Audi

2060 3921 2330 3976 Christum
2360 3921 2627 3976 dicentem
2652 3934 2667 3972 :
2699 3919 2799 3986 Qui
2829 3919 3061 3972 mollibus
3091 3917 3369 3970 vestiuntur
3388 3956 3403 3981 ,
3444 3917 3496 3967 in
3541 3914 3639 3967 do-

2062 4013 2223 4066 mibus
2251 4027 2427 4080 regum
2468 4020 2587 4065 sunt
2628 4009 2858 4082 (Matth.
2899 4010 2983 4062 ll.
3029 4006 3126 4077 8);
3176 4006 3265 4075 qui
3312 4015 3490 4059 autem
3535 4021 3640 4059 non

2065 4104 2254 4158 talibus
2284 4103 2602 4168 vestiuntur,
2631 4102 2684 4155 in
2711 4101 2876 4156 cadis.
2904 4098 3035 4154 Nam
3064 4099 3222 4153 vestis
3268 4097 3442 4153 mollis
3481 4097 3641 4149 etiam

2061 4202 2329 4248 austerum
2360 4193 2596 4246 animum
2620 4190 2865 4245 dissolvit
2892 4198 2944 4243 et
2972 4188 3168 4258 frangit
3192 4203 3254 4241 ac
3274 4186 3519 4241 diffundit
3544 4202 3556 4238 :
3583 4193 3638 4239 et

2063 4286 2181 4340 licet
2211 4299 2406 4352 corpus
2449 4283 2715 4352 acceperit
2760 4296 3007 4351 neperum
3055 4292 3109 4335 et
3155 4280 3385 4341 durum,
3433 4280 3540 4332 cito
3589 4278 3641 4333 id

2064 4375 2225 4428 molle
2254 4389 2352 4444 per
2379 4372 2601 4429 delicias
2626 4372 2799 4427 reddit
2824 4380 2879 4426 et
2923 4369 3270 4424 imbecillum.
3316 4368 3449 4422 Nam
3500 4368 3643 4423 unde

2064 4466 2163 4519 nisi
2196 4480 2259 4519 ex
2289 4466 2389 4518 hoc
2419 4464 2611 4533 palantis
2638 4464 2886 4517 mulieres
2931 4475 3052 4516 esse
3096 4460 3231 4515 adeo
3282 4459 3506 4526 molles,
3557 4458 3645 4513 die

2065 4554 2290 4625 (11111350?
2317 4569 2444 4608 num
2474 4570 2539 4608 ex
2567 4554 2685 4608 solo
2709 4553 2875 4606 sexu?
2901 4552 3242 4621 Nequaquam
3265 4593 3280 4615 ,
3308 4550 3401 4605 sed
3447 4565 3511 4604 ex
3561 4552 3643 4603 vi-

2065 4645 2221 4700 vcudi
2253 4645 2458 4699 ratione
2510 4653 2562 4699 et
2607 4643 2971 4698 educatione:
3006 4658 3127 4696 nam
3167 4643 3220 4695 in
3272 4640 3456 4694 umbra
3508 4640 3645 4694 edu—

2066 4740 2227 4803 catio,
2261 4736 2425 4789 otium
2447 4775 2463 4802 ,
2497 4735 2701 4788 lavacra
2722 4776 2737 4797 ,
2770 4740 3035 4803 unguenta
3056 4773 3073 4798 ,
3105 4730 3384 4785 multitudo
3426 4744 3647 4784 aroma-

2068 4837 2200 4893 tum,
2231 4827 2419 4881 cubilis
2446 4825 2695 4879 mollities
2725 4839 2816 4879 eas
2842 4824 2973 4878 tales
2996 4821 3181 4878 efﬁcit.
3210 4821 3278 4874 Et
3298 4829 3353 4874 ut
3378 4821 3428 4875 id
3470 4821 3642 4885 scias,

2066 4917 2431 4973 animadverte
2457 4917 2522 4970 ad
2556 4917 2605 4971 id
2636 4916 2776 4987 quod
2807 4916 2948 4970 dico.
2998 4913 3196 4983 Accipe
3238 4912 3366 4967 mihi
3414 4914 3647 4982 plantam

2067 5026 2133 5065 ex
2159 5009 2345 5072 hortis,
2378 5009 2465 5077 qui
2508 5016 2632 5061 sunt
2678 5008 2730 5060 in
2761 5006 2994 5072 deserto,
3021 5012 3077 5059 et
3129 5004 3407 5073 pulsantur
3450 5020 3479 5058 a
3515 5020 3649 5059 ven-

2069 5102 2170 5165 tis,
2198 5108 2252 5155 et
2279 5114 2414 5169 pone
2440 5114 2558 5153 eam
2597 5099 2649 5153 in
2684 5099 2801 5152 loco
2832 5097 3047 5152 humido
3072 5106 3125 5151 ct
3155 5095 3439 5161 umbroso;
3472 5106 3525 5151 et
3568 5098 3648 5150 iu-

2069 5191 2251 5248 venies
2276 5192 2418 5246 illam
2450 5191 2618 5246 multo
2644 5190 2949 5244 inferiorem
2977 5189 3062 5243 illa
3094 5189 3417 5253 conditione,
3449 5203 3513 5243 ex
3546 5203 3647 5258 qua

2072 5299 2185 5339 eam
2211 5284 2483 5354 sumpsisti
2511 5283 2578 5337 ah
2609 5282 2777 5337 initio.
2807 5280 2957 5347 Quod
2981 5293 3158 5337 autem
3187 5282 3289 5337 hoc
3311 5283 3379 5336 sit
3417 5296 3601 5334 verum
3628 5320 3645 5346 ,

2074 5376 2325 5432 mulieres
2353 5392 2470 5444 (tua:
2500 5376 2717 5428 aluntur
2747 5373 2797 5427 in
2843 5373 3018 5443 agris,
3058 5382 3182 5427 sunt
3222 5372 3471 5426 fortiores
3516 5371 3646 5427 viris

2072 5458 2160 5528 qui
2194 5458 2244 5512 in
2273 5456 2489 5512 urbibus
2521 5457 2793 5522 habitant,
2827 5466 2881 5511 et.
2905 5457 3102 5512 multos
3132 5457 3392 5525 ejusmodi
3442 5457 3548 5511 illa:
3596 5458 3648 5513 in

2076 5551 2213 5606 lucta
2243 5550 2643 5620 prostraveriut.
2675 5548 2805 5604 Cum
2832 5558 3006 5604 autem
3034 5564 3229 5618 corpus
3260 5548 3452 5603 factum
3492 5549 3651 5604 fuerit

2076 5641 2308 5709 mollius,
2341 5655 2559 5695 necesse
2590 5648 2746 5693 estut
2777 5639 2950 5694 anima
2977 5654 3186 5710 quoque
3207 5637 3384 5695 damni
3415 5639 3499 5695 fiat
3525 5655 3647 5712 par-
