4088 6208
441 267 541 324 207

440 368 607 434 ticeps
641 381 654 418 :
686 380 806 431 nam
840 380 1025 436 magna
1053 382 1115 421 cx
1150 378 1301 437 parte
1326 372 1443 439 ejus
1485 375 1820 443 operationes
1856 378 2013 433 simul

440 456 743 511 afﬁciuntur
767 472 887 512 cum
917 458 1062 514 illius
1102 460 1405 517 aifectioue.
1450 463 1660 519 Etenim
1708 466 1761 520 in
1814 469 2016 524 morbis

439 566 623 605 sumus
649 549 764 616 alii,
795 561 1077 620 propterea
1107 554 1247 622 quod
1279 557 1648 623 emolliamur;
1677 568 1731 613 et
1756 575 1877 615 cum
1899 562 2014 616 sani

438 656 641 707 sumus,
671 658 859 698 rursus
876 644 986 698 alii.
1014 644 1161 701 Sicut
1182 647 1322 701 enim
1354 647 1405 701 in
1431 649 1649 704 chordis
1673 666 1792 705 cum
1820 649 2018 707 fuerint

436 733 553 786 soni
585 733 774 788 molles
799 742 854 788 et
882 750 985 789 non
1010 744 1153 790 recte
1177 737 1381 791 extensi
1404 777 1418 802 ,
1445 739 1576 793 artis
1599 754 1810 810 quoque
1849 743 2016 798 virtus

441 823 780 890 praeciditur,
826 836 1011 880 coacta
1051 828 1251 882 servire
1280 828 1523 883 mollitiae
1549 830 1869 886 chordarum
1901 851 1913 889 :
1944 834 2014 889 ita

436 913 601 967 etiam
628 913 679 967 in
706 928 932 983 corpore
957 916 1121 969 multa
1147 916 1339 971 damna
1365 918 1433 973 ab
1460 935 1526 974 eo
1566 921 1759 991 accipit
1799 925 1972 977 anima
1997 964 2013 991 ,

440 1005 639 1059 multas
666 1006 1032 1059 necessitates.
1056 1005 1188 1060 Nam
1208 1022 1328 1062 cum
1352 1010 1513 1063 multa
1544 1022 1697 1081 egeat
1718 1014 2012 1082 curatione,

441 1095 530 1150 illa
578 1095 823 1150 acerbam
872 1097 1100 1151 sustinet
1153 1099 1485 1155 servitutem.
1543 1102 1618 1173 (a)
1661 1104 2015 1168 Quamobrem

440 1202 592 1255 rogo,
626 1187 674 1241 id
708 1187 993 1242 reddamus
1025 1187 1163 1244 forte
1190 1198 1245 1244 et
1278 1190 1555 1245 robustum
1580 1232 1595 1258 ,
1629 1208 1726 1247 nec
1764 1192 2017 1250 faciamus

440 1278 904 1332 valetudinarium.
936 1278 1049 1333 Non
1093 1281 1265 1335 solum
1313 1295 1433 1335 cum
1481 1282 1608 1338 viris
1654 1284 1875 1355 loquor,
1922 1287 2015 1343 sed

440 1371 599 1424 etiam
628 1386 747 1424 cum
780 1371 1113 1427 mulieribus.
1149 1372 1260 1428 Cur
1285 1375 1424 1430 enim
1456 1376 1626 1446 ipsum
1652 1380 1865 1435 assidue
1911 1381 2019 1437 dis-

440 1464 606 1517 solvis
628 1462 834 1518 deliciis
852 1504 867 1527 ,
899 1464 1143 1534 cxileque
1171 1473 1224 1520 et
1251 1464 1527 1521 flaccidum
1555 1468 1701 1534 facis,
1734 1486 1766 1523 ο
1790 1472 2019 1527 mulier?

441 1553 568 1621 quid
587 1555 726 1608 vires
746 1555 1046 1624 corrumpis
1073 1554 1273 1624 adipe?
1296 1556 1459 1626 adeps
1484 1567 1568 1613 est
1593 1560 1640 1613 ei
1665 1560 1823 1614 etiam
1847 1562 2018 1617 molli-

446 1646 566 1711 ties,
596 1660 700 1699 non
730 1644 912 1699 robur.
946 1644 1037 1699 Sin
1065 1656 1241 1700 autem
1268 1646 1351 1703 bis
1378 1647 1610 1704 dimissis
1638 1658 1761 1706 tunc
1789 1652 1943 1708 aliter
1967 1663 2018 1710 te

430 1751 618 1813 'geras,
652 1746 773 1790 tunc
799 1746 851 1791 et
882 1736 1220 1806 pulchritudo
1248 1740 1492 1810 corporis
1528 1741 1766 1811 procedit
1793 1759 1859 1799 ex
1898 1760 2021 1800 sen-

444 1829 857 1899 tentia,quando
880 1839 934 1908 et
968 1831 1108 1886 vires
1145 1831 1412 1887 adfuerint
1437 1843 1493 1889 et
1519 1834 1655 1891 bona
1710 1836 1963 1893 habitudo
2004 1859 2019 1896 :

445 1923 526 1975 sin
548 1929 726 1976 autem
758 1922 928 1993 ipsum
958 1923 1104 1979 mille
1130 1924 1332 1979 morbis
1360 1925 1605 1983 obsideas
1625 1970 1641 1991 ,
1673 1944 1771 1983 nec
1795 1931 1893 1984 erit
1923 1932 2023 1988 llos

443 2031 685 2104 corporis
710 2072 724 2097 ,
777 2046 875 2087 nec
917 2029 1054 2084 bona
1100 2026 1275 2097 aliqua
1308 2024 1598 2087 habitudo;
1627 2033 1838 2090 semper
1881 2022 2027 2074 enim

444 2126 551 2181 eris
582 2123 635 2178 in
668 2122 900 2177 tristitia.

515 2217 568 2271 ι.
601 2213 763 2270 Scitis
789 2220 966 2268 autem
995 2208 1137 2281 quod
1163 2208 1304 2263 sicut
1324 2204 1603 2277 pulchram
1630 2202 1872 2268 domum,
1897 2214 2020 2255 cum

445 2306 494 2363 ei
522 2319 615 2360 aer
634 2302 901 2368 arriserit,
929 2300 1107 2356 reddit
1127 2296 1466 2368 splendidam
1501 2312 1514 2349 :
1545 2295 1614 2349 ita
1634 2293 1794 2348 etiam
1820 2291 2029 2362 specio-

442 2414 564 2455 sum
592 2398 830 2460 vultum,
876 2394 924 2449 si
964 2392 1157 2446 animm
1197 2389 1449 2443 alacritas
1492 2386 1810 2450 accesserit,
1853 2380 2030 2439 reddit

445 2488 724 2546 meliorem
762 2504 775 2540 :
813 2484 894 2539 sin
938 2490 1115 2537 autem
1148 2480 1218 2535 sit
1245 2480 1298 2534 in
1328 2478 1542 2533 tristitia
1578 2487 1632 2533 et
1668 2489 1939 2541 nitnrore,
1969 2472 2027 2528 fit

444 2579 758 2635 deformior.
788 2572 1086 2630 Tristitiam
1121 2571 1293 2625 morbi
1337 2568 1537 2624 faciunt
1561 2579 1616 2624 et
1642 2566 2025 2636 mgritudines;

444 2670 665 2727 morbos
689 2677 866 2722 autem
908 2665 1054 2728 facit,
1092 2664 1234 2734 quod
1264 2676 1459 2731 corpus
1488 2660 1688 2715 factum
1719 2659 1788 2713 sit
1814 2658 2029 2713 mollius

440 2777 477 2817 a
512 2760 691 2814 multis
719 2758 946 2814 deliciis.
994 2754 1353 2824 Quamobrem
1392 2753 1492 2807 hac
1520 2752 1681 2806 etiam
1711 2749 1918 2804 ratione
1946 2746 2028 2802 fu~

444 2855 553 2924 gite
580 2850 821 2919 delicias,
850 2851 895 2906 si
934 2849 1065 2904 mihi
1093 2846 1347 2903 credatis.
1392 2845 1462 2900 At
1488 2844 1815 2913 voluptatem
1843 2840 2026 2905 habet,

443 2944 635 3015 inquit,
669 2942 943 3011 indulgere
968 2940 1129 3011 genio
1167 2948 1222 2994 et
1241 2937 1469 2993 deliciis.
1511 2934 1616 2991 Sed
1650 2949 1757 2989 non
1790 2941 1870 2988 tot
1897 2941 2030 3002 quot

442 3033 735 3091 molestias.
769 3033 1022 3103 Alioquin
1048 3040 1226 3086 autem
1255 3029 1504 3099 voluptas
1524 3036 1607 3082 est
1632 3040 1804 3092 usque
1831 3024 1898 3079 ad
1925 3039 2027 3094 gu-

445 3127 573 3190 lam,
619 3140 791 3195 usque
839 3124 905 3178 ad
949 3124 1182 3194 linguam
1218 3138 1233 3176 :
1267 3134 1451 3175 mensa
1492 3125 1670 3173 autem
1713 3117 1891 3172 ablata
1937 3124 2031 3173 aut

443 3220 566 3274 cibo
605 3218 882 3284 devorato,
931 3215 1154 3286 perinde
1184 3229 1245 3270 es
1274 3222 1435 3283 atque
1476 3212 1522 3266 si
1559 3226 1666 3266 non
1707 3208 1875 3265 fueris
1911 3208 2030 3279 ejus

444 3313 745 3382 particeps;
778 3312 886 3366 imo
913 3325 1041 3364 vero
1066 3308 1221 3376 longe
1249 3307 1504 3369 deterior,
1534 3315 1594 3358 ut
1617 3303 1707 3372 qui
1739 3302 1863 3358 inde
1883 3303 2031 3358 aufe-

443 3421 530 3461 ras
559 3404 923 3474 gravedinem,
957 3400 1339 3455 distentionem
1371 3406 1425 3452 et
1454 3393 1941 3465 pandiculatinnem
1971 3401 2029 3449 et

442 3496 717 3567 crapulam
743 3504 798 3550 et
823 3507 1070 3548 somnum
1095 3490 1251 3545 morti
1281 3488 1529 3550 similem,
1555 3501 1699 3558 saepe
1719 3500 1847 3540 vero
1865 3485 2025 3540 etiam

443 3590 674 3659 vigiliam
704 3602 770 3641 cx
798 3584 1078 3641 saturitate
1111 3590 1165 3637 et
1192 3578 1557 3636 obstructione
1582 3576 1801 3646 spiritus
1820 3584 1876 3630 et
1898 3589 2026 3629 eru-

440 3680 677 3733 ctatione
707 3694 720 3730 :
752 3684 803 3731 et
846 3674 1042 3728 millies
1072 3671 1290 3743 quidem
1318 3677 1562 3723 ventrem
1589 3674 1903 3723 exsecratus
1929 3678 2021 3731 es,

444 3786 565 3824 cum
598 3775 844 3839 oporteat
863 3763 1330 3834 intemperantiam
1353 3759 1631 3817 detestari.

512 3858 703 3915 Contra
733 3856 1008 3930 ingluviem
1045 3864 1094 3909 et
1131 3854 1465 3909 saturitatem.
1492 3849 1661 3904 —Ne
1685 3861 1880 3919 corpus
1898 3861 2028 3915 ergo

444 3953 863 4021 impinguemus,
889 3948 984 4003 sed
1014 3947 1296 4001 audiamus
1328 3943 1550 3998 Paulum
1572 3941 1835 3995 dicentem
1868 3936 2029 3993 :Car-

444 4046 523 4098 nis
543 4059 715 4097 curam
738 4059 800 4095 ne
824 4039 1042 4110 feceritis
1063 4039 1129 4091 ad
1149 4034 1577 4104 concupiscentias
1594 4030 1769 4103 (Rom.
1794 4030 1882 4084 15.
1913 4029 2024 4097 14).

445 4135 515 4191 Ut
556 4134 697 4187 enim
727 4132 770 4184 si
802 4130 921 4198 quis
950 4128 1100 4181 cibos
1126 4124 1430 4194 acceperit,
1472 4134 1526 4178 et
1556 4122 1609 4175 in
1638 4122 1877 4176 cloacam
1901 4133 2028 4189 pro-

444 4223 651 4296 iecerit,
678 4222 749 4275 ita
794 4218 956 4275 etiam
985 4218 1076 4287 qui
1115 4218 1166 4270 iu
1196 4223 1441 4269 ventrem
1487 4212 1721 4282 ingerit:
1765 4212 1872 4265 imo
1898 4223 2027 4264 vero

446 4330 552 4370 non
597 4313 667 4366 ita
691 4353 704 4376 ,
736 4310 829 4367 sed
868 4309 1027 4381 longe
1058 4307 1229 4378 pejus.
1261 4302 1394 4359 Nam
1431 4301 1520 4356 hic
1545 4302 1760 4373 quidem
1787 4302 2023 4356 cloacam

445 4405 568 4461 facit
595 4403 794 4471 absque
833 4404 944 4456 suis
975 4398 1131 4454 malis
1164 4413 1178 4463 ;
1222 4395 1330 4450 illic
1356 4401 1538 4447 autem
1564 4402 1618 4448 et
1646 4392 1864 4447 morbos
1896 4407 2026 4462 pro-

438 4506 587 4553 creat
606 4485 1187 4547 innumerabiles.Nam
1212 4484 1353 4557 quod
1379 4485 1545 4539 nutrit
1570 4493 1652 4538 est
1672 4484 1723 4538 id
1751 4485 1895 4556 quod
1912 4485 2027 4539 sui-

442 4591 574 4647 ticit.
592 4584 735 4657 quod
759 4583 920 4639 etiam
946 4587 1120 4649 potest
1145 4576 1406 4645 concoqui
1437 4593 1452 4630 :
1484 4575 1627 4647 quod
1655 4586 1832 4631 autem
1852 4591 2025 4641 osum,

440 4687 661 4750 supcrat
679 4685 827 4732 etest
848 4672 966 4743 plus
978 4685 1135 4742 quam
1161 4683 1257 4740 par
1273 4668 1361 4735 sit,
1383 4682 1486 4722 non
1514 4669 1686 4723 solum
1709 4682 1814 4723 non
1839 4669 2018 4735 nutrit,

526 4846 597 4906 (τι)
619 4845 712 4894 Hic
733 4858 927 4907 quoque
952 4843 1110 4893 hiatus
1133 4851 1210 4893 est
1240 4845 1290 4893 in
1310 4842 1591 4894 Colbertino
1611 4843 1809 4897 Codice.

1109 273 1168 329 S.
1206 272 1482 330 JOANNIS
1517 270 1985 329 CilliYSOSTOMI
2024 269 2338 328 ARClIIEP.
2376 265 2898 326 CONSTANTINOP.

2120 380 2215 437 sed
2237 381 2446 451 corpori
2478 381 2637 435 etiam
2683 393 2877 433 noxam
2915 377 3089 434 all'ert.
3121 378 3191 433 At
3214 378 3391 434 nullus
3418 381 3537 435 haec
3562 381 3704 436 videt

3604 262 3707 319 208

2124 482 2340 545 propter
2366 472 2582 542 vulgare
2624 468 2990 541 praeiudicium
3017 480 3072 525 et
3098 469 3532 539 intempestivam
3558 472 3707 526 volu-

2122 560 2387 635 ptatem.V
2398 563 2442 617 is
2455 577 2650 632 corpus
2675 560 2917 617 nutrire?
2932 570 3147 632 amputa
3179 562 3319 630 quod
3343 561 3620 630 redundat,
3638 561 3704 619 da

2121 655 2261 726 quod
2293 654 2509 721 suflicit,
2530 663 2583 710 et
2611 662 2867 724 quantum
2895 661 3072 724 potest
3095 654 3285 710 conﬁci
3317 664 3372 709 et
3396 656 3654 725 concoqui
3688 675 3701 710 :

2122 748 2233 802 noli
2264 748 2437 818 ipsum
2464 761 2693 817 gravare
2714 789 2730 813 ,
2768 761 2836 803 ne
2870 747 3087 802 obruas.
3129 747 3280 813 Quod
3311 746 3509 802 suflicit
3545 757 3629 803 est
3655 757 3710 804 et

2122 842 2431 898 alimentum
2467 850 2522 896 et
2562 840 2806 911 voluptas
2836 857 2853 896 :
2883 840 3016 895 nihil
3053 841 3195 896 enim
3223 841 3358 896 adeo
3378 840 3539 897 efﬁcit
3560 841 3713 896 voluo

2123 943 2344 1005 ptatem,
2391 944 2451 989 ut
2480 935 2631 990 cibus
2663 942 2809 989 recte
2847 932 3167 989 confectus:
3200 933 3330 988 nihil
3369 934 3504 989 adeo
3542 933 3709 991 efﬁcit

2123 1025 2445 1089 sanitatem,
2491 1023 2624 1078 nihil
2673 1022 3072 1083 adeo.acumen
3118 1038 3396 1088 sensuum,
3445 1025 3577 1079 nihil
3626 1033 3709 1082 cst

2123 1114 2265 1186 quod
2296 1116 2542 1170 morbum
2574 1129 2726 1183 teque
2752 1114 3052 1184 propulset.
3081 1113 3223 1184 Ergo
3243 1114 3382 1184 quod
3406 1113 3607 1171 sufficit
3625 1124 3709 1172 est

2127 1215 2180 1261 ct
2207 1206 2519 1261 alimentum
2557 1213 2612 1261 et
2639 1205 2885 1276 voluptas
2926 1215 2979 1260 et
3010 1206 3209 1260 sanitas
3240 1222 3256 1272 ;
3303 1206 3445 1277 quod
3476 1223 3603 1262 vero
3627 1216 3711 1268 est

2129 1298 2248 1368 plus
2293 1313 2451 1369 quam
2497 1313 2593 1367 par
2633 1297 2724 1363 sit,
2767 1306 2849 1352 est
2898 1305 2952 1351 et
2989 1295 3241 1352 damnum
3283 1306 3337 1354 et
3376 1299 3616 1354 molestia
3656 1310 3710 1356 et

2128 1390 2369 1444 morbus.
2402 1388 2533 1443 Nam
2564 1404 2683 1458 qua:
2722 1386 2847 1443 facit
2873 1386 3062 1454 fames,
3094 1388 3217 1443 facit
3242 1390 3404 1445 etiam
3433 1392 3704 1459 saturitas,

2126 1487 2284 1549 atque
2311 1477 2447 1533 adeo
2476 1480 2721 1548 graviora
2751 1495 2764 1532 :
2790 1494 2912 1532 nam
2940 1479 3030 1534 illa
3058 1479 3275 1549 quidem
3306 1483 3489 1551 paucis
3515 1483 3700 1539 diebus

2126 1568 2340 1623 abducit
2365 1578 2417 1622 et
2458 1568 2650 1623 liberat
2690 1567 2959 1623 hominem
2987 1585 3003 1634 ;
3039 1569 3151 1625 haec
3179 1585 3306 1626 vero
3327 1586 3522 1644 corpus
3550 1588 3708 1629 arro-

2126 1658 2259 1714 dcns
2287 1668 2341 1714 et
2370 1658 2729 1730 putrefaciens
2749 1701 2764 1723 ,
2809 1658 2971 1730 longo
2997 1660 3157 1714 tradit
3184 1661 3372 1716 morbo
3394 1704 3408 1728 ,
3438 1673 3490 1718 et
3516 1663 3711 1721 deinde

2127 1751 2285 1806 morti
2335 1750 2686 1821 gravissimae.
2730 1750 2840 1805 Nos
2884 1762 3060 1805 autem
3104 1750 3297 1808 famem
3339 1754 3553 1825 quidem
3594 1771 3709 1811 rem

2128 1844 2372 1899 ducimus
2398 1843 2836 1909 abominandam,
2865 1841 2931 1897 ad
2963 1842 3300 1900 saturitatem
3327 1862 3456 1902 vero
3491 1847 3708 1904 nimiam

2128 1937 2417 1992 currimus.
2441 1934 2591 1990 Unde
2614 1934 2701 1989 hic
2727 1934 2948 1990 morbus
2974 1935 2998 1989 ?
3025 1936 3165 1991 unde
3186 1936 3300 1992 hmc
3326 1938 3572 1994 insania?
3594 1940 3709 1997 Non

2128 2028 2251 2081 dico
2284 2036 2342 2081 ut
2382 2040 2481 2081 nos
2510 2025 2834 2092 cruciemus,
2879 2026 2972 2081 sed
3019 2036 3076 2081 ut
3106 2034 3309 2083 tantum
3344 2029 3708 2098 comedamus,

2131 2128 2269 2176 utet
2298 2120 2621 2188 voluptatem
2664 2119 2856 2173 habeat
2895 2134 3015 2189 quae
3052 2135 3179 2175 vere
3217 2130 3299 2175 est
3342 2121 3625 2191 voluptas,
3656 2134 3712 2180 ct

2129 2211 2299 2283 possit
2317 2224 2512 2280 corpus
2526 2208 2671 2265 alere
2692 2220 2745 2265 et
2771 2209 2997 2265 reddere
3026 2220 3207 2280 aptum
3232 2220 3286 2266 et
3307 2213 3707 2279 concinnatum,

2129 2309 2572 2371 compactumque
2614 2309 2762 2355 recte
2790 2310 2845 2355 et
2871 2302 3225 2371 compositum
3264 2303 3328 2357 ad
3358 2303 3548 2357 anima:
3583 2318 3711 2374 0pc-

2128 2394 2385 2448 rationes.
2409 2390 2634 2460 Quando
2654 2398 2834 2447 autem
2862 2390 3019 2447 fuerit
3046 2393 3268 2449 nimium
3292 2392 3344 2449 in
3374 2394 3425 2449 id
3447 2395 3707 2466 ingestum

2131 2485 2519 2541 nutrimentum
2544 2522 2560 2550 ,
2600 2497 2707 2537 non
2741 2492 2949 2554 potest,
2993 2493 3054 2539 ut
3101 2484 3172 2540 ita
3216 2484 3425 2551 dicam,
3455 2486 3634 2541 clavos
3659 2494 3714 2542 ct

2153 2573 2465 2628 commissas
2486 2587 2773 2644 compages
2792 2574 3023 2630 retinere
3047 2587 3261 2646 propter
3281 2577 3687 2633 redundantiam
3713 2598 3729 2635 :

2156 2665 2389 2735 ingressa
2435 2666 2630 2736 quippe
2669 2666 3023 2721 redundantia
3056 2676 3222 2722 totum
3258 2668 3504 2723 dissolvit
3546 2680 3601 2726 et
3627 2669 3732 2726 dif-

2155 2756 2346 2813 fundit.
2377 2756 2586 2824 Carnis,
2629 2759 2827 2829 inquit,
2874 2777 3047 2814 curam
3089 2777 3150 2814 ne
3185 2761 3402 2831 feceritis
3439 2762 3507 2814 ad
3544 2778 3733 2816 cancu-

2150 2848 2420 2917 piscentias
2448 2848 2621 2919 (Rom.
2650 2850 2734 2905 15.
2763 2848 2872 2922 14).
2896 2849 3061 2906 Recte
3085 2851 3236 2915 dixit,
3264 2849 3344 2903 Ad
3362 2854 3728 2920 concupiscen-

2150 2939 2281 3003 tias;
2309 2937 2513 2994 delicia:
2538 2939 2681 2995 enim
2710 2950 2836 2996 sunt
2874 2941 3093 2995 materia
3121 2940 3389 2997 obscaenis
3420 2942 3728 3012 cupiditati-

2146 3029 2281 3097 bus;
2331 3031 2539 3086 etiamsi
2588 3031 2633 3087 is
2681 3031 2773 3103 qui
2823 3031 3063 3103 indulget
3110 3032 3316 3089 deliciis
3365 3033 3435 3089 sit
3487 3035 3726 3088 omnium

2149 3125 2378 3179 maxime
2408 3123 2776 3194 phil050phus,
2804 3139 3023 3181 necesse
3043 3134 3123 3180 est
3146 3134 3200 3179 ut
3220 3124 3501 3195 aliquando
3526 3122 3728 3179 allicia-

2148 3224 2232 3270 tur
2258 3231 2287 3270 a
2313 3216 2436 3270 vino
2465 3225 2520 3270 ct
2557 3216 2719 3281 cibis,
2752 3231 2971 3271 necesse
3012 3224 3093 3272 est
3136 3228 3193 3270 ut
3235 3215 3585 3282 diffundatur,
3628 3232 3728 3274 ne-

2144 3327 2295 3368 cesse
2321 3320 2405 3367 est
2430 3321 2487 3368 ut
2515 3313 2770 3382 majorem
2796 3312 3028 3382 perferat
3049 3311 3337 3368 flammam.
3364 3311 3500 3367 lliuc
3520 3323 3722 3384 stupra,

2146 3404 2271 3459 hinc
2299 3403 2557 3458 adulteria
2583 3422 2596 3459 :
2631 3418 2736 3459 non
2768 3413 2941 3473 potest
2967 3404 3110 3459 enim
3132 3418 3366 3457 amorem
3391 3419 3579 3473 parere
3599 3419 3726 3458 ven-

2145 3503 2225 3549 ter
2265 3494 2540 3558 esuriens,
2588 3493 2695 3548 imo
2734 3509 2862 3549 vero
2908 3508 3008 3549 nec
3050 3494 3095 3549 is
3134 3494 3223 3563 qui
3269 3493 3433 3547 utitur
3473 3508 3538 3548 eo
3581 3491 3721 3565 quod

2142 3585 2372 3650 suflicit;
2404 3586 2491 3656 qui
2521 3599 2649 3639 vero
2677 3586 2813 3655 parit
2841 3584 3123 3639 obscoenas
3154 3584 3453 3651 voluptates
3474 3623 3491 3648 ,
3523 3583 3611 3638 ille
3639 3592 3721 3637 est

2140 3675 2230 3746 qui
2262 3674 2498 3745 indulget
2522 3675 2748 3730 deliciis.
2772 3675 2839 3730 Et
2858 3677 2996 3729 sicut
3018 3683 3154 3755 terra
3181 3673 3331 3727 valde
3355 3672 3568 3727 humida
3594 3687 3721 3742 pro-

2136 3773 2286 3820 creat
2313 3775 2540 3823 vermes,
2572 3770 2627 3813 ει
2653 3759 2811 3814 {Imus
2834 3759 2922 3829 qui
2944 3759 3205 3815 madescit
3223 3768 3279 3814 et
3310 3760 3532 3812 multum
3564 3757 3725 3813 habet

2138 3854 2451 3918 humorem;
2478 3862 2663 3908 contra
2690 3860 2869 3905 autem
2895 3859 3037 3905 terra
3058 3866 3177 3921 qua:
3197 3859 3279 3905 est
3297 3849 3366 3904 ab
3389 3850 3478 3904 illo
3498 3848 3723 3904 humore

2137 3946 2305 4002 libera
2328 3986 2342 4008 ,
2374 3944 2476 3999 fert
2505 3942 2701 3997 multos
2739 3941 2979 4008 fructus,
3010 3955 3131 3997 cum
3170 3940 3299 3995 nihil
3346 3940 3539 3994 habeat
3579 3941 3722 4008 quod

2137 4036 2353 4092 modum
2390 4032 2659 4090 excedat:
2696 4046 2819 4087 nam
2863 4031 3074 4087 etiamsi
3108 4045 3212 4085 non
3260 4030 3489 4095 colatur,
3528 4029 3726 4085 emittit

2137 4127 2392 4192 herbam;
2425 4127 2506 4181 sin
2538 4134 2715 4181 autem
2740 4125 2967 4190 colatur,
2997 4124 3200 4178 fructus
3224 4140 3236 4176 :
3266 4123 3337 4178 ita
3365 4137 3462 4178 nos
3488 4137 3721 4192 quoque.

2134 4218 2212 4274 Ne
2242 4218 2401 4289 igitur
2425 4232 2641 4272 carnem
2672 4215 2958 4271 reddamus
2984 4213 3251 4275 inutilem,
3282 4229 3453 4284 neque
3481 4213 3718 4279 noxiam,

2136 4311 2231 4367 sed
2256 4312 2307 4365 in
2335 4325 2396 4365 ea
2422 4310 2724 4381 plantemus
2754 4308 2911 4363 utiles
2939 4307 3142 4363 fructus
3171 4316 3225 4362 et
3252 4307 3472 4363 arbores
3499 4307 3720 4377 frugife-

2135 4419 2243 4462 ras.
2274 4411 2327 4457 et
2355 4416 2606 4456 curemus
2630 4416 2698 4456 ne
2722 4415 2812 4456 eas
2835 4399 3189 4455 dissolvamus
3215 4398 3457 4453 deliciis:
3488 4414 3606 4452 nam
3636 4397 3721 4453 ha:

2136 4493 2446 4564 putrefactre
2475 4507 2686 4547 vermes
2711 4505 2809 4560 pro
2845 4490 3103 4545 fructibus
3143 4491 3410 4544 emittunt.
3437 4489 3511 4544 lta
3555 4489 3716 4545 etiam

2136 4586 2314 4640 innata
2343 4583 2625 4653 cupiditas,
2646 4583 2691 4637 si
2717 4597 2832 4637 cam
2863 4580 3237 4646 madefeceris,
3268 4590 3510 4650 procreat
3534 4588 3719 4650 turpes

2135 4677 2451 4745 voluptates,
2482 4675 2590 4729 imo
2616 4673 2970 4743 turpissimus.
2995 4671 3142 4726 Hanc
3168 4672 3346 4740 itaque
3368 4671 3508 4725 luem
3538 4671 3718 4726 omni-

2134 4767 2294 4821 modo
2333 4764 2669 4828 auferamus,
2702 4772 2760 4816 ut
2799 4762 3067 4833 possimus
3107 4761 3244 4815 bona
3288 4762 3551 4832 promissa
3580 4776 3719 4819 con-

2133 4858 2307 4927 sequi,
2336 4856 2388 4909 in
2412 4855 2625 4909 Christo
2653 4852 2781 4907 Jesu
2812 4852 3037 4907 Domino
3062 4861 3265 4915 nostro,
3292 4863 3396 4908 etc.

453 4952 3739 4978 W—m

1817 5021 2158 5084 HOMILIA
2214 5020 2427 5083 XXX.

454 5145 580 5201 (ῗΑιν.
608 5144 691 5200 l2.
715 5161 767 5199 v.
803 5146 888 5199 ll.
912 5144 1089 5200 Omnis
1105 5156 1270 5201 autem
1292 5145 1563 5213 disciplina
1590 5145 1641 5197 in
1672 5144 1907 5214 praesenti
1921 5143 2036 5211 qui-

525 5239 637 5293 dem
669 5237 861 5291 videtur
887 5254 987 5290 non
1015 5254 1120 5291 esse
1149 5236 1442 5306 gaudii,sed
1466 5236 1689 5290 mceroris
1706 5250 1727 5299 ;
1746 5244 1916 5305 postea
1937 5250 2036 5287 au-

526 5337 623 5381 tem
653 5330 870 5399 fructum
901 5329 1279 5398 pacalissimum
1310 5328 1589 5380 exercitatis
1616 5342 1707 5395 per
1726 5341 1837 5378 eam
1866 5324 2039 5377 reddet

520 5424 757 5496 justitiw.
793 5421 880 5477 1‘2.
916 5418 1138 5491 Propter
1171 5420 1306 5491 quod
1334 5419 1567 5473 remissas
1594 5434 1771 5471 manus
1802 5427 1848 5469 et
1872 5402 2039 5469 soluta

527 5529 693 5583 genua
717 5513 892 5582 erigite
918 5529 939 5566 :
968 5511 1052 5566 15.
1077 5521 1124 5565 et
1141 5526 1339 5583 gressus
1363 5519 1521 5564 rectos
1550 5508 1701 5577 facile
1733 5506 1937 5578 pedibus
1957 5520 2041 5559 ve-

529 5604 669 5668 stris,
690 5612 741 5655 ut
758 5620 857 5657 non
871 5602 1165 5659 claudicans
1180 5602 1292 5671 quis
1308 5599 1621 5669 errel,magis
1637 5607 1802 5651 autem
1814 5604 2036 5651 sanetur.

532 5695 581 5748 ι.
614 5694 713 5759 Qui
745 5708 922 5749 amara
948 5693 1133 5750 bibtmt
1176 5692 1563 5750 medicamenta
1583 5732 1597 5757 ,
1641 5691 1787 5761 prius
1825 5687 2037 5759 quidem

2143 5133 2410 5205 quoddam
2453 5131 2630 5185 ferunt
2656 5126 2872 5183 taedium
2907 5133 2962 5179 et
3001 5119 3329 5184 molestiam,
3363 5126 3416 5173 et
3445 5124 3572 5170 tunc
3598 5127 3723 5205 scn-

2146 5204 2283 5281 tinnt
2309 5224 2609 5278 utilitatem.
2639 5219 2784 5275 Talis
2806 5218 2948 5273 enim
2979 5229 3066 5269 res
3092 5220 3175 5268 est
3201 5212 3401 5273 virtus,
3429 5215 3485 5263 et
3510 5206 3614 5261 tale
3640 5204 3723 5257 vi-

2147 5320 2277 5373 tium
2303 5334 2317 5370 :
2343 5316 2509 5386 prima
2533 5311 2746 5384 quidem
2771 5310 2876 5365 illic
2896 5316 2980 5363 est
2997 5306 3263 5375 voluptas,
3292 5301 3489 5359 deinde
3509 5298 3725 5369 aegritu-

2145 5410 2250 5473 du;
2286 5409 2371 5463 hic
2398 5421 2527 5461 vero
2559 5406 2785 5475 primum
2813 5399 3093 5473 aegritudo,
3114 5408 3169 5454 et
3186 5410 3311 5452 tunc
3336 5397 3600 5464 voluptas.
3620 5390 3729 5448 Sed

2147 5501 2366 5555 minime
2401 5507 2524 5553 sunt
2557 5496 2741 5567 paria:
2770 5509 2876 5549 non
2906 5500 2989 5549 est
3013 5492 3154 5546 enim
3186 5504 3300 5560 par,
3329 5502 3451 5542 cum
3481 5483 3728 5539 molestia

2150 5592 2296 5661 prius
2317 5588 2536 5645 aﬂ‘ectus
2561 5587 2743 5654 fueris,
2764 5594 2946 5657 postea
2964 5582 3130 5661 laetari
3152 5596 3166 5646 ;
3190 5590 3244 5634 et
3269 5594 3390 5661 cum
3403 5577 3556 5661 prius
3577 5574 3729 5661 beta-

2151 5650 2232 5739 ius
2245 5680 2429 5747 fueris,
2448 5687 2627 5748 postea
2640 5650 2887 5729 molestia
2908 5659 3351 5732 alﬁci.Quomodo
3364 5660 3387 5712 3
3402 5657 3499 5716 llic
3516 5650 3728 5725 quidem
