4088 6208
375 256 483 312 ἓοθ

372 362 709 434 exspectatio
742 361 934 418 futura:
971 363 1201 418 tristitia:
1247 374 1561 434 pra-sentem
1590 367 1783 422 minuit
1814 367 1965 421 volu-

371 466 601 526 ptatem;
624 453 736 508 illic
748 461 924 508 antem
948 456 1278 525 exspectatio
1301 455 1489 509 futura:
1512 458 1710 513 lmtitia:
1730 458 1966 515 detrahit

371 549 438 604 de
455 547 790 603 vehementia
815 546 1009 616 prioris
1033 547 1196 601 animi
1217 549 1546 617 :rgritudiuis
1569 567 1583 604 :
1603 550 1737 604 adeo
1763 561 1817 604 ut
1838 565 1968 606 con-

373 642 540 710 tingat
567 639 677 692 illic
698 637 912 708 quidem
942 654 1228 708 numquam
1268 639 1455 705 liClﬂl‘i,
1491 640 1574 694 hic
1602 652 1780 697 autem
1811 658 1965 696 num-

370 747 530 800 quam
554 730 767 784 tristitia
788 727 954 783 afﬁci.
972 729 1087 783 Non
1109 730 1280 785 solum
1297 741 1475 787 autem
1505 732 1605 788 hac
1626 733 1964 801 ratione;scd

373 823 535 876 etiam
556 823 658 875 alia
683 831 768 875 est
792 819 1117 875 differentia.
1137 820 1453 887 Quomodo?
1481 823 1684 892 Nempe
1704 825 1844 894 quod
1874 840 1967 880 ne-

375 929 481 983 que
499 914 643 983 paria
662 922 787 967 sunt
808 922 1074 982 tempera,
1090 913 1181 968 sed
1209 914 1363 984 longe
1382 916 1581 984 majora
1608 926 1661 971 et
1683 918 1962 986 ampliora.

380 1004 475 1056 llic
500 1012 680 1058 autem
703 1010 787 1058 est
807 1002 970 1057 etiam
1008 1002 1208 1072 aliquid
1229 1004 1456 1073 amplius
1483 1005 1535 1059 in
1579 1005 1963 1075 spiritualilms.

381 1097 461 1151 Ab
478 1096 581 1150 hoc
602 1109 732 1164 ergo
750 1094 948 1151 Paulus
964 1079 1189 1150 conatur
1214 1097 1637 1151 consolationem
1665 1096 1856 1152 afferre
1876 1114 1890 1161 ;
1912 1107 1964 1154 et

379 1202 667 1241 commune
694 1200 887 1240 rursus
913 1187 1139 1241 assumit
1160 1185 1444 1256 judicium,
1473 1187 1557 1247 cui
1586 1187 1762 1242 nullus
1793 1198 1967 1256 potest

381 1280 649 1341 resistere,
667 1292 843 1347 neque
864 1279 1264 1333 cumeommuni
1286 1292 1517 1347 pugnare
1529 1280 1812 1335 sententia.
1834 1279 1965 1335 Nam

381 1385 503 1425 cum
532 1370 734 1427 dixerit
755 1370 877 1440 quis
899 1368 951 1424 id
978 1369 1043 1424 de
1066 1383 1173 1439 quo
1201 1378 1412 1426 constat
1440 1370 1579 1440 apud
1603 1386 1812 1438 onmes,
1836 1386 1967 1426 con-

380 1473 619 1529 sentiunt
640 1483 850 1528 omnes,
871 1476 925 1519 et
942 1480 1099 1519 nctno
1112 1461 1459 1516 contradicat.
1480 1460 1733 1519 Mairetis,
1759 1460 1956 1525 inqmt:

384 1564 484 1618 hoc
512 1560 808 1617 secundum
836 1557 1097 1613 rationem
1127 1561 1245 1609 est:
1274 1552 1398 1606 talis
1424 1552 1565 1605 enim
1589 1564 1675 1603 res
1698 1558 1776 1602 est
1800 1547 1961 1601 disci-

383 1654 547 1724 plina,
576 1654 684 1707 tale
712 1650 871 1705 habet
898 1645 1235 1717 principium.
1268 1642 1392 1697 Ideo
1421 1642 1499 1696 sic
1528 1640 1704 1694 intulit
1734 1656 1747 1692 :
1784 1637 1961 1692 Omnis

378 1754 546 1799 autem
583 1741 856 1811 disciplina
901 1739 955 1791 in
994 1735 1229 1807 prasenti
1265 1732 1465 1805 quidem
1500 1730 1691 1785 videtur
1726 1745 1825 1781 non
1857 1743 1962 1781 esse

380 1834 557 1906 gaudii
575 1876 589 1898 ,
625 1832 716 1886 sed
752 1830 999 1885 narraris.
1032 1827 1195 1882 Recte
1226 1824 1392 1887 dixit,
1429 1822 1547 1875 Non
1592 1821 1823 1875 videtur:
1857 1834 1958 1871 non

378 1923 522 1978 cnim
553 1927 640 1977 est
683 1919 962 1989 disciplina
1006 1915 1287 1980 maeroris,
1333 1912 1427 1967 sed
1467 1921 1669 1965 tantum
1708 1910 1958 1964 videtur:

383 2023 490 2064 non
514 2009 628 2063 haec
650 2007 870 2079 quidem
889 2006 1123 2068 videtur,
1143 2006 1233 2059 illa
1264 2020 1394 2069 non,
1418 2004 1510 2059 sed
1532 2001 1711 2057 omnis
1734 2019 1748 2055 τ
1779 2000 1964 2055 Omnis

379 2099 525 2155 enim
554 2099 838 2170 disciplina
868 2115 972 2153 non
998 2097 1204 2152 videtur
1240 2113 1355 2151 esse
1402 2094 1613 2164 gaudii,
1658 2093 1749 2147 sed
1780 2108 1965 2145 mazro-

381 2192 489 2255 ris;
517 2191 569 2245 id
602 2200 710 2256 est,
731 2198 785 2246 et
816 2191 1051 2245 humana
1075 2198 1128 2246 et
1152 2188 1471 2259 spiritualis.
1500 2184 1666 2240 Vides
1691 2200 1813 2238 eum
1838 2198 1967 2237 con-

381 2282 605 2338 tendere
621 2298 690 2338 ex
712 2281 1094 2338 communibus
1126 2277 1480 2335 nationibus?
1512 2276 1753 2341 Videtur,
1769 2274 1962 2344 inquit,

379 2393 492 2431 esse
538 2376 781 2430 maeroris
818 2391 837 2429 :
873 2375 1057 2444 itaque
1105 2387 1212 2428 non
1252 2381 1353 2427 est.
1393 2369 1528 2436 Quis
1574 2367 1718 2423 enim
1764 2380 1967 2420 maeror

381 2468 522 2535 parit
564 2467 862 2538 gaudium?
905 2465 1097 2521 Nullus
1141 2482 1156 2518 :
1199 2465 1340 2519 sicut
1387 2478 1485 2518 nec
1522 2461 1775 2531 voluptas
1821 2458 1966 2528 parit

382 2556 550 2610 animi
586 2554 962 2626 mgritudiuem
993 2562 1047 2610 et
1073 2553 1348 2609 tristitiam
1370 2551 1468 2623 (α).

455 2645 750 2714 Disciplina:
765 2643 917 2697 bona.
930 2671 1001 2683 ——-
1015 2640 1201 2694 Postea
1216 2650 1381 2693 autem
1399 2644 1594 2710 fructus
1616 2640 1964 2710 pacatissimo:

382 2735 546 2788 reddit
587 2734 648 2787 iis
672 2734 760 2802 qui
790 2732 1073 2803 pagipsam
1112 2737 1228 2783 sunt
1269 2729 1530 2783 exercitati
1561 2730 1797 2801 justitite.
1843 2730 1960 2784 Non

384 2824 641 2884 fructum.
688 2823 783 2877 sed
831 2822 1032 2876 fructus
1058 2820 1228 2885 dixit,
1271 2835 1516 2888 magnam
1564 2821 1958 2876 multitudinem

382 2913 705 2982 signiﬁcans.
739 2910 845 2965 Per
870 2911 1035 2982 ipsam
1076 2910 1395 2972 exercitatis,
1426 2909 1628 2979 inquit;
1662 2910 1712 2965 id
1741 2919 1824 2965 est
1845 2952 1862 2973 ,
1894 2911 1959 2967 iis

379 3007 471 3073 qui
499 3004 658 3074 longo
688 3013 928 3072 tempore
954 3001 1324 3054 sustinuerunt
1367 3008 1421 3055 et
1448 3000 1764 3056 tolerarunt.
1798 3001 1960 3057 Vides

379 3107 436 3151 ut
472 3099 635 3152 etiam
682 3096 821 3150 bono
852 3094 1016 3148 verbo
1056 3101 1140 3147 est
1188 3094 1354 3147 usus?
1397 3093 1683 3164 Disciplina
1709 3110 1835 3164 ergo
1877 3103 1959 3150 est

378 3189 717 3253 exercitatio,
751 3186 944 3241 fortem
966 3185 1196 3240 reddens
1225 3185 1479 3238 athletam
1501 3226 1516 3247 ,
1546 3193 1602 3240 et
1627 3187 1877 3240 invictum
1903 3188 1959 3241 in

377 3279 790 3345 certaminibus,
822 3288 875 3333 et
914 3279 969 3332 in
1012 3277 1166 3333 bellis
1211 3277 1697 3350 inexpugnabilem.
1745 3278 1800 3334 Si
1831 3296 1958 3350 ergo

376 3373 551 3427 omnis
591 3370 871 3440 disciplina
918 3378 1003 3425 est
1048 3369 1201 3435 talis,
1250 3368 1368 3424 lucc
1413 3384 1623 3440 quoque
1670 3371 1771 3426 erit
1818 3373 1955 3428 talis.

377 3464 738 3533 Quamobrem
765 3463 905 3518 bona
927 3470 1053 3517 sunt
1077 3461 1459 3530 exspectanda,
1483 3471 1535 3517 et
1550 3462 1817 3533 jucundus
1838 3465 1958 3522 ﬁnis

376 3573 438 3612 ac
469 3564 713 3627 pacatus.
746 3554 858 3610 Nec
886 3555 1097 3609 mireris
1126 3553 1169 3608 si
1199 3569 1320 3609 cum
1349 3553 1419 3607 sit
1443 3553 1596 3621 dura,
1630 3555 1832 3610 fructus
1857 3556 1956 3611 ha-

377 3651 500 3705 beat
527 3648 716 3703 dulces
740 3664 754 3699 :
787 3661 907 3702 nam
935 3647 1095 3702 etiam
1126 3646 1180 3700 in
1225 3645 1505 3701 arboribus
1533 3657 1715 3702 cortex
1741 3649 1956 3719 quidem

374 3751 458 3797 est
489 3756 657 3811 prepe
691 3741 864 3795 omnis
902 3753 1095 3808 expers
1119 3738 1392 3809 qualitatis
1435 3748 1489 3795 et
1528 3756 1706 3811 asper,
1750 3741 1957 3800 fructus

375 3844 555 3887 autem
579 3841 707 3885 sunt
738 3830 947 3887 dulces.
978 3829 1083 3885 Sed
1113 3830 1214 3885 hoc
1236 3831 1445 3901 accepit
1468 3846 1533 3886 ex
1558 3833 1828 3888 communi
1861 3850 1958 3890 no-

379 3924 546 3978 tione.
574 3921 632 3978 Si
660 3928 871 3992 oportet
899 3935 1027 3991 ergo
1055 3920 1175 3975 talia
1206 3929 1541 3989 exSpectarc,
1569 3922 1693 3992 quid
1721 3922 1957 3981 doletis?

373 4028 471 4067 cur
493 4028 617 4068 cum
645 4011 867 4066 molesta
896 4011 1276 4075 sustinueritis,
1306 4010 1360 4065 in
1389 4011 1544 4066 bonis
1567 4012 1759 4083 ignavo
1787 4024 1841 4069 et
1866 4031 1954 4072 re-

375 4103 545 4158 misso
570 4103 755 4158 animo
779 4102 945 4158 estis?
991 4101 1284 4172 lnjucunda
1307 4143 1324 4170 ,
1370 4118 1489 4173 qua:
1516 4114 1672 4160 erant
1699 4105 1914 4164 ferenda
1935 4151 1952 4178 ,

381 4187 712 4241 sustinuistis
738 4204 753 4241 :
786 4205 854 4243 ne
881 4190 1051 4259 ignavi
1080 4206 1208 4262 ergo
1235 4202 1288 4248 et
1317 4196 1525 4249 remissi
1568 4198 1686 4252 sitis
1714 4204 1854 4256 circa
1883 4218 1969 4259 re-

381 4279 831 4333 munerationem.
861 4278 1082 4345 Pmpter
1107 4282 1245 4349 quod
1267 4286 1502 4338 remissas
1530 4302 1711 4342 manus
1731 4300 1778 4343 et
1802 4309 1966 4361 genua

379 4365 570 4420 debilia
595 4369 794 4438 erigite,
827 4381 874 4423 et
902 4388 1100 4440 gressus
1127 4382 1289 4426 rectos
1324 4373 1477 4442 facile
1514 4377 1723 4445 pedibus
1750 4384 1924 4436 vestris
1946 4422 1962 4448 ,

380 4466 437 4507 ut
460 4474 559 4509 non
590 4458 888 4513 claudicans
911 4461 1022 4529 quis
1048 4472 1197 4526 erret,
1230 4463 1393 4533 magis
1417 4475 1583 4519 autem
1612 4477 1833 4523 sanetur.
1862 4471 1967 4526 Eos

384 4557 654 4616 tamquam
682 4564 931 4605 cursores
956 4551 1247 4621 alloquitur
1272 4562 1327 4608 et
1353 4555 1555 4625 pugiles
1581 4566 1635 4612 ct
1660 4557 1963 4617 bellatores.

387 4635 545 4693 Vides
561 4639 829 4708 quomodo
850 4656 943 4695 eos
964 4653 1155 4710 armet,
1173 4644 1441 4713 quomodo
1457 4660 1551 4702 eos
1567 4648 1761 4703 excitet
1779 4649 1967 4705 ?Gres-

378 4745 484 4795 sus,
513 4731 715 4801 inquit,
742 4742 901 4787 rectos
926 4734 1115 4802 facile;
1143 4734 1194 4790 id
1225 4745 1325 4801 est,
1357 4748 1504 4793 recte
1532 4740 1823 4796 ambulate.
1869 4742 1964 4798 llic

378 4817 511 4872 dicit
537 4819 605 4874 de
632 4820 758 4889 ipsis
778 4822 1189 4891 cogitationibus
1211 4844 1223 4879 :
1251 4834 1395 4882 recte
1415 4829 1702 4896 ambulate,
1733 4832 1835 4889 hoc
1855 4844 1959 4901 est,

382 4924 490 4962 non
518 4909 843 4966 dubitantes.
877 4914 931 4967 Si
960 4914 1102 4968 enim
1134 4914 1410 4985 disciplina
1435 4927 1519 4973 est
1555 4935 1619 4975 ex
1646 4924 1885 4991 caritate,
1918 4927 1962 4980 si

382 4998 566 5067 incipit
587 5016 616 5054 a
643 5014 791 5067 cura,
814 5004 858 5057 si
880 5002 1074 5059 desinit
1103 5005 1153 5059 in
1181 5006 1378 5061 bonum
1408 5009 1566 5064 ﬁnem
1591 5029 1603 5063 :
1626 5010 1727 5067 hoc
1750 5015 1891 5069 enim
1911 5028 1964 5073 et

385 5103 478 5154 per
493 5103 601 5156 res,
619 5100 669 5144 et
689 5107 782 5159 per
803 5093 984 5159 verba,
1005 5105 1057 5149 et
1079 5110 1173 5163 per
1196 5097 1374 5151 omnia
1393 5100 1660 5157 ostendit:
1679 5115 1773 5157 cur
1789 5104 1962 5173 ignavi

382 5179 512 5232 estis
537 5190 592 5234 et
617 5181 871 5236 remissi?
898 5185 1027 5239 tales
1043 5188 1184 5239 enim
1213 5196 1340 5242 sunt
1360 5189 1447 5257 qui
1478 5191 1710 5244 animum
1734 5192 1963 5264 despon-

381 5270 595 5336 dorunt,
618 5273 706 5340 qui
740 5290 806 5329 ne
842 5274 1137 5330 futurorum
1170 5278 1384 5346 quidem
1414 5295 1509 5348 spe
1556 5284 1958 5342 conﬁrmantur.

384 5356 557 5425 Recte,
589 5361 775 5431 inquit,
820 5364 1114 5420 ambulate:
1146 5376 1203 5420 ut
1246 5383 1351 5422 non
1392 5371 1706 5427 extendatur
1760 5375 1961 5431 claudi-

378 5452 555 5515 catio,
582 5454 676 5508 sed
710 5465 944 5510 mutetur
988 5457 1052 5511 ad
1081 5459 1295 5527 priora:
1325 5474 1447 5513 nam
1489 5463 1578 5530 qui
1631 5464 1795 5520 currit
1838 5482 1958 5523 cum

456 5662 528 5725 (ιι)
565 5663 653 5712 llic
677 5674 873 5724 prorsus
896 5662 1057 5713 deﬁcit
1083 5664 1278 5716 humilia
1302 5667 1550 5729 trigesima
1576 5673 1622 5718 In
1642 5670 1775 5721 Coll).

1152 254 1217 311 ΙΝ
1256 255 1472 315 ΕΡῐΞΤ.
1518 260 1606 315 AD
1648 261 2012 322 llEBll/EOS.
2055 266 2210 324 CAP.
2254 269 2367 327 ΧΙΙ.
2413 270 2646 330 llOMlL.
2692 276 2864 333 XXX.

3529 285 3638 347 210

2043 374 2452 442 claudicatione,
2483 378 2680 432 malum
2708 380 2932 435 invehit.
2967 379 3124 434 Vides
3181 387 3320 452 quod
3354 387 3403 439 in
3444 400 3628 445 nostin

2043 464 2113 520 sit
2143 475 2405 537 potestate
2446 476 2507 521 ut
2543 471 2835 523 curemur?
2862 471 2947 524 Η.
2997 470 3183 526 Pacem
3220 476 3482 541 sequimini
3511 497 3626 534 cum

2044 558 2272 611 omnibus
2296 569 2345 611 et
2370 559 2776 625 sanctimoniam,
2802 561 2909 614 sine
2937 577 3038 632 qua
3069 578 3212 615 nemo
3234 564 3411 618 videbit
3442 566 3623 621 Domi-

2045 665 2184 701 num.
2211 648 2361 714 Quod
2389 644 2597 703 dicebat
2617 650 2864 718 superius
2890 669 2902 705 :
2935 650 3053 704 Non
3071 652 3350 707 deserentes
3372 656 3626 711 collectio-

2045 755 2155 793 nem
2177 755 2263 792 seu
2280 750 2713 810 congregationem
2731 752 2953 794 nostram
2972 741 3154 813 (Hebr.
3183 744 3268 799 10.
3283 747 3397 816 25),
3424 748 3626 805 hochic

2044 843 2254 898 quoque
2284 830 2439 883 tacite
2467 830 2745 898 signiﬁcat.
2767 831 2904 885 Nihil
2927 833 3068 886 enim
3094 834 3157 887 ad
3186 840 3541 903 superandum
3572 853 3627 898 et

2042 920 2453 989 expugnandum
2486 930 2588 974 tam
2618 922 2797 976 faciles
2828 922 2952 976 facit
2979 923 3029 976 in
3060 927 3436 983 tentationihus
3463 947 3622 1001 quam

2042 1028 2161 1067 esse
2187 1013 2441 1067 divolsus.
2476 1013 2540 1066 Et
2570 1014 2691 1067 vide
2715 1014 2984 1083 quomodo
3015 1032 3029 1066 :
3059 1014 3329 1086 disrumpe
3368 1023 3535 1076 aciem
3569 1027 3619 1079 in

2044 1104 2218 1168 bello;
2242 1113 2296 1159 et
2317 1120 2382 1159 ne
2400 1105 2579 1160 labore
2593 1104 2806 1174 quidem
2828 1121 2963 1174 opus
2987 1106 3254 1162 habebunt
3280 1110 3504 1178 inimici,
3530 1116 3625 1169 scd

2042 1208 2136 1248 eos
2161 1194 2366 1249 vinctos
2396 1194 2612 1263 capient
2633 1196 2919 1263 separatim
2945 1198 3210 1264 inventos,
3243 1210 3297 1252 ct
3322 1216 3383 1254 ea
3418 1205 3626 1260 ratione

2044 1286 2438 1341 imbecilliores.
2472 1284 2678 1352 Pacem,
2706 1288 2896 1356 inquit,
2925 1288 3191 1359 sequimini
3220 1308 3334 1344 cum
3361 1296 3620 1353 omnibus.

2045 1377 2182 1447 Ergo
2220 1377 2379 1430 etiam
2411 1392 2533 1431 cum
2560 1377 2624 1431 iis
2646 1378 2735 1447 qui
2769 1380 2906 1433 male
2947 1389 3132 1450 agunt.
3179 1381 3289 1436 lloc
3315 1383 3475 1439 etiam
3502 1387 3628 1443 alibi

2047 1468 2213 1523 dicit:
2240 1468 2300 1523 Si
2345 1469 2457 1536 ﬁeri
2486 1477 2675 1537 potest,
2703 1470 2837 1539 quod
2865 1470 2918 1522 in
2961 1471 3104 1525 vobis
3134 1482 3225 1535 est,
3256 1489 3370 1527 cum
3400 1479 3628 1534 omnibus

2043 1560 2327 1614 hominibus
2358 1577 2531 1630 pacem
2560 1561 2798 1615 [tabentes
2832 1561 3005 1627 (llam.
3030 1562 3113 1616 1‘2.
3142 1563 3254 1633 18).
3285 1565 3435 1631 Quod
3463 1571 3526 1624 ad
3554 1580 3624 1637 te,

2042 1650 2456 1719 iuquit,attinet,
2476 1666 2658 1719 pacem
2679 1666 2798 1720 age,
2829 1653 3077 1719 pietatem
3107 1654 3239 1710 nihil
3267 1658 3498 1722 laedens,
3531 1662 3625 1716 sed

2046 1742 2096 1795 in
2128 1743 2208 1796 eis
2238 1757 2356 1811 quae
2379 1743 2576 1812 pateris
2601 1757 2663 1797 ea
2691 1745 2768 1796 fer
2794 1743 2915 1797 forti
2946 1753 3000 1798 et
3028 1760 3288 1815 generoso
3308 1751 3505 1806 animo.
3534 1755 3628 1807 Est

2038 1832 2180 1887 enim
2203 1832 2461 1885 malorum
2483 1833 2779 1892 tolerantia,
2796 1850 2980 1903 magna
2998 1851 3165 1901 arma,
3180 1839 3230 1892 in
3251 1843 3627 1898 tentationihus

2068 1940 2313 1991 magnum
2366 1929 2689 1997 pnesidium.
2724 1930 2814 1985 Sic
2864 1933 3026 1987 etiam
3074 1935 3638 2003 Christusdiscipulos

2065 2027 2190 2069 suos
2219 2018 2382 2071 fortes
2404 2016 2650 2085 faciebat,
2678 2020 2860 2077 dicens
2884 2041 2897 2077 :
2929 2022 3061 2077 Ecce
3090 2025 3231 2078 mitto
3260 2042 3347 2079 vos
3382 2036 3640 2094 tamquam

2064 2123 2175 2162 oves
2218 2109 2270 2161 in
2308 2110 2470 2163 medio
2515 2111 2748 2178 luporum
2793 2130 2814 2167 :
2851 2125 3004 2169 estote
3036 2132 3153 2186 ergo
3195 2116 3464 2184 prudentes
3509 2117 3639 2170 sicut

2062 2209 2332 2265 serpentes,
2357 2209 2402 2254 et
2417 2201 2670 2268 simplices
2699 2205 2828 2258 sicut
2857 2206 3097 2261 columba:
3133 2209 3151 2276 (
3166 2207 3364 2267 Matth.
3388 2206 3472 2263 10.
3508 2209 3573 2262 l6
3597 2209 3635 2278 ).

2062 2287 2196 2355 Quid
2243 2290 2414 2354 dicis.
2472 2292 2526 2346 in
2583 2294 2759 2350 medio
2810 2296 3055 2365 luporum
3112 2314 3334 2362 sumus,
3393 2308 3447 2352 et
3499 2300 3640 2353 sicut

2062 2393 2187 2432 oves
2223 2395 2321 2435 nos
2360 2396 2478 2437 esse
2518 2383 2695 2453 jubes,
2735 2396 2788 2440 ct
2835 2387 2973 2441 sicut
3016 2388 3336 2443 columbas?
3384 2388 3633 2454 Maxime,

2064 2468 2252 2540 inquit,
2310 2488 2430 2527 nam
2473 2492 2592 2529 cum
2621 2477 2709 2543 qui
2742 2478 2881 2532 male
2910 2478 3033 2533 facit
3053 2521 3069 2545 ,
3100 2480 3229 2534 nihil
3267 2480 3402 2535 adeo
3434 2481 3637 2549 pudore

2060 2557 2223 2613 allicit
2242 2600 2257 2624 ,
2291 2569 2347 2614 ut
2376 2563 2589 2632 quando
2636 2579 2734 2619 nos
2777 2566 2982 2621 fortiter
3007 2565 3242 2623 feramus
3268 2584 3330 2623 ea
3357 2584 3476 2638 quae
3507 2568 3636 2623 infe-

2061 2659 2281 2717 runtur,
2311 2662 2363 2707 et
2390 2668 2562 2723 neque
2595 2655 2759 2709 verbo
2781 2671 2953 2727 neque
2981 2656 3122 2713 facto
3150 2674 3251 2714 nos
3281 2659 3625 2713 ulciscantur.

2062 2739 2173 2796 lloc
2218 2752 2272 2798 et
2314 2758 2412 2800 nos
2440 2746 2612 2801 reddit
2655 2749 2823 2818 magis
2871 2748 3252 2819 philosophos.
3284 2761 3341 2805 et
3371 2751 3629 2820 majorem

2059 2835 2306 2891 conciliat
2333 2839 2654 2906 mercedem,
2688 2850 2742 2896 et
2789 2841 2909 2896 illos
2935 2843 3106 2913 juvat.
3134 2846 3202 2898 At
3230 2843 3316 2899 hic
3347 2846 3430 2899 vel
3462 2845 3553 2901 ille
3582 2854 3634 2901 te

2058 2926 2234 2983 aﬂecit
2262 2932 2630 2986 contumelia?
2671 2942 2724 2987 tu
2756 2950 2882 2989 vero
2925 2952 3049 2991 eum
3084 2937 3238 2991 bonis
3284 2953 3631 3008 prosequere.

2065 3017 2193 3073 Vide
2230 3036 2386 3089 quam
2433 3025 2597 3078 multa
2642 3040 2706 3079 ex
2757 3041 2821 3080 eo
2862 3028 2935 3080 sis
2984 3027 3630 3085 lucrifactnrus:malum

2056 3111 2355 3166 exstinxisti
2378 3154 2392 3179 ,
2422 3115 2722 3169 mercedem
2755 3116 2847 3170 tibi
2874 3118 3192 3184 conciliasti,
3232 3118 3381 3173 illum
3429 3120 3632 3188 pudore

2057 3199 2299 3267 aﬁ‘eeisti,
2332 3202 2465 3257 nihil
2507 3219 2565 3258 es
2596 3219 2783 3273 passus
2805 3222 2986 3275 grave.
3013 3206 3200 3261 Pacem
3218 3211 3486 3280 sequimini
3508 3226 3625 3264 cum

2057 3291 2285 3346 onmibus
2324 3302 2370 3346 et
2415 3296 2820 3349 sanctimoniam.
2854 3296 3258 3352 Sanctimoniam
3301 3300 3427 3369 quid
3456 3300 3627 3355 dicit?

2057 3381 2506 3453 Temperantism,
2534 3388 2861 3444 honestatem
2880 3391 2932 3445 in
2956 3392 3315 3447 matrimonio.
3340 3392 3464 3448 Sive
3485 3394 3633 3463 quis-

2058 3472 2217 3541 piam,
2250 3475 2439 3547 inquit,
2465 3494 2568 3534 non
2595 3480 2664 3535 sit
2685 3481 2904 3551 junctus
2922 3484 3283 3550 matrimonio,
3305 3494 3485 3540 castus
3511 3501 3632 3540 ma-

2056 3575 2197 3633 neat,
2233 3585 2450 3626 uxorem
2490 3572 2647 3627 ducat
2690 3589 2704 3627 :
2752 3574 2865 3629 sive
2903 3576 2973 3631 sit
3009 3576 3224 3645 junctus
3266 3579 3626 3645 matrimonio,

2057 3670 2163 3710 non
2194 3668 2463 3714 scortetur
2487 3702 2503 3727 ,
2535 3661 2628 3717 sed
2665 3678 2835 3718 uxore
2881 3673 3064 3720 utatur
3094 3684 3108 3721 :
3138 3683 3259 3722 nam
3288 3668 3388 3724 hoc
3415 3685 3628 3740 quoque

2055 3756 2136 3801 est
2179 3750 2545 3805 sanctiﬁcatio.
2591 3753 2911 3819 Quomodo?
2946 3755 3062 3811 Non
3102 3767 3185 3812 est
3228 3761 3626 3817 matrimonium

2055 3840 2404 3896 sanctiﬁcatio
2428 3884 2443 3907 ,
2476 3845 2569 3899 sed
2592 3845 2992 3901 matrimonium
3018 3862 3299 3904 conservat
3327 3854 3628 3908 sanctiﬁca-

2058 3930 2253 3986 tionem
2279 3949 2397 4003 qua:
2414 3935 2652 4003 procedit
2671 3951 2699 3990 a
2728 3937 2852 4002 ﬁde,
2883 3954 2988 3993 non
3018 3941 3200 3996 sinens
3226 3944 3479 4016 conjungi
3500 3962 3621 4000 cum

2047 4025 2353 4082 meretrice.
2382 4026 2775 4085 Matrimonium
2806 4032 2950 4086 enim
2977 4040 3059 4088 est
3090 4033 3405 4092 honorabile
3435 4037 3626 4108 (Hebr.

2054 4114 2141 4169 15.
2171 4114 2248 4182 4),
2291 4132 2397 4172 non
2427 4131 2670 4176 sanetum
2703 4137 2933 4192 :purum
2958 4132 3041 4180 est
3063 4126 3484 4195 matrimonium,
3515 4146 3623 4185 non

2049 4211 2222 4255 tamen
2251 4207 2453 4271 praebet
2478 4210 2637 4262 etiam
2666 4211 3002 4267 sanctitatem
3025 4255 3040 4279 ,
3071 4215 3175 4269 nisi
3205 4222 3345 4284 quod
3376 4222 3625 4287 prohibet

2044 4306 2151 4346 non
2180 4293 2419 4362 polluere
2447 4312 2566 4351 eam
2594 4315 2712 4366 qua:
2751 4301 2873 4356 data
2913 4312 2996 4358 est
3018 4319 3048 4357 a
3077 4304 3202 4358 ﬁde.
3235 4306 3363 4360 Sine
3386 4326 3506 4378 qua,
3544 4312 3624 4365 iu-

2045 4383 2179 4451 quit,
2209 4400 2355 4439 nemo
2382 4386 2562 4441 videbit
2580 4387 2875 4444 Dominum.
2897 4393 3049 4460 Quod
3082 4396 3241 4450 etiam
3267 4398 3399 4452 dicit
3424 4401 3473 4454 in
3498 4402 3622 4471 Epi-

2045 4474 2183 4529 stola
2211 4474 2277 4528 ad
2308 4474 2612 4534 Corinthios
2642 4496 2655 4533 :
2684 4479 2859 4535 Nolite
2894 4500 3064 4537 errare
3089 4500 3109 4539 :
3129 4502 3288 4557 neque
3309 4492 3575 4560 fornicarii
3604 4536 3618 4556 ,

2044 4582 2203 4636 neque
2219 4567 2371 4623 idolis
2397 4571 2680 4639 servientes,
2704 4589 2861 4644 neque
2887 4577 3222 4633 masculorum
3247 4582 3620 4651 concubitores,

2044 4675 2202 4729 neque
2217 4662 2375 4725 avari,
2394 4678 2551 4732 neque
2567 4667 2719 4734 fures,
2741 4681 2895 4737 neque
2905 4670 3105 4735 ebriosi,
3123 4688 3282 4742 neque
3290 4674 3617 4743 detractores,

2044 4768 2201 4822 neque
2232 4763 2458 4822 raptores
2487 4772 2698 4827 regnum
2724 4756 2821 4811 Dei
2848 4760 3175 4828 possidebunt
3202 4763 3290 4835 (Ι.
3317 4763 3434 4820 Cor.
3468 4766 3519 4820 6.
3554 4770 3609 4824 9.

2046 4846 2171 4916 10).
2202 4846 2479 4912 Quomodo
2495 4849 2636 4903 enim
2660 4850 2747 4918 qui
2771 4866 2964 4920 corpus
2992 4853 3160 4909 iactus
3189 4864 3271 4910 est
3296 4863 3617 4930 meretricis,

2045 4938 2238 5006 poterit
2266 4952 2385 4992 esse
2405 4953 2599 5008 corpus
2624 4938 2819 4995 Christi
2850 4941 3009 5011 (Ibid.
3040 4961 3087 4997 v.
3122 4946 3250 5018 15)?
3279 4949 3365 5005 15.
3389 4951 3621 5008 Contem-

2045 5027 2239 5094 plantes
2264 5043 2324 5081 ne
2350 5029 2461 5097 quis
2480 5030 2606 5083 desit
2629 5033 2807 5099 gratia:
2827 5031 2923 5085 Dei
2951 5048 2971 5087 :
2999 5051 3172 5102 nequa
3196 5041 3345 5096 radix
3368 5048 3586 5099 amaritu
3601 5078 3617 5089 ο

2045 5116 2178 5169 diuis
2231 5116 2495 5171 desursum
2541 5119 2819 5189 impediat,
2868 5133 2914 5175 et
2965 5140 3054 5192 per
3108 5127 3250 5181 illam
3297 5131 3619 5201 inquinentur

2044 5208 2191 5261 multi
2215 5224 2235 5262 :
2268 5209 2352 5264 l6.
2380 5226 2443 5265 ne
2466 5211 2577 5280 quis
2594 5212 2870 5283 fornicator
2896 5224 2986 5268 aut
3008 5222 3273 5289 profanus.
3301 5222 3461 5278 Vides
3485 5241 3620 5295 quo.

2049 5299 2210 5353 modo
2250 5300 2448 5370 ubique
2493 5303 2776 5373 unicuique
2806 5318 3146 5363 communem
3180 5311 3341 5366 tradit
3369 5315 3615 5373 salutem.

2047 5391 2401 5444 Adhortamini
2428 5408 2514 5447 vos
2537 5432 2554 5457 ,
2583 5393 2789 5463 inquit,
2839 5396 2969 5450 alter
3006 5399 3219 5454 alterum
3247 5419 3336 5471 per
3356 5406 3618 5477 singulos,

2046 5482 2173 5544 dies,
2201 5482 2359 5536 donec
2386 5483 2536 5537 hodie
2561 5486 2948 5555 cognominatur
2978 5487 3159 5559 (Ilrbr.
3185 5492 3237 5547 5.
3269 5494 3378 5565 15).

2115 5574 2169 5627 2.
2199 5573 2277 5629 Ne
2295 5589 2426 5645 ergo
2448 5577 2624 5630 omnia
2641 5580 2944 5648 congeratis
2970 5581 3022 5635 in
3052 5581 3318 5653 doctores,
3343 5590 3497 5646 neiis
3526 5595 3617 5662 qui

2046 5675 2275 5736 przesunt
2326 5666 2501 5722 omnia
2534 5666 2795 5725 tribuatis.
2826 5671 3054 5729 Potestis
3079 5676 3235 5733 etiam
3267 5694 3381 5749 vos,
3414 5681 3615 5756 inquit,
