4088 6208
439 312 535 370 ait
1131 305 1188 362 s.
1230 301 1505 361 JOANNIS
1529 297 2000 356 cnnvsosront
2052 298 2364 357 ARClllEP.
2397 301 2924 360 CONSTANTINOP.
3601 300 3706 356 en

463 415 599 469 alter
625 413 850 466 alterum
882 406 1165 462 :rdiftcare.
1199 407 1350 473 Quod
1380 409 1538 462 etiam
1559 409 1769 464 dicebat
1795 412 2039 470 scribens

466 507 530 562 ad
563 503 1066 560 Thessalonicenses
1095 517 1107 552 :
1139 500 1278 552 Alter
1304 499 1516 553 alterunt
1542 502 1810 570 aediﬁcato,
1837 506 1963 560 sicut
1993 517 2041 561 et

469 599 632 670 facitis
656 614 674 661 ;
701 608 753 649 et
784 607 988 656 rursus,
1023 591 1368 645 Consolamiui
1405 592 1532 645 alter
1562 594 1778 648 alterum
1804 597 1855 650 in
1883 600 2041 652 verbis

467 691 574 744 istis
597 689 672 757 (i.
704 687 877 740 Thess.
913 685 964 738 5.
997 683 1105 753 ll).
1137 682 1248 736 Hoc
1276 682 1426 736 vobis
1455 697 1666 752 quoque
1687 701 1828 740 nunc
1847 689 2041 743 suade-

470 798 606 838 mus.
649 780 804 835 Plura
836 792 996 847 quam
1024 791 1142 833 nos,
1187 775 1232 829 si
1269 775 1450 840 vultis,
1481 777 1706 845 potestis
1731 779 1867 834 alter
1891 781 2042 837 alteri

473 879 606 930 bona
652 877 825 926 facere
859 887 872 922 :
907 869 1103 937 saepius
1129 868 1270 921 enim
1312 866 1450 921 inter
1490 883 1584 922 vos
1614 880 1796 927 mutuo
1824 888 2047 928 conver-

471 967 684 1029 samini,
717 973 770 1018 et
802 977 889 1016 res
917 970 1124 1014 vestras
1159 957 1293 1012 alter
1330 957 1549 1013 alterius
1584 961 1749 1030 magis
1772 963 1920 1018 scitis
1944 1006 1958 1030 ,
1991 972 2048 1020 et

471 1064 664 1119 delicta
716 1056 978 1123 utrimque
1024 1065 1132 1103 non
1187 1048 1478 1118 ignoratis,
1506 1062 1559 1104 et
1608 1050 1864 1120 majorem
1908 1053 2046 1108 fidu-

471 1151 610 1204 ciam
643 1148 868 1211 habetis,
923 1146 1220 1207 caritatem,
1255 1139 1738 1195 consuetudinem:
1783 1153 1888 1191 non
1939 1138 2054 1192 haec

477 1249 601 1294 sunt
631 1248 804 1292 autem
836 1253 991 1307 parva
1012 1235 1075 1289 ad
1103 1235 1424 1296 doctrinam,
1453 1232 1546 1286 sed
1574 1233 1749 1301 magni
1773 1240 1824 1285 et
1855 1247 2052 1301 oppor-

472 1332 587 1384 tuni
620 1329 792 1382 aditus
820 1349 832 1381 :
873 1326 1042 1396 magis
1081 1340 1239 1394 quam
1269 1338 1366 1378 nos
1398 1323 1639 1390 poteritis
1696 1321 1970 1390 increpare
1999 1330 2054 1375 et

477 1421 766 1476 exhortari.
797 1419 903 1472 Nec
930 1417 1030 1471 hoc
1060 1416 1269 1480 solum;
1299 1413 1392 1467 sed
1421 1412 1672 1482 quoniam
1712 1426 1810 1480 ego
1836 1411 2050 1480 quidem

476 1529 592 1567 sum
625 1527 781 1576 unus,
812 1525 905 1563 vos
925 1517 1100 1562 autem
1126 1507 1296 1570 multi,
1332 1505 1573 1573 poteritis
1601 1505 1760 1558 etiam
1793 1513 2051 1574 quotquot

472 1605 605 1658 estis
641 1617 826 1656 omnes
853 1615 973 1654 esse
996 1602 1265 1652 doctores.
1317 1596 1672 1664 Quamobrem
1706 1611 1835 1665 rogo
1862 1610 1952 1648 vos
1983 1610 2051 1650 ne

477 1693 754 1762 negligatis
780 1692 914 1744 hanc
931 1690 1184 1758 gratiam:
1211 1686 1582 1755 unusquisque
1605 1685 1766 1738 habet
1788 1697 2002 1739 uxorem
2030 1727 2045 1751 ,

475 1784 634 1836 habet
659 1780 909 1845 amicum,
940 1780 1099 1832 habet
1123 1778 1396 1836 famulum,
1429 1775 1585 1829 habet
1623 1775 1851 1829 vicinum
1883 1794 1896 1829 :
1926 1792 2050 1830 eum

474 1877 731 1942 inerepet,
758 1889 880 1927 eum
906 1871 1207 1925 admoneat.
1241 1866 1518 1935 Quomodo
1543 1867 1685 1920 enim
1717 1882 1822 1920 non
1850 1875 1933 1921 est
1951 1868 2048 1922 ab-

473 1964 690 2018 surdum
717 2005 732 2029 ,
765 1979 860 2032 pro
895 1963 1151 2015 alimento
1198 1959 1412 2028 quidem
1459 1957 1634 2013 facere
1673 1958 1914 2012 convivia
1936 1999 1950 2023 ,
1995 1968 2051 2013 et

467 2056 612 2108 diem
643 2054 835 2109 habere
857 2054 1200 2107 coastitutum
1235 2059 1291 2104 ut
1335 2051 1474 2104 inter
1504 2064 1562 2105 se
1602 2051 1921 2105 conveniant
1947 2093 1962 2117 ,
1997 2061 2051 2107 et

466 2145 610 2213 quod
635 2145 917 2212 unicuique
947 2143 1096 2196 deest
1123 2141 1344 2210 implere
1385 2156 1479 2209 per
1508 2142 1818 2195 societatem
1855 2159 1868 2194 :
1900 2142 2049 2197 verbi

471 2237 659 2306 gratia,
690 2235 802 2288 sive
826 2234 1058 2288 eundum
1084 2233 1152 2285 sit
1180 2235 1245 2285 ad
1276 2232 1434 2285 funus
1462 2230 1812 2296 efferendum,
1837 2234 1950 2287 sive
1979 2234 2046 2289 ad

473 2326 774 2397 prandium,
807 2326 918 2379 sive
946 2323 1013 2376 sit
1042 2323 1091 2376 in
1121 2322 1303 2391 aliquo
1325 2321 1603 2375 ferendum
1629 2323 1872 2390 proximo
1898 2324 2048 2377 auxi-

473 2421 598 2473 lium
629 2435 642 2471 :
673 2417 737 2471 ad
766 2415 1055 2470 docendam
1088 2426 1263 2468 autem
1287 2415 1534 2469 virtutem
1563 2429 1665 2468 non
1700 2416 1801 2470 hoc
1831 2416 2046 2471 facere?

473 2509 645 2562 Etiam
674 2522 800 2574 rogo
829 2520 984 2559 nemo
1013 2505 1242 2574 negligat
1268 2520 1283 2556 :
1315 2504 1540 2572 accipiet
1565 2504 1707 2557 enim
1733 2520 1975 2574 magnam
2015 2521 2045 2560 a

472 2599 582 2653 Deo
607 2596 929 2651 mercedem.
965 2596 1030 2649 Et
1061 2605 1117 2649 ut
1145 2594 1434 2664 intelligas,
1467 2595 1551 2648 cui
1580 2595 1813 2664 quinque
1838 2596 2043 2650 credita

470 2700 594 2743 sunt
625 2689 841 2754 talenta,
868 2689 910 2741 is
928 2695 1010 2740 est
1029 2686 1219 2740 doctor
1242 2703 1260 2752 ;
1283 2687 1365 2740 cui
1393 2695 1568 2739 autem
1601 2701 1782 2752 unum,
1807 2687 2044 2756 discipu-

473 2785 573 2836 lus.
611 2781 665 2836 Si
691 2780 885 2835 dixerit
911 2778 1240 2847 discipulus,
1287 2776 1414 2831 Sum
1444 2776 1736 2845 discipulus
1757 2818 1771 2842 ,
1816 2779 1866 2830 in
1896 2779 2045 2834 nullo

469 2888 657 2928 versor
705 2870 973 2939 periculo;
1027 2879 1079 2922 et
1125 2881 1464 2921 communem
1508 2865 1646 2920 hanc
1691 2881 1849 2936 quam
1877 2881 1904 2919 a
1939 2868 2045 2922 Deo

467 2962 676 3032 accepit
718 2961 972 3015 doctrinte
1011 2959 1290 3020 rationem,
1336 2955 1530 3010 nudam
1575 2955 1938 3023 absconderit,
1991 2965 2046 3012 et

467 3071 576 3109 non
605 3052 960 3114 admonuerit,
989 3059 1041 3104 et
1067 3067 1172 3103 non
1202 3047 1410 3102 dicendi
1440 3047 1682 3102 libertate
1709 3062 1835 3102 usus
1865 3049 2041 3116 fuerit,

471 3161 576 3199 non
605 3144 860 3212 arguerit,
892 3158 995 3194 non
1014 3141 1242 3193 suaserit
1269 3139 1310 3193 si
1327 3147 1519 3208 potest,
1540 3138 1633 3193 sed
1664 3140 1713 3192 in
1747 3148 1888 3192 terra
1916 3139 2043 3194 abs-

465 3236 708 3292 conderit
736 3253 750 3287 :
785 3249 911 3288 vere
939 3234 1079 3286 enim
1111 3241 1194 3286 est
1222 3241 1361 3284 terra
1388 3240 1444 3284 et
1469 3230 1604 3284 cinis
1629 3244 1723 3283 cor
1755 3229 1896 3298 quod
1923 3231 2046 3283 abs-

465 3329 646 3384 condit
676 3328 765 3381 Dei
794 3327 1016 3396 gratiam
1043 3341 1058 3388 ;
1090 3323 1135 3377 si
1161 3337 1288 3391 ergo
1326 3320 1664 3376 absconderit
1691 3330 1783 3374 aut
1827 3330 2043 3390 propter

467 3422 756 3490 pigritiam,
782 3428 873 3470 aut
894 3425 1112 3485 propter
1134 3414 1551 3482 improbitatem,
1577 3426 1682 3466 non
1705 3427 1825 3467 eum
1855 3411 2041 3466 defen-

447 3509 538 3563 det
565 3520 616 3563 et
641 3509 917 3563 excusabit
945 3506 1086 3575 quod
1115 3505 1292 3566 dicat,
1334 3501 1506 3556 Unum
1548 3499 1703 3552 habui
1744 3497 2020 3553 talentum.

453 3598 624 3652 Unum
650 3599 882 3651 habebas
905 3597 1158 3650 talentum
1181 3593 1489 3660 :oporlcbat
1508 3592 1731 3644 alterum
1753 3587 1946 3643 aﬂ’erre
1969 3596 2024 3642 et

451 3689 704 3742 talentum
735 3686 1008 3755 duplicare
1043 3701 1057 3738 :
1086 3685 1128 3737 si
1151 3682 1325 3736 adhuc
1355 3696 1516 3734 unum
1545 3678 1810 3733 attulisses
1835 3718 1850 3742 ,
1880 3676 2024 3732 nulla

450 3788 595 3833 esset
622 3777 802 3845 culpa.
824 3777 1004 3844 Neque
1027 3774 1167 3829 enim
1193 3774 1242 3827 ei
1269 3772 1357 3842 qui
1390 3772 1495 3824 duo
1517 3768 1710 3834 attulit,
1739 3767 1898 3821 dixit:
1918 3767 2026 3821 Cur

453 3887 556 3924 non
580 3871 812 3940 quinque
833 3869 1052 3923 attulisti
1071 3872 1093 3921 Υ
1112 3865 1202 3921 sed
1227 3881 1346 3920 eum
1376 3862 1561 3918 iisdem
1583 3861 1799 3927 dignum
1821 3858 2026 3913 censuit

451 3961 643 4030 quibus
664 3975 784 4013 cum
803 3960 1140 4029 qu'rquinque
1161 3953 1564 4019 attulit.Quare?
1582 3950 1840 4018 Quoniam
1861 3965 2027 4018 quan-

452 4063 565 4104 tum
591 4051 770 4102 habuit
795 4049 1055 4111 exercuit,
1079 4062 1176 4101 nec
1201 4045 1325 4100 sivit
1347 4059 1468 4098 esse
1491 4045 1741 4106 Otiosum,
1773 4055 1872 4094 nec
1891 4053 2026 4119 quo-

453 4141 594 4193 niam
623 4138 796 4190 minus
816 4137 1020 4203 accepit
1045 4152 1203 4203 quam
1233 4133 1318 4186 cui
1345 4133 1554 4188 fuerant
1578 4131 1766 4185 tradita
1796 4130 2028 4200 quinque

453 4232 674 4297 talenta,
703 4237 984 4296 propterea
1013 4227 1109 4280 fuit
1135 4226 1408 4293 negligens
1433 4263 1449 4289 ,
1479 4238 1578 4278 nec
1606 4224 1873 4292 paucitate
1899 4235 2026 4274 usus

452 4329 537 4376 est
566 4319 631 4372 ad
673 4317 864 4371 otium.
895 4315 1002 4370 Nec
1029 4324 1081 4370 te
1108 4313 1390 4382 oportebat
1415 4313 1658 4381 aSpicere
1692 4311 1757 4364 ad
1789 4327 1908 4366 eum
1938 4311 2028 4381 qui

453 4413 559 4466 duo
587 4410 844 4470 habebat;
866 4408 972 4461 imo
988 4421 1114 4460 vero
1136 4405 1293 4459 etiam
1317 4402 1382 4458 ad
1412 4402 1559 4457 illum
1582 4401 1860 4470 Oportebat
1883 4401 2030 4468 aspi-

454 4517 599 4564 cere.
624 4512 678 4555 et
698 4497 1145 4567 quemadmodum
1175 4496 1264 4550 ille
1287 4510 1406 4549 cum
1436 4493 1542 4548 duo
1572 4492 1815 4559 haberet,
1849 4493 2028 4548 imita-

458 4608 540 4652 tus
566 4603 648 4650 est
678 4594 831 4647 illum
859 4591 941 4644 cui
970 4590 1091 4644 data
1113 4587 1325 4643 fuerant
1349 4587 1580 4656 quinque
1605 4627 1620 4650 ,
1649 4586 1718 4640 ita
1748 4595 1797 4639 te
1820 4599 2030 4654 quoque

457 4686 651 4742 imitari
681 4685 962 4750 Oportebat
997 4697 1118 4736 eum
1149 4681 1230 4735 cui
1269 4679 1374 4734 duo
1403 4678 1617 4733 fuerunt
1644 4677 1851 4734 tradita.
1898 4678 2031 4732 Nam

455 4783 500 4835 si
532 4780 578 4834 ei
607 4780 692 4847 qui
726 4777 883 4831 habet
914 4774 1184 4843 pecunias,
1217 4780 1272 4825 et
1318 4785 1424 4823 non
1470 4770 1748 4839 impertit,
1777 4767 2028 4838 inﬂigitur

455 4869 792 4938 supplicium,
821 4867 868 4920 ei
893 4865 984 4934 qui
1005 4872 1180 4934 potest
1201 4859 1698 4932 quomodocumque
1719 4858 2027 4927 admonere,

456 4969 512 5012 et
539 4958 639 5011 hoc
667 4973 772 5010 non
802 4957 927 5009 facit
955 4997 969 5018 ,
998 4953 1265 5025 quomodo
1296 4967 1400 5006 non
1443 4952 1732 5005 maximum
1770 4950 2034 5020 infligetnr

458 5046 770 5116 Stlppllcimlt
796 5047 820 5099 ‘l
864 5045 973 5100 Illic
999 5060 1192 5113 corpus
1222 5045 1454 5098 nutritur
1479 5083 1493 5106 ,
1527 5041 1612 5096 hic
1637 5043 1814 5096 anima
1868 5060 1880 5096 :
1926 5042 2034 5097 illic

456 5145 684 5193 mortem
718 5135 967 5203 prohibes
996 5135 1362 5204 temporalem,
1399 5133 1486 5188 hic
1506 5142 1788 5190 aeternam.

526 5231 581 5285 3.
615 5229 685 5280 At
721 5240 826 5279 non
857 5235 962 5291 est,
995 5226 1200 5296 inquit,
1234 5225 1365 5279 mihi
1393 5224 1605 5280 dicendi
1639 5224 1884 5280 facultas.
1927 5223 2034 5280 Sed

457 5317 667 5372 dicendi
696 5317 944 5371 facultate
989 5331 1093 5370 non
1135 5326 1220 5371 est
1257 5331 1392 5385 Opus
1417 5357 1431 5381 ,
1462 5332 1566 5370 non
1618 5315 1942 5386 eloquentia.
1975 5315 2034 5372 Si

458 5412 655 5465 videris
681 5410 908 5464 amicum
955 5417 1316 5473 scortantem.
1370 5409 1455 5464 dic
1483 5411 1574 5465 ei:
1618 5409 1725 5465 Res
1767 5419 1850 5466 est
1898 5411 2035 5466 mala

459 5517 616 5570 quam
654 5499 922 5564 admittis;
966 5513 1068 5554 non
1114 5509 1166 5555 te
1203 5499 1386 5570 pudet,
1439 5517 1549 5556 non
1596 5502 1912 5558 erubescis?
1954 5513 2038 5557 est

459 5593 601 5645 enim
632 5592 847 5646 malum.
886 5591 977 5646 Ille
1016 5591 1224 5657 nescit,
1253 5592 1497 5662 inquies,
1528 5593 1668 5664 quod
1699 5593 1768 5647 sit
1794 5593 2038 5647 malum?

461 5682 621 5733 Certe
650 5680 786 5745 scit,
820 5678 911 5733 scd
946 5678 1171 5733 trahitur
1201 5694 1229 5733 a
1257 5680 1567 5750 cupiditate.
1593 5680 1800 5752 Εενοῑί
1831 5698 2039 5750 quoque

463 5768 636 5822 sciunt
667 5782 816 5837 aquae
847 5767 1047 5841 frigidm
1089 5779 1268 5838 potum
1313 5785 1432 5826 esse
1465 5772 1660 5826 malum
1683 5813 1697 5840 ,
1727 5773 1820 5828 sed
1852 5783 2026 5829 tamen

2122 423 2279 486 egent
2307 415 2372 469 iis
2396 414 2487 485 qui
2517 414 2624 468 sint
2647 413 2966 482 prohibituri
3001 431 3012 465 :
3050 428 3169 467 nam
3195 412 3284 482 qui
3316 422 3526 467 tenetur
3555 413 3685 467 alie-

2121 507 2321 570 ctione,
2369 520 2473 558 non
2522 504 2700 557 statim
2733 503 2832 557 sibi
2887 502 2939 556 in
2971 502 3156 556 morbo
3199 503 3392 571 poterit
3422 503 3693 556 sufficere.

2124 594 2200 650 Te
2243 610 2370 664 ergo
2397 608 2527 648 sano
2555 609 2691 662 opus
2716 593 2780 646 ad
2812 593 2951 646 illius
2975 595 3303 646 curationem
3338 611 3350 644 :
3380 601 3433 646 et
3463 592 3506 646 si
3537 595 3698 647 verbo

2127 701 2230 738 non
2261 684 2414 738 fuerit
2442 698 2748 752 persuasus,
2779 683 3003 737 observa
3032 693 3246 737 euntem
3273 692 3326 737 et
3351 682 3521 736 retine
3545 726 3558 749 ,
3591 683 3697 737 fot-

2129 787 2266 831 tasse
2288 777 2489 846 pudore
2509 775 2793 828 afficietur.
2823 774 3049 844 thuid,
3080 774 3270 844 inquit,
3294 774 3467 842 juvat,
3503 774 3544 826 si
3577 790 3701 840 pro-

2129 880 2246 937 pter
2274 883 2358 922 me
2389 867 2487 921 hoc
2516 867 2687 930 faciat,
2725 877 2778 922 et
2799 868 2936 937 quod
2960 883 2988 920 a
3013 883 3097 922 me
3129 868 3285 921 fuerit
3311 868 3597 922 retentus?
3620 865 3700 922 Ne

2128 969 2373 1013 accurate
2403 958 2656 1011 scruteris
2709 977 2720 1010 :
2763 959 2976 1011 interim
3010 973 3349 1027 quocumque
3377 959 3536 1011 modo
3574 971 3696 1012 eum

2128 1050 2298 1105 abduc
2323 1065 2354 1103 a
2386 1050 2519 1102 mala
2545 1050 2795 1115 actione;
2826 1060 3097 1116 assuescat
3127 1066 3230 1103 non
3256 1051 3332 1104 ire
3349 1050 3410 1103 ad
3442 1051 3569 1102 illud
3601 1051 3699 1104 ba-

2130 1139 2408 1204 rathrum;
2439 1139 2552 1193 sive
2595 1154 2690 1207 per
2738 1148 2788 1193 te
2809 1181 2824 1204 ,
2875 1140 2986 1194 sive
3017 1140 3122 1193 alio
3153 1139 3312 1192 modo
3339 1139 3654 1194 cohibeatur
3682 1181 3696 1204 ,

2133 1230 2330 1284 lucrum
2376 1230 2497 1284 hinc
2532 1230 2652 1284 erit.
2700 1230 2829 1284 Cum
2878 1228 3018 1283 enim
3065 1229 3417 1284 assuefeceris
3442 1245 3562 1283 eum
3609 1230 3702 1282 illo

2131 1337 2234 1373 non
2265 1322 2373 1384 ire,
2421 1330 2547 1374 tunc
2572 1321 2771 1388 poteris
2804 1320 3016 1388 paulum
3047 1320 3401 1388 respirantetn
3426 1333 3703 1372 assumens

2128 1411 2321 1466 docere
2359 1410 2499 1480 quod
2542 1420 2758 1479 propter
2807 1411 2971 1464 Deum
3016 1421 3222 1479 oportet
3255 1411 3357 1465 hoc
3409 1410 3618 1474 facere,
3650 1419 3703 1465 et

2131 1518 2232 1556 non
2278 1513 2496 1570 propter
2545 1502 2844 1556 hominem.
2897 1502 2972 1556 Ne
3022 1502 3155 1556 velis
3187 1503 3491 1556 universum
3547 1503 3703 1556 simul

2130 1597 2394 1663 corrigere
2419 1611 2432 1659 ;
2467 1610 2569 1647 non
2597 1595 2738 1648 enim
2763 1593 2995 1662 poteris;
3025 1593 3117 1647 sed
3142 1593 3699 1663 sensimetpaulatim.

2129 1683 2183 1740 Si
2215 1686 2406 1740 videris
2432 1701 2553 1740 eum
2583 1695 2796 1740 euntem
2823 1685 2888 1739 ad
2921 1687 3373 1754 compotationem
3405 1695 3460 1740 et
3488 1686 3552 1738 ad
3577 1701 3705 1740 con-

2131 1777 2263 1831 vivia
2289 1778 2444 1848 plena
2487 1778 2745 1832 ebrietate
2769 1817 2783 1840 ,
2827 1777 2938 1830 illic
2978 1793 3190 1846 quoque
3223 1776 3308 1831 fac
3351 1777 3616 1845 idipsum;
3649 1789 3704 1832 et

2130 1884 2313 1922 rursus
2353 1883 2473 1922 eum
2520 1883 2668 1938 roga,
2707 1877 2764 1921 ut
2811 1867 2858 1922 si
2907 1867 3097 1921 viderit
3123 1869 3176 1921 in
3213 1875 3262 1922 te
3301 1868 3528 1937 aliquem
3555 1867 3706 1922 defe-

2129 1969 2270 2014 ctum
2304 1975 2364 2014 ac
2394 1961 2599 2025 vitium,
2649 1960 2741 2014 tibi
2771 1975 2926 2028 Opem
2971 1959 3106 2014 ferat
3144 1969 3198 2015 et
3246 1971 3298 2014 te
3325 1961 3574 2029 corrigat.
3616 1961 3706 2015 Sic

2130 2053 2269 2104 enim
2317 2051 2453 2104 etin
2499 2065 2558 2105 se
2594 2049 2729 2104 feret
2783 2050 3254 2118 reprehensionem
3280 2091 3295 2114 ,
3349 2066 3471 2106 cum
3515 2051 3708 2106 viderit

2131 2151 2181 2195 te
2227 2157 2439 2210 quoque
2477 2155 2612 2211 opus
2663 2141 2858 2196 habere
2906 2149 2963 2195 ut
3020 2141 3470 2210 reprehendaris,
3499 2150 3553 2196 et
3598 2158 3705 2196 non

2131 2239 2396 2300 tamquam
2441 2230 2617 2285 omnia
2657 2231 3008 2300 corrigentem
3035 2271 3050 2294 ,
3089 2247 3262 2301 neque
3304 2242 3570 2301 tamquam
3606 2231 3706 2286 do-

2129 2333 2370 2389 ctorem,
2416 2323 2508 2378 sed
2555 2331 2819 2392 tamquam
2880 2323 3107 2378 amicum
3171 2333 3224 2378 et
3271 2324 3487 2378 fratrem
3548 2339 3704 2394 opem

2130 2411 2287 2466 ferre.
2344 2413 2434 2466 Dic
2476 2413 2526 2467 ei
2575 2430 2588 2466 :
2633 2413 2744 2482 Ego
2787 2413 2878 2466 tibi
2936 2413 3106 2482 profui
3172 2413 3466 2468 admonens
3520 2429 3706 2468 eorum

2129 2518 2248 2572 qua:
2301 2512 2425 2556 sunt
2490 2503 2676 2568 utilia;
2729 2513 2783 2558 et
2840 2515 2892 2558 tu
2941 2504 3085 2575 quod
3132 2504 3184 2558 in
3236 2521 3320 2560 me
3371 2505 3568 2560 videris
3615 2506 3707 2560 deo

2134 2595 2316 2650 ficiens
2353 2604 2407 2649 et
2441 2595 2691 2649 vitiosum
2717 2609 2906 2649 coerce
2941 2605 2995 2650 et
3032 2596 3248 2666 corrige
3280 2615 3293 2651 :
3325 2597 3367 2650 si
3395 2597 3707 2651 iracundum

2131 2684 2346 2751 videris,
2373 2685 2417 2738 si
2447 2701 2686 2753 avarum,
2718 2687 2969 2755 reprime,
3001 2687 3102 2756 liga
3147 2701 3270 2754 cum
3317 2687 3707 2742 admonitione.

2130 2774 2244 2829 lloc
2273 2784 2354 2829 est
2377 2775 2605 2829 amicitia
2639 2776 2751 2830 :sic
2779 2775 2944 2832 frater
2969 2793 2997 2831 a
3029 2777 3194 2831 fratre
3209 2777 3446 2845 adjutus,
3482 2782 3542 2832 lit
3569 2787 3708 2832 tam-

2137 2878 2294 2932 quam
2321 2863 2446 2917 urbs
2477 2862 2676 2916 munila
2709 2862 2900 2933 (Prov.
2940 2864 3025 2919 18.
3059 2864 3183 2934 i9).
3215 2865 3328 2920 Non
3366 2869 3508 2922 enim
3564 2885 3707 2924 com-

2137 2953 2295 3007 edere
2321 2962 2372 3007 et
2399 2953 2577 3008 bibere
2600 2952 2795 3006 faciunt
2813 2953 3133 3020 amicitiam;
3161 2956 3319 3010 talem
3339 2959 3478 3011 enim
3508 2959 3708 3015 habent

2137 3045 2296 3099 etiam
2320 3045 2555 3099 latrones
2580 3055 2631 3100 et
2658 3045 2869 3110 sicarii;
2895 3045 2988 3100 sed
3015 3046 3060 3100 si
3091 3061 3276 3102 sumus
3301 3050 3478 3116 amici,
3511 3051 3555 3105 si
3581 3066 3706 3107 vere

2137 3137 2276 3188 alter
2315 3137 2534 3190 alterius
2561 3151 2740 3191 curam
2795 3138 3029 3207 gerimus
3056 3179 3071 3202 ,
3125 3138 3190 3193 ad
3238 3139 3351 3194 haec
3391 3141 3523 3195 alter
3551 3143 3706 3198 alteri

2137 3226 2476 3282 conferamus
2503 3244 2517 3279 :
2546 3227 2660 3282 haec
2677 3243 2776 3283 nos
2799 3227 3067 3283 adducunt
3088 3230 3154 3283 ad
3177 3231 3462 3285 amicitiam
3489 3233 3671 3287 utilem
3696 3252 3710 3297 ;

2137 3315 2252 3370 haec
2302 3317 2592 3387 prohibent
2631 3333 2699 3372 ne
2746 3318 3003 3372 ducamur
3045 3319 3111 3374 ad
3152 3321 3472 3390 gehennam.
3523 3322 3707 3393 Neque

2135 3420 2266 3476 ergo
2295 3407 2338 3461 is
2362 3408 2452 3476 qui
2482 3409 2723 3477 arguitur
2757 3424 2898 3479 aegre
2925 3409 3095 3476 ferat;
3144 3425 3327 3467 sumus
3364 3413 3510 3466 etiim
3538 3414 3712 3468 homi-

2135 3511 2230 3551 nes
2251 3538 2264 3558 ,
2296 3507 2349 3551 et
2378 3507 2502 3551 sunt
2548 3499 2599 3551 in
2646 3499 2800 3554 nobis
2863 3501 2987 3554 vitia
3018 3511 3071 3556 et
3108 3502 3345 3558 defectus
3374 3523 3388 3558 ε
3421 3520 3590 3574 neque
3617 3506 3707 3574 qui

2134 3587 2305 3656 arguit
2332 3587 2431 3642 hoc
2461 3587 2614 3642 faciat
2663 3600 2930 3660 tamquam
2973 3593 3152 3647 ridens
3182 3604 3234 3648 et
3264 3595 3563 3659 traducens,
3612 3598 3709 3651 sed

2136 3679 2378 3748 privatim
2408 3696 2529 3734 eum
2558 3683 2780 3738 lenitate
2805 3694 2858 3738 et
2883 3687 3296 3742 mansuetudine
3329 3704 3342 3740 :
3374 3689 3536 3743 multa
3563 3691 3706 3744 enim

2137 3771 2350 3825 lenitate
2388 3786 2523 3842 opus
2579 3774 2739 3829 habet
2788 3776 2878 3845 qui
2929 3778 3136 3846 arguit,
3181 3765 3241 3832 ut
3271 3782 3340 3832 ita
3393 3782 3713 3849 persuadeat

2136 3863 2276 3918 ferre
2328 3863 2663 3920 incisionem.
2714 3865 2828 3921 Non
2886 3868 3034 3924 vides
3081 3885 3202 3924 cum
3249 3884 3442 3940 quanta
3494 3875 3711 3928 lenitate

2135 3953 2326 4008 medici
2347 3954 2601 4010 adhibent
2625 3959 2956 4013 curationem
2982 3961 3194 4030 quando
3219 3973 3378 4016 urunt
3405 3973 3460 4018 et
3482 3966 3710 4018 secant?

2136 4043 2298 4098 Multo
2349 4046 2517 4115 magis
2559 4047 2662 4100 hoc
2704 4049 2878 4105 facere
2925 4060 3142 4120 oportet
3175 4068 3268 4108 eos
3298 4056 3385 4123 qui
3418 4067 3641 4125 arguunt
3694 4076 3708 4110 :

2137 4149 2257 4187 nam
2286 4144 2339 4189 et
2381 4137 2503 4205 igne
2544 4147 2598 4191 et
2628 4139 2772 4194 ferro
2800 4140 3170 4198 vehementius
3214 4146 3559 4214 reprehensio
3591 4149 3715 4203 facit

2135 4226 2350 4280 exsilire
2383 4247 2397 4280 :
2430 4227 2654 4296 ideoque
2676 4231 2868 4284 medici
2897 4247 3142 4302 magnum
3173 4245 3373 4304 ponunt
3399 4237 3627 4292 studium
3653 4249 3713 4292 nt

2138 4317 2327 4371 leniter
2353 4317 2528 4374 ferant
2559 4321 2868 4378 incisionem
2892 4365 2906 4390 ,
2939 4333 2993 4379 et
3016 4341 3175 4395 quam
3207 4326 3567 4395 placidissime
3598 4331 3712 4385 fieri

2138 4415 2314 4476 potest
2339 4425 2455 4463 eam
2483 4410 2776 4478 adhibent,
2801 4422 2856 4468 et
2880 4429 3064 4484 parum
3106 4417 3357 4474 cedentes
3381 4461 3395 4481 ,
3439 4429 3492 4474 et
3517 4421 3712 4476 deinde

2135 4501 2491 4557 concedentes
2534 4512 2590 4557 ut
2637 4507 2922 4574 reSpirent.
2963 4506 3052 4563 Sic
3085 4517 3208 4563 sunt
3251 4511 3410 4564 etiam
3458 4511 3715 4569 faciendae

2137 4593 2606 4662 reprehensiones,
2637 4605 2692 4650 ut
2722 4599 2810 4666 qui
2839 4610 3134 4669 arguuntur
3168 4617 3273 4656 non
3308 4603 3564 4658 resiliant.
3599 4605 3712 4660 Etsi

2135 4700 2262 4755 ergo
2291 4697 2536 4755 oporteat
2564 4691 2900 4746 contumelia
2925 4691 3084 4755 affici,
3116 4695 3212 4747 etsi
3242 4695 3420 4764 plagas
3446 4699 3709 4765 accipere,

2136 4791 2240 4829 non
2271 4792 2601 4833 recusemus.
2633 4779 2765 4833 Nam
2795 4789 2848 4835 et
2875 4780 2948 4834 illi
2993 4783 3082 4851 qui
3122 4795 3406 4851 secantur,
3453 4787 3632 4842 valide
3657 4798 3714 4842 et

2136 4869 2421 4938 plurimum
2456 4869 2815 4925 vociferantur
2843 4872 3101 4927 adversus
3137 4890 3228 4928 eos
3253 4876 3340 4945 qui
3368 4888 3546 4931 secant
3572 4895 3585 4939 ;
3621 4879 3714 4933 sed

2136 4959 2210 5013 illi
2255 4960 2386 5013 nihil
2420 4960 2608 5015 horum
2642 4971 2887 5029 spectant
2919 5003 2934 5027 ,
2971 4964 3067 5018 sed
3095 4981 3277 5020 eorum
3307 4968 3472 5021 solam
3500 4969 3590 5038 qui
3635 4969 3717 5022 la.

2135 5049 2326 5104 borant
2353 5051 2598 5106 salutem.
2629 5051 2703 5105 lta
2733 5051 2819 5107 hic
2844 5069 2986 5124 quoq
3001 5071 3066 5109 ue
3095 5068 3306 5125 oportet
3334 5061 3510 5113 omnia
3544 5059 3717 5115 facere

2133 5140 2337 5194 utiliter
2355 5140 2420 5193 ad
2453 5140 2944 5209 reprehensionem,
2979 5147 3156 5200 omnia
3200 5146 3359 5212 ferre,
3401 5150 3715 5218 aspicientes

2135 5231 2202 5285 ad
2227 5229 2524 5284 mercedem
2556 5233 2903 5300 prOpOSilam.
2929 5235 3082 5298 Alter,
3115 5237 3302 5307 inquit,
3326 5241 3534 5295 alterius
3562 5257 3718 5295 onera

2143 5331 2338 5393 portate
2359 5364 2373 5385 ,
2405 5332 2451 5375 et
2482 5324 2552 5377 ita
2578 5324 2781 5393 implete
2805 5326 2963 5396 legem
2991 5325 3182 5384 Chriin
3222 5332 3240 5401 (
3264 5329 3379 5389 Gal.
3417 5337 3470 5391 6.
3500 5339 3536 5392 2
3558 5341 3598 5409 ).
3626 5339 3718 5396 Sic

2140 5429 2268 5483 ergo
2307 5423 2362 5469 et
2392 5415 2878 5484 reprehendentes,
2906 5427 2958 5472 et
2998 5421 3132 5475 alter
3171 5424 3400 5480 alterum
3443 5427 3713 5497 ferentes,

2141 5521 2422 5576 possumus
2450 5508 2670 5578 implere
2695 5509 3102 5568 aedificationem
3117 5513 3313 5571 Christi
3347 5535 3360 5571 :
3384 5528 3438 5574 et
3461 5520 3539 5575 sic
3563 5521 3716 5577 nobis

2139 5597 2310 5652 levem
2339 5597 2542 5654 facietis
2584 5599 2820 5656 laborem
2843 5643 2858 5667 ,
2889 5603 3042 5659 nobis
3068 5620 3222 5674 opem
3249 5608 3484 5665 ferentes
3513 5612 3566 5666 in
3595 5628 3712 5666 om-

2139 5688 2314 5754 nibus,
2338 5701 2390 5744 et
2419 5704 2632 5744 manum
2661 5693 2978 5770 praebentes,
3011 5694 3184 5750 eﬂ'ecti
3227 5701 3514 5770 participes
3543 5712 3594 5756 et
3620 5717 3710 5755 so—

2124 5790 2190 5845 cii
2219 5829 2231 5855 ,
2261 5797 2314 5843 et
2341 5788 2473 5844 alter
2495 5784 2711 5841 alterius
2727 5786 2910 5843 salutis
2940 5795 2993 5843 et
3021 5801 3130 5844 suae
3160 5788 3539 5857 unusquisque.
3570 5786 3702 5842 Sus-
