4080 6198
361 246 463 302 3H

371 370 514 435 τους
537 367 611 422 ἐν
630 368 749 436 τοῖς
772 370 977 439 λόγοις
996 371 1247 438 τούτοις.
1276 372 1446 427 Τοῦτο
1474 373 1566 426 καὶ
1593 373 1724 444 ὑμῖν
1752 388 1943 444 παραι-

344 450 567 530 ”νοῦμεν
594 460 691 515 νῦν
716 464 899 532 ἡμεῖς.
935 461 1163 516 Πλείονα
1191 463 1301 535 γάρ
1325 464 1500 534 ήμῶν,
1530 466 1627 519 ἐάν
1654 464 1943 536 βούλησθε,

360 553 444 612 είς
471 551 760 618 ἀλλήλους,
799 550 1176 621 κατορθώσετε
1206 568 1221 582 “
1254 556 1349 606 καὶ
1400 554 1511 626 γὰρ
1561 553 1784 607 πλείονα
1816 553 1947 606 σύν-

360 654 489 690 ιστε
555 637 752 708 χρόνον
776 637 1049 708 ἀλλήλοις,
1076 640 1171 692 καὶ
1196 639 1263 693 τά
1297 640 1543 712 ἀλλήλων
1567 643 1769 713 μᾶλλον
1791 643 1946 714 ήμῶν

362 726 503 792 ῖστε,
531 728 627 780 καὶ
658 727 727 781 τά
752 728 1002 799 ἀλλήλων
1026 728 1385 801 ἐλαττώματα
1412 732 1515 786 οὐκ
1551 734 1818 802 ἀγνοεῖτε,
1853 735 1947 787 καὶ

359 821 590 873 πλείονα
618 820 712 873 καὶ
743 820 1059 892 παρρησίαν
1093 823 1188 875 καὶ
1211 822 1432 893 ἀγάπην
1463 823 1612 893 ἔχετε
1670 824 1767 878 καὶ
1813 841 1947 877 συν-

362 908 559 978 ήθειαν
580 922 595 936 ⁸
628 908 688 960 οὕ
721 908 895 978 μικρά
922 909 979 961 δὲ
1004 908 1175 963 ταῦτα
1198 912 1275 974 είς
1297 911 1670 975 διδασκαλίαν,
1698 911 1812 965 ἀλλ’
1838 913 1949 965 εῖσο

362 996 474 1048 οδοι
504 995 744 1064 μεγάλαι
777 997 874 1050 καὶ
922 997 1201 1071 εὕκαιρίαι
1232 1016 1245 1028 ·
1287 1000 1381 1053 καὶ
1415 1000 1616 1068 μᾶλλον
1640 1002 1797 1071 ήμῶν
1826 1003 1948 1055 ἐπι-

366 1080 571 1150 πλῆξαι
608 1084 699 1136 καὶ
732 1085 1118 1156 παρακαλέσαι
1155 1087 1499 1156 δυνήσεσθε.,
1516 1091 1625 1143 Καὶ
1671 1090 1733 1144 ού
1784 1091 1945 1145 τοῦτο

366 1172 552 1241 μόνον,
590 1173 708 1227 ἀλλ’
737 1174 820 1227 ὃτι
866 1174 977 1244 ἐγὼ
1011 1178 1110 1247 μέν
1139 1173 1221 1241 εἷς
1266 1180 1404 1249 είμι,
1448 1180 1606 1251 ὑμεῖς
1628 1181 1684 1235 δὲ
1739 1182 1949 1247 πολλοὶ,

364 1265 462 1318 καὶ
481 1263 784 1335 δυνήσεσθε
826 1266 1031 1329 πάντες
1076 1268 1191 1322 ὅσοι
1246 1270 1393 1338 ἐστέ,
1449 1267 1588 1326 εἶναι
1617 1272 1946 1329 διδάσκαλοι.

362 1356 481 1418 Διὸ,
504 1357 835 1427 παρακαλῶ,
863 1359 939 1430 μὴ
970 1360 1223 1430 ἀμελεῖτε
1245 1363 1339 1416 τοῦ
1361 1364 1704 1435 χαρίσματος
1734 1365 1949 1419 τούτοιιθ

362 1446 602 1510 ἕκαστος
630 1450 866 1516 γυναῖκα
895 1448 1029 1520 ἔχει,
1062 1451 1213 1520 φίλον
1245 1452 1380 1523 ἔχει,
1408 1454 1630 1525 οίκέτην
1664 1456 1799 1528 ἔχει,
1836 1458 1951 1523 γείο

363 1555 497 1591 τονα
526 1538 641 1610 εχει
670 1556 686 1572 ⁸
732 1541 909 1613 τούτῳ
938 1543 1333 1614 ἐπιπληττέτω,
1382 1546 1557 1617 τούτῳ
1589 1550 1947 1621 παραινείτω.

366 1629 495 1694 Πῶς
538 1630 648 1702 γάρ
699 1632 801 1686 οὐκ
838 1633 1061 1701 ἄτοπον,
1124 1636 1266 1706 ὑπὲρ
1325 1637 1424 1709 μὲν
1464 1639 1671 1710 τροφῆς
1704 1640 1954 1694 συσσίτια

366 1724 546 1775 ποιεῖν
572 1723 667 1775 καὶ
700 1725 1000 1794 συμπόσια,
1033 1728 1129 1780 καὶ
1162 1727 1376 1800 ἡμέραν
1405 1728 1552 1800 ἔχειν
1578 1735 1784 1803 τακτὴν
1812 1732 1951 1787 ὥστε

369 1815 802 1884 ωγκροτείσθαι
831 1813 1116 1886 ἀλλήλους,
1150 1817 1245 1870 καὶ
1274 1819 1336 1872 :9
1361 1821 1579 1891 ἑκάστῳ
1610 1822 1801 1877 λεῖπον
1832 1824 1953 1879 καθ’

363 1902 565 1957 ἐαυτὸν
594 1904 709 1958 ὄντι
736 1905 1183 1977 ἀναπληροῦσθαι
1212 1909 1300 1963 διά
1343 1912 1440 1980 τῆς
1480 1913 1787 1977 κοινωνίας,
1818 1908 1950 1981 οἷον,

366 1998 482 2050 είτε
504 1998 588 2071 είς
636 1999 878 2068 ἐκφοράν
920 2000 1141 2054 ἀπιέναι
1184 2001 1316 2067 δέοι,
1346 2003 1456 2057 είτε
1485 2006 1564 2068 είς
1591 2004 1809 2077 ἄριστα,
1843 2008 1952 2060 είτε

373 2090 698 2160 συμπρᾶξαι
726 2091 785 2145 ἐν
810 2109 920 2146 τινι
952 2090 1100 2166 [282]
1129 2092 1206 2164 τῷ
1246 2093 1476 2166 πλησίον
1507 2113 1520 2129 ·
1556 2100 1637 2161 είς
1662 2098 1719 2152 δὲ
1753 2098 1955 2168 ἀρετῆς

366 2180 724 2235 διδασκαλίαν
760 2183 836 2254 μή
876 2182 1033 2237 τοῦτο
1061 2186 1276 2248 ποιεῖνς
1309 2187 1438 2250 Ναὶ,
1483 2188 1810 2258 παρακαλῶ,
1846 2206 1954 2258 μη·

370 2270 490 2335 δεὶς
521 2272 801 2343 ἀμελείτω
826 2288 841 2303 ⁸
882 2273 1074 2344 μισθὸν
1099 2274 1210 2347 γάρ
1240 2276 1453 2346 δέχεται
1488 2278 1641 2350 παρὰ
1685 2277 1820 2333 Θεοῦ
1853 2296 1954 2331 που

377 2363 500 2419 λύν.
522 2364 634 2418 Καὶ
671 2365 757 2419 ῖνα
790 2365 991 2436 μάθῃς,
1021 2366 1049 2420 ό
1075 2366 1145 2421 τά
1174 2368 1337 2421 πέντε
1364 2369 1604 2423 τάλαντα
1658 2371 1955 2440 ἐμπιστευ-

370 2455 509 2519 θεὶς,
542 2456 692 2510 ἐστὶν
752 2457 782 2510 ὀ
823 2456 1143 2523 διδάσκαλος
1171 2473 1186 2488 ⁸
1212 2460 1241 2513 ό
1268 2459 1325 2512 δέ
1372 2459 1431 2513 :9
1466 2459 1545 2521 ἐν,
1598 2461 1627 2514 ό
1671 2462 1950 2535 μαθητής.

383 2546 513 2600 Ἐἀν
538 2547 597 2601 δέ
624 2548 755 2620 ετπῃ
776 2549 804 2601 ό
833 2548 1384 2622 μαθητὴς,Μαθητής
1407 2554 1523 2622 είμι
1550 2551 1681 2622 ἐγὼ,
1713 2556 1816 2608 ούκ
1843 2554 1951 2625 ἔχω

369 2638 640 2698 κίνδυνον.
678 2640 774 2693 καὶ
801 2639 861 2693 ὃν
893 2640 1055 2695 ἔλαϐε
1080 2643 1232 2714 παρά
1262 2644 1353 2698 τοῦ
1383 2643 1520 2698 Θεοῦ
1552 2644 1733 2714 λόγον,
1763 2650 1955 2702 τοῦτον

371 2730 467 2783 τὸν
505 2730 685 2784 κοινὸν
718 2732 813 2785 καὶ
839 2732 996 2802 ψιλὸν
1019 2735 1368 2809 κατακρύψῃ.
1394 2738 1487 2791 και]⁵
1514 2738 1589 2807 μὴ
1618 2737 1953 2810 παραινέσῃ,

376 2820 460 2892 μὴ
487 2823 953 2895 παρρησιάσηται,
982 2824 1056 2895 μὴ
1085 2824 1304 2899 ἐλέγξῃ,
1329 2827 1406 2897 μὴ
1428 2828 1749 2900 νουθετήσῃ,
1775 2831 1824 2882 εί
1856 2829 1953 2884 δύ-

376 2927 563 2974 ναται,
598 2912 734 2967 ἀλλά
763 2913 1094 2988 κατακρύψῃ
1146 2918 1205 2970 ἐν
1236 2919 1301 2988 τῇ
1347 2919 1458 2988 γῇ·
1515 2918 1585 2987 γῆ
1621 2919 1729 2989 γάρ
1785 2918 1956 2983 ὅντως

371 3004 497 3056 ἐστὶ
525 3004 619 3058 καὶ
645 3005 840 3070 σποδὸς
872 3006 1069 3078 καρδία
1096 3008 1155 3060 1:9
1183 3008 1430 3078 χάρισμα
1472 3008 1564 3062 τοῦ
1589 3008 1724 3063 Θεοῦ
1784 3026 1955 3064 κατα-

374 3093 700 3167 κρύπτουσα
725 3111 740 3127 ·
772 3097 839 3151 ἂν
860 3098 1041 3151 τοίνυν
1071 3098 1399 3171 κατακρύψῃ
1428 3101 1459 3170 ἢ
1493 3099 1563 3152 δι’
1591 3101 1775 3166 δκνον,
1806 3100 1839 3172 ἤ
1866 3102 1955 3156 διά

372 3188 665 3259 πονηρίαν,
681 3189 744 3243 οὕ
770 3190 1129 3259 προστήσεται
1146 3190 1312 3243 αὑτοῦ
1339 3191 1399 3245 τὸ
1421 3193 1613 3253 είπεῖν,
1639 3193 1722 3247 ὅτι
1743 3192 1839 3246 Ἕν
1859 3194 1956 3247 τά-

372 3278 575 3334 λαντον
590 3275 757 3351 εῐχον.
779 3281 875 3334 Ἐν
888 3281 1147 3344 τάλαντον
1171 3276 1315 3353 εῖχες
1330 3298 1343 3311 ·
1366 3284 1472 3337 ἔδει
1504 3301 1560 3337 σε
1583 3284 1684 3339 κᾶν
1706 3284 1764 3338 ἐν
1788 3303 1956 3359 προσ-

373 3374 623 3438 ενεγκεῖν
654 3372 747 3425 καὶ
760 3372 1114 3426 διπλασιάσαι
1136 3373 1198 3427 τὸ
1221 3375 1501 3430 τάλαντοψ
1517 3380 1564 3431 εἰ
1582 3380 1957 3451 προσήνεγκες

373 3463 458 3524 ἐν,
507 3463 609 3517 οὐκ
643 3463 711 3517 ἀν
748 3464 1066 3535 ἐνεκλήθης.
1118 3466 1253 3529 Ούδέ
1296 3466 1404 3536 γάρ
1429 3468 1506 3539 τῷ
1532 3469 1599 3523 τά
1649 3470 1744 3524 δύο
1787 3490 1958 3543 προσ-

374 3555 659 3623 ενεγκόντι
686 3552 828 3618 εἶπε,
864 3559 962 3611 Διά
995 3556 1049 3610 τί
1088 3556 1163 3629 μὴ
1191 3559 1349 3613 πέντε
1382 3564 1799 3632 προσήνεγκας;
1822 3564 1958 3619 ἀλλά

375 3646 490 3698 τῶν
515 3645 695 3700 αὐτῶν
714 3647 878 3701 αὐτὸν
896 3647 1097 3719 ήξίωσε
1123 3649 1199 3720 τῷ
1223 3651 1291 3704 τὰ
1322 3653 1483 3706 πέντε
1512 3656 1955 3725 προσενεγκόντι.

375 3740 447 3792 Τί
463 3739 685 3810 δήπυτες
710 3739 834 3793 Ὅτι
857 3740 980 3795 ὅσον
1008 3735 1152 3811 εἶχεν
1173 3741 1471 3814 εἰργάσατο
1496 3760 1508 3774 ·
1536 3745 1633 3799 καὶ
1649 3746 1749 3800 οὐκ
1771 3748 1959 3819 ἐπειδὴ

374 3830 641 3885 ἐλάττονα
653 3830 749 3884 τοῦ
766 3830 834 3884 τά
858 3830 1019 3884 πέντε
1036 3832 1471 3904 ἐγχειρισθέντος
1498 3835 1680 3901 ἐλαϐε,
1698 3838 1786 3893 διά
1799 3838 1960 3895 τοῦτο

374 3922 790 3995 ἐρρᾳθύμησεν,
814 3924 936 3977 οὐδὲ
959 3928 1025 3996 τῇ
1040 3924 1313 3996 ὀλιγότητι
1336 3929 1418 3989 είς
1439 3928 1641 3999 ἀργίαν
1661 3930 1955 4001 ἐχρήσατο.

376 4015 518 4070 ωδε
548 4031 608 4068 σε
632 4015 800 4087 ἐχρῆν
830 4016 964 4088 1:99;
991 4016 1084 4070 τὸν
1104 4016 1174 4070 τά
1212 4017 1307 4072 δύο
1326 4020 1459 4091 ὀρᾷν
1476 4036 1491 4051 ⁸
1518 4020 1720 4091 μᾶλλον
1742 4021 1800 4075 δέ
1822 4022 1960 4094 πρὸς

377 4102 589 4157 ἐκεῖνον
606 4100 713 4155 ἔδει
742 4102 893 4168 ίδεῖν,
920 4104 1017 4158 καὶ
1050 4103 1241 4177 ὥσπερ
1264 4106 1473 4171 ἐκεῖνος
1511 4109 1822 4180 ἐμιμήσατο
1865 4112 1959 4166 τδν

374 4189 449 4244 τά
473 4190 659 4256 πέντε,
689 4190 783 4244 δύο
808 4191 968 4261 ἔχων,
990 4191 1134 4247 οὕτω
1153 4194 1247 4248 καὶ
1276 4195 1335 4247 σέ
1361 4192 1601 4265 ζηλῶσαι
1630 4197 1741 4252 ἐδει
1770 4200 1863 4255 τδν
1888 4202 1959 4255 τὰ

382 4279 481 4333 δύο
503 4280 719 4353 ἔχοντα.
756 4283 818 4337 Εί
843 4282 952 4356 γὰρ
984 4284 1063 4356 τῷ
1078 4287 1335 4359 χρήματα
1378 4287 1578 4359 ἔχοντι,
1608 4292 1703 4346 καὶ
1741 4292 1818 4366 μὴ
1859 4311 1959 4365 με-

375 4373 670 4437 ταδιδόντι,
712 4374 937 4439 κόλασις
966 4378 1144 4431 κεῖται
1166 4393 1179 4406 ’
1215 4377 1293 4449 τῷ
1319 4379 1604 4453 δυναμένῳ
1628 4386 1957 4456 παραινέσαι

374 4466 762 4537 ὁπωσδήποτε,
792 4467 887 4520 καὶ
913 4468 988 4538 μὴ
1010 4468 1171 4523 τοῦτο
1196 4470 1458 4537 ποιοῦντι,
1492 4472 1608 4538 πῶς
1628 4474 1689 4528 οὕ
1723 4476 1955 4552 μεγίστη

377 4557 607 4621 κόλασις
630 4557 785 4611 ἐσται
810 4574 825 4624 ;
856 4559 1004 4613 Ἐκεῖ
1032 4560 1192 4632 σῶμα
1211 4561 1492 4633 τρέφεται,
1520 4564 1753 4621 ἐνταῦθα
1769 4568 1915 4641 ψυχή
1939 4586 1956 4601 -

376 4651 504 4703 ἐκεῖ
531 4648 762 4704 θάνατον
788 4648 1020 4715 κωλύεις
1066 4652 1161 4707 τὸν
1196 4654 1556 4727 πρόσκαιρον,
1583 4658 1817 4713 ἐνταῦθα
1866 4661 1958 4716 τὸν

377 4759 413 4794 α
423 4739 625 4795 ίὼνιον.

454 4920 527 4988 γ’.
556 4919 695 4973 Ἀλλ’
731 4919 835 4973 οὐκ
848 4919 959 4990 ἔχω
981 4920 1164 4990 λόγον,
1194 4922 1381 4992 φησίν.
1425 4925 1565 4980 Ἀλλ’
1595 4928 1657 4981 ού
1680 4930 1841 5001 χρεία
1873 4932 1959 4987 λό-

382 5027 510 5075 γου,
546 5010 670 5064 οὐδέ
702 5010 1056 5079 εὐγλωττίας.
1100 5012 1229 5066 Ἐάν
1265 5014 1381 5087 ἴδῃς
1401 5017 1494 5069 τὸν
1522 5017 1676 5087 φίλον
1726 5022 1959 5094 πορνεύ-

376 5121 529 5168 οντα,
562 5103 686 5158 εἰπὲ
722 5103 859 5175 πρὸς
892 5105 1056 5159 αὐτόν
1079 5121 1091 5133 ·
1115 5106 1357 5177 Πονηρδν
1387 5109 1665 5180 πρᾶγμαδ
1690 5113 1955 5185 μετέρχῃ,

377 5193 484 5247 οὐκ
514 5192 771 5265 αίσχύνῃ,
810 5195 912 5248 οὐκ
940 5194 1240 5267 ἐρυθριᾷςς
1274 5198 1443 5252 κακὸν
1473 5199 1633 5255 τοῦτό
1657 5204 1825 5259 ἐστιν.
1853 5206 1959 5258 Αύ-

376 5286 474 5350 19;
504 5287 615 5359 γάρ
640 5287 743 5341 οὕκ
776 5281 907 5350 οῐδε,
936 5288 1127 5357 φησιν,
1154 5290 1236 5342 ὃτι
1259 5291 1429 5345 κακόν
1452 5310 1469 5359 ;
1493 5292 1624 5357 Ναί,
1655 5289 1819 5361 οἶδεν,
1844 5297 1960 5352 ἀλλ’

379 5375 489 5431 ὑπὸ
507 5378 610 5448 τῆς
634 5377 934 5448 ἐπιθυμίας
958 5378 1197 5433 ἕλκεται.
1230 5381 1340 5434 Καὶ
1372 5384 1419 5435 οἱ
1450 5383 1734 5449 νοσοῦντες
1758 5388 1955 5456 ῖσασιν,

376 5470 464 5523 ὅτι
522 5469 555 5539 ἡ
612 5467 962 5540 ψυχροποσία
1001 5468 1189 5531 κακὸν,
1229 5469 1343 5523 ἀλλ’
1385 5471 1535 5542 ὅμως
1590 5473 1802 5531 δέονται
1849 5479 1959 5535 τῶν

378 5557 737 5614 κωλυσόντων
766 5556 921 5631 [285]
945 5575 959 5588 ·
993 5559 1023 5612 ὁ
1045 5557 1155 5631 γὰρ
1181 5560 1240 5613 ἐν
1257 5559 1336 5632 τῷ
1360 5561 1521 5616 πάθει
1542 5562 1637 5630 ὢν,
1661 5567 1721 5619 ού
1752 5571 1962 5641 ταχέως

383 5645 564 5719 ἐαυτῷ
591 5646 831 5719 ἀρκέσαι
853 5645 1150 5718 δυνήσεται
1179 5650 1238 5704 ἐν
1261 5652 1328 5721 τῇ
1354 5650 1517 5723 νόσῳ.
1548 5656 1645 5709 Δεῖ
1660 5656 1845 5714 τοίνυν
1862 5677 1961 5715 σοι)

1138 253 1207 309 IN
1245 253 1468 313 EPIST.
1495 254 1589 310 AD
1623 250 1986 311 ΠΕΒΒᾹΞΟΒ.
2019 249 2175 307 CAP.
2219 248 2332 307 XII.
2366 247 2598 304 HOMIL.
2643 244 2807 303 XXX.

3526 244 3635 299 2ίέ

2056 366 2152 421 τοῦ
2180 365 2521 435 ὑγιαίνοντος
2549 363 2691 435 πρὸς
2719 362 2819 432 τὴν
2846 359 3057 422 ἐκείνου
3088 360 3332 431 ίατρείαν
3356 374 3368 389 ο
3416 357 3519 413 κάν
3557 362 3636 431 μή

2065 458 2264 529 πεισθῇ
2289 456 2366 527 τῷ
2405 459 2635 529 ῥήματι,
2673 454 3065 524 παρατήρησον
3095 452 3324 506 ἀπιόντα
3348 452 3440 505 καὶ
3463 447 3636 506 κάτα-

2053 568 2169 620 σχε,
2206 550 2338 613 ἴσως
2368 548 2801 619 ἐντραπήσεται.
2832 546 2940 599 Καὶ
2964 544 3039 609 τί,
3063 545 3248 614 φησὶν,
3266 542 3480 610 δφελος,
3506 545 3635 597 ὅταν

2048 640 2117 694 δι’
2146 638 2248 709 ἐμὲ
2279 637 2438 691 τοῦτο
2464 639 2616 707 ποιῇ,
2654 636 2749 688 καὶ
2781 634 2873 687 διὰ
2908 634 2971 686 τὸ
3012 631 3455 702 κατασχεσθῆναι
3500 630 3635 700 παρ’

2051 730 2075 782 ἐ
2086 728 2218 799 μοῦ;
2246 728 2338 798 Μὴ
2369 723 2730 798 ἀκριϐολογοῦ
2752 740 2766 754 ·
2796 722 2932 785 τέως
2956 721 3256 793 οίῳδήποτε
3278 719 3467 790 τρόπῳ
3497 719 3636 772 ἀπό-

2049 837 2248 890 στησον
2281 818 2445 872 αὐτὸν
2487 818 2585 888 τῆς
2625 815 2873 885 πονηρᾶς
2908 812 3163 885 πράξεως
3187 826 3202 843 ’
3241 812 3514 882 ἐθισθήτω
3552 812 3627 880 μὴ

2047 909 2268 964 ἀπιέναι
2295 910 2376 972 είς
2405 909 2584 961 ἐκεῖνο
2609 906 2669 959 :9
2701 904 2980 976 βάραθρον
3001 920 3014 932 ·
3055 902 3166 955 εἴτε
3188 902 3278 956 διά
3311 902 3391 966 σέ,
3421 904 3531 954 εἴτε
3560 897 3611 953 δι

2048 999 2333 1070 ὁτιδήποτε
2379 997 2621 1069 κωλυθῇ,
2668 996 2861 1065 κέρδος
2900 994 3052 1047 ἐσται
3086 994 3150 1046 ἐκ
3203 992 3415 1045 τούτου.
3447 992 3621 1044 Ὅταν

2048 1092 2157 1162 γὰρ
2200 1091 2388 1165 ἐθίσῃς
2431 1089 2593 1143 αὑτὸν
2631 1088 2707 1159 μὴ
2743 1086 2985 1146 ἀπιέναι,
3027 1084 3147 1138 τότε
3178 1084 3381 1155 δυνήσῃ
3426 1080 3620 1153 μικρὸν

2049 1182 2465 1236 ἀναπνεύσαντα
2499 1179 2703 1245 λαϐὼν,
2734 1179 2963 1243 διδάξαι,
3005 1178 3086 1230 ὅτι
3122 1176 3227 1247 χρὴ
3254 1175 3343 1229 διά
3370 1175 3460 1227 τὸν
3489 1174 3619 1226 Θεὸν

2048 1274 2211 1329 τοῦτο
2244 1274 2320 1347 μὴ
2342 1276 2539 1339 ποιεῖν,
2573 1272 2669 1327 καὶ
2699 1255 2760 1325 οὕ
2786 1273 2857 1325 δι’
2899 1270 3211 1342 ἄνθρωπον.
3260 1267 3353 1334 Μὴ
3399 1265 3637 1337 θελήσῃς

2052 1367 2144 1439 ὑφ’
2181 1366 2238 1420 ἐν
2278 1365 2626 1436 κατορθῶσαι
2671 1364 2734 1417 τὸ
2787 1363 2924 1425 πᾶν,
2968 1363 3089 1414 ἐπεὶ
3124 1361 3187 1413 ού
3238 1359 3467 1431 δυνήσῃ,
3519 1356 3639 1410 ἀλλ’

2052 1457 2237 1529 ἡρέμα
2265 1458 2361 1512 καὶ
2388 1456 2529 1511 κατά
2558 1455 2775 1527 μικρόν.
2794 1455 2893 1506 Ἂν
2924 1455 3005 1516 είς
3044 1453 3206 1506 πότον
3231 1452 3347 1522 ἴδῃς
3377 1451 3631 1514 ἀπιόντα,

2053 1547 2149 1601 καὶ
2202 1547 2284 1611 είς
2331 1547 2611 1618 συμπόσια
2670 1545 2844 1614 μέθης
2890 1542 3323 1613 πεπληρωμένα,
3368 1543 3528 1595 κάκεῖ
3575 1542 3639 1595 τὸ

2055 1636 2187 1690 αὐτὸ
2233 1636 2398 1702 ποίει,
2456 1637 2553 1690 καὶ
2588 1636 2753 1690 αὐτὸν
2804 1634 2965 1689 πάλιν
3028 1633 3437 1704 παρακάλεσον,
3487 1630 3543 1685 εί
3580 1649 3633 1685 τι

2056 1728 2256 1799 συνορᾷ
2283 1727 2577 1797 ἐλάττωμά
2620 1743 2678 1779 σε
2720 1725 2935 1795 ἔχοντα,
2964 1724 3182 1795 βοηθεῖν
3228 1724 3322 1777 καὶ
3362 1722 3630 1793 διορθοῦν.

2056 1816 2215 1873 Οὕτω
2247 1818 2357 1888 γάρ
2396 1818 2488 1871 καὶ
2522 1816 2614 1870 ἐπὶ
2656 1815 2854 1869 ἐαυτοῦ
2900 1816 2991 1869 τὸν
3030 1817 3252 1885 ἔλεγχον
3290 1814 3452 1878 οἴσει,
3507 1816 3647 1868 ὅταν

2059 1908 2144 1982 ῐδῃ
2180 1909 2274 1962 καὶ
2300 1909 2359 1961 σὲ
2383 1908 2641 1979 δεόμενον
2682 1908 2942 1979 ἐλέγχων,
2979 1909 3075 1960 καί⁸
3112 1907 3187 1978 μὴ
3231 1907 3307 1970 ὠς
3342 1906 3413 1960 τὰ
3455 1907 3638 1961 πάντα

2056 2000 2479 2072 κατωρθωκότα,
2524 2000 2661 2071 μηδέ
2693 2000 2770 2064 ὡς
2807 1999 3149 2064 διδάσκαλον,
3188 1999 3306 2052 ἀλλ’
3359 1999 3435 2062 ὡς
3476 1997 3630 2067 φίλον

2056 2096 2150 2148 καὶ
2177 2093 2405 2162 ἀδελφὸν
2453 2094 2774 2166 βοηθοῦντα.
2807 2093 2943 2147 Είπέ
2991 2092 3127 2165 πρὸς
3164 2092 3348 2158 αὐτὸν,
3388 2090 3528 2160 Ἑγώ
3574 2107 3641 2145 σε.

2055 2185 2260 2257 ὢνησα,
2303 2186 2624 2256 ὑπομνήσας
2653 2187 2761 2239 τῶν
2792 2184 3181 2255 συμφερόντων
3203 2199 3215 2212 ·
3254 2184 3352 2237 καὶ
3386 2183 3451 2236 σῦ
3493 2182 3633 2254 ὅπερ

2056 2278 2123 2333 ἀν
2153 2278 2369 2350 συνίδῃς
2394 2277 2685 2348 ἐλάττωμα
2719 2276 2913 2348 ἔχοντά
2942 2294 3033 2346 με,
3067 2274 3439 2345 ἀναχαίτισον,
3485 2273 3637 2345 6:69-

2056 2372 2266 2426 θωσονο
2314 2372 2380 2426 ἀν
2424 2371 2642 2444 ὀργίλον
2684 2371 2821 2443 ίδῃς,
2868 2369 2934 2423 ἂν
2963 2369 3321 2440 πλεονέκτην,
3367 2367 3644 2436 κάτασχε,

2055 2462 2217 2533 δῆσον
2239 2464 2305 2533 τῇ
2330 2463 2673 2532 παραινέσει.
2708 2459 2887 2514 Τοῦτό
2911 2461 3027 2513 ἐστι
3061 2458 3211 2526 φιλία
3233 2475 3247 2491 ο
3276 2457 3448 2520 οὕτως
3479 2456 3641 2513 ἀδελ-

2057 2555 2158 2625 φὸς
2213 2555 2317 2608 ὑπὸ
2369 2553 2602 2623 ἀδελφοῦ
2650 2552 3039 2625 βοηθούμενος,
3107 2550 3184 2615 ὡς
3251 2550 3405 2615 πόλις
3461 2548 3645 2620 όχυράο

2054 2648 2265 2716 γίνεται
2284 2663 2297 2677 ·
2325 2646 2386 2699 ού
2413 2646 2521 2716 γὰρ
2551 2646 2611 2699 τὸ
2644 2648 2836 2716 φαγεῖν
2868 2645 2963 2699 καλ⁸
2987 2644 3048 2697 :9
3077 2645 3223 2697 πιεῖν
3254 2644 3402 2696 ποιεῖ
3424 2642 3631 2711 φιλίαν·

2055 2738 2314 2811 τοιαύτην
2350 2738 2459 2809 γὰρ
2488 2738 2583 2791 καὶ
2607 2738 2804 2809 λῃσταὶ
2832 2736 3016 2807 έχουσι
3042 2740 3135 2790 καὶ
3162 2735 3501 2807 ἀνδροφόνοι·
3518 2733 3635 2787 ἀλλ’

2056 2832 2105 2884 εί
2132 2830 2275 2900 φίλοι
2297 2829 2485 2900 ἐσμὲν,
2505 2830 2553 2882 εί
2571 2828 2737 2893 ὅντως
2764 2827 3008 2899 ἀλλήλων
3036 2827 3335 2899 κηδόμεθα,
3360 2830 3438 2890 είς
3463 2825 3644 2880 ταῦτα.

2058 2920 2313 2992 ἀλλήλοις
2339 2917 2817 2990 συμϐαλλὼμεθα⁴
2850 2918 3025 2971 ταῦτα
3044 2919 3129 2981 είς
3141 2917 3323 2985 φιλίαν
3344 2917 3491 2986 ἡμᾶς
3514 2917 3637 2983 ἄγει

2058 3010 2332 3081 ἐπωφελῑμ
2364 3009 2537 3064 ταῦτα
2564 3009 2765 3063 κωλύει
2797 3010 2877 3071 είς
2906 3008 3135 3077 γέενναν
3169 3007 3448 3061 ἀπελθεῖν.
3480 3008 3641 3076 Μήτε

2056 3098 2152 3156 οὖν
2206 3103 2236 3156 ό
2293 3100 2649 3171 ἐλεγχόμενος
2706 3099 3121 3168 ἀγανακτείτω”
3190 3099 3467 3169 ἄνθρωποι
3526 3099 3642 3171 γάρ

2058 3194 2243 3262 ἐσμεν,
2278 3189 2375 3243 καὶ
2412 3189 2609 3261 ἐχομεν
2638 3187 2997 3258 ἐλαττώματα
3019 3203 3033 3217 ο
3074 3188 3212 3258 μήτε
3234 3189 3263 3241 ό
3290 3186 3531 3256 ἐλέγχων
3557 3187 3635 3251 ὡς

2060 3282 2397 3353 ἐπεγγελῶν,
2445 3283 2478 3353 ἢ
2518 3281 2595 3345 ὡς
2647 3280 3020 3352 ἐπεμϐαίνων,
3074 3280 3234 3334 τοῦτο
3288 3278 3511 3333 ποιείτω
3544 3278 3638 3331 καὶ

2059 3375 2450 3446 ἐκπομπεύων,
2505 3373 2643 3429 ἀλλά
2688 3375 2809 3428 κατ’
2859 3374 3017 3438 ίδίαν,
3082 3371 3221 3443 μετά
3269 3370 3634 3443 προσηνείας⁶

2060 3464 2302 3529 πλείονος
2324 3465 2434 3536 γάρ
2463 3465 2634 3519 δεῖται
2672 3464 3003 3536 προσηνείας
3024 3466 3053 3517 ό
3082 3463 3339 3533 ἐλέγχων,
3371 3462 3462 3516 ἶνα
3493 3461 3638 3516 οὕτω

2059 3553 2226 3626 πείσῃ
2249 3553 2351 3626 τὴν
2378 3552 2552 3625 τομήν
2594 3554 2861 3621 ἐνεγκεῖν.
2897 3552 3011 3622 Οὐχ
3039 3552 3204 3622 δρᾶτε
3232 3550 3359 3612 τοὺς
3393 3548 3642 3618 ἰατροὺς,

2058 3645 2187 3699 ὅταν
2211 3646 2465 3711 καίωσιν,
2498 3646 2629 3699 ὅταν
2658 3644 2921 3715 τέμνωσι,
2950 3642 3089 3713 μετά
3111 3643 3283 3712 πόσης
3303 3638 3644 3711 προσηνείας.

2057 3740 2156 3810 τὴν
2190 3738 2488 3810 θεραπείαν
2524 3738 2790 3806 ἐπάγουσι
2813 3753 2831 3803 ;
2853 3736 3049 3805 Πολλῷ
3081 3734 3281 3804 μᾶλλον
3319 3732 3446 3796 τοὺς
3475 3731 3639 3801 ἐλέγ-

2059 3848 2256 3902 χοντας
2296 3830 2457 3884 τοῦτο
2500 3830 2583 3884 δεῖ
2642 3831 2846 3882 ποιεῖν·
2909 3829 3001 3882 καὶ
3047 3827 3156 3896 γάρ
3203 3825 3298 3879 καὶ
3342 3824 3515 3896 πυρὸς
3541 3824 3639 3877 καὶ

2062 3925 2289 3996 σιδήρου
2329 3924 2686 3995 σφοδρότερον
2747 3919 2903 3994 [284]
2948 3920 3206 3990 ἐλεγχος,
3254 3918 3352 3973 καὶ
3406 3918 3645 3989 σκιρτᾷν

2061 4017 2243 4069 ποιεῖ·
2295 4017 2391 4070 καὶ
2421 4014 2510 4069 διά
2547 4012 2707 4068 τοῦτο
2758 4014 2854 4067 καὶ
2900 4014 2950 4066 οί
2990 4012 3166 4083 ίατροὶ
3219 4008 3391 4065 πολλά
3439 4011 3636 4080 ἐπιτη-

2058 4107 2323 4175 δεύουσιν,
2375 4105 2518 4161 ὥστε
2570 4106 2818 4174 ἐνεγκεῖν
2867 4104 3055 4175 πράως
3123 4102 3230 4175 τήν
3281 4103 3484 4172 τομήν,
3539 4099 3640 4155 καὶ

2060 4200 2374 4273 προσηνῶς,
2403 4199 2480 4263 ὡς
2505 4193 2615 4253 οἷόν
2645 4215 2728 4264 τε,
2754 4196 2966 4268 ταύτην
2990 4195 3290 4265 ἐπάγουσι,
3314 4196 3410 4248 καὶ
3439 4192 3643 4264 μικρὸν

2059 4294 2375 4358 ἐνδιδόντες,
2419 4287 2538 4346 εἶτα
2574 4290 2908 4361 παρέχοντες
2937 4286 3295 4342 ἀναπνεῦσαι.
3335 4284 3493 4338 Οὕτω
3541 4284 3637 4337 καὶ

2058 4384 2183 4448 τοὺς
2208 4383 2465 4453 ἐλέγχους
2485 4382 2566 4436 δεῖ
2592 4382 2787 4440 ποιεῖν,
2829 4379 2918 4432 ἵνα
2956 4378 3050 4430 καὶ
3078 4377 3129 4429 οί
3176 4374 3524 4445 ἐλεγχόμενοι
3557 4373 3637 4444 μὴ

2060 4474 2457 4547 ἀποσκιρτῶσι.
2492 4471 2610 4527 Κᾶν
2637 4469 2961 4542 ὑϐρισθῆναι
2992 4468 3172 4521 τοίνυν
3198 4465 3314 4538 δέῃ,
3349 4464 3453 4518 κάν
3496 4463 3635 4535 πλη·

2060 4568 2243 4638 γῆναι,
2301 4565 2377 4636 μὴ
2427 4560 2919 4634 παραιτησώμεθα.
2992 4558 3105 4613 Καὶ
3172 4556 3285 4628 γὰρ
3334 4558 3532 4609 ἐκεῖνοι
3582 4555 3635 4609 ο1

2060 4659 2405 4728 τεμνόμενοι,
2435 4653 2609 4725 μυρία
2639 4651 2954 4707 καταϐοῶσι
3000 4649 3109 4703 τῶν
3139 4647 3453 4718 τεμνόντων
3474 4660 3489 4675 '
3516 4644 3635 4699 ἀλλ’

2060 4751 2257 4803 ἐκεῖνοι
2288 4748 2425 4816 πρὸς
2445 4745 2598 4799 οὐδὲν
2627 4743 2835 4798 τούτων
2873 4741 3095 4815 ὁρῶσιν,
3135 4739 3253 4794 ἀλλ’
3283 4738 3318 4809 ἢ
3358 4737 3495 4809 πρὸς
3532 4738 3637 4808 τὴν

2060 4839 2252 4907 ὑγείαν
2279 4836 2388 4891 τῶν
2413 4835 2734 4906 καμνόντων
2765 4834 2948 4906 μόνον.
2978 4832 3141 4888 Οὕτω
3162 4832 3227 4903 δή
3269 4832 3363 4885 καὶ
3399 4829 3639 4884 ἐνταῦθα

2061 4931 2239 4985 πάντα
2292 4929 2374 4983 δεῖ
2417 4930 2593 4982 ποιεῖν
2645 4926 2783 4999 πρὸς
2822 4926 2884 4979 τὸ
2935 4925 3033 4979 τὸν
3072 4924 3292 4994 ἔλεγχον
3345 4922 3635 4996 χρησίμοις

2059 5020 2333 5090 γενέσθαι,
2360 5020 2538 5074 πάντα
2574 5020 2761 5090 φέρειν
2788 5017 2925 5089 πρὸς
2945 5016 3038 5071 τὸν
3077 5014 3266 5085 μισθὸν
3306 5016 3632 5087 ἀφορῶντας

2059 5112 2150 5167 τδν
2181 5112 2559 5181 ἀποκείμενον.
2588 5108 2913 5176 Ἀλλήλων,
2947 5108 3100 5177 φησὶ,
3126 5107 3199 5161 τὰ
3209 5106 3371 5176 ,ϐάρη
3388 5104 3619 5171 ,βαστά-

2061 5204 2205 5272 ζετε,
2223 5203 2320 5258 καί
2336 5204 2523 5270 οὕτως
2535 5201 3011 5270 ἀναπληρώσατε
3037 5203 3144 5255 τὸν
3167 5202 3357 5270 νόμον
3365 5198 3471 5253 τοῦ
3490 5200 3625 5265 Χρι-

2060 5313 2231 5353 στου.
2259 5295 2444 5361 Οὕτως
2478 5291 2571 5351 οὖν
2594 5297 2689 5350 καὶ
2717 5295 3028 5365 ἐλέγχοντες
3068 5296 3162 5349 καὶ
3187 5294 3449 5364 φέροντες
3470 5289 3639 5361 ἀλλήο

2059 5388 2204 5455 λους,
2236 5388 2577 5459 δυνησόμεθα
2628 5386 3021 5459 ἀναπληρῶσαι
3068 5385 3167 5457 τήν
3216 5382 3505 5453 οἰκοδομὴν
3534 5384 3641 5439 τοῦ

2060 5476 2330 5550 Χριστοῦυ
2367 5480 2463 5534 καί⁵
2491 5481 2624 5550 ήμῖν
2660 5476 2799 5534 οὕτω
2828 5480 3085 5548 ποιήσετε
3110 5475 3313 5545 κοῦφον
3333 5473 3424 5527 τδν
3446 5473 3647 5547 πόνον,

2061 5572 2123 5625 ἐν
2151 5570 2324 5624 ἅπασι
2360 5569 2865 5640 συλλαμϐανόμενοι
2887 5569 3018 5639 ήμῖν
3048 5569 3143 5621 καὶ
3168 5569 3327 5638 χεῖρα
3347 5565 3653 5643 ὀρέγοντες

2064 5663 2158 5717 καὶ
2189 5660 2444 5733 μερισταὶ
2475 5659 2749 5731 γινόμενοι
2778 5660 2873 5715 καὶ
2902 5659 3166 5727 κοινωνοὶ,
3210 5657 3307 5713 καὶ
3335 5656 3435 5729 τῆς
3460 5657 3667 5737 άλλη,
