4088 6208
367 274 474 330 915

1093 281 1151 340 ΙΝ
1191 284 1406 338 ΕΡΙΞΤ.
1449 284 1535 336 AD
1575 281 1934 337 llEBRzEOS.
1967 282 2114 340 CAP.
2158 287 2271 342 XII.
2315 290 2540 346 ll0.\llL.
2586 292 2754 350 XXXI

3519 298 3622 352 ΞΗ

367 389 632 432 tmcamus
668 391 797 447 ergo
841 385 893 430 et
920 377 1052 432 alter
1095 380 1314 431 alterius
1353 393 1512 432 onera
1555 388 1862 449 gestantes,
1896 389 1949 435 et
2038 382 2250 438 Christo
2294 386 2422 442 Jesu
2449 389 2675 445 Domino
2707 405 2886 446 nostro
2917 439 2928 452 ,
2963 411 3081 448 runt
3113 413 3215 466 quo
3242 399 3380 452 Patri
3411 399 3613 468 gloria,

363 480 653 540 arguentes
681 489 691 522 :
723 479 773 521 nt
803 483 1154 539 assequamur
1183 470 1320 523 bona
1368 469 1521 524 nobis
1561 470 1819 540 promissa
1845 512 1860 536 ,
1896 471 1948 524 in
2042 492 2140 530 una
2169 492 2289 531 cum
2318 492 2501 535 sancto
2521 483 2742 553 Spiritu,
2770 497 2852 540 etc

1943 576 2017 646 Θ

349 667 3390 698 W

1702 732 2044 794 HOMILIA
2086 736 2308 798 xxxx
2364 737 2473 819 (ιι).

336 880 470 936 Car.
497 879 584 936 12.
613 895 668 934 γ.
700 879 788 934 14.
811 877 999 932 Pacem
1025 876 1290 944 sequimini
1315 893 1430 931 cum
1477 877 1707 932 omnibus
1731 890 1777 931 et
1803 892 1923 932 san-

495 972 808 1035 ctimoniam,
828 970 936 1023 sine
957 986 1058 1039 qua
1083 984 1229 1023 nemo
1257 967 1442 1024 videbit
1471 968 1764 1022 Dominum.

411 1066 464 1118 1.
493 1063 652 1118 Multa
681 1061 890 1131 quidem
930 1070 1054 1114 sunt
1099 1075 1218 1128 qum
1259 1061 1564 1128 exprimunt
1607 1060 1918 1116 Christiani-

336 1173 512 1212 smum
538 1174 550 1210 :
578 1155 746 1224 magis
794 1163 972 1207 autem
1002 1167 1159 1222 quam
1189 1153 1367 1207 omnia
1387 1193 1401 1217 ,
1435 1162 1490 1207 et
1531 1154 1720 1208 melius
1764 1169 1922 1223 quant

334 1247 540 1312 omnia,
571 1255 751 1299 mutua
776 1245 918 1298 inter
963 1259 1022 1298 se
1066 1243 1284 1298 dilectio
1308 1253 1362 1298 et
1383 1259 1504 1313 pax.
1529 1243 1652 1299 Ideo
1677 1243 1922 1300 Christus

332 1350 548 1406 quoque
572 1335 734 1390 dicit:
763 1333 948 1387 Pacem
977 1349 1139 1387 meam
1160 1337 1226 1386 do
1247 1333 1382 1387 vobis
1401 1350 1417 1397 ,°
1436 1343 1489 1388 et
1506 1349 1710 1396 rursus,
1737 1333 1804 1388 In
1827 1336 1922 1389 hoc

329 1430 490 1483 scient
510 1444 680 1482 omnes
699 1427 835 1497 quod
855 1427 1094 1494 discipuli
1125 1427 1220 1480 mei
1240 1428 1380 1491 estis,
1404 1426 1450 1480 si
1484 1427 1760 1483 dilexeritis
1785 1431 1918 1482 invi-

329 1537 442 1574 cem
463 1519 638 1591 (Joan.
666 1521 752 1574 14.
770 1520 859 1573 27.
880 1527 926 1572 et
947 1519 1030 1573 15.
1051 1517 1162 1588 55).
1195 1517 1320 1573 Ideo
1345 1518 1540 1573 Paulus
1555 1519 1718 1575 etiam
1746 1520 1875 1575 dicit
1900 1538 1916 1577 :

328 1613 524 1669 Pacem
552 1612 816 1682 sequimini
843 1628 956 1665 cum
985 1610 1211 1665 omnibus
1238 1621 1286 1665 et
1318 1611 1636 1666 sanctitatem
1656 1652 1672 1679 ,
1702 1611 1806 1667 hoc
1831 1621 1919 1668 est

327 1707 690 1770 honestatem,
719 1705 826 1758 sine
847 1720 948 1772 qua
977 1719 1119 1757 nemo
1146 1702 1328 1757 videbit
1349 1703 1638 1758 Dominum.
1673 1705 1760 1762 15.
1782 1704 1917 1759 Con-

326 1799 631 1867 templautes
660 1813 723 1849 ne
762 1798 873 1865 quis
894 1797 1017 1848 desit
1036 1795 1215 1865 gratia:
1237 1792 1354 1848 Dei.
1381 1795 1670 1864 Tamquam
1703 1797 1911 1866 longam

326 1892 563 1959 aliquam
586 1890 722 1940 viam
750 1887 801 1940 in
831 1902 1023 1956 magno
1038 1887 1290 1940 comitatu
1309 1886 1466 1940 simul
1483 1887 1909 1952 conlicientibus,

323 1980 540 2044 Videte,
571 1979 763 2048 inquit,
803 1993 869 2031 ne
893 1979 1010 2048 quis
1050 1975 1404 2032 remanserit:
1439 1993 1544 2031 non
1593 1977 1696 2031 hoc
1737 1980 1910 2034 solum

320 2089 509 2144 qurro
536 2081 595 2125 ut
622 2085 715 2125 vos
745 2070 1034 2134 accedatis,
1081 2068 1175 2124 sed
1221 2078 1279 2123 ut
1323 2070 1457 2123 alios
1485 2085 1697 2139 quoque
1725 2071 1910 2124 obser-

318 2167 478 2220 vetis.
518 2162 602 2218 Ne
633 2165 764 2233 quis,
808 2163 1144 2232 inquit-desit
1196 2165 1377 2233 gratim
1399 2161 1514 2216 Dei.
1543 2161 1779 2217 Gratiam
1816 2165 1907 2219 [)ei

318 2256 500 2311 futura
520 2255 650 2310 dicit
681 2253 835 2318 bona,
871 2253 1025 2307 [idem
1055 2254 1437 2324 evangelicatn,
1485 2255 1742 2323 optimam
1784 2256 1906 2308 vitae

317 2349 711 2403 institutionem
743 2363 757 2399 :
785 2355 907 2399 sunt
933 2344 1076 2399 enim
1106 2345 1283 2399 omnia
1319 2346 1407 2399 Dei
1436 2345 1642 2416 gratim.
1670 2346 1747 2402 Ne
1773 2347 1902 2402 mihi

319 2437 541 2498 dixeris,
572 2435 722 2490 Unus
743 2434 942 2505 estqui
975 2433 1147 2504 perit:
1193 2445 1247 2488 et
1287 2446 1505 2504 propter
1551 2451 1714 2490 unum
1759 2452 1904 2491 mor-

313 2537 441 2583 tuus
457 2526 820 2583 estChristus.
835 2525 1058 2594 Propter
1074 2541 1235 2580 unum
1259 2537 1502 2582 mortuus
1524 2535 1604 2582 est
1620 2527 1866 2582 Christus
1883 2570 1900 2594 ,

317 2631 374 2674 tu
399 2636 530 2676 vero
558 2620 675 2690 ejus
698 2634 804 2673 non
833 2617 976 2688 geris
994 2617 1220 2672 curam?
1245 2618 1671 2689 Contemplantes,
1696 2621 1898 2692 inquit;

314 2711 418 2766 hoc
446 2720 551 2778 est,
573 2721 758 2766 exacte
782 2722 1102 2780 scrutantes,
1125 2714 1548 2783 considerantes,
1571 2717 1890 2783 ediscentes,

311 2814 376 2859 ut
403 2820 530 2874 erga
560 2805 796 2860 inlirmos
823 2805 934 2860 ﬁeri
958 2807 1112 2870 solet,
1130 2816 1179 2862 et
1206 2822 1299 2876 per
1319 2811 1496 2863 omnia
1519 2812 1888 2875 observantes.

313 2893 403 2948 Kc
426 2911 526 2965 qua
551 2896 698 2949 radix
727 2897 1081 2950 amaritudinis
1110 2915 1310 2951 sursum
1333 2903 1620 2970 germinans
1647 2903 1888 2972 impediat

311 2983 494 3054 (Deut.
527 2984 612 3040 29.
662 2987 774 3058 18).
811 2986 922 3041 Hoc
953 2988 1183 3056 positum
1227 3000 1308 3043 est
1355 2990 1408 3044 in
1461 2990 1891 3057 Deuteronontio,

311 3085 696 3147 sumptumque
741 3077 836 3130 fuit
864 3091 892 3130 a
925 3078 1233 3147 metaphora
1285 3081 1602 3148 plantarum.
1654 3080 1736 3136 Ne
1771 3094 1892 3152 qua,

309 3165 504 3235 inquit,
544 3167 696 3221 radix
724 3168 1079 3223 amaritudinis
1113 3185 1134 3222 :
1160 3170 1303 3240 quod
1349 3170 1476 3224 alibi
1515 3187 1726 3241 quoque
1764 3177 1896 3226 scri-

309 3257 466 3324 bens,
506 3258 655 3324 dicit,
699 3258 958 3312 Modicum
996 3260 1297 3328 fermentum
1347 3271 1503 3315 totum
1538 3278 1759 3316 massam
1795 3263 1894 3332 {er-

307 3357 497 3402 mental
530 3351 604 3419 (1.
634 3350 754 3406 Cor.
782 3350 836 3404 5.
875 3349 951 3420 6).
983 3351 1100 3406 Non
1147 3362 1365 3422 prepter
1409 3353 1535 3408 illud
1577 3355 1747 3408 solum
1795 3355 1897 3409 hoc

307 3443 450 3506 volo,
479 3442 673 3513 inquit,
703 3444 797 3500 sed
827 3445 988 3499 etiam
1012 3455 1230 3516 propter
1283 3445 1430 3502 illam
1474 3463 1592 3517 qua:
1621 3448 1744 3506 inde
1772 3458 1894 3503 orta

305 3545 393 3592 est
418 3553 635 3592 noxam.
665 3538 778 3594 Hoc
793 3539 1118 3602 est,etiamsi
1137 3541 1205 3593 sit
1228 3541 1400 3607 aliqua
1430 3540 1580 3595 radix
1607 3541 1891 3610 ejusmodi,

306 3627 514 3681 nullum
537 3644 754 3698 germen
785 3630 930 3684 sinas
978 3631 1291 3698 ascendere,
1317 3631 1411 3687 sed
1441 3623 1799 3697 exscindatur,
1824 3647 1894 3688 ne

304 3734 435 3774 Suos
466 3719 671 3774 fruetus
713 3719 871 3787 ferat,
912 3729 973 3776 ut
1009 3737 1114 3776 non
1150 3722 1286 3776 alios
1328 3722 1530 3777 inliciat
1576 3731 1631 3777 et
1668 3725 1887 3793 polluat.

304 3809 394 3865 Ne
429 3828 552 3883 qua,
578 3809 770 3881 inquit,
802 3813 954 3866 radix
980 3813 1336 3867 amaritudinis
1375 3830 1573 3868 sursum
1602 3816 1892 3885 germinans

304 3900 571 3971 impediat,
611 3910 656 3954 et
693 3918 781 3971 per
819 3901 963 3955 illaut
1002 3903 1330 3972 inquinentur
1378 3904 1543 3957 multi.
1599 3905 1662 3958 Et
1700 3905 1892 3960 merito

303 4007 548 4047 amarum
591 3993 799 4048 vocavit
846 4005 1168 4063 peccaturo:
1213 4010 1401 4050 revera
1447 3995 1589 4051 enim
1631 3995 1760 4050 nihil
1809 4006 1892 4052 est

306 4096 529 4154 peccato
566 4086 818 4141 amarius.
870 4086 982 4141 lloc
1027 4086 1206 4142 sciunt
1235 4089 1322 4158 qui
1354 4098 1635 4158 postquam
1667 4089 1717 4144 id
1752 4091 1890 4146 lere-

307 4185 456 4241 runt,
489 4175 768 4231 tabescunt
806 4192 834 4228 a
860 4177 1207 4245 conscientia,
1231 4181 1317 4248 qni
1347 4195 1590 4250 magnam
1622 4182 1886 4237 susdnent

306 4267 714 4322 amaritudinem
746 4286 759 4322 :
795 4285 916 4323 nam
946 4285 1066 4323 cum
1099 4271 1168 4324 sit
1192 4271 1608 4337 amarissimum,
1636 4277 1890 4342 pervertit

306 4361 464 4414 etiam
505 4361 674 4429 ipsam
724 4361 830 4416 vim
876 4362 1251 4417 ratiocinandi.
1303 4364 1372 4418 Ea
1405 4375 1485 4418 est
1517 4365 1890 4421 amaritudinis

307 4463 517 4518 natura,
546 4465 601 4507 ut
627 4455 696 4508 sit
722 4454 942 4508 inutilis.
969 4455 1131 4510 Recte
1157 4466 1333 4509 autem
1361 4456 1514 4522 dixit,
1546 4457 1718 4511 ltadia:
1743 4475 1886 4511 auia-

307 4547 564 4599 ritudints.
598 4547 710 4600 Non
739 4546 891 4610 dixit,
921 4547 1262 4611 Amara,setl,
1309 4547 1675 4601 Amaritudinis
1704 4563 1721 4600 :
1768 4565 1887 4601 nam

309 4637 422 4692 fieri
452 4638 665 4705 quidem
697 4647 869 4701 potest
900 4650 954 4689 ut
987 4637 1132 4691 inulix
1166 4653 1345 4689 amara
1379 4638 1560 4691 dulei-5
1593 4638 1727 4692 ferat
1775 4639 1884 4691 l'rn-

309 4744 449 4800 rtus,
476 4734 570 4789 sed
587 4733 704 4791 ﬁeri
722 4749 828 4790 non
854 4745 1027 4806 poteSt
1045 4746 1100 4790 nt
1125 4734 1494 4790 amaritudinis
1515 4734 1684 4798 radix,
1709 4731 1826 4786 fons
1842 4739 1896 4787 et

309 4827 738 4892 fundamentum,
762 4828 971 4882 dulcem
994 4843 1244 4898 umquam
1270 4827 1494 4881 fruetum
1522 4825 1652 4879 lerat
1675 4843 1688 4879 :
1717 4825 1892 4881 omnia

307 4918 453 4971 enim
481 4927 606 4970 sunt
633 4933 836 4984 amara,
869 4917 995 4972 nihil
1040 4917 1236 4972 habent
1264 4917 1449 4980 dulce;
1477 4917 1650 4970 omnia
1679 4916 1890 4981 acerba,

305 5009 485 5061 omnia
505 5007 766 5072 insuavia,
791 5010 967 5063 omnia
991 5009 1142 5078 plena
1165 5009 1288 5062 odio
1315 5020 1367 5063 et
1393 5006 1805 5062 abominatione.
1827 5005 1894 5062 Et

306 5115 397 5162 per
427 5097 576 5150 illam
614 5099 940 5168 inquinentur
969 5100 1134 5153 multi.
1167 5099 1280 5154 Hoc
1304 5109 1405 5163 est,
1435 5097 1508 5152 Ne
1538 5097 1637 5152 hoc
1661 5097 1887 5157 eveniat.

306 5189 728 5257 intemperantes
776 5200 829 5244 et
875 5191 1108 5246 lascivos
1145 5189 1463 5246 exscindite.
1511 5191 1600 5245 16.
1654 5187 1738 5244 Ne
1781 5191 1892 5259 quis

307 5281 590 5352 fornicator
631 5289 718 5332 aut
761 5286 1031 5351 profanus,
1075 5291 1128 5335 ut
1166 5280 1329 5348 Esas't,
1359 5284 1444 5350 qui
1497 5291 1699 5351 prapter
1739 5297 1890 5335 unam

307 5383 474 5420 escam
502 5368 722 5422 vendidit
754 5371 1004 5437 primitiae
1039 5387 1153 5424 sua.
1207 5373 1272 5426 Et
1320 5371 1404 5426 ubi
1451 5369 1742 5425 fornicator
1792 5369 1892 5426 fuit

308 5457 485 5511 Esau?
539 5457 652 5512 Non
722 5459 824 5513 hoc
875 5459 963 5515 hic
1012 5459 1146 5514 dixit
1198 5459 1338 5530 quod
1387 5457 1682 5513 fornicator
1729 5456 1886 5515 fuerit

309 5546 474 5615 Esao,
529 5547 621 5602 sed
676 5549 726 5603 id
784 5551 998 5619 ponitur
1039 5565 1133 5621 per
1185 5551 1574 5622 appositionem
1619 5549 1685 5606 ad
1733 5550 1882 5619 illud,

358 5673 436 5734 (a)
470 5669 530 5734 In
549 5669 671 5718 hanc
701 5665 936 5715 homiliam
962 5673 1013 5714 et
1031 5667 1075 5712 in
1098 5675 1389 5728 sequentem
1411 5665 1620 5719 alterum
1643 5669 1855 5722 Colberti

304 5743 434 5785 nam
461 5733 716 5782 habemus.

626 5831 898 5892 PATROL.
950 5832 1067 5893 (ia.
1123 5835 1314 5895 LXll‘i

2035 878 2364 936 Sanctitatem
2397 889 2698 956 sequimini;
2745 890 2871 945 illud
2913 907 3061 954 vero,
3110 892 3390 964 Profanus,
3440 899 3609 967 ipsum

2031 983 2271 1042 spectare
2299 977 2526 1033 videtur.
2560 981 2634 1036 Ne
2664 983 2784 1052 quis
2814 1000 2942 1054 ergo
2969 986 3036 1038 sit
3065 997 3121 1039 nt
3164 988 3303 1044 Esat'i
3334 992 3606 1059 profanus,

2031 1061 2131 1118 hoc
2159 1073 2261 1130 est,
2291 1065 2468 1122 helluo
2511 1081 2563 1124 et
2606 1073 2986 1142 intemperans,
3020 1077 3338 1144 mundanus,
3367 1082 3604 1136 vendens

2031 1157 2342 1224 spiritttalia.
2373 1159 2470 1226 Qui
2494 1173 2700 1231 propter
2719 1182 2870 1218 unam
2899 1183 3062 1220 escam
3094 1170 3314 1222 vendidit
3346 1171 3605 1239 primitira

2025 1263 2137 1298 sua.
2174 1248 2272 1314 Qui
2305 1249 2446 1305 hunc
2484 1267 2511 1304 a
2564 1254 2671 1306 Deo
2711 1255 2811 1309 sibi
2856 1257 3034 1310 datum
3083 1257 3340 1313 honorent
3392 1263 3602 1330 propria

2027 1337 2260 1392 vendidit
2289 1341 2530 1397 socordia
2549 1385 2563 1409 ,
2616 1354 2670 1399 et
2694 1361 2791 1416 pro
2831 1362 2992 1415 parva
3023 1349 3290 1419 voluptate
3316 1353 3601 1407 maximum

2027 1426 2278 1484 honorem
2312 1435 2541 1501 perdidit
2568 1446 2622 1491 et
2650 1439 2898 1508 gloriam.
2930 1441 3040 1495 lioc
3086 1445 3299 1512 preprie
3347 1445 3412 1500 ad
3459 1447 3604 1516 ipsos

2025 1519 2289 1587 pertinet;
2324 1524 2426 1580 hoc
2459 1538 2538 1581 cst
2566 1531 2928 1595 abominandi,
2960 1531 3062 1588 hoc
3084 1535 3360 1590 immundi.

2096 1610 2195 1676 Qui
2221 1617 2378 1668 ventri
2403 1620 2647 1683 serviunt,
2672 1621 2922 1675 immundi
2947 1633 3085 1690 sunt,
3130 1641 3305 1696 quare.
3329 1656 3402 1670 -—
3424 1628 3600 1696 Quare

2021 1716 2123 1753 non
2170 1704 2316 1758 Solus
2362 1717 2631 1764 scortator
2677 1721 2760 1766 est
2809 1713 3136 1781 innnundus,
3179 1717 3273 1771 sed
3314 1727 3369 1774 et
3398 1719 3594 1780 helluo.

2018 1789 2288 1855 quisr-rvit
2308 1798 2497 1850 ventri.
2529 1799 2659 1852 Nam
2691 1801 2789 1854 iste
2817 1803 3039 1857 alterius
3067 1820 3279 1875 quoque
3305 1819 3388 1862 est
3414 1827 3599 1863 servus

2019 1880 2300 1949 Voluptatis
2328 1903 2339 1936 :
2383 1889 2590 1956 cogitur
2631 1891 2780 1958 plura
2813 1891 3043 1947 habendi
3075 1898 3239 1950 teneri
3268 1899 3555 1967 cupiditate
3583 1921 3592 1952 :

2016 1973 2220 2039 cogitur
2244 1991 2448 2042 rapere,
2470 1978 2661 2033 millies
2690 1981 2918 2049 turpiter
2946 1993 3000 2037 et
3029 1984 3278 2041 indecore
3300 2002 3357 2042 se
3385 2005 3592 2058 gerere,

2015 2076 2133 2114 cum
2161 2064 2226 2116 sit
2261 2067 2397 2119 illius
2433 2069 2542 2121 vitii
2592 2085 2799 2137 servus,
2849 2082 2903 2128 et
2947 2088 3090 2145 saepe
3118 2074 3469 2145 lilaSphemat.
3501 2081 3596 2135 Hic

2015 2155 2211 2209 nullius
2279 2161 2429 2226 ιιι-ιιιίί
2492 2178 2611 2218 es~e
2675 2179 2824 2218 suam
2877 2165 3030 2221 duxit
3101 2169 3591 2239 primogenitnram.

2013 2248 2185 2313 Quare
2205 2255 2509 2322 temporalis
2527 2272 2707 2310 curam
2727 2273 2921 2326 gerens
2939 2261 3152 2328 quietis,
3177 2264 3416 2330 pervenit
3433 2269 3592 2318 etiam

2013 2352 2180 2408 usque
2228 2341 2294 2395 ad
2343 2345 2672 2400 vendendam
2719 2349 3210 2420 primogenituram.
3251 2351 3430 2425 itaque
3471 2367 3596 2412 sunt

2014 2435 2124 2505 jam
2174 2449 2370 2493 nostra:
2419 2444 2882 2516 primogenitum,
2916 2467 3020 2506 non
3049 2454 3378 2515 Iudaeorum.
3427 2462 3596 2520 Simul

2017 2528 2177 2583 etiam
2205 2547 2268 2585 ex
2299 2531 2401 2588 hoc
2450 2551 2650 2593 interor
2675 2555 2860 2596 eorum
2894 2543 3100 2600 levatur
3127 2563 3143 2604 :
3176 2552 3328 2615 quasi
3369 2555 3593 2626 diceret,

2015 2619 2162 2709 quod
2203 2621 2402 2690 primus
2445 2626 2612 2682 factus
2641 2629 2709 2684 sit
2751 2635 3033 2701 posterior,
3064 2646 3117 2692 et
3143 2641 3229 2709 qni
3256 2653 3372 2698 erat
3398 2619 3585 2702 secnn;

2014 2706 2111 2762 dus
2142 2707 2311 2764 factus
2349 2714 2420 2766 sit
2447 2716 2682 2783 primus:
2716 2718 2806 2774 ille
2835 2723 3057 2790 primus,
3093 2706 3312 2798 propter
3341 2746 3592 2792 constan-

2012 2796 2140 2851 tiam
2187 2809 2242 2854 et
2287 2803 2656 2870 tolerantiam;
2702 2809 2787 2864 hic
2828 2817 3114 2884 posterior,
3163 2796 3378 2890 propter
3404 2839 3588 2882 εσθαι-α

2009 2886 2150 2951 diam
2188 2899 2243 2946 et
2281 2894 2676 2964 negligentiam.
2727 2901 2812 2954 17.
2862 2904 3054 2960 Scitote
3092 2886 3224 2962 enim
3260 2886 3498 2982 quoniam
3541 2930 3588 2972 rt

2010 2990 2181 3048 postea
2229 2989 2435 3049 cupiens
2484 2987 2766 3045 [meditare
2812 2993 3239 3067 benedictionem,
3290 3010 3585 3076 reprobatas

2006 3080 2127 3124 est:
2166 3089 2266 3126 non
2308 3076 2437 3128 enim
2487 3079 2674 3132 invenit
2713 3085 3018 3148 paenitentia:
3061 3090 3245 3157 locum,
3279 3112 3583 3168 quamqua»

2004 3175 2118 3213 cum
2149 3161 2386 3233 lacrymis
2411 3166 2695 3235 inquisisset
2717 3187 2848 3225 eam.

2072 3252 2128 3305 2.
2159 3253 2296 3323 Quid
2324 3255 2424 3311 hoc
2453 3269 2534 3312 est
2556 3260 2578 3310 ?
2603 3263 2891 3330 expellitne
2921 3269 3576 3336 pmnitentiam?Minium

2001 3339 2105 3397 Sed
2133 3347 2419 3413 quomodo,
2440 3348 2630 3419 inquit,
2657 3355 2980 3420 paenitentia:
3004 3359 3174 3416 locmn
3202 3381 3306 3420 non
3335 3372 3529 3424 iuverit
3560 3379 3581 3425 γ

1999 3450 2118 3490 nam
2144 3439 2186 3490 si
2219 3440 2450 3508 seipsuin
2473 3444 2864 3514 c0udemnavit,
2898 3451 2941 3505 si
2975 3455 3129 3510 valde
3162 3458 3438 3531 ingemuit,
3483 3481 3578 3519 cu:-

1997 3542 2102 3582 non
2132 3530 2329 3586 invenit
2355 3534 2529 3588 locum
2564 3540 2930 3605 pmnitentire?
2956 3543 3220 3612 Quoniam
3257 3567 3318 3606 ea
3355 3530 3440 3609 res
3469 3573 3572 3609 non

1993 3630 2110 3673 erat
2161 3623 2504 3688 parniteutim.
2551 3627 2699 3682 Sicut
2750 3632 2891 3685 enim
2933 3649 3032 3689 nec
3079 3641 3404 3705 paenitentia:
3458 3658 3574 3700 erat

1995 3710 2202 3764 tristitia
2247 3712 2415 3778 Calui,
2463 3725 2520 3770 ut
2565 3721 2799 3775 ostendit
2828 3721 2965 3778 facta
3003 3728 3193 3794 cardes,
3223 3731 3291 3784 ita
3318 3732 3405 3789 hic
3434 3753 3569 3804 quo-

1991 3814 2094 3869 qne
2120 3801 2276 3855 verba
2304 3818 2407 3856 non
2431 3816 2583 3860 erant
2607 3811 2969 3877 poenitentiae;
3005 3815 3162 3886 idque
3185 3830 3368 3888 postea
3390 3801 3567 3881 osten-

1990 3891 2067 3945 dit
2109 3892 2280 3947 eanles
2311 3911 2323 3946 :
2357 3910 2479 3949 nam
2527 3897 2637 3966 ipse
2671 3915 2902 3972 quoque,
2950 3907 3088 3974 quod
3131 3910 3196 3963 ad
3243 3914 3565 3973 voluntatem

1989 3983 2199 4048 attinet,
2243 3983 2406 4040 Jacob
2447 3987 2735 4044 interfecit.
2763 3993 3257 4068 Appropinquabant
3285 4005 3448 4072 enim,
3485 4009 3564 4063 in-

1989 4073 2123 4143 quit,
2154 4075 2260 4128 dies
2285 4077 2450 4132 luctas
2477 4082 2642 4149 patris
2678 4085 2793 4148 mei,
2827 4096 2873 4139 et
2912 4088 3216 4158 interﬁciant
3251 4093 3413 4151 Iacob
3452 4101 3565 4170 [ra-

1987 4172 2110 4216 trem
2142 4181 2303 4262 meum
2335 4165 2486 4239 (Gen.
2519 4171 2611 4236 9.7,
2639 4173 2752 4242 41).
2780 4175 2892 4230 Νοη
2926 4179 3204 4237 valuerunt
3231 4199 3361 4256 ergo
3391 4165 3563 4262 lact-y-

1987 4268 2087 4306 mze
2113 4255 2160 4308 ei
2188 4255 2314 4310 dare
2340 4260 2729 4328 pteuitentiam.
2762 4265 2829 4320 Et
2857 4283 2960 4322 non
2986 4270 3138 4337 dixit,
3171 4275 3270 4329 Per
3299 4255 3562 4345 peniten—

1988 4347 2136 4410 tiam,
2158 4349 2399 4406 absolute
2423 4369 2438 4417 ;
2466 4355 2582 4421 sed,
2616 4357 2785 4412 Etiam
2803 4374 2922 4413 cum
2951 4364 3197 4434 lacrymis
3222 4383 3328 4422 non
3356 4372 3558 4428 invenit

1986 4435 2160 4492 locmn
2228 4442 2578 4509 paenitentia}.
2657 4445 3058 4514 Quamobrem?
3128 4454 3394 4523 Quoniam
3452 4479 3556 4517 non

1985 4529 2253 4598 quomodo
2281 4535 2516 4602 oportuit
2551 4537 2660 4607 egit
2697 4541 3099 4610 ptenitentiam;
3149 4547 3251 4604 hoc
3289 4552 3429 4605 enim
3478 4566 3562 4610 est

1987 4622 2330 4688 paenitentia;
2395 4642 2500 4681 non
2567 4628 2677 4698 egit
2738 4635 3104 4702 paenitentiam
3173 4652 3229 4696 ut
3300 4652 3552 4714 oportuit.

1988 4712 2195 4780 Alioqui
2265 4718 2534 4786 quomodo
2588 4719 2704 4778 ιιωο
2755 4724 2997 4783 diceret?
3063 4712 3370 4803 quomodo,
3427 4752 3552 4794 cum

1982 4817 2172 4869 segnes
2222 4815 2276 4859 et
2334 4809 2468 4877 pigri
2525 4814 2861 4881 evasissent,
2913 4833 3009 4874 eos
3065 4835 3248 4877 rursus
3295 4825 3554 4884 adhorta-

1989 4903 2186 4959 retur?
2221 4906 2492 4975 quomodo
2535 4921 2656 4964 cum
2697 4911 2869 4966 claudi
2923 4911 3049 4968 lacti
3097 4917 3566 4990 essenttquomoo

1985 4993 2056 5051 do
2081 5011 2201 5051 cum
2226 5006 2411 5054 essent
2452 5000 2665 5057 remissi
2711 5011 2767 5057 et
2805 5003 3000 5058 soluti?
3052 5005 3156 5062 hoc
3179 5009 3318 5064 enim
3363 5019 3448 5066 est
3473 5013 3572 5069 ini-

1985 5093 2114 5143 tium
2157 5088 2359 5160 lapsus.
2410 5092 2535 5148 Mihi
2576 5093 2788 5150 videtur
2829 5097 3168 5156 aubindicare
3202 5105 3463 5173 quosdam
3513 5105 3567 5160 in

1983 5182 2060 5234 cis
2117 5184 2498 5250 fornicatores,
2565 5187 2705 5244 nolle
2763 5200 2940 5244 tamen
2995 5201 3122 5248 tunc
3164 5212 3259 5251 eos
3303 5212 3564 5267 arguere;

1980 5274 2072 5328 ..τι
2105 5273 2255 5347 lingit
2279 5293 2338 5332 se
2369 5278 2635 5347 ignorare,
2684 5289 2740 5334 ut
2781 5281 3138 5352 corrigantur.
3165 5285 3389 5356 Oportet
3416 5289 3562 5344 enim

1983 5363 2210 5430 pri-num
2257 5367 2474 5436 quidem
2519 5370 2773 5426 simulare
2822 5372 3219 5442 ignorantiam:
3253 5389 3433 5447 postea
3465 5395 3560 5433 au.

1980 5463 2085 5507 tem
2115 5472 2233 5510 cum
2265 5462 2752 5528 perseveraverint,
2784 5476 2909 5519 tunc
2932 5467 3092 5521 etiam
3131 5466 3327 5524 inferre
3374 5487 3562 5540 repre.

1979 5541 2331 5614 hensionem,
2400 5565 2466 5604 ne
2531 5551 2788 5621 pudorem
2855 5567 3078 5610 estunit.
3131 5558 3286 5624 Quod
3351 5562 3560 5636 Moysi-3

1975 5652 2186 5710 quoque
2215 5637 2340 5694 fecit
2365 5639 2418 5696 in
2447 5639 2660 5698 Zatnbri
2685 5655 2737 5700 et
2765 5645 3123 5704 Chasbitide'.
3145 5646 3266 5703 Non
3305 5654 3436 5707 enim
3476 5655 3557 5707 in.

1974 5731 2126 5800 venit,
2177 5731 2366 5803 inquit,
2418 5736 2725 5804 paenitentia'
2769 5739 2933 5794 locum
2969 5738 3555 5810 (Nunt.e.25).l\'onina

3173 5849 3246 5913 ib
