4088 6208
487 348 596 403 ἳΙῦ

476 439 623 493 venit
673 439 1059 509 puniitcntiam,
1087 447 1179 495 aut
1206 442 1348 512 quod
1381 446 1624 514 peccavit
1648 444 1872 518 majora,
1900 466 2060 522 quam

476 546 531 583 ut
560 547 745 585 eorum
789 533 870 602 agi
922 534 1089 602 possit
1132 536 1480 604 pmnitentia;
1526 550 1619 593 aut
1661 543 1799 611 quod
1846 543 2058 616 dignam

479 626 843 694 paenitentiam
892 642 995 678 non
1045 625 1248 681 fecerit.
1285 628 1418 685 Sunt
1472 648 1599 699 ergo
1631 645 1844 703 peccata
1882 638 2057 709 aliqua

478 717 700 785 majora,
721 731 878 785 quam
909 724 963 768 ut
985 731 1169 770 eorum
1188 720 1269 788 agi
1299 722 1463 788 possit
1493 726 1830 791 pmnilentia.
1847 728 1960 783 lloc
1979 738 2061 783 est

473 822 600 875 ergo
627 806 766 874 quod
791 805 919 859 dicit
944 823 957 860 :
983 806 1059 861 Ne
1086 808 1341 864 cudamus
1371 828 1496 866 casu
1528 814 1809 871 incurabili
1835 837 1849 872 :
1883 818 2058 875 donec

476 896 636 952 fuerit
683 898 854 953 solum
886 900 1225 967 claudicatio,
1260 902 1411 958 facile
1454 915 1535 961 est
1558 917 1760 963 rectum
1793 911 1908 965 ﬂeri
1933 928 1948 978 ;
1973 914 2054 966 sin

471 1002 648 1042 autem
677 988 934 1045 fuerimus
956 993 1168 1060 penitus
1195 995 1387 1059 eversi,
1405 998 1530 1065 quid
1561 999 1820 1057 restabit?
1839 1004 1970 1059 Cum
1991 1006 2055 1059 iis

472 1081 617 1135 enim
649 1080 738 1150 qui
771 1082 1005 1135 nondum
1046 1083 1356 1140 ceciderunt
1396 1089 1474 1142 sic
1514 1090 1766 1160 loquitur,
1794 1105 1937 1150 metu
1960 1112 2054 1151 eos

470 1172 786 1227 concutiens
806 1214 821 1240 ,
851 1182 906 1228 et
933 1173 1065 1229 dicit
1095 1174 1219 1243 fieri
1245 1193 1350 1232 non
1383 1194 1541 1249 posse
1581 1194 1636 1237 ut
1678 1186 1767 1254 qui
1799 1188 2052 1242 ceciderit

469 1279 721 1334 umquam
780 1277 1099 1336 assequatur
1136 1271 1599 1330 consolationem:
1639 1275 1711 1332 lis
1739 1287 1916 1335 autem
1963 1284 2050 1352 qui

469 1357 813 1424 ceciderunt,
843 1375 907 1414 ne
954 1361 1191 1417 incidant
1220 1363 1272 1417 in
1303 1364 1753 1439 desperationem,
1781 1379 2050 1430 contraria

465 1450 544 1504 sic
584 1450 711 1505 dicit
742 1469 754 1505 :
780 1451 957 1507 Filioli
983 1455 1101 1520 mei,
1122 1472 1249 1526 quos
1271 1458 1452 1514 iterum
1478 1465 1729 1532 parturio,
1758 1469 1918 1524 donec
1940 1475 2052 1542 for-

368 1558 373 1565 ε
467 1551 631 1593 melur
652 1541 704 1593 in
731 1542 867 1597 vobis
905 1541 1136 1598 Christus
1164 1545 1307 1617 (Gal.
1328 1549 1382 1604 4.
1410 1550 1532 1621 19);
1560 1563 1614 1608 et
1641 1571 1847 1626 rursus,
1876 1541 1974 1627 Qui
1995 1564 2049 1618 in

468 1632 578 1702 lege
595 1634 975 1703 justi/immitti,
1005 1653 1036 1689 a
1059 1640 1224 1707 gratia
1240 1641 1492 1698 cecidistis
1520 1644 1673 1715 (Cal.
1712 1650 1767 1705 5.
1798 1651 1878 1724 4).
1911 1655 2049 1714 Ecce

473 1734 697 1777 testatur
722 1740 816 1780 eos
841 1728 1127 1785 excidisse.
1151 1729 1285 1786 Nam
1312 1735 1405 1803 qui
1427 1744 1533 1790 stat
1558 1740 1797 1809 quidem,
1826 1746 2049 1805 audiens

469 1816 583 1871 ﬁeri
612 1832 716 1871 non
744 1833 901 1888 posse
929 1828 989 1875 ut
1012 1823 1103 1892 qui
1133 1824 1327 1879 cecidit
1349 1828 1558 1882 veniam
1582 1844 1918 1903 assequalur,
1946 1840 2048 1895 erit

473 1916 871 1986 vehementior,
899 1929 951 1974 et
976 1920 1042 1974 ad
1065 1920 1312 1977 standum
1346 1923 1551 1980 ﬁrmior
1576 1936 1631 1983 et
1656 1930 1898 1988 stabilior
1925 1954 1940 1990 :
1970 1937 2052 1992 sin

469 2019 646 2063 autem
673 2011 721 2063 in
744 2025 865 2064 eum
888 2011 978 2080 qui
1002 2013 1259 2069 ceciderit
1286 2015 1472 2072 eadem
1505 2019 1671 2076 utaris
1694 2021 2047 2093 vehementia,

469 2114 759 2170 numquam
790 2112 1068 2172 resurget;
1098 2119 1219 2159 nam
1248 2121 1353 2176 qua
1379 2122 1475 2178 spe
1503 2112 1751 2167 ostendet
1800 2117 2051 2172 mutatio-

472 2193 631 2245 nem?
657 2192 773 2248 Non
800 2193 970 2249 solum
1002 2203 1180 2252 autem
1208 2197 1360 2267 dicit,
1392 2201 1582 2267 Flevit,
1629 2206 1723 2261 sed
1758 2208 1941 2277 etiam,
1970 2211 2055 2268 ln-

469 2284 704 2351 quisivit.
738 2285 855 2339 Non
884 2303 1013 2358 ergo
1035 2290 1257 2359 expellit
1293 2295 1686 2361 paenitentiam,
1737 2313 1859 2355 cum
1902 2301 2051 2371 dicit,

472 2371 593 2427 Non
638 2375 823 2429 invenit
871 2380 1178 2447 paenitentia
1225 2381 1429 2443 locum:
1459 2385 1551 2440 sed
1596 2388 1709 2442 vult
1750 2392 1922 2459 potius
1959 2408 2054 2450 eos

472 2466 700 2530 munire,
732 2468 1020 2539 lirmosque
1046 2470 1271 2527 reddere
1292 2488 1354 2528 ac
1381 2476 1600 2532 stabiles
1628 2494 1694 2535 ne
1722 2494 1897 2537 ruant.
1920 2484 2053 2555 Qui-

472 2572 703 2627 cumque
736 2573 863 2629 ergo
901 2561 1165 2629 geliennm
1190 2578 1295 2618 non
1323 2566 1569 2633 credunt,
1597 2568 1786 2626 horum
1830 2578 2055 2631 remini-

471 2655 738 2702 srautur:
786 2649 1108 2721 quicumque
1161 2655 1468 2712 existimant
1518 2671 1737 2729 peccata
1782 2680 1886 2721 non
1935 2683 2054 2724 esse

470 2738 756 2806 punienda,
790 2740 902 2797 hinc
928 2744 1186 2814 cogitent.
1209 2747 1315 2802 Cur
1342 2747 1484 2804 Esat't
1509 2768 1611 2806 non
1634 2762 1716 2808 est
1737 2771 2054 2829 assequutus

468 2830 724 2884 veniam?
750 2831 1011 2899 Quoniam
1045 2851 1150 2890 non
1182 2847 1239 2892 ut
1264 2843 1501 2908 oportuit
1527 2845 1636 2914 egit
1664 2847 2050 2916 paenitentiam.

539 2921 591 2975 5.
630 2920 724 2977 Vis
751 2922 933 2980 videre
962 2936 1202 2981 exactam
1231 2940 1286 2984 et
1315 2930 1618 2990 absolutam
1651 2940 2085 3007 poenitentiam?‘

468 3009 608 3066 Audi
625 3014 990 3081 pmuitentiam
1017 3019 1159 3074 Petri
1184 3029 1301 3089 post
1328 3025 1685 3094 negationem.
1704 3030 1834 3086 Nam
1853 3049 1971 3105 qua:
1987 3040 2054 3093 ab

470 3120 536 3198 eo
559 3114 708 3198 gesta
731 3116 855 3198 sunt
884 3124 1108 3198 narrans
1136 3115 1477 3184 evangelista,
1498 3117 1566 3171 Et
1594 3136 1844 3192 egressus,
1863 3126 2053 3198 inquit,

468 3193 610 3259 foras
653 3193 790 3262 ﬂet-it
816 3210 1008 3249 amare.
1038 3196 1328 3268 Propterea
1357 3203 1405 3256 ei
1435 3203 1594 3258 etiam
1642 3193 2060 3270 remissum—fuit

472 3281 732 3352 ejusmodi
781 3297 1076 3355 peccatum,
1110 3293 1358 3360 quoniam
1397 3298 1665 3364 quomodo
1690 3305 1926 3371 Oportuit
1953 3309 2059 3377 egit

470 3377 865 3444 pmnitentiam.
896 3380 1054 3450 Atqui
1109 3384 1344 3438 nondum
1389 3386 1628 3443 oblatum
1655 3392 1824 3448 fuerat
1852 3398 2057 3452 sacrifi-

469 3467 633 3531 cium,
671 3470 903 3524 nondum
933 3470 1070 3526 facta
1098 3472 1291 3542 hostia,
1320 3478 1551 3532 nondum
1579 3482 1840 3539 sublatum
1869 3501 2059 3555 pecca-

471 3571 602 3625 tum,
630 3562 805 3618 adhuc
818 3563 1146 3619 dominatum
1171 3568 1443 3626 obtinebat
1465 3581 1519 3627 et
1546 3578 1876 3645 tyrannidem
1899 3595 2058 3637 exer-

471 3653 645 3708 cebat.
693 3654 758 3708 Et
800 3664 856 3708 ut
896 3655 1035 3710 scias
1060 3659 1200 3727 quod
1233 3661 1442 3731 negatio
1468 3680 1571 3719 non
1606 3678 1709 3722 tam
1740 3681 2057 3729 cratsocor-

471 3743 573 3798 diae
601 3759 664 3799 ac
704 3744 1061 3817 negl'gentitr,
1091 3765 1248 3819 quam
1290 3768 1354 3806 ex
1397 3769 1463 3809 eo
1485 3750 1627 3827 quod
1651 3759 1790 3815 Deus
1817 3778 1938 3818 eum
1969 3765 2059 3822 de-

471 3849 735 3904 seruerat,
766 3838 1014 3896 erudiens
1048 3843 1334 3900 humanam
1355 3847 1493 3904 scire
1522 3865 1847 3922 mensuram,
1876 3865 1931 3912 et
1954 3875 2059 3914 non

470 3946 768 4024 repugnare
790 3934 852 3988 iis
871 3951 988 4004 quin
1008 3936 1328 3995 dicebantur
1349 3956 1377 3994 a
1394 3941 1665 4022 Magistro,
1694 3963 1868 4020 neque
1895 3954 2062 4024 magis

472 4037 631 4091 quam
675 4022 767 4075 alii
812 4038 1001 4093 sapere
1025 4067 1040 4091 ,
1075 4029 1170 4083 sed
1211 4032 1348 4085 scire
1383 4035 1525 4103 quod
1566 4036 1768 4108 absque
1798 4039 1905 4097 Deo
1932 4022 2060 4099 nilnil

472 4121 649 4180 potest
676 4114 809 4204 fieri,
833 4124 885 4168 et
904 4118 1045 4185 quod
1072 4118 1187 4173 Nisi
1216 4121 1462 4179 Dominus
1480 4127 1801 4194 aediﬁcaverit
1821 4132 2026 4189 domum
2043 4178 2058 4204 ,

473 4206 665 4273 frustra
689 4200 918 4257 laborant
941 4209 1025 4275 qui
1047 4211 1301 4275 wdiﬁcunt
1321 4230 1428 4266 eam
1464 4215 1631 4286 (l’sal.
1660 4220 1779 4276 1‘26.
1815 4224 1869 4293 l)
1894 4241 1908 4289 ;
1938 4200 2063 4282 audi

474 4293 743 4361 quomodo
774 4310 995 4352 monens
1028 4301 1326 4356 modestum
1354 4320 1490 4369 esse,
1510 4308 1606 4377 ipsi
1637 4313 1733 4365 soli
1757 4313 1890 4370 dixit
1909 4316 2065 4375 Cliri-

474 4396 591 4440 stus
616 4404 631 4441 :
660 4385 865 4455 Simon,
894 4388 1093 4453 Simon,
1124 4395 1323 4463 expetiit
1350 4405 1397 4451 te
1421 4409 1646 4468 satanas,
1674 4416 1725 4459 ut
1752 4417 1799 4460 te
1826 4410 2065 4468 cribraret

474 4479 604 4571 sicut
634 4478 890 4571 triticum;
916 4491 962 4534 et
986 4498 1075 4554 ego
1103 4501 1194 4552 pro
1221 4494 1267 4539 te
1290 4490 1484 4558 rogavi,
1508 4500 1562 4544 ut
1585 4510 1683 4549 non
1709 4498 1910 4569 deﬁciat
1938 4504 2065 4571 ﬁdes

476 4570 605 4639 tua(
635 4567 763 4623 Luc.
792 4569 994 4627 22.51.
1020 4574 1097 4627 52
1127 4575 1167 4644 ).
1196 4574 1326 4631 Nam
1358 4581 1606 4648 quoniam
1637 4599 1745 4641 erat
1774 4567 2066 4652 verisimile

483 4691 604 4730 eum
623 4672 722 4727 sibi
748 4670 960 4738 placere
978 4676 1032 4724 et
1054 4666 1193 4719 elato
1211 4678 1328 4718 esse
1342 4664 1539 4730 animo,
1553 4665 1642 4733 qui
1661 4666 1761 4717 sibi
1785 4671 1925 4717 esset
1940 4678 2067 4717 con~

481 4766 625 4820 scius
648 4760 789 4834 quod
815 4759 937 4831 plus
961 4772 1118 4828 quam
1140 4767 1330 4810 omnes
1353 4753 1620 4807 Christum
1648 4753 1909 4823 diligeret,
1939 4752 2058 4807 ideo

482 4870 707 4927 peccare
750 4863 804 4909 et
850 4851 1161 4922 Magistrum.
1197 4846 1458 4916 abnegare
1502 4844 1694 4899 sinitur
1729 4862 1743 4900 :
1779 4852 2064 4913 propterea

480 4948 642 5003 etiam
662 4945 807 5001 ﬂevit
829 4957 1032 5005 amare,
1049 4951 1101 4995 et
1115 4938 1219 4993 alia
1246 4952 1364 5008 qua:
1383 4935 1561 4991 ﬂetum
1590 4945 1711 4990 sunt
1729 4944 2063 5006 consequuta

478 5038 607 5093 fecit
629 5035 838 5090 similia.
876 5033 1014 5100 Quid
1042 5030 1317 5085 enimnon
1348 5028 1511 5085 feeit?
1536 5043 1594 5083 se
1622 5036 1803 5098 postea
1831 5027 2066 5089 coniecit

479 5133 537 5186 in
564 5127 796 5200 pericula
817 5127 1113 5189 innumera,
1144 5133 1198 5179 et
1216 5138 1315 5194 per
1338 5120 1769 5181 omniaostendit
1809 5135 2059 5191 magnam

477 5221 643 5278 animi
673 5217 756 5275 sui
777 5219 1021 5293 virtutem
1049 5227 1101 5273 et
1133 5214 1504 5271 constantiam.
1529 5214 1899 5270 Paenitentiam
1922 5227 2060 5282 quo-

479 5307 908 5384 queegitJudas,
927 5309 1063 5362 sicut
1085 5307 1215 5373 dixi,
1242 5306 1337 5363 sed
1367 5306 1507 5360 male
1535 5321 1548 5356 :
1577 5320 1636 5359 se
1660 5304 1853 5375 quippe
1876 5316 2059 5359 Stran-

476 5401 1075 5477 gnlavit.Pmnitentiam
1093 5415 1305 5472 quoque
1321 5400 1450 5471 egit,
1465 5398 1742 5465 sicutdixi,
1759 5397 1930 5465 Esau;
1950 5399 2059 5453 imo

545 5551 559 5581 ¹
584 5549 837 5612 Interpres
857 5547 1058 5612 Latinus
1078 5551 1246 5612 noster
1266 5547 1315 5596 in
1326 5545 1526 5612 zaptbri
1547 5551 1591 5612 et
1615 5547 1944 5600 Madianitide.
1965 5552 2065 5601 Sed
2086 5582 2091 5591 ι

1563 5610 1669 5668 Quo
1690 5613 1918 5672 probatur
1940 5613 2092 5662 hanc'

481 5606 880 5661 Mnt‘ranus'cirea
907 5609 1103 5659 Zambri
1125 5616 1169 5657 et
1192 5606 1535 5657 (‘liasbitidam

482 5687 507 5753 ξ
516 5685 646 5743 iniam
673 5686 785 5753 esse
811 5672 1093 5753 lectionem.
1116 5668 1673 5753 {lmcloeabatuq’t‘qzbi
1820 5684 1915 5753 sui;
1920 5675 2067 5753 £1731-

473 5734 600 5795 cipis
618 5732 895 5783 nolnlissimi
919 5732 1308 5792 Medianum-um,
1330 5733 1487 5795 inquit
1501 5730 1724 5795 Vulgata,
1738 5730 1964 5799 Nomii,
1990 5739 2062 5789 15.
2086 5777 2093 5787 .

1212 339 1271 394 s.
1310 337 1588 394 JOANNIS
1621 298 2089 391 cnnvsosront
2127 328 2441 385 ARCIIIEP.
2483 318 3010 386 CONSTANTINOPL

3642 316 3750 386 sit;

2170 471 2296 508 vero
2319 468 2415 508 nec
2440 455 2543 521 egit
2566 451 2777 521 quidem
2796 444 3310 519 ptenitentiam,ejus
3332 441 3474 500 enim
3499 443 3745 517 lacryma:

2170 561 2274 601 nor.
2296 551 2445 600 erant
2472 538 2922 613 pmnitentim,sed
2947 537 3118 608 potius
3142 534 3498 591 insultationis
3524 545 3580 591 et
3607 535 3700 591 ira:
3726 548 3741 589 :

2168 635 2326 704 idque
2363 631 2651 686 ostendunt
2673 644 2735 685 ea
2761 643 2879 699 qua:
2905 640 3216 698 sequuntur.
3244 625 3612 681 Pmnitentiam
3639 625 3747 694 egit

2166 727 2352 782 beatus
2384 724 2545 779 David
2567 766 2581 789 ,
2614 709 2691 776 sic
2716 721 2900 776 dicens
2930 737 2943 773 :
2971 718 3171 773 Lavabo
3201 735 3290 789 per
3319 715 3548 788 singulas
3577 727 3745 772 noctes

2167 820 2348 872 lectum
2368 831 2552 881 meum,
2573 812 2807 883 lacrymis
2827 811 2949 865 meis
2968 818 3181 866 stratum
3199 824 3361 861 mcum
3377 806 3552 878 rigabo
3572 806 3742 878 (Psal.

2166 909 2222 966 6.
2264 909 2296 961 7
2323 909 2340 977 )
2367 925 2378 960 :
2403 917 2456 961 et
2484 904 2626 975 quod
2654 902 2939 973 aliquando
2967 900 3260 955 admiserat
3287 908 3595 969 peccatum,
3626 908 3749 969 post

2165 1009 2243 1054 tot
2262 1012 2449 1063 annos,
2468 1003 2586 1065 post
2602 1003 2677 1049 tet
2695 992 3085 1064 generationes,
3106 998 3378 1059 tamquam
3394 989 3533 1060 quod
3557 1005 3744 1045 recens

2163 1090 2461 1147 aceedisset
2482 1086 2732 1143 deﬂebat.
2769 1084 2904 1139 Eum
2929 1086 3072 1140 enim
3116 1082 3205 1152 qui
3239 1081 3346 1152 agit
3374 1081 3740 1151 pmnitentiam

2164 1198 2267 1236 non
2298 1188 2509 1250 oportet
2534 1177 2689 1234 irasci
2720 1190 2890 1246 neque
2918 1173 3125 1230 eﬂ‘erari
3152 1215 3167 1237 ,
3197 1173 3291 1228 sed
3323 1182 3587 1243 tamquam
3614 1188 3745 1227 con-

2163 1273 2467 1328 demnatum
2498 1269 2730 1334 conteri,
2754 1275 2813 1323 ut
2833 1268 2923 1338 qui
2951 1282 3056 1323 non
3076 1265 3271 1321 habeat
3293 1264 3536 1320 fiduciam
3558 1307 3573 1332 ,
3602 1276 3662 1320 ut
3687 1267 3742 1320 in

2162 1377 2322 1433 quem
2338 1361 2449 1416 lata
2467 1360 2537 1415 sit
2553 1358 2839 1423 sententia,
2855 1366 2911 1411 ut
2926 1357 3012 1427 qui
3031 1356 3219 1412 debeat
3240 1370 3269 1409 a
3286 1356 3397 1411 sola
3415 1356 3594 1411 salvus
3620 1371 3749 1412 esse

2162 1445 2544 1518 misericordia,
2571 1451 2661 1522 qui
2709 1451 2763 1504 in
2798 1447 3195 1505 benefactorem
3221 1448 3525 1517 apparuerit
3552 1449 3751 1509 immer

2160 1561 2280 1602 mor
2293 1555 2347 1601 et
2362 1545 2616 1615 ingratus,
2630 1551 2901 1612 tamquam
2916 1538 3200 1609 reprobum
3225 1547 3280 1593 et
3300 1537 3518 1608 dignum
3536 1539 3753 1608 sqppli-.

2160 1640 2261 1695 ciis
2284 1635 2776 1694 innumerabilibus.
2793 1632 2849 1688 Si
2866 1634 2980 1687 haec
3004 1632 3219 1701 cogitet,
3239 1644 3344 1685 non
3370 1630 3624 1685 irascetur
3649 1645 3744 1686 ne-

2162 1744 2263 1801 que
2289 1726 2666 1799 indignabitur,
2680 1724 2775 1780 sed
2803 1722 3027 1794 lugebit,
3044 1720 3213 1788 ﬂebit,
3230 1721 3561 1791 ingemiscat,
3576 1720 3746 1791 ejula.

2162 1823 2238 1877 bit
2266 1830 2419 1875 nocte
2445 1827 2499 1874 et
2517 1818 2624 1872 die.
2647 1816 2784 1871 Eum
2814 1815 2903 1885 qui
2934 1815 3043 1885 agit
3064 1814 3428 1885 paenitentiam
3453 1828 3738 1884 numquam

2161 1920 2369 1983 Oportet
2397 1923 2549 1963 suum
2598 1906 2839 1961 oblivisci
2878 1914 3175 1976 peccatum,
3208 1903 3302 1959 sed
3333 1903 3495 1959 Deum
3526 1902 3755 1973 quidem.

2160 2021 2349 2077 rogare
2367 2012 2424 2058 ut
2453 2018 2518 2058 ne
2543 2001 2656 2072 ejus
2682 1997 3148 2064 meminerit,dum
3173 1996 3289 2066 ipse
3315 2010 3524 2065 semper
3545 1996 3740 2051 memi-

2161 2100 2239 2154 nit
2266 2113 2280 2148 :
2309 2097 2353 2151 si
2381 2109 2480 2150 nos
2504 2092 2619 2163 ejus
2643 2089 3060 2151 meminerimus,
3075 2088 3216 2143 Deus
3238 2086 3354 2157 ejus
3374 2086 3736 2142 obliviscetur.

2161 2191 2239 2247 De
2256 2188 2409 2244 nobis
2430 2186 2557 2257 ipsis
2577 2198 2760 2255 poenas
2775 2195 3067 2245 sumamus,
3089 2194 3187 2234 nos
3217 2180 3360 2249 ipsos
3383 2193 3691 2234 accusemus
3717 2195 3736 2233 :

2158 2283 2233 2338 ita
2248 2282 2488 2337 Judicem
2519 2278 2863 2340 placabimus.
2883 2273 3164 2328 Peccatum
3190 2271 3330 2325 enim
3353 2269 3494 2340 quod
3514 2268 3727 2325 confes—

2163 2379 2257 2417 sus
2292 2365 2475 2422 fueris.
2509 2368 2566 2418 Iit
2603 2366 2810 2426 minus;
2842 2363 2982 2433 quod
3012 2365 3291 2421 confessus
3315 2380 3418 2419 non
3445 2364 3608 2419 fueris
3629 2405 3646 2430 ,
3678 2365 3736 2420 fit

2165 2456 2414 2509 deterius.
2464 2452 2591 2508 Nam
2622 2454 2665 2508 si
2697 2464 2968 2524 peceatum
2999 2454 3098 2509 sibi
3129 2453 3430 2524 adjunxerit
3457 2455 3734 2524 impuden-

2168 2545 2292 2598 tiam
2317 2546 2655 2614 animumque
2678 2545 2964 2615 ingratum,
2987 2559 3271 2615 numquam
3293 2546 3584 2601 consistet:
3606 2562 3713 2617 quo

2167 2635 2326 2690 modo
2356 2635 2472 2689 talis
2491 2636 2707 2690 omnino
2733 2635 2925 2705 poterit
2952 2649 3139 2690 cavere
3167 2650 3234 2690 ne
3263 2634 3315 2688 in
3341 2635 3527 2690 eadem
3554 2650 3739 2690 rursus

2164 2725 2363 2781 incidat
2389 2725 2478 2796 qui
2509 2726 2655 2795 prius
2685 2725 2908 2780 nescivit
2933 2740 2993 2780 se
3022 2724 3275 2796 peccare?
3756 2787 3765 2793 .

2236 2817 2433 2872 Bonum
2473 2826 2545 2873 est
2587 2825 2787 2888 peccata
2829 2833 2924 2872 sua
2962 2832 3230 2888 agnoscere
3269 2826 3314 2870 et
3351 2816 3406 2871 in
3445 2817 3765 2885 memoriam.

2162 2927 2499 2966 revocare.-—
2517 2908 2595 2964 Ne
2623 2910 2780 2980 igitur
2808 2923 3059 2980 negemus
3086 2916 3299 2978 peccata
3325 2917 3505 2964 nostra
3523 2949 3538 2973 ,
3566 2924 3695 2979 rogo
3719 2949 3735 2974 ,

2164 3016 2337 3071 neque
2366 3000 2531 3054 simus
2556 2998 2910 3068 impudentes,
2936 3014 3002 3053 ne
3032 2999 3113 3053 vel
3144 2998 3289 3052 inviti
3316 2997 3504 3053 demus
3532 3013 3737 3068 pmnas.
3766 3040 3769 3043 -

2163 3089 2521 3146 AudivitCain
2544 3104 2572 3143 a
2600 3089 2710 3144 Deo
2739 3108 2752 3144 :
2781 3087 2878 3145 Ubi
2901 3098 2975 3143 est
3000 3088 3123 3143 Abel
3146 3092 3305 3160 frater
3328 3090 3481 3143 tuus?
3498 3099 3552 3144 et
3573 3089 3736 3145 dicit:

2166 3180 2351 3237 Nescio
2368 3197 2387 3236 :
2403 3181 2645 3251 numquid
2667 3196 2759 3251 ego
2778 3195 2890 3234 sum
2912 3190 3078 3235 custos
3098 3179 3274 3250 fratris
3293 3181 3389 3234 mei
3408 3177 3556 3248 (Gen.
3582 3181 3635 3236 4.
3653 3179 3739 3250 9)?

2163 3272 2324 3329 Vides
2366 3272 2633 3343 quomodo
2676 3270 3026 3347 hongravius
3067 3280 3340 3341 peccatum
3376 3269 3597 3347 fecerit?
3634 3254 3771 3327 Sed.

2163 3380 2271 3419 non
2299 3363 2377 3419 sic
2399 3363 2516 3432 ejus
2544 3370 2730 3433 pater,
2759 3343 2848 3428 qui
2877 3376 2999 3416 cum
3024 3361 3279 3416 audiisset
3300 3403 3316 3423 ,
3346 3343 3511 3415 Adam
3539 3362 3622 3416 ubi
3646 3378 3696 3416 es
3715 3362 3741 3416 1’

2162 3454 2354 3526 inquit,
2373 3453 2556 3507 Audivi
2571 3469 2738 3508 vocem
2757 3461 2916 3517 tuam,
2935 3462 2981 3505 et
3001 3452 3143 3505 timui
3162 3452 3396 3522 quoniam
3417 3468 3529 3506 sum
3548 3452 3739 3518 nudus,

2163 3554 2209 3599 et
2252 3560 2332 3599 me
2380 3543 2618 3598 abscondi
2662 3541 2832 3613 (Gen.
2861 3542 2912 3597 5.
2950 3540 3002 3598 9.
3047 3539 3175 3612 10).
3218 3540 3462 3612 Magnum
3507 3550 3590 3597 est
3640 3541 3738 3596 bo-

2163 3639 2289 3689 num
2333 3633 2544 3689 assidue
2590 3632 2900 3710 meminisse
2954 3640 3335 3702 peccatorum:
3366 3631 3561 3686 delicto
3608 3631 3769 3707 nihil,

2161 3724 2235 3780 ita
2265 3724 2506 3780 medetur
2555 3731 2612 3777 ut
2659 3721 2869 3777 assidua
2913 3720 3257 3777 recordatio:
3302 3720 3429 3776 nihil
3471 3722 3771 3787 hominem,

2164 3816 2297 3872 adeo
2340 3815 2517 3871 reddit
2555 3813 2761 3870 tardum
2800 3812 2866 3868 ad
2904 3813 3113 3867 vitium.
3170 3811 3295 3868 Scio
3342 3812 3485 3883 quod
3538 3813 3743 3868 resiliat

2164 3907 2585 3972 conscientia,et
2633 3921 2739 3960 non
2766 3905 2996 3975 patiatur
3042 3919 3101 3961 se
3153 3903 3405 3975 ﬂagellari
3456 3919 3485 3959 a
3538 3919 3773 3981 memo-_

2164 4000 2241 4055 ria
2273 3999 2565 4063 malorum;
2596 3995 2690 4052 sed
2721 3995 2929 4051 fortiter
2956 3995 3156 4065 stringe
3181 3996 3741 4056 animam,‘etcamum
3768 4050 3775 4073 ι

2163 4093 2211 4146 ei
2240 4093 2451 4161 impone
2482 4106 2496 4143 :
2525 4090 2662 4143 sicut
2687 4087 2830 4143 enim
2867 4102 3034 4158 equus
3056 4086 3362 4152 eﬂ‘renatus,
3394 4087 3464 4141 ita
3495 4087 3744 4143 intolera-

2165 4184 2284 4240 bilis
2308 4192 2408 4249 est,
2427 4196 2527 4236 nec
2542 4180 2655 4235 vult
2670 4179 2771 4234 sibi
2790 4178 3108 4249 persuadere
3131 4177 3269 4248 quod
3290 4179 3606 4248 peccaverit.
3629 4178 3744 4234 Hoc

2167 4283 2333 4328 totum
2354 4274 2509 4343 plane
2530 4280 2613 4328 est
2640 4270 2955 4326 satanicum.
2981 4268 3087 4325 Sed
3124 4284 3221 4324 nos
3250 4270 3299 4324 ei
3331 4270 3743 4340 persuadeamus

2164 4364 2305 4435 quod
2338 4365 2656 4434 peccaverit,
2689 4369 2745 4416 ut
2770 4369 2824 4416 et
2851 4368 2970 4430 agat
2991 4360 3375 4429 paenitentiam,
3404 4369 3593 4416 etcum
3625 4375 3775 4430 ραδ-⁸

2165 4456 2439 4512 nitentiam
2465 4454 2653 4525 egerit,
2688 4452 2942 4507 liberetur
2972 4466 2998 4504 a
3023 4451 3311 4520 suppliciis.
3340 4451 3617 4519 Quomodo
3640 4453 3743 4518 vis,

2164 4548 2249 4602 dic
2270 4561 2467 4617 quaeso,
2499 4545 2564 4599 de
2592 4542 2822 4614 peccatis
2847 4542 3056 4612 assequi
3085 4542 3313 4606 veniam,
3339 4543 3382 4596 si
3411 4558 3473 4597 ea
3508 4543 3742 4598 nondum

2165 4640 2240 4694 sis
2275 4635 2585 4693 confessus?
2612 4634 2701 4689 ille
2739 4632 2826 4704 qui
2876 4630 3112 4702 peccavit
3138 4631 3291 4702 plane
3331 4642 3414 4687 est
3444 4632 3748 4687 misericor-

2165 4731 2250 4786 dia
2271 4729 2461 4800 dignus
2484 4735 2538 4782 et
2563 4723 2878 4781 clementia:
2905 4732 2958 4777 tu
2988 4730 3165 4777 autem
3185 4737 3307 4777 cum
3325 4721 3556 4777 nondum
3577 4722 3628 4778 id
3650 4722 3744 4778 tibi

2166 4822 2518 4895 persuaseris,
2540 4815 2807 4890 quomodo
2832 4831 3040 4884 aequum
3069 4829 3259 4870 censes
3289 4823 3346 4870 ut
3384 4814 3759 4887 consequaris

2168 4912 2607 4977 miscricordiam,
2628 4909 2677 4962 in
2701 4906 2930 4978 peccatis
2948 4903 3083 4961 adeo
3104 4904 3436 4975 impudenter
3453 4917 3505 4959 te
3520 4904 3745 4975 gerens?

2168 5006 2590 5064 Persuadeamus
2617 4999 2767 5054 nobis
2794 4997 2921 5067 ipsis
2945 4994 3087 5066 quod
3112 4996 3447 5066 peccavimus
3470 5014 3485 5051 :
3510 5012 3614 5050 non
3639 4995 3741 5049 lin-

2174 5111 2268 5166 gua
2295 5100 2466 5148 solum
2493 5092 2729 5147 dicamus
2746 5131 2761 5154 ,
2784 5088 2878 5143 sed
2904 5092 3065 5143 etiam
3092 5097 3271 5143 mente
3295 5100 3357 5141 ac
3381 5084 3701 5155 cogitatione
3728 5098 3742 5137 :

2167 5205 2234 5242 ne
2259 5201 2354 5242 nos
2379 5187 2616 5241 dicamus
2643 5191 2845 5237 tantum
2870 5192 3201 5252 peccatores,
3224 5176 3317 5234 sed
3342 5177 3502 5233 etiam
3531 5183 3742 5247 peccata

2168 5288 2537 5331 rccenseamus
2558 5313 2575 5339 ,
2601 5271 2873 5342 speciatim
2903 5267 3319 5340 unumquodque
3343 5275 3742 5323 enumerantes.

2164 5368 2277 5422 Non
2310 5365 2403 5420 tibi
2453 5358 2573 5419 dico
2602 5372 2659 5418 ut
2693 5378 2751 5418 ea
2787 5372 3058 5430 tamquam
3086 5374 3331 5431 pompam
3381 5357 3434 5412 in
3478 5356 3746 5427 publicum

2165 5477 2175 5525 ι
2200 5457 2421 5520 releras,
2444 5442 2689 5524 nequeut
2708 5453 2843 5523 apud
2864 5453 2996 5507 alios
3018 5460 3069 5506 te
3089 5465 3326 5513 accuses,
3352 5446 3445 5504 sed
3473 5456 3530 5501 ut
3553 5461 3747 5516 pareas

2157 5532 2436 5617 Prophetas
2456 5546 2682 5602 dicenti:
2707 5543 2888 5599 Revela
2908 5542 3122 5597 Domino
3146 5541 3278 5595 viam
3296 5548 3433 5593 tuam
3455 5536 3623 5609 (Psal.
3647 5535 3753 5607 56..

2160 5636 2241 5706 5).
2270 5623 2421 5707 Apud
2451 5637 2612 5691 Deum
2642 5648 2707 5690 ea
2735 5631 3010 5698 confitere,
3038 5632 3175 5701 apud
3216 5629 3456 5687 Iudicem
3483 5622 3755 5684 conﬁtere

2160 5736 2373 5801 peccata
2396 5735 2502 5795 tua,
2524 5739 2705 5792 orans,
2732 5725 2776 5779 si
2802 5739 2905 5780 non
2931 5722 3126 5793 lingua,
3148 5722 3336 5777 saltem
3367 5718 3656 5785 memoria;
3684 5728 3765 5805 et;
