4080 6198
308 351 421 409 215

300 469 530 532 τανοίας
561 464 805 538 μείζονα.
857 467 919 521 ’0
946 466 1004 520 δὲ
1022 467 1195 536 λέγει,
1216 469 1374 525 τοῦτό
1397 472 1548 525 ἐστι·
1574 472 1665 544 Μὴ
1707 474 1885 528 πέσω-

305 576 411 632 μεν
439 557 644 629 πτῶμα
674 556 928 612 ἀνίατον*
963 557 1071 622 ἕως
1096 558 1162 613 ἂν
1201 558 1234 634 ᾗ
1288 562 1490 631 χωλεία
1526 563 1588 617 τὸ
1628 563 1875 634 πρᾶγμα.

300 649 529 704 εὔκολον
548 648 804 717 γενέσθαι
823 647 986 719 ὀρθόν
1005 665 1019 679 ·
1047 650 1143 705 ἐάν
1160 650 1218 705 δέ
1240 652 1626 724 ἐκτραπῶμεν,
1652 650 1705 707 τί
1734 653 1885 708 ἔσται

300 741 531 806 λοιπόν;
559 741 687 804 Τοῖς
718 740 818 811 μὲν
849 739 958 812 γὰρ
985 741 1211 812 μηδέπω
1249 744 1513 798 πεσοῦσιν
1549 746 1691 799 οῦτω
1707 745 1886 799 διαλέ-

301 849 485 903 γεται,
521 832 599 902 τῷ
651 829 804 902 φόϐῳ
836 832 1158 904 συγκροτῶν
1194 833 1413 902 αὐτοὺς,
1467 832 1583 890 καί
1610 848 1775 908 φησιν
1802 837 1884 890 ὅτι

302 918 408 978 οῦκ
425 924 541 978 ἔστι
572 923 807 977 πεσόντα
840 920 1193 994 παραμυθίας
1215 926 1396 995 τυχεῖν
1418 942 1431 956 ·
1462 929 1573 990 τοῖς
1602 927 1660 979 δὲ
1687 926 1886 981 πεσοῦ-

305 1035 414 1083 σιν,
438 1016 581 1071 ὥστε
617 1016 695 1087 μὴ
718 1019 799 1080 είς
815 1016 1125 1086 ἀπόγνωσιν
1151 1019 1437 1088 ἐμπεσεῖν,
1455 1020 1712 1073 τάναντία
1740 1037 1885 1092 παρ-

304 1102 472 1174 αινεῖ,
500 1098 646 1160 οῦτω
697 1105 874 1176 λέγων
892 1126 906 1140 ·
941 1110 1149 1164 Τεκνία
1170 1128 1310 1180 μου,
1339 1109 1446 1176 οὓς
1463 1106 1649 1166 πάλιν
1672 1110 1883 1175 ὠδίνω,

301 1199 481 1268 ἄχρις
519 1195 593 1255 οὗ
647 1199 934 1269 μορφωθῇ
970 1201 1227 1270 Χριστὸς
1263 1202 1333 1256 ἐν
1358 1202 1497 1272 ὑμῖν
1524 1219 1540 1234 ο
1571 1204 1668 1256 καὶ
1698 1203 1882 1268 πάλιν,

305 1293 544 1359 οἵτινες
568 1292 641 1346 ἐν
664 1293 830 1362 νόμῳ
862 1291 1231 1359 δικαιοῦσθε,
1268 1294 1380 1363 τῆς
1408 1293 1652 1364 χάριτος
1678 1296 1889 1361 ἐξεπέ-

301 1400 469 1440 nte.
512 1384 646 1438 Ἰδοὺ
695 1386 969 1456 μαρτυρεῖ
1020 1385 1104 1438 ὅτι
1149 1384 1428 1451 ἐξέπεσον.
1496 1386 1558 1439 '0
1619 1387 1719 1458 μὲν
1771 1389 1881 1459 γὰρ

300 1476 504 1541 ἐστὼς,
535 1476 749 1530 ἁκούων
779 1476 860 1529 ὅτι
889 1476 1124 1531 πεσόντα
1144 1477 1247 1530 οὐκ
1275 1476 1393 1530 ἐστι
1430 1476 1761 1550 συγγνώμης
1788 1496 1885 1533 τυ-

302 1569 447 1638 χεῖν,
472 1567 835 1639 σφοδρότερος
867 1566 1041 1632 ἐσται,
1071 1568 1167 1622 καὶ
1196 1569 1600 1639 ἀσφαλέστερος
1626 1572 1758 1639 περὶ
1785 1571 1887 1641 τὴν

303 1659 534 1713 στάσιν·
578 1659 645 1713 ἂν
676 1661 862 1731 μέντοι
886 1661 981 1716 καὶ
1015 1660 1145 1732 περὶ
1169 1660 1262 1714 τὸν
1289 1662 1621 1715 πεπτωκότα
1645 1664 1711 1734 τῇ
1746 1661 1883 1734 αὐτῇ

299 1753 491 1825 χρήσῃ
525 1751 873 1825 σφοδρότητι,
905 1753 1159 1808 οὐδέποτε
1187 1753 1553 1825 ἀναστήσεται
1575 1770 1588 1784 θ
1616 1755 1748 1826 ποίᾳ
1778 1755 1887 1828 γάρ

302 1842 485 1897 ἐλπίδι
508 1843 608 1914 τήν
626 1842 934 1915 μεταϐολὴν
962 1841 1310 1912 ἐπιδείξεται;
1335 1845 1410 1899 Ού
1434 1848 1596 1917 μόνον
1612 1844 1669 1900 δέ
1697 1863 1884 1917 φησιν,

313 1929 673 2006 Ἐδάκρυσεν,
686 1936 826 1991 ἀλλά
838 1937 951 2002 καὶ,
966 1935 1344 2009 Ἐξεζήτησεν·
1358 1939 1418 1993 ού
1435 1938 1615 1993 τοίνυν
1636 1939 1888 1995 ἐκϐάλλει

304 2025 626 2092 μετάνοιαν,
658 2026 834 2095 λέγων
859 2068 875 2093 ,
928 2029 1260 2095 Μετανοίας
1304 2029 1494 2084 τόπον
1523 2032 1639 2100 οὐχ
1669 2022 1849 2098 εὗρεν
1867 2046 1882 2061 ο

301 2115 422 2170 ἀλλ’
458 2116 818 2187 άσφαλίξεται
849 2118 1047 2184 αὐτοὺς
1086 2119 1288 2191 μᾶλλον
1317 2119 1406 2175 διὰ
1444 2119 1634 2174 τούτου
1660 2121 1796 2192 πρὸς
1826 2120 1888 2174 τὸ

305 2207 387 2278 μὴ
421 2212 630 2266 πεσεῖν.
665 2210 820 2266 Ὅσοι
846 2212 1025 2266 τοίνυν
1050 2211 1341 2267 ἀπιποῦσι
1361 2215 1426 2283 τῇ
1455 2212 1672 2283 γεέννῃ,
1700 2212 1879 2268 ταῦτα

301 2299 921 2372 ἀναμιμνησκέσθωσαν
950 2319 967 2335 υ
1021 2302 1137 2356 ὅσοι
1184 2301 1501 2373 νομίζουσιν
1556 2301 1891 2375 ἀτιμώρητα

301 2388 666 2461 ἁμαρτάνειν,
692 2389 869 2446 ταῦτα
917 2390 1340 2461 λογιζέσθωσαν.
1372 2392 1475 2446 Διά
1494 2391 1547 2446 τί
1586 2391 1756 2447 Ἡσαῦ
1785 2393 1887 2447 οὐκ

299 2480 464 2552 ἔτυχε
496 2482 865 2555 συγγνώμηςς
893 2484 1017 2539 Ὅτι
1048 2485 1110 2539 ού
1143 2485 1467 2556 μετενόησεν
1491 2484 1567 2547 ὡς
1588 2484 1777 2557 ἐχρῆν.

376 2571 602 2646 [288]γ’
623 2573 835 2640 ,Θέλεις
864 2575 993 2630 ἰδεῖν
1023 2576 1311 2647 μετάνοιαν
1343 2575 1579 2648 ἁκριϐῆ;
1620 2577 1885 2632 ’Ἄκουσον

296 2668 404 2740 τὴν
431 2668 526 2722 τοῦ
555 2668 765 2740 Πέτρου
795 2669 1086 2741 μετάνοιαν
1116 2671 1253 2742 μετά
1273 2669 1373 2739 τὴν
1389 2669 1883 2742 ἀρνησιν.Διηγού-

299 2778 469 2833 μενος
494 2762 607 2833 γάρ
632 2762 764 2833 ήμῖν
794 2760 863 2815 τὰ
889 2761 1011 2816 κατ’
1042 2761 1206 2815 αὐτὸν
1228 2763 1256 2815 6
1278 2759 1688 2832 εύαγγελιστὴς,
1726 2761 1879 2831 φησὶ,

296 2854 417 2908 Καὶ
450 2852 710 2917 ἐξελθὼν
730 2852 873 2918 ἔξω,
915 2852 1181 2908 ἔκλαυσε
1206 2848 1448 2921 πικρῶς.
1480 2848 1577 2905 Διά
1600 2851 1759 2905 τοῦτο
1791 2850 1883 2907 καὶ

297 2943 508 3015 ἀφείθη
531 2943 674 3015 αύτῷ
710 2943 774 2998 τὸ
804 2942 1045 2998 τοιοῦτον
1074 2942 1402 3015 ἁμάρτημα,
1439 2942 1521 2996 ὃτι
1558 2942 1881 3015 μετενόησεν

295 3035 366 3090 δν
389 3035 501 3090 ἔδει
530 3036 754 3109 τρόπον.
785 3036 980 3093 Καίτοι
1002 3035 1158 3091 οὔπω
1181 3036 1243 3090 τὺ
1274 3035 1423 3108 θῦμα
1458 3036 1880 3107 προσενήνεκτο,

289 3126 459 3182 οὔπω
485 3130 516 3199 ή
539 3128 704 3183 θυσία
736 3127 1051 3199 ἐγεγένητο,
1081 3126 1234 3182 οῦπω
1280 3122 1417 3200 ῆρτο
1439 3129 1473 3199 ή
1499 3125 1770 3198 ἁμαρτία,
1802 3125 1883 3180 έτι

297 3222 531 3290 ἐκράτει
578 3223 677 3277 καὶ
714 3222 1020 3295 ἐτυράννει.
1075 3221 1188 3275 Καὶ
1240 3220 1329 3275 ἵνα
1370 3222 1575 3293 μάθῃς,
1636 3222 1719 3275 ὅτι
1784 3220 1883 3291 οὐχ

297 3309 450 3363 οὕτω
485 3311 765 3383 ῥᾳθυμίας
793 3307 862 3383 ἦν
892 3313 927 3382 ή
965 3310 1216 3383 ἄρνησις,
1271 3311 1395 3365 ὅσον
1446 3310 1884 3380 ἐγκαταλείψεως

295 3401 401 3456 τοῦ
433 3402 571 3457 Θεοῦ
601 3402 948 3469 παιδεύοντος
1009 3404 1173 3459 αὐτὸν
1220 3404 1420 3458 εἰδέναι
1448 3404 1519 3457 τὰ
1561 3402 1884 3474 ἀνθρώπινα

302 3494 507 3566 μέτρα,
540 3496 634 3549 καὶ
665 3496 742 3569 μὴ
770 3496 1071 3567 ἀντιλέγειν
1091 3498 1206 3561 τοῖς
1239 3497 1393 3570 παρά
1438 3495 1532 3550 τοῦ
1562 3496 1884 3551 διδασκάλου

298 3587 644 3657 λεγομένοις,
681 3588 816 3660 μηδέ
867 3588 1091 3660 μείζονα
1132 3588 1241 3642 τῶν
1281 3589 1459 3644 ἄλλων
1509 3590 1745 3659 φρονεῖν,
1768 3586 1885 3641 ἁλλ’

297 3678 508 3734 εἶδέναι
531 3682 614 3735 ὅτι
643 3680 815 3754 χωρὶς
843 3682 978 3736 Θεοῦ
1027 3682 1179 3737 οὐδὲν
1220 3681 1477 3751 γενέσθαι
1511 3681 1754 3745 δυνατὸν,
1790 3679 1885 3734 καὶ

296 3771 412 3837 ὅτι,
448 3773 591 3828 Ἐὰν
606 3773 696 3843 μὴ
725 3776 759 3829 ὁ
791 3775 1007 3845 Κύριος
1037 3769 1205 3829 οἶκον
1240 3771 1631 3843 οὶκοδομήσῃ,
1662 3774 1749 3839 είς
1768 3772 1883 3841 μά-

292 3880 424 3933 την
460 3866 799 3921 ὲκοπίασαν
844 3871 901 3921 οι
954 3865 1409 3937 οἰκοδομοῦντες
1443 3866 1631 3921 αὐτόν
1652 3880 1666 3895 ·
1720 3863 1887 3917 ἄκουε

297 3958 428 4022 πῶς
465 3958 926 4031 ἀσφαλιζόμενος,
968 3960 1060 4014 καὶ
1109 3959 1315 4012 πείθων
1382 3957 1713 4029 μετριάζειν,
1764 3951 1885 4009 εἶπε

298 4049 449 4119 πρὸς
474 4048 636 4102 αὐτὸν
691 4048 855 4119 μόνον
895 4051 924 4104 6
951 4048 1187 4120 Χριστός
1207 4064 1221 4079 ·
1256 4049 1476 4117 Σίμων,
1507 4047 1728 4116 Σίμων,
1754 4044 1885 4100 ίδοὺ

300 4142 339 4194 ὁ
381 4138 656 4207 Σατανᾶς
678 4140 1022 4210 ἐξῃτήσατο
1051 4138 1325 4195 σινιάσαι
1353 4152 1427 4193 σε
1449 4138 1534 4204 ὡς
1563 4137 1673 4191 τὸν
1690 4136 1882 4203 σῖτον,

298 4230 473 4300 κάγὼ
496 4231 755 4301 ἐδεήθην
782 4233 916 4302 περὶ
943 4232 1082 4296 σοῦ,
1110 4232 1214 4286 ἶνα
1234 4231 1321 4301 μὴ
1356 4230 1576 4298 ἐκλίπῃ
1609 4231 1649 4299 ἠ
1680 4231 1888 4298 πίστις

298 4339 446 4380 σου.
482 4324 700 4397 Ἐπειδὴ
726 4325 837 4398 γὰρ
856 4326 1004 4388 εἰκὸς
1034 4320 1103 4397 ῆν
1133 4324 1297 4379 αὑτὸν
1329 4323 1472 4395 μέγα
1500 4326 1735 4395 φρονεῖν,
1765 4340 1886 4378 συν-

301 4419 489 4472 ειδότα
531 4417 711 4489 ἐαυτῷ
748 4419 832 4472 ὅτι
870 4417 1069 4489 μᾶλλον
1114 4418 1371 4472 ἁπάντων
1413 4416 1608 4488 ἁγαπᾷ
1634 4417 1722 4470 τὸν
1748 4416 1886 4487 Χρι-

302 4510 461 4577 στὸν,
480 4510 572 4564 διὰ
615 4509 774 4564 τοῦτο
829 4510 1192 4581 συγχωρεῖται
1223 4511 1429 4574 πεσεῖν,
1455 4508 1885 4581 ἀπαρνήσασθαι

297 4602 397 4655 τὸν
418 4600 759 4667 διδάσκαλον,
796 4600 885 4655 διά
912 4598 1070 4655 τοῦτο
1099 4598 1193 4653 καὶ
1213 4598 1389 4652 κλαίει
1422 4598 1656 4671 πικρῶς,
1696 4598 1789 4651 καὶ
1819 4597 1889 4652 τά

300 4693 444 4750 ἄλλα
480 4693 549 4748 τά
576 4693 705 4764 ἑξῆς
728 4692 822 4746 τοῦ
845 4690 1124 4763 κλαυθμοῦ
1154 4691 1354 4762 ὁμοίως
1387 4693 1549 4743 ποιεῖ.
1580 4691 1643 4742 Τί
1663 4690 1889 4763 γὰρούκ

302 4784 573 4855 ἐποίησες
607 4783 825 4853 μυρίοις
873 4782 1141 4846 κινδύνοις
1170 4782 1361 4836 ἑαυτὸν
1406 4782 1699 4853 περιέϐαλε
1748 4784 1889 4855 μετά

300 4878 502 4941 ταῦτα,
528 4877 619 4932 ὂιὰ
647 4877 865 4932 πάντων
891 4875 1107 4938 δεικνὺς
1160 4872 1327 4928 αὐτοῦ
1367 4872 1466 4944 τὴν
1517 4873 1768 4945 ἀνδρείαν
1794 4869 1889 4929 καί

301 4972 368 5026 τὸ
390 4972 732 5043 παράστημα
756 4970 854 5041 τῆς
880 4968 1079 5040 ψυχῆς.
1106 4965 1416 5035 Μετενόησε
1459 4966 1555 5020 καὶ
1600 4967 1629 5019 6
1668 4966 1885 5032 Ἰούδας,

304 5064 450 5118 ἁλλὰ
485 5063 692 5127 κακῶς·
720 5046 1006 5133 ἀπήγξατο
1028 5062 1155 5132 γάρ.
1182 5059 1547 5131 Μετενόησεν,
1574 5060 1711 5129 ὅπερ
1730 5060 1886 5129 ἔφην,

309 5155 410 5207 καὶ
448 5153 643 5207 Ἡσαῦ·
674 5153 874 5224 μᾶλλον
902 5153 960 5206 δέ
982 5148 1138 5218 οὗτος
1162 5155 1285 5208 ούδέ
1310 5155 1602 5226 μετενόησε
1626 5170 1637 5183 ·
1675 5154 1743 5208 τὰ
1782 5155 1888 5228 γὰρ

303 5246 520 5317 δάκρυα
544 5245 644 5299 ούκ
662 5241 729 5318 ῆν
751 5246 1059 5316 μετανοίας,
1090 5245 1228 5300 άλλά
1271 5246 1533 5317 ἐπηρείας
1573 5247 1667 5300 καὶ
1710 5245 1886 5316 θυμοῦ

309 5339 515 5407 μᾶλλον
535 5356 551 5371 ο
573 5339 666 5391 καὶ
695 5338 934 5392 δείκνυσι
962 5339 1029 5391 τὰ
1058 5337 1204 5408 ἑξῆς.
1254 5339 1596 5409 Μετενόησεν
1629 5341 1658 5393 6
1706 5340 1887 5411 μακὰ-

309 5446 426 5499 ριος
457 5428 622 5481 Δαυῖδ
654 5427 796 5481 οὕτω
812 5428 984 5495 λέγων
1004 5444 1016 5458 ·
1039 5428 1391 5483 Λούσωκαθ⁹
1408 5427 1674 5497 ἑκάστην
1698 5430 1888 5484 νύκτα

303 5522 424 5589 τὴν
452 5521 673 5588 κλίνην
694 5538 837 5590 μου,
870 5522 941 5574 ἐν
972 5521 1234 5589 δάκρυσί
1272 5539 1392 5591 μου
1433 5520 1547 5589 τὴν
1568 5523 1890 5591 στρωμνήν

296 5631 423 5684 μου
437 5612 675 5680 βρέξω*
702 5614 795 5666 καὶ
819 5615 915 5684 τὴν
963 5614 1130 5667 πάλαι
1182 5614 1559 5686 γεγενημένην
1591 5614 1884 5686 ἁμαρτίαν,

307 5706 450 5776 μετὰ
485 5704 728 5759 τοσαῦτα
756 5705 873 5774 ἔτη,
918 5705 1054 5775 μετὰ
1078 5705 1345 5769 τοσαύτας
1365 5708 1576 5776 γενεὰς,
1595 5706 1670 5771 ὡς
1695 5709 1889 5761 νεωστὶ

306 5799 600 5870 συμϐᾶσαν
628 5797 865 5851 ἐπένθει.
898 5799 999 5850 Τὸν
1017 5799 1122 5869 γάρ
1153 5799 1510 5870 μετανοοῦντα
1544 5801 1644 5853 οὐκ
1675 5800 1886 5871 ὀργίζε-

1060 380 1067 383 ι
1144 353 1216 408 ῘΝ
1246 355 1456 413 EPIST.
1496 358 1588 413 AD
1618 355 1978 415 HEBREOS.
2017 358 2170 416 CAP.
2201 358 2319 415 XII.
2356 359 2590 431 ηολιιι..
2618 356 2813 417 XXXI.
2868 366 2896 415 ’ἴ

3465 357 3575 413 210

1998 473 2120 529 σθαι
2162 475 2277 547 χρὴ
2326 474 2454 528 οὐδὲ
2505 473 2834 545 ἀγριαίνειν,
2880 471 3032 526 ’άλλά
3072 471 3452 541 συντρίϐεσθαι
3501 472 3578 534 ὡς

1995 566 2465 637 κατεγνωσμένον,
2489 564 2564 630 ώς
2583 567 2685 620 οὐκ
2717 564 2911 635 ἔχοντα
2944 562 3280 636 παρρησίαν,
3310 564 3386 627 ὡς
3410 580 3579 617 καταο

1993 654 2397 726 δεδικασμένον,
2415 654 2608 719 ὼςάπδ
2628 655 2811 719 ἐλέους
2829 655 3071 724 σωθῆναι
3084 654 3367 724 ὀφείλοντα
3391 654 3576 725 μόνον,

1993 744 2068 807 ὡς
2094 744 2385 816 ἀγνώμονα
2413 744 2543 816 περὶ
2574 744 2664 797 τὸν
2691 745 2990 817 εὐεργέτην
3036 744 3291 814 φανέντα,
3326 744 3403 809 ῶς
3439 744 3580 816 ἀχά*

1996 853 2199 908 ριστον,
2227 837 2302 900 ὼς
2322 836 2600 907 ἀδόκιμον,
2628 836 2703 899 ὡς
2726 837 2940 908 μυρίων
2964 835 3239 892 κολάσεων
3263 836 3433 903 ἀξιον.
3451 835 3579 892 Ἐἀν

1992 924 2164 979 ταῦτα
2194 924 2497 997 λογίξηται,
2512 927 2613 979 οὐκ
2632 926 3046 999 όργισθήσεται,
3064 926 3164 980 οὐκ
3180 926 3575 999 ἀγανακτήσει,

1992 1016 2130 1070 ἀλλὰ
2156 1018 2438 1090 πενθήσει,
2482 1017 2728 1086 κλαύσει,
2765 1018 3012 1085 στενάξει
3048 1019 3145 1074 καὶ
3175 1019 3449 1091 ὀδυρεῖται
3484 1018 3581 1073 νύ-

1994 1120 2095 1160 κτα
2128 1104 2280 1181 [289]
2343 1110 2435 1162 καὶ
2492 1108 2725 1180 ἡμέραν.
2756 1102 2862 1162 Τὸν
2906 1102 3275 1180 μετανοοῦντα
3317 1106 3576 1161 οὐδέποτε

1992 1200 2098 1273 χρὴ
2127 1200 2265 1272 λήθῃ
2318 1200 2655 1272 παραδοῦναι
2683 1203 2783 1273 τὴν
2813 1202 3112 1275 ἁμαρτίαν,
3168 1200 3307 1256 ἀλλά
3350 1199 3443 1254 τὸν
3478 1200 3577 1270 μέν

1993 1290 2124 1345 Θεὸν
2156 1291 2491 1364 παρακαλεῖν
2520 1292 2595 1364 μὴ
2620 1293 2922 1364 μνησθῆναι
2935 1293 3129 1365 αὐτῆς,
3147 1293 3312 1347 αὐτὸν
3328 1292 3385 1346 δὲ
3408 1291 3575 1364 μηδέ-

1994 1398 2125 1436 ποτε
2147 1383 2497 1438 ἐπιλαθέσθαι
2522 1384 2715 1454 αὐτῆς·
2742 1383 3011 1455 ἐάνήμεῖς
3031 1383 3199 1454 αὐτῆς
3224 1400 3329 1454 μνη
3339 1382 3577 1454 μονεύωρ

1995 1492 2117 1546 μεν,
2149 1477 2178 1529 ό
2207 1475 2337 1539 Θεὸς
2359 1476 2532 1546 αὐτῆς
2566 1476 2910 1547 ἐπιλήσεται.
2936 1474 3075 1546 Παρ³
3100 1476 3132 1545 ὴ
3143 1474 3259 1544 μῶν
3285 1474 3468 1530 αὐτῶν
3496 1475 3578 1528 δε-

1994 1581 2099 1636 κην
2124 1566 2401 1637 λάϐωμεν,
2429 1568 2586 1639 ήμῶν
2623 1566 2804 1621 αὐτῶν
2846 1567 3349 1637 κατηγορήσωμεν·
3403 1564 3578 1630 οῦτως

1995 1661 2395 1734 ἐξιλεωσόμεθα
2422 1664 2512 1717 τὸν
2546 1665 2761 1738 κριτήν.
2801 1662 3077 1735 Ἀμαρτία
3128 1661 3238 1730 γάρ
3276 1661 3539 1731 ἐμολογου
3560 1692 3574 1702 -

1998 1753 2133 1824 μένη
2164 1754 2401 1808 ἐλάττων
2426 1754 2657 1823 γίνεται,
2700 1752 2776 1825 μὴ
2821 1752 3227 1824 ὁμολογουμένη
3271 1751 3328 1805 δὲ
3353 1753 3570 1824 χείρων.

1998 1845 2098 1900 “Av
2124 1847 2233 1917 γάρ
2290 1847 2572 1918 προσλάϐῃ
2622 1846 2868 1918 ἁμαρτία
2914 1845 3016 1917 τήν
3064 1844 3452 1916 ἀναισχυντίαν
3483 1848 3575 1900 καὶ

1992 1938 2093 2009 τὴν
2126 1936 2540 2012 ἀγνωμοσύνην,
2570 1939 2824 1992 οὐδέποτε
2859 1937 3116 2006 στήσεται
3141 1952 3153 1963 ·
3184 1937 3300 2000 πῶς
3324 1937 3411 1990 δαὶ
3440 1937 3577 2002 ὅλως

1993 2029 2023 2082 6
2048 2029 2283 2092 τοιοῦτος
2311 2029 2604 2100 δυνήσεται
2655 2026 3001 2097 φυλάξασθαι
3038 2026 3198 2079 πάλιν
3222 2026 3300 2096 μὴ
3338 2028 3450 2090 τοῖς
3478 2028 3576 2082 σύε-

1993 2122 2106 2184 τοῖς
2168 2123 2521 2193 περιπεσεῖν,
2572 2123 2600 2174 ὁ
2657 2120 2717 2174 τὸ
2774 2121 3040 2190 πρότερον
3095 2118 3193 2170 οὐκ
3267 2117 3425 2181 εἰδὼς
3493 2119 3577 2173 ὅτι

1993 2212 2241 2283 ἥμαρτεν
2267 2229 2283 2279 ;

2062 2301 2155 2371 Μὴ
2182 2301 2362 2357 τοίνυν
2390 2301 2707 2373 ἀρνώμεθα,
2732 2301 3060 2373 παρακαλῶ,
3106 2302 3241 2373 μηδέ
3285 2302 3576 2373 ἀναισχυν-

1990 2392 2195 2464 τῶμεν,
2220 2394 2306 2448 ῖνα
2334 2394 2408 2466 μὴ
2443 2395 2535 2448 καὶ
2565 2394 2787 2459 ἄκοντες
2805 2394 2987 2465 δῶμεν
3008 2393 3302 2465 τιμωρίαν.
3337 2395 3577 2449 Ἤκουσε

1992 2486 2134 2539 Κάῖν
2162 2486 2313 2558 παρά
2345 2486 2441 2540 τοῦ
2493 2485 2649 2549 Θεοῦ,
2681 2485 2805 2540 Ποῦ
2830 2486 3001 2539 ἐστιν
3029 2486 3201 2539 Ἅϐελ
3231 2487 3264 2538 ὀ
3307 2486 3579 2555 ἀδελφός

1992 2592 2145 2645 σου;
2172 2578 2264 2634 καί
2295 2594 2479 2650 φησιν,
2519 2580 2639 2632 Οὐκ
2656 2577 2790 2631 οῖδα
2813 2594 2827 2608 ο
2854 2577 2941 2647 μὴ
2969 2577 3174 2647 φύλαξ
3199 2577 3313 2649 ἐγώ
3327 2581 3443 2647 ειμι
3470 2578 3579 2631 τοῦ

1991 2670 2259 2741 ἀδελφοῦ
2288 2686 2444 2742 μους
2493 2668 2648 2735 Εἶδες
2701 2669 2818 2734 πῶς
2876 2669 3035 2725 τοῦτο
3063 2670 3455 2742 χαλεπωτέραν
3479 2671 3579 2741 τὴν

1992 2763 2264 2836 ἁμαρτίαν
2322 2764 2651 2836 εἰργάσατο;
2696 2763 2835 2817 Ἀλλ’
2863 2765 2963 2835 οὐχ
3005 2764 3033 2817 6
3073 2763 3256 2837 πατὴρ
3280 2764 3443 2819 αὐτοῦ
3479 2764 3575 2819 οῦ-

1989 2870 2117 2918 τως,
2156 2853 2293 2909 ἀλλά
2341 2855 2427 2921 τίς
2463 2855 2751 2922 Ἀκούσας,
2787 2852 2993 2923 Ἀδὰμ,
3070 2853 3189 2912 ποῦ
3242 2854 3335 2920 εἷς
3387 2855 3577 2928 φησὶν,

1994 2944 2261 3000 Ἤκουσα
2287 2943 2397 3014 τῆς
2427 2945 2635 3015 φωνῆς
2659 2960 2797 3009 σου,
2830 2945 2927 2999 καὶ
2960 2945 3289 3015 ἐφοϐήθην,
3350 2946 3442 3001 ὅτι
3472 2965 3579 3018 γυ-

1986 3034 2147 3103 μνός
2170 3037 2307 3103 εἰμι,
2325 3036 2423 3090 καὶ
2441 3035 2725 3105 ἐκρύϐην.
2754 3035 2915 3104 Μέγα
2933 3036 3162 3103 ἀγαθὸν,
3185 3038 3579 3107 ἐπιγινώσκειν

1990 3126 2059 3181 τὰ
2095 3128 2491 3199 ἁμαρτήματα,
2540 3129 2635 3183 καὶ
2684 3128 3098 3200 μιμνήσκεσθαι
3137 3131 3322 3184 αὐτῶν
3384 3132 3581 3200 διηνε-

1991 3215 2135 3279 κῶς·
2160 3217 2315 3271 οὐδὲν
2341 3218 2484 3272 οῦτω
2504 3217 2798 3287 θεραπεύει
2832 3219 3231 3289 πλημμέλειαν,
3267 3220 3344 3284 ώς
3385 3223 3578 3295 μνήμη

1991 3308 2438 3379 διηνεκήςόύδὶν
2474 3308 2651 3373 οὕτως
2688 3311 2919 3381 ὀκνηρὸν
2950 3310 3238 3382 ἄνθρωπον
3262 3314 3407 3367 ποιεῖ
3439 3315 3580 3381 πρὸς

1991 3401 2209 3456 κακίαν.
2236 3397 2364 3455 Οἶδα
2386 3402 2469 3481 ὅτι
2496 3403 2773 3475 ἀποπηδᾷ,
2804 3403 2898 3455 καὶ
2940 3404 3039 3457 ούκ
3069 3403 3324 3475 ἀνέχεται
3351 3404 3414 3459 1:6
3454 3423 3579 3460 συν-

1992 3492 2132 3556 ειδὸς
2149 3493 2254 3546 ὑπὸ
2275 3493 2373 3563 τῆς
2402 3498 2626 3566 μνήμης
2659 3495 3020 3567 μαστίζεσθαι
3070 3494 3177 3549 τῶν
3204 3496 3391 3549 κακῶν
3415 3513 3430 3526 ·
3460 3497 3577 3551 ἀλλ’

1991 3584 2157 3655 ἁγξον
2178 3585 2275 3658 τὴν
2311 3586 2510 3657 ψυχὴν,
2540 3588 2633 3641 καὶ
2670 3586 2855 3651 ἐπίθες
2894 3588 3033 3660 αὐτῇ
3070 3591 3251 3660 κημόν
3274 3606 3287 3621 ·
3322 3589 3576 3663 καθάπερ

1991 3680 2102 3750 γάρ
2132 3678 2296 3745 ἵππος
2316 3681 2585 3753 δυσήνιος,
2614 3680 2757 3737 οῦτω
2795 3682 3206 3754 δυσανασχετεῖ,
3240 3685 3335 3738 καὶ
3361 3684 3422 3738 οὐ
3451 3683 3576 3755 βού-

1993 3770 2142 3825 λεται
2171 3775 2357 3826 πεῖσαι
2395 3772 2595 3844 ἑαυτὴν
2618 3774 2705 3828 ὅτι
2731 3774 2971 3845 ἥμαρτε.
3008 3772 3181 3828 Τοῦτο
3217 3775 3273 3829 δὲ
3301 3775 3422 3829 ὅλον
3447 3777 3567 3829 ἐστὶ

1996 3864 2303 3918 σατανικόν.
2342 3863 2482 3917 Ἀλλ’
2504 3866 2665 3936 ἡμεῖς
2696 3864 2865 3935 αὐτὴν
2905 3863 3181 3936 πείθωμεν
3194 3866 3276 3919 ὅτι
3307 3866 3576 3936 ἥμαρτεν,

1995 3952 2082 4007 ἵνα
2105 3955 2198 4008 καὶ
2238 3956 2574 4027 μετανοήσῃ,
2606 3955 2701 4007 καὶ
2731 3954 2818 4008 ἴνα
2849 3954 3236 4025 μετανοήσασα
3281 3954 3576 4027 ἀπαλλαγῇ

1993 4046 2101 4100 τῶν
2123 4047 2417 4102 κολάσεων.
2451 4047 2575 4111 ῐιῶς
2618 4047 2792 4114 ἀξιοῖς
2834 4046 3171 4118 συγγνώμης
3206 4049 3409 4118 τυχεῖν,
3450 4049 3577 4101 εἰπέ

1998 4153 2109 4207 μοι,
2139 4136 2233 4189 ἐπὶ
2281 4138 2394 4201 τοῖς
2418 4137 2809 4208 ἁμαρτήμασι,
2844 4137 3074 4209 μηδέπω
3110 4136 3285 4191 ταῦτα
3319 4137 3579 4207 ὁμολογή-

1996 4240 2132 4291 σας;
2163 4226 2385 4288 Πάντως
2415 4226 2624 4289 ἐκεῖνός
2650 4228 2798 4279 ἐστιν
2821 4226 3005 4290 ἐλέους
3032 4227 3131 4280 καὶ
3163 4226 3575 4297 φιλανθρωπίας

1995 4314 2190 4381 ἁξιοςό
2217 4317 2593 4389 ήμαρτηκώς’
2635 4318 2701 4371 σὺ
2763 4317 2821 4370 δέ
2862 4318 3087 4389 μηδέπω
3134 4318 3332 4380 πείσας
3377 4316 3576 4369 σαυτὸν

1995 4410 2397 4482 ἡμαρτηκέναι,
2430 4410 2549 4474 πῶς
2577 4409 2747 4477 ἀξιοῖς
2768 4409 3080 4479 ἐλεηθῆναι,
3119 4406 3215 4460 ἐπὶ
3255 4409 3363 4471 τοῖς
3387 4406 3575 4477 πλημο

1999 4502 2307 4574 μελήμασιν
2356 4499 2529 4566 οῦτως
2581 4501 2995 4573 ἀναισχυντῶν;
3028 4499 3311 4572 Πείθωμεν
3346 4500 3576 4563 ἐαυτοῦς

1993 4596 2077 4648 ὅτι
2140 4594 2495 4665 ἡμάρτομεν⁸
2570 4594 2646 4667 μὴ
2696 4596 2760 4666 τῇ
2813 4592 3029 4665 γλώττῃ
3080 4592 3332 4662 λέγωμεν
3391 4592 3573 4661 μόνον,

1995 4683 2131 4743 ἁλλά
2180 4684 2276 4738 καὶ
2329 4686 2396 4756 τῇ
2452 4683 2699 4755 διανοίᾳ·
2754 4682 2830 4755 μὴ
2888 4683 3251 4754 ἁμαρτωλοὺς
3316 4682 3574 4753 καλῶμεν

1994 4779 2219 4842 ἑαυτοὺς
2255 4778 2435 4849 μόνον,
2487 4777 2625 4832 ἀλλὰ
2651 4777 2748 4830 καὶ
2786 4777 2856 4830 τὰ
2887 4777 3265 4848 ἁμαρτήματα
3316 4775 3573 4844 ἀναλογι-

1996 4870 2238 4942 ζώμεθα,
2285 4868 2406 4923 κατ’
2452 4864 2593 4931 εἶδος
2629 4867 2859 4921 ἕκαστον
2910 4866 3292 4935 ἀναλέγοντες.
3320 4865 3397 4919 Οὐ
3427 4864 3574 4935 λέγω

1997 4980 2100 5030 σοι,
2141 4962 2559 5033 Ἐκπόμπευσον
2595 4959 2812 5026 σαυτὸν,
2854 4958 2975 5011 ούδέ
3016 4957 3167 5029 παρά
3222 4960 3336 5021 τοῖς
3391 4957 3574 5022 ἄλλοις

1995 5056 2397 5128 κατηγόρησον,
2427 5053 2562 5108 ἁλλά
2595 5051 2882 5107 πείθεσθαι
2940 5050 3298 5122 συμϐουλεύω
3318 5052 3397 5123 τῷ
3433 5070 3569 5125 προ-

1994 5152 2144 5225 νήτῃ
2191 5151 2441 5219 λέγοντι·
2502 5147 2934 5216 Ἀποκάλυψον
2998 5147 3151 5215 πρὸς
3185 5147 3409 5217 Κύριον
3458 5146 3575 5214 τὴν

1996 5244 2142 5299 ὀδόν
2156 5260 2292 5298 σου.
2307 5242 2431 5297 Ἐπὶ
2462 5240 2612 5315 [290]
2640 5241 2734 5294 τοῦ
2751 5238 2887 5293 Θεοῦ
2907 5240 3081 5296 ταῦτα
3101 5240 3452 5311 ὁμολόγησον,
3478 5240 3571 5293 ἐπὶ

1994 5331 2090 5386 τοῦ
2118 5329 2371 5385 δικαστοῦ
2426 5329 2678 5400 ὁμολόγει
2707 5329 2777 5384 τὰ
2811 5329 3214 5401 ἁμαρτήματα,
3249 5329 3570 5400 εὐχόμενος,

1995 5428 2043 5478 εἰ
2079 5426 2172 5477 καὶ
2194 5424 2269 5495 μὴ
2294 5426 2359 5494 τῇ
2415 5420 2653 5494 γλώττῃ,
2707 5420 2844 5475 ἁλλὰ
2894 5424 2961 5493 τῇ
3023 5422 3237 5494 μνήμῃ,
3270 5421 3365 5475 καὶ
3396 5419 3572 5487 οὕτως

1997 5516 2149 5581 ἀξίου
2172 5514 2482 5586 ἐλεηθῆναι.
2510 5515 2608 5566 "Av
2638 5513 2769 5585 έχῃς
2795 5513 2864 5567 τὰ
2895 5513 3272 5584 ἁμαρτήματα
3303 5512 3571 5582 διηνεκῶς

1996 5611 2054 5665 ἐν
2075 5609 2385 5681 τῇμνήμῃ,
2420 5606 2678 5661 οὐδέποτε
2708 5606 2789 5679 τῷ
2822 5605 3052 5678 πλησίον
3114 5608 3568 5677 μνησικακήσεις.

1996 5703 2071 5755 Ού
2093 5700 2250 5754 τοῦτο
2274 5700 2331 5752 δὲ
2351 5698 2514 5769 λέγω,
2545 5699 2640 5753 ἐὰν
2674 5694 2743 5773 ᾖς
2772 5698 3133 5769 πεπεισμένος
3171 5700 3367 5753 σαυτὸν
3392 5698 3573 5770 ἁμαρ·

1997 5797 2165 5852 τωλδν
2205 5794 2341 5852 εἶναι
2368 5815 2381 5828 ·
2428 5796 2526 5868 ούχ
2570 5794 2716 5849 οῦτω
2760 5796 2918 5851 τοῦτο
2976 5794 3203 5850 δύναται
3232 5793 3572 5849 ταπεινῶῖσι
