4080 6198
509 339 619 398 ΞΠ

511 455 710 527 ψυχὴν,
742 455 816 519 ὼς
874 456 1012 510 αὐτά
1061 457 1147 525 ἐφ’
1194 457 1407 513 ἐαυτῶν
1439 456 1510 514 τὰ
1558 457 1956 530 ἁμαρτήματα,
1988 457 2083 511 καὶ

511 537 631 593 κατ’
663 538 800 602 εἶδος
846 536 1238 608 ἐξεταζόμενα.
1303 540 1378 594 υύ
1423 542 1876 611 μνησικακήσεις,
1909 540 2084 594 ταῦτα

508 624 576 680 δι’
601 623 724 698 ὅλου
749 624 885 693 έχων
914 624 972 675 ἐν
1001 626 1067 694 τῇ
1106 626 1318 696 μνήμῃ,
1350 624 1452 677 οὐκ
1493 624 1824 697 ὀργισθήσῃ,
1843 625 1927 678 «οὐ
1974 627 2086 678 λοι-

510 704 782 776 δορήσεις.
811 705 872 758 οὐ
897 707 1185 776 φρονήσεις
1209 707 1373 777 μέγα,
1398 707 1460 760 οὐ
1477 709 1753 778 περιπεσῇ
1788 706 1950 760 πάλιν
1975 711 2087 770 τοῖς

509 790 724 858 αὐτοῖς·
763 789 1120 862 σφοδρότερος
1149 790 1248 863 ἔσῃ
1287 792 1424 863 πρὸς
1448 791 1517 858 τὰ
1557 790 1760 858 ἀγαθά.

577 875 640 930 δ’.
676 876 840 946 Ὁρᾷς
881 875 981 930 ὅσα
1011 874 1118 929 ἀπὸ
1164 878 1259 945 τῆς
1289 876 1507 945 μνήμης
1535 874 1643 928 τῶν
1673 874 2087 946 ἁμαρτημάτων

507 960 746 1013 τίκτεται
791 958 966 1024 mhi;
1009 955 1407 1028 Ἑγγράςρωμεν
1445 957 1625 1011 τοίνυν
1670 957 1812 1011 αὐτά
1852 960 1931 1021 είς
1987 957 2088 1020 τὰς

509 1042 745 1105 διανοίας
777 1041 954 1112 ἡμῶν.
981 1035 1131 1093 Ὀἶδα
1160 1042 1242 1092 ὅτι
1282 1040 1381 1092 οὐκ
1428 1039 1683 1109 ἀνέχεται
1727 1042 1759 1111 ή
1805 1040 1952 1112 ψυχὴ
1986 1040 2085 1111 τῆς

513 1127 733 1195 μνήμης
757 1125 854 1194 τῆς
877 1123 1017 1176 οὕτω
1045 1124 1245 1191 πικρᾶς
1272 1137 1285 1150 '
1313 1122 1447 1176 ἀλλά
1480 1122 1884 1192 ἀναγκάζωμεν
1916 1125 2087 1192 αὐτὴν

511 1209 604 1261 καὶ
630 1206 966 1278 βιαζώμεθα.
1003 1207 1218 1259 Βέλτιον
1254 1205 1543 1260 δάκνεσθαι
1569 1205 1752 1277 αὐτὴν
1785 1208 1852 1276 τῇ
1899 1207 2090 1278 μνήμῃ

507 1293 620 1358 νῦν,
651 1293 684 1364 ἢ
708 1292 826 1344 κατ’
850 1291 1054 1343 ἐκεῖνον
1075 1289 1165 1343 τὸν
1186 1289 1373 1360 καιρὸν
1392 1291 1457 1359 τῇ
1477 1288 1734 1360 τιμωρίᾳ.
1755 1287 1888 1351 Νῦν,
1907 1288 1999 1341 ἐὰν
2024 1285 2090 1360 ᾗς

509 1375 689 1429 αὐτῶν
725 1374 1092 1445 μεμνημένος,
1136 1373 1230 1426 καὶ
1271 1372 1508 1442 συνεχῶς
1558 1372 1727 1434 αὐτὰς
1775 1371 2091 1444 προσφέρῃς

506 1459 583 1528 τῷ
613 1458 752 1529 Θεῷ,
803 1458 896 1512 καὶ
945 1457 1087 1528 ὑπὲρ
1145 1456 1327 1510 αὐτῶν
1363 1457 1477 1527 δέῃ,
1541 1458 1751 1524 ταχέως
1787 1455 2089 1524 ἐξαλείφεις

507 1543 675 1603 αὐτάς
704 1558 716 1571 ·
748 1542 843 1595 ἐὰν
867 1541 923 1594 δὲ
939 1541 1034 1594 νῦν
1066 1539 1459 1610 ἐπιλάθη,τὸτε
1484 1539 1662 1592 αὐτῶν
1687 1540 2088 1612 ἀναμνησθήσῃ

509 1626 603 1678 καὶ
627 1623 798 1686 ἄκων,
839 1625 932 1677 ἐπὶ
959 1627 1059 1695 τῆς
1087 1624 1415 1695 οἰκουμένης
1443 1622 1660 1693 άπάσης
1693 1623 1773 1684 είς
1795 1621 1957 1692 μέσον
1983 1638 2082 1688 cpe-

507 1706 753 1777 ρομένων
787 1707 988 1770 αὐτῶν,
1053 1705 1147 1760 καὶ
1187 1705 1686 1775 ὲκπομπευομένων
1721 1704 1814 1756 ἐπὶ
1843 1704 2082 1768 πάντων,

506 1791 599 1841 καὶ
630 1787 798 1858 φίλων
825 1790 916 1842 καὶ
947 1789 1157 1859 ἐχθρῶν
1195 1789 1289 1842 καὶ
1311 1787 1578 1856 ἀγγέλων.
1605 1787 1680 1838 Οὐ
1723 1785 1828 1854 γὰρ
1863 1785 2086 1857 δήπρὸς

505 1870 670 1924 Δαυῒδ
707 1871 861 1939 ἔλεγε
927 1873 1108 1942 μόνον,
1159 1872 1226 1925 Ἀ
1281 1870 1362 1924 σὺ
1423 1869 1492 1921 ἐν
1532 1867 1734 1937 κρυερῇ
1764 1869 2081 1934 ἐποίησας,

506 1954 622 2024 ἐγὼ
650 1954 883 2020 ποιήσω
911 1952 1060 2010 πᾶσι
1079 1952 1408 2020 κατάδηλα,
1431 1951 1564 2005 ἀλλὰ
1589 1953 1681 2004 καὶ
1716 1952 1852 2023 πρὸς
1877 1942 2086 2014 πάντας

506 2039 673 2107 ἡμᾶς.
725 2033 1028 2108 Ἐφοϐήθης
1061 2036 1402 2109 ἀνθρώπους,
1461 2036 1614 2106 φησι,
1665 2036 1760 2087 καὶ
1804 2035 2084 2106 ᾐσχύνθης

505 2119 602 2174 τοῦ
645 2120 779 2175 Θεοῦ
819 2122 1012 2175 πλέον’
1053 2121 1150 2174 καὶ
1192 2120 1287 2174 τοῦ
1319 2119 1454 2173 Θεοῦ
1493 2119 1730 2190 ὁρῶντος
1763 2120 1864 2172 οὐκ
1889 2121 2084 2191 ἐφρόν-

503 2219 682 2268 τισας,
708 2203 844 2258 ἀλλά
876 2204 1004 2267 τούς
1030 2201 1350 2275 ἀνθρώπους
1379 2203 1611 2274 ήδέσθης
1631 2217 1646 2231 ⁶
1679 2205 1746 2256 Οἱ
1774 2203 2073 2271 ὀφθαλμοὶ

503 2287 635 2359 γὰρ,
672 2287 826 2357 φησὶ,
855 2285 978 2340 τῶν
999 2286 1346 2356 ἀνθρώπων,
1375 2287 1550 2340 τοῦτο
1585 2289 1618 2340 ό
1639 2286 1828 2354 φόϐος
1854 2285 2075 2340 αὐτῶν.

501 2371 602 2426 Διά
637 2371 798 2425 τοῦτο
829 2372 921 2423 ἐπὶ
966 2370 1173 2424 τούτων
1225 2370 1405 2423 αὐτῶν
1441 2369 1633 2433 δώσεις
1659 2370 1814 2438 δίκην
1835 2387 1848 2401 ·
1875 2370 2084 2438 ἐλέγξω

501 2454 612 2526 γάρ
646 2471 727 2518 σε,
759 2453 865 2507 ὑπὸ
885 2454 997 2517 τοῖς
1027 2454 1283 2508 ἀπάντων
1328 2452 1626 2522 ὀφθαλμοῖς
1673 2451 1844 2516 τιθείς
1883 2469 1977 2506 σου
2011 2454 2081 2505 τά

504 2539 894 2609 ἁμαρτήματα.
935 2537 1058 2590 Ὅτι
1095 2536 1206 2607 γὰρ
1237 2536 1394 2589 τοῦτό
1414 2537 1559 2588 ἐστιν
1584 2533 1801 2605 ἀληθὲς,
1835 2537 1929 2587 καὶ
1958 2537 2078 2589 κατ’

501 2620 718 2692 ἐκείνην
751 2619 850 2691 τήν
870 2617 1086 2692 ἡμέραν
1123 2619 1338 2673 πάντων
1367 2617 1526 2689 ήμῶν
1562 2617 1972 2688 ἐκπομπεύεται
2013 2618 2082 2672 τὰ

499 2704 896 2774 ἁμαρτήματα,
926 2702 1020 2754 ἐὰν
1055 2703 1131 2773 μὴ
1184 2701 1279 2755 νῦν
1321 2701 1459 2754 αὐτὰ
1518 2703 1584 2772 τῇ
1621 2703 1837 2770 συνεχεῖ
1862 2773 1864 2776 Ι
1889 2703 2080 2775 μνήμῃ

499 2785 873 2857 ἀφανίσωμεν,
904 2784 1136 2838 ἄκουσον
1187 2783 1306 2848 πῶς
1347 2784 1819 2855 ἐκπομπεύεταιή
1861 2783 2081 2855 ὠμότης

501 2869 596 2922 καὶ
654 2869 687 2939 ή
745 2867 1114 2939 άπανθρωπία
1155 2866 1264 2922 τῶν
1320 2867 1552 2921 ἐνταῦθα
1601 2866 1677 2938 μὴ
1714 2866 2076 2936 ἐλεησάντων.

513 2953 859 3016 Ἔπείνασα,
889 2952 1043 3024 φησὶ,
1075 2950 1174 3006 καί
1223 2953 1336 3006 οὐκ
1385 2949 1644 3005 ἐδώκατέ
1679 2968 1784 3021 μοι
1837 2949 2072 3020 φαγεῖν.

500 3036 639 3090 Πότε
666 3034 839 3090 ταῦτα
857 3035 1116 3106 λέγεται;
1166 3030 1276 3107 ἄρα
1320 3037 1378 3089 ἐν
1415 3034 1620 3108 γωνίᾳς
1667 3030 1776 3106 ἆρα
1805 3036 1862 3087 ἐν
1896 3051 2078 3105 παρα-

501 3118 713 3189 δύστῳς
736 3119 1024 3190 οὐδαμῶς,
1055 3117 1194 3172 ἀλλὰ
1231 3119 1362 3172 πότε
1385 3136 1404 3185 ;
1430 3119 1600 3172 Ὅταν
1627 3118 1754 3192 ἔλθῃ
1783 3121 1810 3173 ὁ
1832 3117 1959 3182 Υίὺς
1983 3117 2078 3170 τοῦ

502 3202 796 3274 ἀνθρώπου
820 3204 881 3257 ἐν
899 3205 965 3274 τῇ
991 3202 1117 3278 δόξῃ
1142 3201 1327 3268 αὐτοῦ,
1351 3203 1446 3256 καὶ
1472 3203 1650 3256 πάντα
1676 3202 1745 3254 τὰ
1774 3199 1927 3273 [291]
1950 3200 2084 3271 ἔθνη

504 3287 814 3357 συναγάγῃ,
842 3285 976 3339 ὅταν
1007 3285 1272 3359 -ἀφορίσῃ
1329 3283 1555 3349 τούτους
1599 3284 1910 3350 κάκείνους,
1951 3282 2078 3335 τότε

502 3368 718 3424 πάντων
745 3369 1053 3423 ἀκουόντων
1086 3371 1221 3440 ἐρεῖ,
1267 3369 1474 3438 στήσας
1523 3368 1591 3421 ἐκ
1639 3367 1829 3432 δεξιῶν
1873 3367 1968 3422 καὶ
2019 3366 2081 3434 ἐξ

504 3451 803 3524 εὐωνύμων
827 3468 843 3484 ο
890 3454 1240 3517 Ἐ’πεινασα,
1277 3451 1378 3506 καί
1404 3453 1518 3506 οὐκ
1562 3450 1818 3506 ἐδώκατέ
1833 3469 1934 3522 μοι
1963 3467 2079 3521 φα-

502 3536 649 3616 ⁸νεῖν.
687 3537 832 3609 Ὅρα
863 3537 1024 3592 πάλιν
1054 3536 1148 3591 καὶ
1171 3537 1272 3616 τὰς
1299 3535 1461 3616 πέντε
1493 3531 1796 3606 παρθένους
1818 3537 1911 3588 ἐπὶ
1935 3535 2076 3615 πάνέ

502 3611 610 3673 των
635 3619 959 3683 ἀκουούσας,
991 3620 1112 3674 Οὐκ
1143 3613 1276 3672 οῖδα
1295 3615 1474 3686 ὑμᾶς.
1517 3618 1585 3671 Δί
1613 3619 1724 3690 γὰρ
1771 3617 1956 3683 πέντε,
1983 3611 2080 3671 καῖ

503 3704 688 3770 πέντε,
731 3703 853 3774 οὐχὶ
900 3703 991 3757 τὸν
1037 3702 1270 3776 ἀριθμὸν
1297 3701 1517 3773 δηλοῦσι
1553 3701 1664 3754 τῶν
1706 3700 1865 3755 πέντε
1892 3703 2074 3772 μόνον,

503 3787 642 3842 ἀλλὰ
675 3787 852 3852 πάσας
889 3787 988 3850 τὰς
1015 3787 1256 3859 πονηρὰς
1300 3786 1394 3840 καὶ
1443 3785 1629 3857 ὠμοὺς
1658 3787 1752 3840 καὶ
1781 3786 2079 3857 ἀπανθρώ-

505 3888 641 3933 πους
671 3870 779 3924 τῶν
811 3869 1118 3941 παρθένιον,
1143 3870 1238 3924 καὶ
1254 3869 1355 3934 τὰς
1382 3869 1457 3941 μὴ
1489 3869 1774 3933 τοιαύτας.
1799 3870 1956 3924 Οὕτω
1980 3872 2075 3925 καὶ

503 3958 534 4008 δ
559 3955 618 4008 τὸ
646 3955 706 4008 ἓν
743 3955 1008 4011 τάλαντον
1033 3953 1362 4024 κατορύξας.
1408 3955 1642 4025 ἤκουσεν
1699 3955 1794 4008 ἐπὶ
1823 3955 2068 4020 πάντων,

505 4040 602 4091 καὶ
635 4038 744 4090 τῶν
760 4038 830 4090 τὰ
861 4039 1045 4100 πέντε,
1076 4038 1172 4093 καὶ
1189 4039 1303 4091 τῶν
1325 4037 1394 4091 τά
1421 4037 1516 4090 δύο
1549 4041 2030 4109 προσενεγκάντων
2058 4055 2074 4070 ο

505 4118 740 4186 Πονηρὲ
774 4119 957 4173 δοῦλε
988 4119 1087 4172 καὶ
1115 4118 1355 4187 ὀκνηρέ.
1389 4120 1464 4172 Οὐ
1489 4119 1578 4182 διὰ
1598 4121 1858 4192 ῥημάτων
1885 4122 2069 4191 μόνον,

507 4199 644 4256 ἀλλὰ
665 4199 762 4254 καὶ
782 4199 870 4254 διὰ
929 4200 1268 4271 πραγμάτων
1291 4200 1412 4254 τότε
1445 4201 1656 4272 ἐλέγχει
1682 4202 1878 4267 αὐτούς
1898 4219 1912 4232 ·
1939 4202 2079 4258 καθ-

515 4283 664 4354 άπερ
699 4282 796 4337 καὶ
834 4284 863 4337 ὁ
899 4282 1290 4355 εὐαγγελιστής
1344 4300 1527 4353 φησιν,
1554 4287 1845 4356 Ὄψονται
1888 4289 1974 4353 είς
2005 4285 2080 4340 ὃν

508 4365 932 4436 ἐξεκέντησαν.
972 4367 1139 4438 Ὁμοῦ
1156 4366 1265 4440 γάρ
1287 4369 1321 4438 ή
1344 4367 1641 4434 ἀνάστασις
1656 4369 1811 4423 ἔσται
1834 4370 2076 4434 πάντων,

511 4448 603 4503 καὶ
633 4450 968 4523 ἁμαρτωλῶν
1003 4451 1097 4507 καὶ
1115 4451 1338 4506 δικαίων
1357 4468 1373 4484 ο
1401 4451 1540 4520 ὁμοῦ
1570 4451 1838 4525 παρέσται
1875 4455 2077 4526 κρίνων

1191 343 1251 400 S.
1287 341 2109 415 JGANNISﬁHRYSDSTUMI
2152 342 2471 397 ARCIHEP.
2515 337 3061 397 CUNSTANTINOP.

3667 337 3776 396 21³

2188 456 2411 512 ἅπασιν.
2451 456 2735 528 Ἐννόησον
2764 455 2858 509 οῦ)
2879 455 3026 518 τίνες
3049 453 3268 508 ἔσονται
3297 453 3423 507 τότε
3452 453 3502 507 ot
3522 455 3580 508 ἐν
3597 471 3773 528 κατηο

2186 541 2336 612 φείᾳ,
2354 542 2401 596 οἱ
2417 543 2476 594 ἐν
2494 539 2672 610 ὀδύνῃ,
2696 542 2745 593 οί
2763 539 3045 608 ἑλκόμενοι
3067 538 3146 600 είς
3161 536 3223 591 τὸ
3247 536 3379 608 πῦρ,
3403 539 3775 607 στεφανουμέ-

2185 642 2291 678 νων
2319 624 2543 694 έτέρων.
2576 623 2775 685 Δεῦτε,
2803 622 2992 691 φησὶν,
3015 623 3068 675 οἱ
3095 619 3493 689 εὐλογημένοι
3519 620 3627 676 τοῦ
3649 624 3772 676 Πα-

2185 711 2323 778 τρός
2336 727 2476 778 μου,
2493 707 2993 776 κληρονομήσατε
3012 704 3130 772 τὴν
3149 703 3607 773 ἡτοιμασμένην
3630 703 3778 772 ὑμῖν

2181 794 2512 858 ,βασιλείαν
2563 791 2683 847 ἀπὸ
2744 788 3095 856 καταϐολῆς,
3116 790 3352 860 κόσμου
3378 804 3392 817 ·
3433 788 3530 842 καὶ
3561 788 3724 841 πάλιν
3750 829 3768 851 ,

2200 875 2513 931 Ἀπέλθετε
2540 875 2641 930 ἀπ’
2669 874 2814 944 ἐμοῦ
2839 876 2923 939 είς
2961 873 3029 928 τὸ
3057 873 3180 941 πῦρ
3219 872 3286 926 τὸ
3320 871 3778 944 ’ἡτοιμασμένον-

2189 958 2268 1025 τῷ
2291 958 2548 1023 διαϐόλῳ
2576 957 2673 1012 καί
2695 957 2822 1023 τοῖς
2845 954 3125 1026 ἀγγέλοις
3149 953 3359 1008 αὑτοῦ.

2259 1042 2351 1112 Μὴ
2377 1041 2563 1105 ἁπλῶς
2583 1041 2693 1094 τῶν
2736 1040 3000 1111 ῥημάτων
3029 1038 3346 1107 ἀκούωμεν,
3383 1037 3503 1091 ἀλλ’
3530 1037 3771 1108 ὐπογράο

2189 1124 2380 1196 ψωμεν
2410 1123 2550 1178 αὐτά
2572 1125 2663 1177 καὶ
2680 1126 2744 1194 τῇ
2776 1123 2918 1193 ὄψει,
2945 1121 3040 1175 καὶ
3056 1121 3370 1191 νομίσωμεν
3391 1121 3487 1172 νῦν
3515 1121 3770 1190 παρεῖναι

2190 1207 2372 1272 αὐτὸν,
2397 1207 2488 1259 καί
2511 1206 2694 1274 λέγειν
2730 1205 2925 1269 ταῦτα,
2966 1205 3063 1258 καὶ
3092 1202 3406 1270 ἀπάγεσθαι
3434 1204 3581 1273 ήμᾶς
3605 1206 3685 1266 εἰς
3708 1206 3778 1256 ἰδ’

2191 1289 2510 1359 πῦρέκεῐνο.
2527 1289 2667 1343 Τίνα
2695 1289 2889 1359 ἕξομεν
2912 1281 3124 1358 ψυχήν;
3172 1285 3332 1338 ποίαν
3374 1285 3770 1357 παραμυθίανς

2191 1374 2256 1426 Τί
2281 1374 2356 1439 δὲ,
2388 1375 2516 1426 ὅταν
2554 1372 3002 1443 διχοτομώμεθα;
3038 1371 3089 1424 τί
3125 1370 3203 1434 δὲ,
3242 1371 3370 1423 ὅταν
3402 1369 3543 1439 ὑπὲρ
3589 1369 3774 1440 άρπαο

2194 1457 2298 1526 γῆς
2324 1456 2730 1525 ἐγκαλώμεθα;
2786 1456 2947 1510 ποίαν
3001 1455 3196 1524 ἕξομεν
3242 1455 3418 1506 εἰπεῖν
3445 1455 3720 1522 πρόφασιν
3749 1469 3765 1515 ;

2193 1542 2314 1594 τίνα
2341 1541 2499 1606 λόγον
2534 1541 2922 1610 εὐπρόσωπονς
2973 1537 3174 1591 Οὐδένα
3200 1555 3214 1569 ο
3245 1536 3360 1590 ἀλλ’
3388 1537 3603 1606 ἀνάγκη
3677 1537 3767 1590 δε·-

2196 1623 2556 1694 σμουμένους,
2585 1623 2736 1676 κάτω
2775 1621 3050 1684 νεύοντας,
3085 1619 3342 1690 σύρεσθαι
3365 1619 3501 1688 πρὸς
3550 1619 3618 1672 τὰ
3659 1621 3770 1672 τῶν

2193 1707 2436 1776 καμίνων
2495 1707 2765 1776 στόματα,
2800 1705 2935 1776 πρὸς
2967 1704 3058 1757 τὸν
3111 1703 3358 1773 ποταμὸν
3411 1702 3506 1754 τοῦ
3569 1704 3774 1773 πυρὸς,

2188 1791 2326 1860 πρὸς
2356 1791 2416 1844 τὸ
2441 1791 2651 1856 σκότος,
2685 1789 2819 1860 πρὸς
2873 1789 2972 1852 τὰς
3027 1787 3328 1848 ἀθανάτους
3365 1785 3636 1850 κολάσεις.
3673 1789 3770 1843 καὶ

2191 1873 2416 1944 μηδενὸς
2463 1873 2671 1926 δεῖσθαι
2711 1872 2848 1944 πρὸς
2878 1871 3200 1940 ἀπαλλαγὴν
3235 1869 3518 1923 δύνασθαι.
3555 1871 3628 1923 Οὐ
3655 1873 3768 1940 γὰρ

2187 1956 2324 2022 ἐστι,
2357 1957 2544 2025 φησὶν,
2572 1955 2672 2008 οὐκ
2703 1955 2850 2008 ἐστιν
2876 1953 3126 2008 ἐντεῦθεν
3143 1953 3558 2023 διαϐῆναιέκείο
3580 1956 3767 2024 χάσμα

2185 2038 2297 2110 γάρ
2329 2040 2469 2110 μέγα
2506 2038 2708 2110 μεταξύ
2737 2041 2895 2110 ἡμῶν
2923 2057 2982 2092 τε
3012 2039 3105 2092 καὶ
3133 2038 3321 2107 ὑμῶν·
3351 2039 3445 2091 καὶ
3472 2039 3594 2093 οὐδὲ
3649 2040 3770 2110 βου-

2184 2121 2431 2192 λομένοις
2453 2122 2532 2174 ἔνι
2558 2121 2878 2193 μεταϐῆναι,
2913 2123 3006 2176 καὶ
3023 2121 3211 2192 ὀρέξαι
3237 2123 3417 2192 χεῖρα·
3452 2121 3568 2174 ἀλλ’
3593 2122 3765 2190 ἀνάγ·

2185 2221 2254 2277 κη
2281 2205 2534 2260 καίεσθαι
2563 2205 2875 2269 διαπαντὸς,
2898 2205 3111 2267 οὐδενὸς
3147 2203 3280 2274 ήμῖν
3308 2198 3630 2274 ἅμύνοντος,
3661 2207 3765 2260 κᾶν

2390 2284 2445 2361 ᾗ,
2469 2287 2578 2342 κᾶν
2611 2290 2818 2360 μήτηρ,
2854 2287 2960 2341 κᾶν
2985 2287 3260 2351 ὁστισοῦν,
3287 2289 3393 2340 κᾶν
3425 2289 3628 2360 πολλὴν
3662 2290 3762 2360 έχῃ

2185 2371 2319 2441 πρὸς
2347 2373 2439 2425 τὸν
2491 2372 2626 2426 Θεὸν
2684 2372 3018 2444 παρρησίαν.
3061 2373 3354 2441 Ἀδελφὸς
3381 2373 3514 2444 γὰρ,
3556 2375 3760 2442 φησὶν,

2181 2456 2255 2508 οὐ
2282 2454 2636 2523 λυτροῦταιο
2682 2456 3056 2524 λυτρώσεται
3099 2455 3448 2524 ἄνθρωπος;
3489 2458 3643 2511 Ἐπεὶ
3669 2457 3766 2511 οῦν

2181 2538 2282 2592 οὐκ
2315 2539 2460 2592 ἐστιν
2494 2543 2552 2593 ἐν
2580 2539 2754 2610 ἑτέρῳ
2769 2541 2868 2603 τὰς
2901 2539 3124 2604 ἐλπίδας
3146 2540 3289 2609 ἔχειν
3323 2540 3426 2610 τῆς
3457 2542 3758 2612 σωτηρίας,

2181 2620 2296 2673 ἀλλ’
2328 2623 2384 2674 έν
2409 2620 2560 2695 [292]
2588 2621 2738 2692 αύτῷ
2763 2621 2904 2692 μετὰ
2922 2621 3021 2693 τὴν
3041 2621 3134 2674 τοῦ
3155 2622 3291 2675 Θεοῦ
3318 2622 3760 2694 φιλανθρωπίαν,

2182 2705 2503 2775 παρακαλῶ,
2562 2705 2739 2758 πάντα
2775 2706 3106 2774 πράττωμεν
3129 2745 3144 2770 ,
3185 2705 3326 2759 ὥστε
3356 2708 3488 2776 ἡμῖν
3514 2706 3604 2760 τὸν
3647 2707 3761 2778 βίον

2180 2788 2435 2857 γενέσθαι
2468 2787 2710 2858 καθαρὸν
2760 2789 2856 2842 καὶ
2894 2787 2992 2858 τὴν
3046 2788 3328 2841 πολιτείαν
3379 2789 3633 2860 ἀρίστην,
3665 2791 3763 2843 καὶ

2184 2871 2319 2942 μηδέ
2351 2870 2502 2939 παρὰ
2533 2870 2633 2941 τὴν
2690 2871 2868 2943 ἀρχὴν
2901 2869 3155 2935 δέξασθαι
3208 2871 3402 2941 κηλῖδά
3440 2886 3592 2923 τινα·
3625 2873 3674 2924 εί
3703 2871 3762 2924 δέ

2183 2954 2502 3025 ἐδεξάμεθα,
2567 2954 2704 3024 μετὰ
2735 2954 2867 3024 γοῦν
2904 2955 3002 3026 τὴν
3027 2954 3220 3026 κηλῖδα
3255 2954 3331 3025 μὴ
3382 2952 3760 3025 καθεύδωμεν,

2181 3038 2318 3091 ἀλλὰ
2363 3037 2658 3102 διαπαντὸς
2706 3037 3057 3108 ἐπιμένωμεν
3104 3037 3511 3100 ἀποπλύνοντες
3542 3037 3636 3090 τὸν
3665 3037 3764 3108 ῥύ-

2181 3137 2282 3174 πον
2335 3120 2424 3174 διά
2472 3121 2785 3191 μετανοίας,
2814 3120 2903 3175 διὰ
2953 3121 3227 3192 δακρύων,
3278 3121 3367 3174 διὰ
3423 3121 3622 3192 εὐχῶν,
3672 3122 3763 3175 διά

2179 3203 2568 3275 ἐλεημοσύνης.
2601 3205 2666 3258 Τί
2689 3203 2804 3267 οὐν,
2829 3204 2925 3257 ἐὰν
2960 3203 3034 3275 μὴ
3067 3205 3194 3275 ἔχω,
3230 3206 3418 3276 φησὶν,
3461 3204 3763 3275 ἐλεημοσύ-

2179 3306 2278 3360 νην
2309 3287 2640 3359 ἐργάζεσθαι
2665 3307 2679 3356 ;
2719 3289 2887 3342 Ἀλλά
2912 3287 3125 3359 ψυχροῦ
3151 3291 3409 3359 ποτήριον
3446 3288 3614 3360 ἔχεις,
3637 3290 3775 3344 ὅσον.

2179 3371 2246 3426 ἂν
2270 3367 2336 3446 ᾖς
2373 3373 2573 3443 πένης’
2620 3371 2759 3425 ἀλλά
2808 3371 2903 3425 δύο
2937 3371 3112 3425 λεπτὰ
3172 3371 3339 3443 ἔχεις,
3371 3373 3447 3435 ὡς
3483 3372 3547 3425 ἂν
3593 3367 3661 3444 ᾖς
3699 3374 3762 3434 ἐν

2178 3455 2370 3528 πενίᾳο
2403 3456 2540 3510 ἀλλά
2594 3456 2762 3519 πόδας
2797 3455 2942 3528 ἔχεις
2963 3455 3104 3509 ὥστε
3135 3455 3544 3525 ἐπισκέψασθαι
3575 3453 3761 3526 ἀρρώ-

2179 3555 2361 3602 στους,
2382 3539 2524 3593 ῶστε
2555 3541 2635 3602 είς
2665 3540 3044 3611 δεσμωτήριον
3073 3538 3360 3602 εἰσελθεῖν,
3397 3539 3536 3594 ἀλλά
3554 3539 3759 3608 στέγην

2174 3623 2320 3696 ἔχεις
2347 3622 2489 3677 ὥστε
2523 3623 2781 3689 δέξασθαι
2810 3622 3015 3688 ξένους.
3043 3623 3118 3677 Οὐ
3159 3623 3268 3694 γὰρ
3310 3624 3477 3687 ἔστιν,
3508 3624 3609 3676 οὐκ
3641 3623 3764 3676 ἔστι

2181 3705 2479 3778 συγγνώμη
2514 3707 2740 3776 οὐδεμία
2760 3707 2838 3777 τῷ
2867 3706 3242 3776 ἐλεημοσύνην
3276 3707 3351 3779 μὴ
3377 3705 3758 3776 ἐργαζομένῳ.

2179 3789 2367 3844 Ταῦτα
2395 3789 2636 3860 συνεχῶς
2668 3790 2899 3861 λέγομεν
2929 3789 3067 3860 πρὸς
3095 3790 3261 3858 ὑμᾶς,
3298 3789 3385 3843 ἵνα
3415 3789 3520 3842 κάν
3559 3788 3762 3858 μικρὸν

2179 3874 2287 3928 ἀπὸ
2305 3875 2403 3944 τῆς
2440 3875 2720 3946 συνεχείας
2744 3873 3036 3943 ἀνύσωμεν
3057 3887 3072 3902 ⁸
3094 3872 3268 3926 ταῦτα
3281 3871 3539 3943 λέγομεν,
3565 3870 3628 3924 οὐ
3650 3870 3766 3925 τῶν

2179 3953 2238 4012 εὖ
2274 3957 2595 4028 πασχόντων
2623 3956 3023 4028 φροντίζοντες,
3055 3955 3130 4019 ὡς
3158 3955 3332 4025 ὑμῶν.
3377 3953 3638 4017 Ἐκείνοις
3660 3953 3765 4024 μέν

2179 4040 2289 4111 γὰρ
2320 4041 2386 4094 τὰ
2429 4040 2665 4094 ἐνταῦθα
2696 4039 2886 4105 δίδοτε,
2933 4037 3372 4106 ἀντιλαμϐάνετε
3404 4037 3463 4091 δὲ
3495 4038 3564 4090 τὰ
3595 4036 3765 4107 οὐρά-

2179 4139 2268 4176 νια
2288 4139 2301 4151 ·
2322 4116 2396 4176 ὧν
2423 4122 2637 4185 γένοιτο
2679 4123 2892 4186 πάντας
2932 4123 3081 4194 ἡμᾶς
3111 4125 3413 4192 ἐπιτυχεῖν,
3447 4121 3636 4191 χάριτι
3662 4120 3765 4175 καὶ

2187 4204 2569 4275 φιλανθρωπία
2587 4203 2681 4258 τοῦ
2711 4205 2918 4275 Κυρίου
2951 4204 3112 4276 ήμῶν
3139 4205 3318 4276 Ἰησοῦ
3347 4204 3608 4274 Χριστοῦ,
3639 4201 3762 4274 μεθ’

2184 4281 2246 4341 οὗ
2275 4287 2352 4358 τῷ
2383 4288 2559 4359 Πατρὶ
2580 4288 2696 4358 ἆμα
2724 4288 2803 4358 τῷ
2833 4287 2975 4358 ἁγίῳ
3021 4287 3300 4358 Πνεύματι
3351 4287 3497 4352 δόξα,
3535 4287 3764 4356 κράτος,

2183 4370 2316 4443 τιμὴ
2341 4370 2436 4424 καὶ
2467 4370 2856 4444 προσκύνησις,
2889 4370 2986 4424 νῦν
3000 4373 3096 4425 καὶ
3123 4371 3232 4439 ἀεὶ,
3259 4370 3446 4434 καὶείς
3475 4370 3602 4432 τοὺς
3624 4369 3764 4424 αίῶ-

2185 4471 2282 4514 νας
2311 4455 2418 4506 τῶν
2447 4453 2678 4507 αἰώνων.
2718 4455 2910 4524 Ἀμήν.
