4088 6208
374 239 481 300 9.ιῖ

382 377 455 430 ita
484 385 610 440 roga
641 375 695 422 ut
725 365 798 419 tui
829 361 1162 417 misereatur.
1186 355 1241 410 Si
1271 361 1483 424 peccata
1513 361 1600 406 tua
1625 345 1840 404 assidue
1861 349 1959 400 ha-

384 466 512 520 beas
536 461 588 515 in
620 455 895 517 memoria,
916 462 1200 518 numquam
1223 445 1401 500 oderis
1415 442 1738 514 proximum,
1759 451 1860 494 nec
1875 452 1962 492 ao-

380 567 550 626 cepta:
577 547 782 619 injuria:
809 541 1138 620 memineris.
1161 537 1274 594 Non
1299 537 1420 592 dico
1437 576 1453 602 ,
1483 534 1528 591 si
1561 533 1660 617 tibi.
1683 544 1962 626 persuase-

382 623 464 705 ris
485 658 538 702 te
566 658 686 700 esse
716 646 1042 710 peccatorem
1074 652 1088 688 :
1115 649 1220 688 non
1249 632 1319 686 ita
1347 629 1450 684 hoc
1489 633 1664 698 potest
1706 623 1958 679 humilem

381 739 609 797 rrddere
630 736 882 796 animam,
897 731 1033 783 sicut
1047 741 1108 781 ea
1131 740 1248 794 qua:
1262 737 1356 794 per
1373 737 1432 777 se
1456 730 1508 776 et
1527 718 1665 789 apud
1687 733 1746 772 se
1764 716 1963 785 specia-

383 836 480 888 tim
523 827 898 885 examinantur
951 828 1185 890 peccata.
1213 817 1326 871 Non
1359 814 1482 868 odio
1513 810 1730 866 habebis
1755 823 1854 864 nec
1880 808 1963 863 i‘n-

377 924 532 994 juris:
581 925 811 986 accepta:
853 908 1158 967 memineris
1182 948 1200 976 ,
1239 907 1356 962 ιιωο
1393 914 1646 974 perpetuo
1676 901 1877 994 habens
1907 901 1958 954 in

381 993 658 1075 memoria,
691 1022 794 1062 non
826 1001 1092 1066 irasceris,
1119 1015 1225 1054 non
1255 1006 1474 1067 appetes
1503 993 1798 1048 maledictis
1817 1032 1830 1056 ,
1854 1005 1959 1045 non

378 1107 490 1160 eris
509 1099 768 1169 superbus
787 1106 839 1150 et
865 1095 1056 1157 elatus,
1082 1106 1187 1143 non
1218 1089 1269 1142 in
1307 1085 1491 1142 eadem
1521 1099 1703 1139 rursus
1733 1081 1957 1146 incides,

378 1198 445 1252 ad
480 1196 616 1249 bona
650 1188 885 1246 facienda
915 1183 1021 1242 eris
1046 1179 1430 1237 vehementior.

451 1289 509 1342 4.
541 1285 697 1337 \‘ides
718 1296 874 1350 quam
921 1277 1096 1346 multa.
1135 1275 1271 1326 bona
1317 1270 1560 1325 oriuntur
1589 1283 1653 1322 ex
1702 1268 1959 1320 memoria

380 1388 720 1450 peccatorum
740 1362 770 1427 ‘l'
798 1371 916 1425 llmc
962 1382 1091 1436 ergo
1119 1364 1319 1420 nostris
1356 1360 1548 1415 animis
1583 1357 1956 1450 inscribamus.

379 1447 507 1526 Scio
529 1465 669 1537 quod
694 1459 1004 1516 memoriam
1021 1465 1126 1511 tam
1150 1453 1395 1508 acerbam
1417 1464 1522 1504 non
1545 1451 1742 1537 patitur
1758 1447 1956 1511 anima;

376 1559 473 1614 sed
501 1536 617 1612 eam
649 1566 922 1623 cogamus,
962 1537 1016 1602 et
1041 1543 1221 1600 vini'ei
1247 1542 1553 1597 aderamus.
1583 1536 1768 1593 Melius
1789 1547 1871 1592 est
1900 1544 1961 1590 ut

377 1663 522 1706 nunc
551 1654 888 1715 peccatorum
907 1637 1210 1693 mordeatur
1229 1632 1506 1696 memoria,
1541 1635 1697 1700 quam
1723 1629 1958 1683 cruciatu

375 1740 468 1813 qui
499 1739 709 1793 iuturus
729 1744 811 1789 est
836 1733 928 1786 illo
959 1740 1220 1798 tempore.
1253 1723 1425 1789 Nunc,
1466 1723 1510 1777 si
1537 1737 1720 1777 eorum
1765 1719 1958 1775 memi-

378 1836 545 1898 neris,
578 1839 632 1885 et
662 1843 722 1884 ea
752 1824 965 1880 assidue
995 1822 1107 1875 Deo
1136 1817 1334 1873 oderas
1353 1857 1368 1880 ,
1398 1820 1452 1869 et
1498 1828 1592 1882 pro
1638 1813 1716 1867 eis
1763 1824 1920 1880 roges
1939 1851 1954 1876 ,

377 1929 485 1982 cito
511 1939 572 1980 ea
618 1917 820 1975 delebis
850 1934 863 1970 :
895 1915 976 1968 sin
1005 1921 1184 1966 autem
1215 1922 1356 1962 nunc
1401 1920 1590 1961 eorum
1619 1903 1695 1957 sis
1717 1903 1914 1956 oblitus
1939 1941 1957 1968 ,

381 2029 506 2071 tunc
535 2011 620 2067 vel
649 2009 841 2064 invitus
869 2001 1258 2064 recordaberis,
1285 2012 1405 2053 cum
1434 1997 1485 2050 in
1515 1995 1746 2050 medium
1776 1991 1956 2063 profc-

377 2116 587 2171 rentur,
617 2112 671 2158 et
701 2111 964 2169 tamquam
1009 2096 1062 2148 in
1112 2105 1358 2162 pompam
1395 2087 1754 2157 producentur
1775 2099 1955 2138 coram

378 2192 646 2254 omnibus,
663 2202 716 2246 et
732 2188 918 2242 amicis
935 2194 986 2240 et
1003 2182 1231 2237 inimicis
1249 2189 1302 2234 et
1321 2177 1546 2248 angelis.
1561 2175 1837 2231 Non‘enim
1855 2174 1955 2229 soli

377 2283 590 2346 dicebat
617 2281 825 2346 Davidi,
860 2277 983 2345 Qua:
1007 2285 1058 2330 tu
1086 2274 1245 2346 feciin
1273 2273 1324 2326 in
1351 2272 1547 2327 occulto
1568 2313 1583 2337 ,
1612 2285 1702 2341 ego
1725 2268 1954 2322 omnibus

371 2384 562 2454 faciam
581 2381 716 2433 mani
720 2382 846 2451 festa
869 2379 945 2448 (2.
958 2375 1176 2448 RngQ.
1191 2362 1298 2447 τί),
1318 2371 1410 2430 sed
1428 2376 1586 2428 etiam
1607 2374 1758 2426 nobis
1774 2369 1945 2424 ninni-

368 2474 783 2536 bus.llomincs,
816 2471 1005 2538 inquit,
1037 2468 1278 2533 timuisti,
1303 2475 1356 2522 et
1379 2479 1473 2520 eos
1503 2465 1670 2533 magis
1687 2461 1953 2516 reveritus

366 2582 428 2620 es
451 2581 610 2638 quam
661 2565 827 2619 Deum
853 2579 868 2626 ς
898 2572 951 2616 et
984 2562 1091 2615 Deo
1117 2561 1331 2616 vidente
1358 2573 1464 2612 non
1493 2556 1712 2621 curasti,
1744 2555 1836 2608 scd
1866 2554 1948 2607 vi-

368 2659 621 2715 dentibus
663 2655 967 2712 hominibus
997 2653 1198 2724 pudore
1228 2666 1286 2707 es
1311 2649 1533 2706 aifectus
1565 2665 1580 2704 :
1613 2646 1763 2702 Oculi
1781 2646 1946 2710 enim,

370 2750 565 2821 tnquit,
585 2749 863 2813 hominum,
880 2756 951 2801 est
978 2762 1148 2799 eorum
1172 2745 1340 2797 timor.
1355 2741 1640 2812 Propterea
1662 2752 1841 2792 coram
1865 2733 1950 2789 his

369 2844 507 2914 ipsis
527 2841 674 2896 dabis
695 2855 908 2910 ptenas;
933 2849 984 2893 te
1003 2837 1142 2892 enim
1172 2849 1410 2905 arguam,
1427 2843 1512 2886 tua
1540 2839 1753 2901 peccata
1780 2825 1946 2880 oculis

367 2932 610 2986 omnium
639 2929 950 3000 subiiciens.
980 2926 1110 2982 Nam
1133 2925 1272 2993 quod
1317 2925 1419 2978 hoc
1454 2922 1522 2976 sit
1548 2934 1752 2980 verum,
1781 2928 1834 2971 et
1862 2916 1948 2970 illc

365 3023 458 3077 die
485 3021 721 3075 omnium
751 3029 989 3074 nostrum
1039 3026 1252 3087 peccata
1303 3025 1569 3082 tamquam
1604 3011 1655 3063 in
1700 3021 1949 3080 pompam

368 3111 768 3180 producentur,
803 3107 904 3165 nisi
943 3121 1082 3163 nunc
1107 3123 1168 3161 ea
1196 3103 1404 3160 assidua
1433 3100 1801 3156 recordatione
1852 3099 1947 3154 de:

370 3204 600 3268 leamns,
623 3197 748 3255 audi
768 3197 1037 3272 quomodo
1068 3199 1118 3253 in
1144 3211 1391 3268 pompam
1424 3193 1732 3264 producitur
1760 3191 1952 3246 crude-

368 3294 492 3349 litas
511 3302 564 3348 et
591 3291 957 3347 inhumanitas
981 3305 1166 3345 eorum
1195 3288 1285 3358 qui
1316 3286 1402 3341 hic
1430 3301 1535 3339 non
1559 3283 1762 3338 miserti
1787 3292 1910 3337 sunt
1935 3297 1950 3334 :

369 3387 598 3452 Esnrivi,
633 3387 822 3456 inquit,
850 3395 898 3440 et
926 3401 1026 3438 non
1068 3383 1276 3436 dedistis
1313 3381 1435 3434 mihi
1477 3378 1614 3455 quod
1639 3376 1948 3431 comederem

367 3479 584 3549 (Matth.
606 3477 695 3533 25.
721 3477 831 3546 42).
858 3475 1205 3544 Quandonam
1234 3474 1348 3527 hinc
1373 3470 1667 3526 dicuntur?
1692 3469 1946 3540 numquid

365 3571 419 3623 in
453 3569 698 3638 angulo?
745 3565 1000 3638 numquid
1047 3566 1100 3619 in
1148 3563 1398 3619 occulto?
1437 3561 1820 3632 Nequaquam;
1853 3558 1949 3615 sed

363 3657 622 3727 quando?
648 3655 871 3722 Quando
892 3654 1096 3709 venerit
1117 3652 1283 3707 Filius
1307 3651 1535 3707 hominis
1557 3652 1607 3704 in
1633 3650 1799 3720 gloria
1827 3663 1947 3717 sua,

363 3757 416 3801 et
445 3748 849 3817 congregaverit
896 3760 1082 3799 mones
1125 3753 1331 3813 gentes,
1362 3741 1572 3814 quando
1606 3740 1705 3796 hos
1744 3750 1798 3796 et
1826 3741 1950 3796 illos

363 3841 719 3909 separaverit,
750 3847 874 3892 lllttc
895 3839 1142 3891 omnibus
1157 3834 1496 3901 audientibus
1521 3831 1682 3898 dicet,
1711 3845 1951 3888 statuens

363 3946 395 3983 a
435 3929 640 3984 dextris
689 3937 743 3982 ιιι
768 3928 999 3982 εἱιιὶειτίε
1032 3943 1047 3982 :
1082 3924 1304 3990 Esurivi,
1331 3935 1378 3979 ct
1427 3941 1527 3979 non
1572 3925 1780 3979 dedistis
1826 3924 1953 3980 mihi

362 4023 650 4075 conradere.
686 4019 814 4072 V'ide
841 4031 1028 4072 rursus
1061 4017 1174 4071 illas
1219 4015 1453 4087 quinque
1498 4016 1726 4085 virgines
1768 4029 1949 4070 coram

362 4111 618 4167 omnibus
656 4110 933 4165 audientes
979 4126 993 4161 :
1036 4107 1222 4162 Nescio
1259 4123 1365 4161 vos.
1421 4107 1664 4176 Quinque
1713 4108 1853 4162 enim
1897 4118 1948 4161 et

363 4207 608 4274 quinque
651 4219 756 4257 non
804 4201 1104 4270 signiﬁcant
1149 4207 1354 4253 tantum
1411 4213 1686 4253 numerum
1738 4197 1946 4255 illarum

362 4295 629 4365 quinque,
660 4293 751 4348 sed
782 4306 968 4346 omnes
996 4289 1160 4344 malas
1189 4300 1239 4344 et
1265 4289 1509 4343 crudeles
1538 4298 1592 4342 et
1633 4287 1949 4341 inlmmanas

365 4387 624 4456 virgines,
647 4393 701 4439 et
728 4398 818 4438 eas
843 4398 960 4452 qua:
988 4397 1093 4434 non
1121 4392 1241 4433 sunt
1267 4378 1589 4448 huiusmodi.
1609 4377 1695 4433 Sic
1722 4379 1879 4432 etiam
1903 4379 1949 4432 is

367 4494 581 4548 quoque
611 4476 700 4544 qui
725 4490 884 4527 unum
906 4471 1383 4534 inl‘odittalentum,
1412 4469 1607 4522 audivit
1627 4484 1806 4523 coram
1827 4483 1946 4523 om-

368 4569 548 4630 nibus,
578 4575 628 4620 et
657 4565 722 4618 iis
739 4564 900 4618 etiam
921 4563 1009 4631 qui
1033 4563 1263 4630 quinque
1287 4571 1341 4614 et
1363 4561 1450 4627 qui
1473 4559 1579 4612 duo
1609 4561 1898 4614 attulerunt
1929 4577 1944 4614 :

366 4656 525 4713 Serve
564 4671 782 4718 nequam
817 4662 861 4707 et
905 4655 1083 4724 ignave
1111 4651 1329 4722 (Matth.
1360 4651 1452 4706 25.
1483 4649 1598 4721 26).
1630 4650 1744 4705 Νοιι
1769 4651 1947 4708 verbis

364 4750 557 4803 solum.
583 4746 679 4801 sed
707 4745 868 4799 etiam
897 4745 1056 4798 rebus
1081 4753 1134 4797 et
1159 4740 1310 4796 factis
1328 4757 1422 4797 eos
1447 4750 1572 4797 tunc
1599 4743 1810 4811 arguit:
1842 4743 1950 4798 sic-

367 4843 610 4897 utetiam
642 4839 770 4894 dicit
798 4836 1145 4907 evangelista,
1186 4833 1434 4889 Videbunt
1464 4835 1516 4890 in
1553 4851 1697 4903 quem
1726 4836 1947 4906 conﬁxe-

1135 209 1483 300 ..ικϊριδικ
1526 246 1616 301 ιιι)
1657 243 2023 302 acosmos.

2067 249 2220 309 CAP.
2265 251 2387 309 Xll.
2426 255 2652 313 HOMlL‘.
2674 258 2900 316 ‘XX‘XI:
3523 275 3627 332 Si!

2075 369 2190 412 runt
2217 358 2394 429 (Joan.
2425 363 2512 420 l9.
2546 367 2659 437 ‘57).
2695 368 2864 425 Simul
2907 373 3046 428 enim
3077 374 3178 430 erit
3205 380 3440 436 omnium
3471 401 3642 443 resur-

2069 451 2263 520 rectio,
2291 465 2629 524 peccatorum
2659 469 2710 516 et
2735 461 2998 532 iustorum
3024 483 3039 531 ;
3071 465 3228 523 simul
3255 470 3427 528 aderit
3462 493 3644 536 ciuitates

2074 559 2334 632 judicans.
2365 558 2550 636 cogita.
2589 576 2716 631 ergo
2744 562 2930 631 quales
2961 573 3265 634 tunccrunt
3293 567 3384 640 qui
3415 581 3574 643 erunt
3595 572 3655 656 ir.

2075 650 2238 714 luctu,
2272 650 2324 704 in
2357 666 2621 716 moerere,
2650 651 2739 720 qui
2769 651 3046 706 trahentur
3081 655 3132 707 in
3162 656 3359 725 ignem,
3394 655 3520 711 dum
3553 645 3641 715 co-

2073 751 2328 795 ronautur
2353 743 2460 795 alii.
2500 740 2687 803 Venite,
2716 743 2904 812 inquit,
2929 743 3176 799 benedicti
3204 744 3374 802 Patris
3391 749 3507 816 mei,
3531 767 3624 817 pos

2069 833 2227 884 sidnte
2265 843 2496 900 paratum
2542 832 2676 885 vobis
2718 849 2927 903 regnum
2968 851 2999 887 a
3040 838 3394 892 constitutione
3435 823 3644 906 mundi,

2070 932 2124 976 et
2149 908 2351 987 rursus,
2384 922 2695 998 Disceditea
2723 941 2801 978 me
2841 925 2892 978 in
2921 907 3087 997 ignem
3116 940 3350 998 paratum
3379 912 3585 987 diabolo
3601 945 3644 988 et

2067 1012 2260 1085 angelis
2279 1015 2385 1081 ejus
2419 1013 2625 1084 (ΜαιιΙι.
2644 997 2744 1070 95.
2775 1016 2865 1071 at.
2895 1017 3004 1088 tt).
3120 997 3123 998 ί
3577 1000 3584 1004 ’

2142 1103 2316 1156 Aliena
2354 1105 2483 1158 bona
2526 1107 2827 1175 rapientium
2874 1108 3196 1182 supplicium.
3226 1141 3300 1152 -—-
3326 1111 3440 1168 Non
3473 1093 3642 1185 solum

2071 1198 2231 1248 verba
2263 1197 2560 1262 audiamus,
2579 1199 2672 1252 sed
2702 1201 2871 1254 oculis
2911 1205 3068 1256 etiam
3097 1204 3359 1274 descripta
3397 1208 3644 1276 subjicia-

2067 1303 2185 1340 mns
2211 1296 2262 1341 et
2284 1288 2646 1343 existimemus
2673 1307 2791 1344 cum
2823 1307 2961 1346 nunc
2985 1293 3193 1351 adesse.
3223 1304 3277 1349 et
3308 1295 3641 1369 liteedicere,

2065 1388 2115 1432 et
2143 1393 2239 1432 nos
2268 1378 2319 1432 in
2346 1378 2491 1433 illum
2525 1381 2697 1450 ignem
2728 1382 3015 1439 abducere.
3048 1372 3270 1453 Qualem
3319 1397 3444 1443 tunc
3482 1389 3644 1446 habe-

2064 1468 2239 1523 bimus
2286 1471 2560 1525 animam?
2609 1473 2817 1541 qualem
2867 1477 3497 1546 consolationem?Quid
3554 1497 3644 1538 ιο-

2063 1575 2141 1626 ro,
2189 1561 2401 1642 quando
2456 1562 2507 1616 in
2558 1563 2689 1618 duas
2739 1575 2919 1636 partes
2963 1568 3296 1625 dividemur?
3343 1573 3468 1642 quid
3514 1590 3640 1629 vero

2060 1655 2272 1721 quando
2324 1640 2390 1709 de
2427 1657 2609 1724 rapina
2666 1659 3388 1731 accusabimur?quamnam
3437 1667 3641 1736 potoria

2061 1761 2176 1798 llius
2225 1745 2419 1799 aderrc
2461 1748 2896 1803 cxrusationem?
2934 1767 3216 1819 quamnam
3268 1756 3635 1823 probationem

2058 1849 2108 1889 et
2147 1838 2323 1906 specie
2360 1854 2463 1892 non
2502 1838 2834 1893 inhonestam
2887 1844 3227 1898 orationem?
3256 1846 3466 1901 Nullam
3498 1867 3510 1903 :
3542 1850 3635 1904 sed

2060 1943 2278 1981 necesse
2308 1931 2410 1982 erit
2437 1940 2490 1982 ιιι
2524 1931 2682 1983 vincti
2711 1942 2766 1985 et
2791 1931 3041 1988 deorsum
3070 1936 3328 1992 incurvati
3363 1939 3636 1996 trahamur

2055 2019 2119 2072 ad
2149 2019 2282 2074 ostia
2313 2021 2669 2085 caminorum,
2699 2021 2762 2076 ad
2793 2022 3014 2079 ﬂuvium
3061 2027 3195 2096 ignis
3215 2071 3227 2086 .
3260 2029 3313 2082 in
3348 2030 3594 2088 tenebras
3618 2073 3632 2096 ,

2057 2111 2118 2162 ad
2145 2110 2400 2180 supplicia
2433 2111 2774 2176 immortalia,
2804 2123 2858 2168 et
2885 2116 3151 2170 neminem
3179 2118 3244 2171 ad
3275 2134 3370 2172 nos
3399 2119 3636 2175 liberano

2053 2201 2177 2255 dum
2211 2216 2400 2271 rogare
2431 2204 2744 2271 poterimus.
2771 2204 2886 2259 Non
2918 2215 3092 2274 potest
3119 2209 3282 2274 enim,
3313 2210 3502 2280 inquit,
3526 2228 3630 2268 non

2056 2304 2228 2364 potest
2255 2294 2378 2349 hinc
2422 2295 2546 2350 illuc
2577 2297 2826 2351 transiri:
2857 2305 2940 2352 est
2965 2300 3110 2353 enim
3144 2299 3283 2356 inter
3312 2316 3410 2357 nos
3448 2313 3503 2358 cl
3537 2320 3632 2360 vos

2054 2403 2299 2458 magnum
2327 2387 2490 2443 chaos
2515 2387 2665 2460 (Luc.
2702 2388 2788 2444 16.
2813 2389 2947 2460 ἓϐλε
2980 2400 3032 2445 et
3062 2407 3158 2447 nec
3185 2393 3486 2450 volentibus
3507 2395 3632 2452 licet

2054 2481 2299 2543 transire,
2331 2489 2386 2535 et
2414 2495 2628 2534 manum
2658 2481 2918 2549 pra-bere,
2947 2482 3043 2538 sed
3076 2498 3296 2540 necesse
3323 2495 3405 2540 est
3435 2503 3627 2558 perpe~

2051 2583 2140 2627 tuo
2166 2570 2378 2636 ardere,
2422 2571 2634 2626 nemine
2663 2571 2816 2627 nobis
2844 2587 3000 2642 opem
3045 2572 3268 2638 ferente,
3298 2577 3411 2631 sive
3441 2578 3509 2632 sit
3539 2593 3629 2646 pa-

2051 2673 2149 2728 ter,
2181 2662 2294 2718 sive
2317 2672 2506 2728 mater,
2533 2662 2646 2717 sive
2673 2661 2918 2732 quilibet,
2945 2663 3151 2718 etiamsi
3187 2664 3382 2720 habeat
3407 2669 3625 2724 multam

2055 2759 2120 2813 ad
2153 2759 2317 2814 Deum
2349 2758 2592 2812 ﬁduciam
2629 2776 2642 2814 :
2678 2757 2855 2814 Frater
2877 2761 3041 2827 enim,
3074 2763 3263 2831 inquit,
3283 2779 3383 2818 non
3411 2767 3631 2826 redimit.

2053 2851 2261 2904 redimet
2299 2852 2449 2904 homo
2479 2849 2649 2920 (Psal.
2671 2851 2761 2906 48.
2791 2851 2891 2922 8)?
2915 2853 3046 2906 Ctnn
3074 2869 3201 2922 ergo
3246 2869 3352 2909 nou
3390 2855 3549 2909 liceat
3579 2853 3627 2904 in

2055 2941 2159 2994 alio
2197 2939 2396 2994 habere.
2427 2954 2574 3010 spem
2607 2941 2816 3007 salutis,
2846 2958 3002 3011 quam
3049 2944 3099 2997 in
3146 2945 3343 3012 seipSo,
3392 2955 3511 3014 post
3543 2947 3636 3002 Dei

2058 3031 2434 3097 benignitatem
2481 3041 2534 3085 et
2562 3033 2924 3096 clementiam,
2958 3047 3088 3102 rugo
3130 3033 3306 3087 ornnia
3336 3032 3594 3090 faciamus
3619 3079 3634 3102 ,

2057 3131 2111 3175 ut
2145 3122 2246 3174 vita
2271 3123 2340 3175 sit
2367 3121 2517 3176 nobis
2559 3122 2755 3176 munda
2785 3133 3032 3193 recteque
3059 3123 3318 3191 instituta,
3347 3136 3401 3181 et
3441 3141 3538 3182 nec
3569 3131 3635 3183 ab

2057 3213 2207 3266 initio
2238 3212 2401 3266 ullam
2430 3214 2784 3282 suscipiamus
2828 3213 3088 3268 maculam
3117 3233 3131 3267 :
3164 3215 3245 3272 sin
3288 3218 3483 3282 minus,
3519 3229 3637 3286 post

2053 3311 2356 3372 susceptam
2385 3303 2595 3372 quidem
2630 3303 2885 3357 maculam
2918 3319 2994 3358 ne
3013 3304 3359 3370 dormiamus,
3385 3308 3480 3361 sed
3509 3325 3632 3377 pero

2053 3408 2362 3449 severemus
2392 3409 2603 3464 semper
2642 3394 2830 3450 sordes
2859 3395 3074 3450 abluere
3103 3403 3195 3465 per
3225 3399 3590 3467 paenitentiam
3619 3446 3632 3469 ,

2053 3502 2151 3558 per
2181 3487 2464 3559 lacrymas.
2498 3504 2588 3558 per
2609 3493 2900 3553 orationes,
2929 3505 3026 3562 per
3045 3492 3466 3566 eleemosynam.
3496 3495 3634 3560 Quid

2055 3595 2203 3644 vero,
2235 3581 2423 3647 inquit,
2453 3583 2496 3636 si
2527 3597 2632 3636 non
2681 3583 2902 3638 habeam
2933 3584 3072 3639 unde
3118 3585 3307 3641 faciam
3337 3589 3636 3661 elcemosy-

2056 3689 2175 3725 nam
2200 3672 2223 3725 τ
2250 3673 2354 3727 Sed
2386 3673 2550 3728 habes
2595 3675 2840 3744 poculum
2893 3691 3043 3745 aquae
3076 3675 3281 3746 frigidm
3304 3720 3316 3740 ,
3349 3688 3636 3749 quantum-

2053 3777 2282 3831 cumque
2300 3763 2374 3816 sis
2393 3777 2592 3831 pauper
2608 3779 2622 3828 ;
2641 3765 2732 3818 sed
2751 3764 2858 3819 duo
2871 3766 3073 3819 minuta
3093 3765 3280 3832 habes,
3297 3769 3458 3838 pedes
3473 3769 3636 3825 habes

2057 3861 2111 3903 ut
2129 3853 2308 3905 visites
2327 3862 2574 3920 a'grotos,
2593 3861 2650 3906 ut
2666 3853 2980 3922 ingrediaris
2997 3869 3266 3911 carcerem
3287 3874 3301 3923 ;
3323 3859 3413 3913 sed
3439 3869 3632 3916 tectum

2055 3942 2240 4002 habes,
2259 3955 2314 3996 ut
2341 3944 2577 4013 excipias
2605 3944 2859 4013 hospites.
2874 3945 2992 4000 Non
3020 3958 3102 4001 est
3127 3937 3290 4013 enim,
3313 3963 3515 4005 nonest
3547 3968 3636 4005 ve-

2055 4033 2139 4085 nia
2165 4032 2228 4084 iis
2251 4032 2340 4099 qui
2371 4047 2476 4086 non
2496 4032 3131 4106 laciunteleemosynam,
3159 4053 3256 4094 nec
3287 4049 3508 4096 utuntur
3536 4045 3635 4096 mi-

2053 4122 2363 4178 sericordia.
2385 4123 2506 4178 lltec
2520 4138 2618 4178 nos
2629 4124 2780 4180 vobis
2798 4127 3013 4183 assidue
3027 4129 3274 4198 dicimus,
3297 4142 3352 4186 ut
3372 4133 3454 4187 vel
3469 4149 3530 4188 ex
3548 4147 3634 4189 as-

2052 4214 2304 4268 siduitate
2329 4230 2512 4283 parum
2531 4215 2654 4286 quid
2675 4219 2983 4273 elliciamus.
3000 4220 3126 4276 llmc
3142 4221 3388 4290 dicimus,
3407 4241 3508 4280 non
3527 4237 3630 4282 tam

2052 4322 2236 4362 eorum
2265 4309 2458 4376 quibus
2478 4309 2615 4366 bene
2640 4313 2719 4376 lit,
2751 4327 2906 4381 quatn
2927 4315 3090 4367 vestri
3129 4329 3311 4369 curam
3342 4329 3588 4385 gerentes
3618 4340 3632 4373 :

2055 4414 2174 4452 nam
2199 4399 2302 4455 illis
2323 4401 2536 4470 quidem
2555 4415 2616 4456 ea
2635 4417 2753 4471 quae
2777 4402 2861 4456 hic
2877 4412 3002 4456 sunt
3019 4403 3186 4468 datis;
3205 4405 3438 4461 cazlesda
3456 4417 3633 4464 autem

2051 4491 2320 4559 accipitis:
2344 4505 2463 4559 quin
2484 4492 2637 4547 nobis
2658 4493 2904 4546 omnibus
2923 4491 3080 4548 detur
3099 4497 3374 4566 consequi,
3392 4499 3556 4566 gratia
3580 4510 3634 4554 et

2052 4581 2380 4651 bonignitate
2395 4583 2606 4637 Domini
2629 4585 2794 4638 nostri
2816 4582 2942 4638 Jesu
2970 4584 3326 4650 Christi,eum
3354 4601 3459 4655 quo
3489 4587 3631 4643 Pani

2054 4688 2156 4728 una
2179 4689 2297 4728 eum
2311 4685 2496 4729 sancto
2511 4674 2713 4744 Spiritu
2729 4675 2918 4745 gloria,
2935 4675 3125 4744 honor,
3144 4679 3421 4748 imperium
3436 4691 3488 4734 et
3505 4680 3630 4736 ado-

2055 4765 2211 4831 ratio,
2233 4780 2373 4822 nunc
2390 4775 2442 4822 et
2465 4781 2698 4838 semper,
2713 4774 2766 4822 et
2795 4766 2845 4822 in
2868 4767 3059 4824 smcula
3083 4769 3420 4824 swealorum.
3442 4775 3627 4825 Anien.
