4088 6208
449 296 551 350 2w
570 304 591 317 ’“

464 421 566 436 ψ

1202 296 1259 352 s.
1277 276 1280 279 “
1299 294 1578 353 ιωΝλἹδ
1606 294 2075 354 eltnrsosront
2112 288 2432 358 ARCHIEP.
2472 286 3007 364 consumtum.

3612 326 3719 381 220

1737 493 2085 557 HOMILI'A
2123 494 2396 558 XXXII.

455 614 585 717 Car.
623 637 709 691 12.
760 652 809 690 ν.
857 637 945 691 i8.
974 634 1097 690 Non
1136 638 1269 690 enim
1306 638 1580 693 accessistis
1616 639 1685 692 ad
1720 638 2031 693 tractabilem

498 796 505 805 ί
526 735 763 788 montem,
784 735 830 780 et
849 724 1196 779 accensibilem
1223 726 1410 796 ignem,
1434 736 1481 780 et
1507 727 1756 782 turbinem
1778 735 1824 796 et
1844 727 2029 799 caligi-

500 820 505 823 ‘
527 832 639 870 nem
655 825 702 869 et
722 815 1017 886 procellam,
1046 814 1130 869 l9.
1157 824 1203 869 et
1223 815 1355 869 tuba:
1372 832 1573 881 sonum,
1598 826 1645 870 et
1668 833 1834 871 vocem
1855 817 2032 872 uerbo-

472 912 485 985 ς
525 926 660 974 rum,
676 924 825 979 quam
848 908 932 977 qui
952 906 1243 975 audierunt,
1261 918 1620 962 excusaverunt
1641 926 1693 965 se
1713 925 1776 962 ne
1798 909 1869 964 eis
1887 910 2029 980 ﬁeret

522 1001 745 1053 verbum.
768 998 859 1055 20.
876 997 991 1052 Non
1008 999 1137 1052 enim
1155 996 1421 1068 portabant
1441 999 1575 1069 quod
1591 998 1884 1055 dicebatur:
1905 1000 1970 1054 Et
1984 1001 2030 1054 si

526 1089 678 1147 bestia
695 1088 906 1159 tetigerit
922 1097 1158 1156 montem,
1187 1072 1516 1158 lapidabiiur.
1564 1089 1626 1144 2t
1643 1131 1656 1144 .
1676 1090 1744 1143 Et
1767 1091 1861 1159 (ita
1883 1093 2028 1145 terri-

474 1184 481 1189 ’
522 1178 619 1234 bile
632 1189 737 1233 erat
748 1178 885 1247 quod
893 1176 1173 1250 videbatur)
1189 1178 1390 1250 Moyses
1403 1180 1550 1246 dixit,
1560 1179 1843 1236 Exterritus
1857 1199 1969 1236 sum
1982 1193 2026 1237 et

471 1265 479 1270 ’
523 1266 873 1323 tremebundus
906 1266 1029 1323 :22.
1048 1273 1141 1327 sed
1156 1270 1433 1324 accessistis
1464 1271 1532 1324 ad
1566 1271 1694 1326 Sion
1725 1283 1945 1327 montem
1978 1284 2025 1329 et

519 1362 765 1416 civitatem
778 1360 873 1415 Dei
890 1359 1403 1427 viventis,Jerusalem
1416 1363 1681 1429 caelestem,
1694 1374 1740 1418 et
1756 1364 2025 1418 multorum

520 1452 738 1507 millium
756 1452 1046 1523 angelorum
1064 1452 1561 1521 frequentiam,25.et
1573 1450 1860 1507 Ecclesium
1870 1457 2027 1527 primi

519 1549 555 1599 ti
561 1560 732 1600 varum
744 1546 829 1616 qui
842 1544 1112 1613 conscripti
1127 1555 1242 1598 sunt
1258 1545 1310 1597 in
1325 1545 1479 1605 cazlis,
1497 1554 1542 1598 et
1553 1545 1778 1613 judicent
1797 1547 2023 1601 omnium

523 1638 702 1701 Deum,
723 1646 767 1689 et
788 1636 994 1703 spiritus
1009 1635 1270 1706 justorum
1295 1639 1651 1704 perfectorum,
1676 1628 1767 1693 24.
1784 1646 1832 1691 et
1849 1636 2020 1691 Testa—

520 1728 671 1783 mcnti
699 1727 815 1786 novi
841 1726 1164 1780 mediatorem
1183 1725 1213 1779 J
1222 1741 1386 1789 esum,
1412 1733 1457 1780 et
1486 1726 1753 1797 sanguinis
1769 1727 2022 1797 aspersio-

519 1839 631 1875 nem
655 1821 834 1875 melius
860 1820 1140 1889 loquentem
1167 1834 1318 1890 quam
1343 1816 1484 1871 Abel.

529 1984 577 2036 i.
622 1988 783 2035 terant
825 1979 1038 2048 quidem
1082 1977 1132 2031 in
1181 1977 1380 2047 templo
1429 1976 1795 2043 admirabilia,
1845 1986 2028 2035 sancta

455 2078 799 2133 sanctorum;
831 2077 987 2122 erant
1033 2081 1218 2121 rursus
1263 2066 1519 2120 terribilia
1550 2068 1710 2122 etiam
1753 2069 1867 2124 haec
1909 2085 2029 2139 quae

457 2166 590 2216 tacta
637 2168 763 2215 sunt
808 2158 859 2213 iu
906 2166 1086 2212 monte
1128 2156 1296 2220 Sinai,
1343 2157 1499 2227 ignis,
1546 2159 1798 2225 tenebrae,
1833 2159 2025 2232 caligo,

456 2252 685 2322 procella
739 2265 753 2304 :
783 2249 943 2304 Visus
973 2258 1057 2304 est
1081 2248 1245 2311 enim,
1277 2247 1464 2317 inquit,
1492 2248 1631 2303 Deus
1662 2248 1714 2303 in
1744 2248 1889 2304 Sinai
1931 2257 2023 2319 per

455 2349 649 2415 ignem,
696 2341 984 2414 procellam
1027 2350 1081 2394 et
1118 2339 1395 2408 caliginem
1436 2336 2024 2408 (Exod.e.l9;etDeut.

451 2438 504 2493 5.
534 2436 650 2505 22).
680 2434 884 2489 Novum
916 2440 1092 2486 autem
1122 2429 1524 2484 Testamentum
1568 2445 1690 2485 cum
1734 2421 1881 2487 nullo
1926 2432 2028 2487 ho-

456 2544 571 2583 rum
601 2527 781 2582 datum
808 2531 911 2588 est,
954 2519 1049 2576 sed
1075 2518 1255 2575 datum
1292 2519 1390 2573 fuit
1425 2534 1454 2572 a
1481 2516 1695 2575 Christo
1721 2519 1772 2575 in
1800 2522 2026 2590 simplici

451 2630 721 2675 sermone.
751 2611 886 2668 Vide
924 2625 1055 2681 ergo
1090 2609 1363 2680 quomodo
1393 2607 1583 2664 horum
1627 2625 1839 2680 quoque
1868 2610 2028 2667 faciat

449 2704 905 2778 comparationem
952 2717 968 2768 ;
1018 2709 1075 2756 et
1125 2714 1186 2755 ea
1238 2701 1430 2755 merito
1478 2700 1656 2770 posuit
1705 2702 2022 2769 posteriora.

451 2802 582 2858 Nam
609 2794 822 2869 quando
849 2793 928 2848 eis
949 2791 1214 2862 persuasit
1239 2805 1334 2859 per
1357 2789 1790 2857 innumerabilia,
1812 2791 2027 2861 quando

450 2894 609 2949 etiam
658 2886 894 2943 ostendit
940 2884 1066 2956 quid
1112 2882 1322 2938 intersit
1348 2883 1487 2938 inter
1515 2891 1801 2954 utrumque
1835 2885 2026 2940 Testa--

450 2992 687 3037 mentum
712 2995 726 3030 :
754 2990 876 3032 tunc
905 2990 970 3030 eo
1001 2974 1149 3044 prius
1177 2972 1485 3042 reprobato,
1511 2972 1704 3028 deinde
1735 2974 1884 3030 facile
1911 2975 2026 3030 tunc

449 3078 661 3145 quoque
687 3067 990 3141 aggreditur
1019 3083 1031 3118 :
1063 3073 1117 3120 et
1156 3063 1282 3134 quid
1306 3064 1478 3118 dicit?
1505 3062 1625 3118 Non
1652 3066 1781 3119 enim
1806 3068 2023 3121 accessi-

447 3166 537 3218 stis
563 3163 631 3217 ad
657 3156 964 3215 tractabilem
991 3164 1208 3210 montem
1251 3164 1298 3207 et
1326 3170 1588 3209 accensum
1619 3155 1806 3223 ignem,
1836 3165 1882 3208 et
1914 3166 2024 3209 tur-

447 3256 641 3317 binem,
683 3257 730 3304 et
766 3247 1033 3319 caliginem
1051 3284 1066 3312 ,
1090 3254 1136 3298 et
1166 3243 1440 3313 procellam
1462 3284 1475 3308 ,
1505 3252 1554 3297 et
1582 3243 1713 3299 tuba:
1736 3261 1944 3312 sonum,
1976 3255 2023 3299 et

448 3359 614 3398 vocem
635 3340 892 3395 verborum
918 3377 933 3403 ,
961 3350 1112 3407 quant
1136 3334 1224 3404 qui
1248 3333 1550 3398 audierunt,
1580 3344 1932 3389 recusaverunt
1957 3352 2019 3390 ne

449 3438 521 3483 ets
551 3429 825 3477 adderetur
851 3424 1071 3478 verbum.
1103 3422 1223 3477 Non
1253 3426 1385 3478 enim
1419 3429 1689 3495 portabant
1715 3428 1853 3496 quod
1896 3426 2031 3480 dice-

451 3514 597 3565 batur
626 3527 644 3566 :
677 3516 744 3565 tet
773 3513 817 3565 si
840 3512 999 3566 bestia
1026 3513 1241 3583 tetigerit
1268 3524 1505 3576 montem,
1540 3514 1874 3584 lapidabitur.
1906 3514 2030 3569 llaec

451 3611 594 3666 sunt,
627 3602 814 3671 inquit,
850 3601 1197 3669 terribilia,et
1218 3602 1350 3658 adeo
1377 3603 1633 3659 terribilia
1655 3613 1897 3675 utucque
1925 3603 2030 3658 fer-

451 3701 572 3747 rent
590 3692 942 3758 auditionem,
965 3708 1136 3762 neqnc
1163 3693 1329 3748 bestia
1350 3694 1573 3750 auderet
1591 3696 1899 3751 ascendere.
1922 3695 2027 3751 Sed

454 3798 558 3842 non
580 3793 731 3838 erant
745 3784 857 3839 haec
872 3784 1014 3851 talia,
1030 3786 1203 3854 qualia
1222 3801 1340 3856 quae
1357 3796 1535 3856 postea
1548 3796 2025 3859 suntconsequuta:

452 3874 577 3942 quid
599 3877 739 3930 enim
757 3876 906 3932 Sinai
927 3876 992 3931 ad
1008 3879 1194 3933 czelum
1217 3878 1239 3931 'l
1259 3879 1383 3949 quid
1405 3879 1540 3949 ignis
1555 3881 1949 3937 contrectabilis
1963 3882 2028 3936 ad

456 3966 621 4021 Deum
666 3967 755 4035 qui
787 3983 889 4021 non
917 3977 1091 4037 potest
1117 3970 1480 4026 contrectari?
1507 3969 1644 4025 Deus
1667 3972 1810 4026 enim
1839 3979 2026 4038 noster,

456 4058 643 4125 inquit,
667 4067 737 4110 est
766 4059 896 4125 ignis
915 4075 1212 4114 consumens
1232 4061 1416 4129 (Hebr.
1444 4061 1530 4115 η.
1556 4064 1668 4132 14).
1693 4063 1922 4118 Terrore
1937 4079 2033 4118 au-

453 4158 562 4202 tem
592 4148 750 4201 fuisse
778 4144 930 4215 plena
947 4166 1063 4218 quae
1093 4151 1145 4204 in
1176 4163 1357 4206 monte
1372 4162 1520 4221 gesta
1538 4164 1681 4215 sunt,
1706 4169 1771 4207 ex
1796 4155 1862 4208 iis
1888 4163 2029 4223 patet

453 4250 572 4305 qua:
590 4234 838 4291 dicebant
857 4255 870 4291 :
889 4234 971 4290 Ne
994 4238 1229 4308 loquatur
1253 4241 1394 4293 nobis
1412 4240 1568 4301 Deus.
1584 4243 1671 4296 sed
1695 4243 1926 4312 loquatur
1942 4260 2029 4297 ηοο

454 4327 530 4382 bis
566 4326 767 4398 Moyses
797 4326 991 4397 (Exod.
1019 4329 1109 4385 20.
1140 4330 1250 4399 19).
1315 4330 1436 4387 Non
1466 4338 1733 4402 portabant
1756 4336 1886 4388 enim
1906 4377 1919 4399 ,
1952 4337 2031 4389 in-

453 4419 586 4487 quit,
633 4419 767 4488 quod
811 4419 1072 4474 dicebatur
1114 4437 1133 4476 :
1175 4421 1239 4475 Et
1278 4424 1322 4476 si
1361 4422 1516 4477 bestia
1547 4425 1761 4495 tetigerit
1790 4435 2027 4495 montem,

455 4508 785 4579 lapidabitur.
838 4509 902 4563 Et
951 4511 1067 4579 (ita
1117 4513 1335 4568 terribile
1386 4524 1492 4569 erat
1533 4516 1668 4586 quod
1717 4517 2025 4589 dicebatur)

454 4597 656 4669 Moyses
702 4601 851 4667 dixit,
898 4599 1183 4658 Eaterritus
1226 4620 1336 4658 sum
1385 4616 1432 4659 et
1479 4609 1848 4665 tremebundus.
1895 4612 2031 4679 Quid

454 4690 646 4744 mirum
703 4705 800 4760 pro
854 4693 1052 4763 populo
1106 4693 1229 4748 talia
1279 4710 1403 4751 eum
1459 4712 1674 4766 passum
1726 4715 1851 4756 esse
1892 4702 2028 4769 dici,

454 4781 668 4849 quando
714 4782 829 4852 ipse
871 4784 962 4853 qui
1010 4784 1280 4855 ingressus
1311 4799 1422 4842 erat
1450 4790 1728 4860 caliginem
1751 4833 1764 4857 ,
1799 4795 1887 4849 ubi
1915 4810 2032 4851 erat

461 4873 620 4936 Deus,
666 4872 859 4941 inquit,
909 4873 1194 4929 Exterritus
1238 4893 1352 4932 sum
1398 4890 1445 4933 et
1485 4883 1886 4940 tremebundus?
1927 4887 2033 4942 Sed

454 4961 732 5014 accessistis
757 4965 824 5016 ad
850 4973 1068 5018 montem
1097 4965 1247 5035 Sion,
1285 4978 1330 5023 et
1370 4970 1616 5027 civitatem
1650 4972 1749 5028 Dei
1791 4977 2030 5046 viventis,

455 5048 737 5102 Jerusalem
780 5053 1045 5119 caelestem,
1087 5065 1135 5110 et
1180 5058 1458 5113 multorum
1496 5061 1713 5118 millium
1737 5068 2033 5137 angelorum

458 5141 811 5213 frequentiam,
857 5155 906 5199 et
931 5142 1206 5204 Ecclesium
1236 5153 1602 5220 primitivorum
1644 5158 1730 5226 qui
1763 5162 2034 5232 conscripti

463 5244 580 5289 sunt
600 5235 652 5289 in
674 5236 829 5301 etelis,
862 5247 908 5290 et
925 5239 1156 5309 judicem
1180 5245 1403 5300 omnium
1430 5245 1611 5315 Deum,
1640 5260 1688 5303 et
1716 5252 1923 5319 spiritus
1940 5255 2030 5322 ju-

457 5336 653 5380 storum
679 5327 1037 5398 perfectorum,
1053 5339 1102 5384 et
1122 5331 1420 5389 Testamenti
1447 5339 1561 5391 novi
1587 5341 1914 5396 mediatorem
1946 5342 2036 5407 .le-

457 5432 600 5483 sum,
631 5426 676 5470 et
701 5419 965 5490 sanguinis
994 5425 1338 5491 aspersionem
1367 5427 1547 5484 melius
1576 5429 1858 5499 loquentem
1884 5450 2034 5503 quant

457 5506 602 5564 Abel.
636 5508 842 5566 Videsis
875 5527 972 5582 per
996 5526 1220 5584 quantas
1258 5532 1347 5573 res
1372 5519 1743 5576 excellentiam
1779 5524 1900 5577 novi
1935 5523 2036 5579 Te-

459 5602 707 5655 stamenti
733 5618 891 5673 supra
915 5614 1067 5661 vetns
1088 5609 1340 5663 ostendit.
1360 5609 1599 5682 Namque
1622 5629 1716 5683 pro
1738 5614 2034 5671 Jerusalem

462 5698 720 5761 terrestri,
761 5704 916 5755 datur
953 5703 1250 5761 Jerusalem
1278 5707 1509 5762 caelestis
1537 5725 1549 5771 ;
1578 5710 1865 5766 Accessistis
1894 5714 2036 5767 enim

462 5783 527 5841 tul
574 5786 823 5849 civitatem
873 5790 969 5851 Dei
1020 5795 1243 5863 virentis,
1292 5797 1576 5857 Jerusalem
1621 5802 1864 5863 ca'lcstem
1896 5821 1913 5858 .·
1943 5822 2036 5877 pro

2129 638 2312 710 Moyse
2338 648 2421 696 est
2441 640 2630 706 Jesus;
2654 637 2721 693 Et
2742 639 3056 705 Testamenti,
3085 638 3290 709 inquit,
3318 634 3434 691 noui
3457 632 3707 690 mediatod

2132 745 2241 783 rem
2265 730 2444 786 Iesum
2469 746 2488 786 :
2512 745 2609 801 pro
2650 731 2843 801 populo
2868 731 3040 803 angeli
3068 745 3294 797 omnes;
3326 726 3394 782 Et
3427 726 3706 781 multorum

2133 820 2428 891 angelorum
2451 821 2814 894 frequentiam,
2858 822 3049 893 inquit.
3095 821 3363 891 Quasnam
3411 816 3709 891 prlmilthtS

2131 920 2394 990 intelligit,
2423 935 2546 975 cum
2576 922 2725 988 dicit,
2747 924 2811 978 Et
2830 923 3105 977 Ecclesiam
3135 923 3543 991 primitivorunt?
3576 922 3702 978 Om-

2129 1025 2224 1065 nes
2253 1010 2484 1066 tidelium
2515 1011 2731 1068 choros.
2759 1013 2989 1067 Eosdem
3010 1013 3169 1067 etiam
3198 1013 3415 1082 Spiritus
3436 1013 3698 1081 justurum

2131 1101 2490 1172 per-lectorum
2521 1113 2696 1158 vocat.
2727 1103 2802 1158 Ne
2828 1104 3005 1173 itaque
3032 1118 3173 1172 aagre
3202 1103 3384 1159 {eratis
3417 1123 3430 1158 :
3462 1101 3594 1157 Cum
3618 1103 3702 1158 his

2128 1192 2298 1259 eritis,
2329 1193 2518 1263 inquit.
2541 1192 2677 1260 Quid
2699 1201 2781 1248 est
2807 1193 2947 1262 quod
2967 1192 3096 1247 dicit
3119 1210 3134 1248 :
3161 1191 3226 1246 Et
3242 1193 3502 1263 sanguinis
3521 1209 3698 1263 asper-

2128 1284 2321 1338 siutem
2365 1283 2548 1337 ntelius
2592 1283 2880 1356 loquentem
2919 1299 3071 1352 quam
3109 1282 3280 1336 Abel?
3322 1283 3534 1352 sanguis
3573 1298 3701 1353 ergo

2129 1374 2310 1430 Abelis
2338 1375 2588 1446 loquutus
2629 1375 2750 1430 est?
2777 1373 2970 1439 Certe;
3000 1381 3051 1429 et
3076 1372 3366 1443 quomodo,
3397 1372 3519 1426 audi
3559 1372 3698 1426 Pau-

2129 1464 2238 1520 lum
2280 1463 2544 1520 dicentem
2578 1481 2593 1517 :
2628 1463 2761 1521 Fide
2798 1464 3072 1533 plurimam
3119 1462 3333 1518 hostiam
3379 1461 3502 1519 Abel
3548 1478 3700 1533 quant

2129 1555 2256 1612 Cain
2280 1554 2478 1621 obtulit,
2509 1571 2600 1625 per
2617 1570 2768 1623 quam
2794 1554 3130 1610 testimonium
3153 1563 3483 1623 consequutus
3503 1562 3577 1606 est
3598 1570 3705 1609 esse

2118 1646 2333 1717 justus;
2367 1654 2416 1699 et
2461 1660 2550 1715 per
2586 1645 2730 1701 illam
2764 1644 3035 1715 defunctus
3063 1644 3231 1703 adhuc
3257 1643 3476 1713 loquitur
3511 1641 3698 1713 (Hebr.

2128 1735 2215 1791 it.
2241 1732 2303 1807 4)
2327 1750 2343 1800 ;
2366 1744 2421 1791 et
2447 1748 2634 1790 rursus
2653 1733 2782 1790 dicit
2807 1733 2945 1788 Deus
2970 1749 2984 1785 :
3020 1731 3129 1791 νοω
3152 1734 3409 1803 sanguinis
3430 1732 3604 1802 fratris
3628 1736 3703 1787 tui

2126 1830 2315 1883 clamat
2353 1825 2424 1881 ad
2447 1844 2527 1884 me
2553 1826 2706 1898 (Gen.
2733 1827 2789 1882 4.
2827 1824 2940 1898 10).
2969 1825 3079 1880 Aut
3102 1824 3203 1880 hoc
3228 1840 3354 1896 ergo
3382 1823 3697 1891 dicendum;

2127 1926 2220 1972 aut
2245 1915 2397 1986 illud,
2422 1918 2564 1989 quod
2590 1917 2766 1974 adhuc
2793 1932 2935 1973 nunc
2960 1914 3274 1973 decantatur
3293 1930 3319 1983 ί
3349 1914 3441 1971 sed
3485 1930 3589 1970 non
3628 1916 3701 1971 ita

2129 2016 2196 2065 ut
2231 2009 2448 2080 sanguis
2489 2009 2729 2066 Christi:
2774 2008 2865 2064 hic
2906 2009 3050 2064 enim
3080 2021 3270 2064 omnes
3310 2005 3604 2073 mundavit,
3645 2017 3701 2062 et

2125 2098 2548 2170 splendidiorem
2572 2098 2964 2154 emittitvocem
2980 2104 3035 2150 et
3052 2098 3520 2169 signiﬁcantiorem
3547 2142 3561 2164 ,
3594 2114 3700 2170 quo

2121 2189 2302 2258 majus
2326 2188 2489 2245 habet
2505 2187 2649 2260 quod
2671 2203 2765 2258 per
2787 2202 2873 2242 res
2899 2187 3068 2243 fertur
3089 2187 3473 2244 testimonium.
3498 2189 3588 2244 25.
3622 2187 3702 2242 Vi-

2127 2287 2240 2335 dete
2267 2298 2329 2336 ne
2353 2282 2590 2337 recusetis
2610 2280 2911 2351 loquentem.
2933 2278 2995 2334 Si
3016 2279 3148 2333 enim
3172 2278 3250 2333 illi
3274 2295 3374 2333 non
3396 2278 3700 2350 eﬂ'ugerunt,

2126 2381 2412 2427 recusantes
2437 2388 2549 2426 eum
2577 2372 2661 2442 qui
2691 2387 2848 2440 supra
2886 2378 3069 2424 terram
3110 2369 3317 2423 oracula
3364 2369 3652 2438 loquebatur
3677 2385 3698 2424 :

2127 2461 2286 2515 multo
2311 2461 2471 2533 magis
2498 2477 2610 2526 nos,
2650 2460 2736 2529 qui
2774 2459 2839 2513 de
2877 2459 3014 2513 cretis
3043 2459 3324 2529 loquentem
3352 2459 3493 2513 nobis
3519 2460 3700 2514 averti-

2126 2567 2257 2606 mus.
2304 2550 2395 2605 26.
2443 2549 2601 2621 Cujus
2642 2565 2739 2604 vox
2772 2550 2925 2604 movit
2951 2559 3137 2607 terram
3165 2558 3282 2604 tunc
3313 2563 3333 2605 :
3366 2567 3503 2604 nunc
3537 2561 3702 2606 autem

2126 2641 2429 2711 repromittit
2453 2683 2468 2708 ,
2498 2641 2668 2695 dicens
2692 2657 2711 2694 :
2753 2640 2937 2694 Adhuc
2978 2642 3146 2706 semel,
3180 2652 3228 2695 et
3250 2658 3340 2712 ego
3371 2642 3572 2697 movebo
3602 2661 3703 2701 non

2125 2733 2290 2788 solum
2332 2742 2538 2799 terram,
2564 2732 2653 2787 sed
2691 2742 2738 2787 et
2764 2732 2964 2787 ccelum.
2995 2732 3081 2786 27.
3116 2730 3263 2807 Quod
3302 2743 3501 2801 autem,
3519 2734 3702 2789 Adhuc

2125 2822 2299 2889 semel,
2328 2822 2468 2889 dicit,
2489 2824 2712 2879 declarat
2746 2825 3005 2880 mobilium
3033 2824 3412 2878 translationem
3442 2834 3697 2894 tamquam

2127 2914 2397 2985 factorum,
2424 2925 2480 2969 ut
2507 2925 2742 2969 maneant
2780 2932 2839 2973 ea
2861 2932 2973 2983 quia
2998 2926 3117 2969 sunt
3143 2915 3439 2969 immobilia.
3472 2916 3563 2972 28.
3592 2915 3703 2971 Ita-

2125 3023 2225 3077 que
2264 3023 2476 3078 regnum
2502 3007 2754 3062 immobile
2777 3008 3131 3077 suscipientes,
3163 3007 3435 3061 habeamus
3462 3010 3703 3079 gratiam,L

2129 3114 2220 3169 per
2241 3114 2391 3167 quam
2421 3098 2699 3153 serviamus
2726 3099 2976 3168 placentes
3019 3097 3126 3152 Deo
3155 3113 3271 3151 cum
3310 3108 3442 3152 metu
3481 3109 3529 3152 et
3563 3115 3702 3152 reve-

2126 3188 2312 3242 rentia.
2340 3186 2434 3243 29.
2470 3185 2670 3242 Etenim
2707 3184 2838 3242 Deus
2884 3197 3053 3242 noster
3097 3187 3231 3259 ignis
3261 3204 3557 3243 consumens
3600 3196 3696 3243 est.

2127 3276 2409 3334 Terribilia
2436 3286 2560 3332 sunt
2592 3278 2715 3344 illa;
2762 3277 2855 3334 sed
2888 3277 3054 3332 multo
3083 3276 3198 3331 haec
3227 3276 3619 3333 admirabiliora
3648 3287 3707 3339 et

2130 3370 2468 3441 prteclariora
2502 3389 2515 3424 :
2548 3385 2652 3424 non
2678 3378 2803 3425 sunt
2831 3370 2973 3425 enim
3008 3369 3243 3424 tenebrae
3275 3369 3381 3434 hic,
3417 3385 3588 3440 neque
3612 3384 3704 3424 ca-

2129 3460 2255 3534 ligo,
2278 3478 2453 3534 neque
2494 3463 2751 3533 procella,
2785 3471 2844 3517 ut
2871 3463 3000 3517 illic.
3036 3462 3101 3516 Et
3130 3477 3227 3517 cur
3259 3471 3384 3517 tunc
3432 3463 3569 3518 Deus
3606 3478 3705 3534 per

2128 3555 2304 3625 ignem
2332 3554 2479 3609 visus
2508 3554 2627 3608 est?
2654 3553 2756 3631 Per
2786 3553 2870 3609 illa
2906 3553 3036 3608 mihi
3075 3553 3287 3609 videtur
3314 3554 3469 3608 tacite
3497 3554 3703 3623 signiti-

2127 3659 2252 3700 care
2272 3643 2467 3699 veteris
2492 3643 2818 3699 Testameuti
2846 3643 3246 3710 obscuritatem,
3272 3644 3553 3713 legemque
3581 3658 3706 3698 esse

2130 3735 2494 3797 adumbratam
2518 3743 2572 3790 et
2598 3745 2874 3806 opertam:
2906 3742 3164 3805 praeterea
3191 3733 3351 3789 etiam
3380 3742 3436 3788 ut
3458 3733 3707 3793 emendat

2128 3825 2271 3898 quod
2296 3826 2575 3897 legislator
2599 3840 2720 3882 esse
2748 3824 2942 3880 debeat
2968 3825 3243 3892 terribilis,
3274 3834 3328 3880 et
3353 3840 3478 3880 acer
3508 3827 3558 3879 in
3603 3841 3701 3895 puo

2136 3917 2347 3973 niendis
2376 3916 2440 3972 iis
2470 3918 2558 3987 qui
2586 3915 2921 3988 delinquunt.

2201 4010 2253 4063 2.
2272 4012 2407 4076 Quid
2428 4027 2553 4067 vero
2579 4014 2717 4068 tubas
2734 4015 2979 4070 sonitus?
3000 4016 3207 4082 Merito,
3231 4027 3409 4086 utpote
3436 4033 3555 4072 cum
3583 4012 3703 4089 qui-

2132 4098 2251 4153 dum
2276 4116 2366 4155 rex
2386 4101 2544 4156 adsit.
2565 4104 2676 4159 lloc
2690 4105 2902 4175 quidem
2922 4114 3069 4161 certe
3090 4108 3192 4161 erit
3218 4108 3376 4162 etiam
3398 4108 3449 4161 in
3469 4107 3707 4164 secundo

2131 4188 2364 4245 adventu
2396 4209 2408 4244 :
2448 4191 2590 4245 Tuba
2617 4203 2781 4258 canet,
2811 4195 3014 4265 inquit,
3063 4205 3111 4250 et
3157 4214 3328 4250 omnes
3373 4196 3705 4250 excitabimur

2134 4275 2209 4349 (ί.
2240 4278 2356 4332 Cor.
2386 4281 2470 4335 15.
2501 4282 2617 4353 52).
2646 4283 2827 4354 Itaque
2855 4301 2920 4340 ex
2948 4287 3143 4342 virtute
3187 4286 3279 4342 Dei
3320 4288 3422 4342 erit
3460 4290 3703 4343 omnium

2131 4371 2476 4427 resurrectio.
2522 4373 2634 4428 Vox
2681 4383 2857 4430 autem
2893 4376 3031 4431 tubae
3074 4377 3206 4432 nihil
3236 4378 3379 4433 aliud
3417 4380 3711 4453 signiﬁcat,

2131 4473 2289 4528 quam
2317 4461 2457 4530 quod
2480 4477 2669 4518 omnes
2700 4474 2946 4535 oporteat
2976 4482 3275 4537 resurgere.
3298 4467 3401 4524 Sed
3436 4478 3561 4523 tunc
3586 4484 3710 4522 om-

2132 4548 2220 4602 nia
2248 4549 2335 4603 illa
2361 4563 2514 4606 erant
2540 4553 2780 4617 sensilia,
2805 4564 2860 4610 et
2888 4557 3213 4626 spectacula,
3245 4567 3303 4613 et
3325 4573 3483 4616 voces
3507 4559 3706 4630 (Exod.

2125 4637 2273 4709 c.19)
2299 4657 2592 4713 :qusevero
2612 4654 2822 4714 postea,
2854 4647 3033 4703 omnia
3061 4648 3413 4719 intelligibilia
3443 4660 3497 4705 et
3524 4651 3710 4704 invisi-

2128 4733 2274 4791 bilia.
2300 4738 2473 4804 Atque
2498 4737 2763 4808 signiﬁcat
2790 4738 2926 4807 ignis
2955 4739 3074 4809 quia
3098 4740 3238 4796 Deus
3260 4741 3393 4812 ignis
3420 4755 3497 4797 est
3520 4760 3532 4796 :
3562 4740 3707 4797 Deus

2129 4825 2261 4878 enim
2288 4834 2480 4894 noster,
2502 4827 2692 4898 inquit,
2718 4828 2850 4900 ignis
2874 4845 3170 4885 consumens
3192 4841 3262 4887 est
3285 4847 3304 4885 :
3327 4834 3498 4902 caligo
3526 4843 3711 4897 autem

2128 4923 2183 4969 et
2213 4914 2449 4972 tenebrat
2493 4927 2547 4972 et
2576 4916 2753 4972 fumus
2777 4933 2964 4974 rursus
2992 4919 3281 4976 ostendunt
3306 4936 3420 4976 rem
3451 4937 3569 4977 esse
3596 4930 3710 4977 ter-

2128 5007 2360 5062 ribilem.
2390 5007 2481 5064 Sic
2499 5009 2659 5064 etiam
2690 5008 2820 5064 dicit
2847 5009 3011 5065 Isaias
3042 5029 3055 5064 :
3088 5010 3158 5067 Et
3182 5012 3362 5068 domus
3395 5013 3602 5085 impleta
3630 5026 3711 5069 est

2129 5099 2268 5169 fumo
2284 5096 2433 5167 (lsai.
2453 5096 2507 5152 6.
2527 5098 2604 5168 4).
2620 5097 2684 5153 Ει
2704 5097 2831 5168 quid
2852 5100 2953 5154 sibi
2992 5100 3101 5155 vult
3122 5102 3396 5171 procella?
3416 5103 3627 5174 Pigrum
3651 5114 3712 5160 et

2128 5191 2372 5259 ignavum
2396 5203 2517 5242 esse
2538 5203 2705 5259 genus
2732 5190 3020 5246 humanum
3042 5193 3353 5262 :oportebat
3373 5208 3500 5265 ergo
3528 5195 3706 5265 ipsum

2128 5279 2212 5334 bis
2241 5277 2483 5344 excitari.
2502 5277 2688 5333 Nullus
2712 5279 2857 5339 euim
2879 5290 2997 5336 erat
3038 5281 3174 5339 adeo
3207 5283 3372 5339 hebes
3396 5295 3451 5339 et
3491 5284 3699 5349 tardus,

2136 5369 2216 5438 qui
2248 5383 2354 5429 non
2378 5378 2612 5424 mentem
2640 5383 2852 5425 sursum
2893 5371 3162 5428 attolleret
3190 5387 3310 5428 cum
3342 5372 3459 5429 haec
3490 5375 3702 5439 tierent,

2127 5472 2246 5513 cum
2273 5457 2417 5529 leges
2439 5457 2723 5516 ferrentur.
2739 5460 2949 5533 Moyses
2976 5461 3326 5533 loquebatur;
3354 5463 3496 5519 Deus
3511 5463 3561 5520 ei
3575 5479 3708 5519 voco

2128 5550 2480 5620 respondebat
2499 5570 2512 5606 :
2528 5553 2808 5623 oportebat
2822 5554 2965 5610 enim
2987 5555 3078 5611 Dei
3098 5555 3320 5625 proferri
3336 5570 3543 5611 vocem.
3559 5556 3711 5624 Quu-

2128 5640 2267 5693 niam
2292 5656 2387 5709 per
2410 5640 2645 5713 Moysem
2673 5652 2791 5697 erat
2815 5642 2986 5713 legem
3012 5644 3237 5710 laturus,
3266 5655 3548 5716 propterea
3578 5661 3700 5698 cum

2128 5729 2252 5784 facit
2306 5730 2411 5785 ﬁde
2463 5731 2704 5802 dignum.
2764 5732 2880 5787 Non
2933 5734 3186 5790 Videbunt
3241 5736 3412 5805 ipsum
3484 5745 3703 5804 promer

2127 5821 2444 5891 caliginem,
2497 5839 2601 5879 non
2660 5823 2944 5881 audiebant
3002 5826 3170 5897 ipsqu
3233 5837 3449 5900 propter
3516 5844 3697 5889 vocum.
