4088 6208
352 328 452 381 ΞΞἸ

339 427 617 496 gracilem.
661 426 800 493 Quid
845 429 1008 497 ergo?
1054 428 1195 484 Deus
1245 432 1542 500 respondit,
1588 449 1716 487 Voce
1767 436 1918 503 quasi

342 519 594 588 populum
622 519 904 589 alloquens
933 529 988 574 et
1029 519 1271 577 efficiens
1298 533 1354 577 ut
1382 524 1530 594 leges
1559 525 1787 580 audiret.
1814 527 1917 582 Sed

341 612 518 678 priora
561 619 911 680 repetamus:
944 611 1064 665 Non
1110 614 1243 667 enim
1283 617 1562 670 accessistis
1607 618 1676 670 ad
1702 629 1920 673 montem

337 701 672 766 tractabilem,
685 711 732 754 et
751 718 1018 755 accensum
1035 705 1221 774 ignem,
1237 715 1282 759 et
1299 707 1430 761 labre
1441 709 1679 774 sonitum,
1693 720 1740 762 et
1756 727 1920 764 vocem

342 794 622 850 rerborum.
652 809 802 863 quam
825 794 912 863 qui
948 795 1219 850 audierunt
1244 809 1602 853 excusaucrunt
1625 817 1696 864 se,
1727 802 1919 870 inquit.

339 900 406 936 ue
430 885 500 936 eis
529 884 668 950 ﬁeret
697 885 920 938 verbum.
950 885 1055 953 Ipsi
1083 902 1211 956 ergo
1237 903 1412 942 causa:
1440 890 1669 952 fuerunt,
1689 898 1752 944 ut
1785 891 1922 945 Dens

341 991 440 1040 ter
468 977 1041 1044 carnemapparucrit.
1075 977 1215 1045 Quid
1237 994 1361 1033 vero
1399 979 1688 1035 dicebant?
1715 979 1955 1052 [ιοιμιιι-ι

337 1078 444 1131 tur,
471 1066 664 1136 inquit,
697 1069 838 1121 nobis
868 1066 1090 1138 Moyses,
1119 1079 1164 1122 et
1189 1087 1288 1124 non
1317 1071 1549 1141 loquatur
1576 1073 1718 1127 nobis
1753 1069 1916 1130 Deus:

412 1157 646 1212 Ecclesia
673 1174 893 1226 prcesens
910 1161 1062 1213 veleri
1085 1162 1523 1230 prtecellit.—Qni
1548 1163 1744 1220 faciunt
1763 1181 1914 1221 com-

342 1247 670 1316 parationes,
689 1248 775 1302 illa
799 1250 967 1320 magis
981 1250 1214 1314 elevant,
1233 1262 1288 1305 ut
1307 1252 1422 1308 lucc
1438 1255 1720 1308 ostendant
1748 1256 1920 1311 multo

340 1354 462 1393 esse
490 1339 688 1406 majora
715 1358 730 1390 :
761 1354 862 1408 ego
888 1348 1068 1394 autem
1102 1343 1370 1397 mirabilia
1393 1354 1446 1398 et
1486 1345 1574 1399 illa
1622 1360 1742 1400 esse
1772 1357 1917 1414 puto;

343 1443 529 1500 utpote
575 1432 666 1485 Dei
694 1446 878 1501 opera,
911 1449 1032 1501 qua:
1076 1443 1393 1502 potestatem
1438 1437 1554 1504 ejus
1598 1437 1916 1503 ostendant;

343 1534 525 1578 tamen
578 1521 658 1575 vel
707 1522 786 1576 sic
845 1531 1026 1576 nostra
1077 1524 1445 1592 praestantiora
1484 1533 1540 1580 et
1591 1525 1917 1581 mirabiliora

340 1623 596 1681 ostendo.
632 1621 771 1676 Sunt
816 1622 962 1686 enim
1008 1619 1297 1686 dupliciter
1346 1635 1534 1690 magna
1570 1639 1584 1676 :
1617 1621 1760 1690 quod
1804 1637 1925 1676 cum

335 1717 449 1773 sint
499 1723 557 1770 et
587 1713 843 1784 prwclara
896 1721 950 1767 et
1002 1712 1226 1781 majora.
1258 1713 1322 1765 ad
1371 1727 1431 1766 ea
1465 1728 1676 1782 quoque
1723 1714 1930 1768 facilior

341 1815 522 1877 pateat
552 1805 752 1859 aditus.
786 1804 900 1859 Hoc
943 1804 1103 1858 etiam
1150 1803 1279 1858 dicit
1308 1803 1549 1858 scribens
1598 1805 1648 1857 in
1690 1804 1928 1874 Epistula

341 1899 407 1954 ad
459 1896 793 1960 Corinthios,
842 1894 956 1949 Nos
1002 1895 1222 1948 revelata
1264 1895 1395 1964 facie
1448 1893 1667 1966 gloriam
1722 1895 1931 1948 Domini

333 1992 667 2063 speculamur
699 1989 774 2060 (2.
803 1986 922 2044 Cat.
954 1989 1006 2043 5.
1045 1989 1171 2057 l8);
1204 1997 1258 2042 et
1286 2004 1392 2042 non
1422 1987 1562 2042 sicut
1603 1988 1813 2060 Moyses
1836 2002 1931 2056 p0-

342 2087 502 2140 nebat
528 2085 772 2140 velamen
796 2097 962 2151 super
991 2081 1178 2136 faciem
1211 2096 1385 2135 suam.
1415 2079 1530 2135 Non
1560 2081 1758 2152 dignati
1782 2090 1927 2146 sunt,

343 2178 536 2247 inquit,
562 2176 637 2229 illi
666 2176 728 2229 iis
750 2175 943 2243 quibus
966 2188 1063 2226 nos
1086 2173 1283 2242 dignati
1303 2187 1508 2225 sumus.
1530 2173 1770 2237 Quanam
1788 2171 1928 2226 enim

342 2287 398 2325 re
411 2268 750 2338 suntdignati
763 2267 785 2319 ?
800 2266 1047 2321 tenebras
1059 2265 1634 2332 viderunt,caliginem,
1650 2265 1933 2318 audierunt

339 2377 551 2415 vocem.
565 2358 671 2415 Sed
687 2369 738 2411 ιιι
753 2372 965 2426 quoque
979 2371 1162 2410 vocem
1176 2355 1505 2419 andisti,non
1523 2369 1616 2423 per
1627 2355 1902 2424 caliginem
1914 2397 1927 2419 ,

342 2454 434 2507 sed
457 2467 555 2519 per
572 2465 787 2504 carnem
807 2465 820 2499 :
842 2463 948 2502 non
974 2447 1116 2502 fuisti
1143 2447 1480 2515 perturbatus
1505 2462 1678 2515 neque
1705 2446 1930 2500 tumultu

341 2543 598 2612 agitatus,
628 2539 723 2594 sed
751 2548 805 2594 et
833 2538 1028 2593 stetisti
1060 2548 1112 2592 et
1150 2537 1402 2607 loquutus
1427 2552 1486 2591 es
1511 2552 1631 2591 cum
1667 2537 1928 2592 interces-

341 2651 486 2689 sore.
537 2631 749 2701 Alioqui
797 2640 852 2685 et
895 2630 946 2684 id
994 2630 1136 2700 quod
1182 2645 1288 2684 non
1332 2630 1474 2684 cadit
1519 2631 1618 2684 sub
1656 2641 1928 2699 aspectum

342 2726 579 2782 ostendit
608 2739 705 2792 per
735 2723 1028 2778 tenebras:
1063 2721 1130 2775 Et
1159 2720 1348 2792 caligo,
1381 2709 1573 2790 inquit,
1599 2721 1690 2775 sub
1722 2720 1930 2790 pedibus

341 2817 456 2885 ejus
491 2814 662 2886 (Psal.
699 2815 787 2868 17.
822 2812 936 2883 10).
966 2811 1118 2867 Tunc
1146 2813 1306 2865 etiam
1336 2811 1509 2865 timuit
1538 2810 1764 2882 Moyses,
1792 2825 1932 2866 nunc

341 2917 526 2961 antem
556 2904 732 2959 nullus
760 2921 774 2959 :
819 2914 948 2957 tunc
977 2901 1202 2973 populus
1232 2901 1382 2956 stetit
1426 2901 1562 2954 infra
1587 2917 1602 2966 ;
1629 2916 1727 2956 nos
1752 2915 1928 2955 autem

343 3012 452 3049 non
484 2993 640 3057 infra,
665 2995 761 3048 sed
788 2993 922 3047 czulo
967 2991 1295 3060 superiores,
1326 3005 1494 3059 prope
1518 2990 1684 3045 Deum
1717 3001 1773 3044 ut
1803 2989 1928 3054 lilii;

341 3087 436 3144 sed
463 3102 571 3146 non
598 3086 740 3140 sicut
763 3083 992 3153 Moyses.
1023 3082 1134 3136 Illic
1156 3091 1272 3136 crat
1289 3081 1586 3146 desertum,
1609 3080 1696 3136 ltic
1719 3081 1927 3143 civitas,

343 3192 395 3231 et
427 3177 716 3231 multorum
748 3175 974 3229 millium
1003 3173 1316 3243 angelorum
1343 3161 1554 3227 cmtns':
1593 3171 1677 3227 hic
1699 3170 1933 3226 ostendit

341 3270 596 3339 gaudium
619 3279 674 3322 et
701 3267 940 3322 laetitiam
973 3281 1070 3336 pro
1095 3266 1322 3336 caligine
1351 3275 1406 3320 et
1449 3264 1683 3321 tenebris
1707 3275 1762 3321 et
1807 3280 1932 3335 pro-

344 3362 503 3415 cella.
526 3355 889 3412 ElEcclesiam
920 3359 1375 3428 primogenitorum
1398 3357 1485 3427 qui
1523 3357 1796 3425 conscripti
1815 3363 1931 3410 sunt

345 3455 400 3506 in
426 3451 586 3514 uelis,
611 3460 658 3504 et
671 3449 906 3518 judicent
931 3449 1157 3502 omnium
1203 3446 1389 3502 Deum.
1424 3447 1504 3502 llli
1542 3461 1648 3502 non
1683 3461 1927 3502 accesse-

303 3589 308 3591 .
346 3554 506 3609 runt,
548 3541 642 3598 sed
678 3543 861 3612 procul
907 3547 1193 3606 steterunt,
1224 3549 1280 3595 et
1323 3541 1579 3612 Moyses:
1629 3555 1724 3594 vos
1752 3548 1928 3593 autem

341 3636 671 3692 accessistis.
701 3634 797 3690 llic
824 3648 919 3688 eos
949 3642 1134 3698 terret,
1157 3633 1374 3690 dicens:
1398 3631 1465 3687 Et
1486 3632 1554 3685 ad
1570 3631 1799 3702 judicem
1821 3647 1930 3684 om-

339 3733 487 3784 uiam
523 3729 687 3784 Deum
708 3745 728 3778 θ
768 3746 873 3783 non
900 3731 1207 3784 Judteorum
1255 3729 1428 3782 solum
1455 3737 1509 3782 et
1547 3729 1806 3792 lidelinm,
1835 3730 1926 3784 sed

339 3835 398 3876 ct
427 3822 587 3875 tutius
620 3821 763 3876 orbis
794 3830 951 3876 terra:
980 3821 1186 3876 sedebit
1212 3819 1402 3876 iudex.
1435 3819 1501 3874 Et
1543 3820 1802 3892 spiritibus
1836 3825 1926 3892 fu-

339 3924 538 3967 storum
585 3914 941 3983 perfectorum.
977 3916 1200 3966 Animas
1231 3912 1360 3967 dicit
1392 3913 1704 3982 proborum.
1747 3910 1809 3964 Et
1835 3909 1927 3964 Te-

342 4006 581 4064 stamenti
620 4003 735 4057 novi
765 4004 1093 4057 mediatorem
1138 4001 1350 4068 Iesum,
1381 4014 1424 4057 et
1453 4003 1715 4073 sanguinis
1753 3997 1928 4070 asper-

341 4097 579 4158 sionem;
613 4096 714 4150 hoc
735 4106 816 4150 est
848 4095 1241 4166 purgationem.
1267 4095 1456 4150 Melius
1481 4093 1761 4166 loquentem
1781 4111 1930 4163 quam

343 4190 492 4242 Abel.
521 4187 577 4242 Si
615 4189 836 4258 sanguis
881 4188 1135 4257 loquitur,
1161 4187 1333 4242 multo.
1372 4189 1540 4257 magis
1583 4187 1710 4241 vivit
1752 4187 1796 4241 is
1840 4179 1930 4256 qui

345 4281 446 4334 luit
467 4281 700 4334 occisus.
722 4281 858 4346 Quid
881 4289 1058 4334 autem
1083 4280 1360 4349 loquitur?
1391 4277 1460 4332 Et
1481 4279 1711 4349 spiritus,
1737 4278 1930 4348 inquit,

344 4375 574 4440 loquitur
604 4373 869 4441 gemitibus
904 4371 1327 4426 inenarrabilibus
1357 4371 1534 4442 (Rom.
1560 4369 1613 4424 8.
1644 4368 1760 4439 26).
1793 4371 1934 4437 Quo-

346 4464 514 4519 modo
545 4465 818 4535 loquitur?
870 4463 998 4517 Nam
1031 4464 1123 4519 ubi
1152 4463 1398 4518 inciderit
1426 4463 1477 4518 in
1504 4472 1736 4518 mentem
1762 4462 1934 4516 since-

349 4572 490 4619 ram,
519 4571 635 4610 eam
665 4556 884 4620 est-itat,
914 4565 966 4611 et
1003 4555 1132 4609 facit
1177 4553 1530 4627 utloqnatnr.
1572 4552 1746 4607 Videte
1770 4569 1834 4606 ne
1859 4569 1928 4607 re-

346 4648 539 4700 cusetis
584 4648 902 4715 loquentem;
931 4649 1030 4699 hoc
1055 4654 1162 4709 est,
1194 4660 1260 4700 ne
1303 4643 1574 4714 rejiciatis.
1608 4643 1669 4699 Si
1699 4644 1830 4697 enim
1861 4639 1944 4696 illi

347 4755 452 4791 non
480 4736 788 4806 elegerunt,
819 4746 1112 4790 recusantes
1157 4751 1268 4788 eum
1301 4735 1386 4797 qui
1430 4748 1582 4800 super
1625 4743 1810 4787 terram
1854 4737 1934 4788 lo-

347 4830 618 4897 quebatur.
649 4828 944 4892 Quemnam
978 4826 1146 4881 dicit?
1193 4824 1319 4880 Mihi
1348 4825 1556 4880 videtur
1583 4824 1763 4879 dicere
1785 4825 1936 4895 Moy-

350 4936 494 4974 scm.
551 4921 661 4972 lloc
690 4929 771 4972 est
815 4929 992 4972 autem
1040 4918 1178 4987 quod
1210 4918 1339 4972 dicit
1367 4935 1380 4970 :
1413 4917 1470 4972 Si
1510 4932 1614 4970 non
1641 4916 1940 4985 effugerunt

348 5011 443 5078 qui
474 5019 791 5062 recusarunt
819 5025 938 5062 cum
982 5010 1070 5074 qui
1102 5008 1276 5077 legem
1309 5007 1511 5062 ferebat
1541 5007 1593 5060 in
1626 5015 1791 5066 terra,
1816 5020 1937 5059 cum

350 5104 443 5171 qui
471 5118 504 5156 c
543 5102 677 5156 caelo
725 5100 829 5154 fert
861 5100 1032 5170 legem
1081 5099 1353 5168 quomodo
1398 5098 1801 5153 recusabimus?
1843 5098 1940 5156 llic

352 5203 538 5246 autem
573 5192 809 5246 Ostendit
850 5206 960 5245 non
997 5191 1139 5259 quod
1173 5190 1262 5244 ille
1309 5191 1379 5244 sit
1413 5190 1592 5254 alius;
1623 5190 1801 5246 absit:
1834 5203 1940 5242 non

354 5286 523 5337 alium
571 5294 625 5336 et
649 5283 810 5335 alium
841 5282 1096 5342 ostendit,
1116 5281 1208 5335 sed
1236 5280 1378 5350 quod
1404 5279 1645 5335 videatur
1670 5280 1940 5339 terribilis,

358 5392 546 5432 vocem
597 5377 850 5429 emittens
892 5390 923 5428 c
959 5374 1112 5429 caelo.
1163 5373 1304 5428 Idem
1331 5373 1545 5443 quidem
1571 5383 1654 5427 est
1681 5381 1737 5427 et
1781 5371 1866 5425 hic
1891 5379 1945 5426 et

359 5472 488 5530 ille:
548 5469 635 5522 hic
679 5478 855 5524 autem
887 5477 970 5521 est
1002 5467 1254 5522 terribilis
1287 5483 1300 5520 :
1334 5481 1438 5519 non
1463 5466 1604 5519 enim
1636 5463 1766 5519 dicit
1795 5464 1950 5519 diffe-

359 5560 592 5614 rentiam
643 5573 1018 5627 personarum.
1048 5557 1141 5611 sed
1171 5557 1456 5610 donorum.
1504 5553 1660 5610 Unde
1690 5552 1792 5608 hoc
1818 5571 1948 5611 con-

359 5659 467 5705 stat
488 5650 512 5700 ’ἒ
561 5649 637 5702 Ex
681 5649 746 5702 iis
775 5664 894 5718 qua:
933 5647 1209 5717 subjungit
1237 5663 1250 5699 :
1286 5646 1345 5700 Si
1368 5648 1501 5699 enim
1526 5644 1604 5698 illi
1633 5660 1733 5698 non
1760 5643 1946 5711 c/Iuge-

365 5754 510 5808 sunt,
566 5749 853 5799 rcrusantes
904 5740 1132 5810 eumqui
1187 5754 1335 5807 super
1381 5747 1565 5790 terram
1621 5735 1950 5806 loquebatur;

1594 5955 1662 5967 ι..-

1128 321 1192 378 ΙΝ
1234 321 1451 378 EPIST.
1495 322 1585 377 AD
1625 320 1986 375 liEBlhEOS.
2029 320 2180 374 CAP.
2223 321 2335 375 Xll.
2381 320 2609 376 liOMlL.
2655 321 2848 376 XXXII

3497 322 3602 380 222

2021 423 2180 479 multo
2206 405 2366 490 magis
2408 434 2498 472 nos
2533 418 2619 486 qui
2660 417 2800 470 nobis
2827 417 2890 469 de
2913 417 3050 469 cazlis
3077 416 3356 482 loquentem
3398 434 3598 470 aversu-

2022 529 2158 568 mur.
2195 511 2332 576 Quid
2372 508 2546 579 ergo?
2583 518 2738 562 estne
2767 506 3014 565 bicalius
3054 504 3121 559 ab
3151 505 3282 560 illo?
3332 516 3602 574 quomodo

2019 618 2151 673 ergo
2177 600 2336 664 dicit,
2368 598 2527 670 Cujus
2551 613 2648 652 vos:
2691 598 2841 651 movit
2892 606 3076 650 terram
3105 595 3267 658 tunc?
3313 613 3414 661 vox
3457 597 3600 650 enim

2030 697 2141 761 :jus
2165 693 2254 762 qui
2285 692 2433 748 dedit
2464 692 2658 761 legem,
2690 699 2891 744 terram
2929 689 3112 742 movit.
3149 686 3304 742 Nunc
3333 697 3499 740 autent
3524 703 3603 740 τις

2011 786 2290 857 promittit,
2335 785 2551 839 dicens:
2583 782 2763 836 Adhuc
2807 781 2980 846 semel,
3023 790 3069 834 et
3115 797 3206 850 ego
3249 779 3452 834 movebo
3503 796 3604 833 non

2021 882 2187 934 solum
2227 887 2432 937 terram.
2465 876 2553 930 sed
2597 875 2747 929 etiam
2781 873 2984 927 caelum.
3029 872 3382 940 Quodautem,
3427 871 3604 924 Adhuc

2021 972 2194 1036 semel,
2225 971 2369 1030 dicit,
2404 970 2629 1024 declarat
2652 966 2917 1021 mobilium
2947 966 3327 1018 translationem
3349 974 3603 1033 tamquam

2023 1068 2296 1134 factorum.
2312 1061 2593 1126 Tollentur
2614 1074 2742 1127 ergo
2759 1057 2936 1111 omnia
2960 1056 3027 1110 de
3044 1055 3241 1118 medio,
3262 1056 3605 1123 compingen-

2022 1167 2219 1224 tnrqne
2264 1153 2442 1206 omnia
2469 1167 2538 1206 cx
2568 1151 2677 1204 alto
2704 1150 2756 1203 in
2803 1147 2853 1202 id
2899 1145 3038 1216 quod
3071 1155 3151 1199 est
3177 1145 3433 1213 optimum
3462 1162 3474 1198 :
3501 1143 3602 1196 hoc

2023 1247 2162 1297 enim
2194 1240 2276 1297 bis
2300 1244 2456 1297 tacite
2477 1239 2906 1309 signifieat.Quid
2931 1253 3058 1308 ergo
3080 1237 3383 1301 doles,cnm
3411 1237 3605 1303 pateris

2025 1337 2074 1388 in
2121 1339 2319 1388 mundo
2349 1350 2455 1387 non
2501 1332 2758 1398 manenti,
2787 1347 2907 1385 cutn
2931 1328 3184 1399 alﬂigeris
3214 1329 3264 1381 in
3297 1325 3494 1380 mundo
3517 1326 3605 1394 qui

2025 1425 2181 1495 paulo
2205 1435 2324 1495 post
2351 1423 2650 1478 ιηηείιῖὃί
2677 1423 2727 1475 in
2752 1421 3030 1491 posteriori
3050 1433 3290 1488 tempore
3311 1417 3492 1471 numdi
3521 1417 3604 1469 fa-

2027 1528 2142 1573 tnra
2162 1527 2302 1573 esset
2320 1517 2530 1588 requies
2543 1525 2597 1570 ct
2618 1513 2887 1584 remissio,
2917 1523 3042 1566 tunc
3063 1511 3223 1580 affligi
3250 1518 3522 1580 oporteret
3539 1506 3606 1561 ad

2023 1611 2185 1666 linem
2222 1609 2591 1679 aspicientem.
2629 1604 2696 1662 Ut
2730 1613 2987 1669 maneant,
3019 1603 3210 1672 inquit,
3233 1610 3485 1673 quaesiuit
3512 1601 3606 1653 im~

2011 1701 2252 1759 amabilia.
2283 1704 2537 1767 Quaenam
2565 1709 2742 1755 autem
2769 1707 2894 1752 sunt
2923 1695 3254 1751 immobilia?
3286 1695 3506 1749 Futura.

2095 1797 2146 1849 5.
2178 1793 2373 1848 Omnia
2402 1807 2530 1861 ergo
2549 1807 2644 1860 pro
2668 1795 2767 1844 hoc
2792 1798 3104 1859 agatnus,ut
3127 1787 3214 1840 illa
3237 1801 3600 1855 assequamur.

2025 1885 2130 1939 illis
2159 1892 2215 1938 ut
2242 1882 2482 1937 fruamur
2509 1882 2682 1936 bonis.
2717 1881 2897 1946 Certe,
2922 1895 3054 1948 rogo
3084 1888 3137 1932 et
3161 1878 3406 1942 obsecm,
3432 1877 3486 1931 in
3508 1875 3606 1932 hoc

2025 1979 2261 2033 studium
2309 1989 2587 2046 ponamus.
2616 1975 2673 2030 ln
2696 1975 2908 2028 civitate
2935 1988 3052 2040 qua:
3094 1982 3176 2026 est
3220 1971 3420 2040 ruitura
3455 1985 3606 2022 nemo

2027 2069 2276 2124 a‘dificat.
2307 2068 2401 2121 Dic
2429 2066 2580 2130 mibi,
2608 2079 2755 2134 rogo,
2786 2065 2828 2118 si
2862 2064 2991 2131 quis
3019 2061 3220 2116 diceret
3251 2049 3364 2115 fore
3410 2069 3466 2113 ut
3497 2059 3612 2112 Itazc

2025 2164 2213 2219 civitas
2237 2171 2565 2230 postannum
2587 2166 2835 2220 corruat;
2863 2156 2946 2210 illa
2973 2171 3098 2209 vero
3119 2171 3426 2224 numquam,
3445 2153 3605 2206 mitifi-

2025 2269 2251 2312 caresne
2274 2255 2324 2308 in
2349 2268 2411 2308 ea
2437 2268 2554 2322 quae
2575 2259 2656 2306 est
2672 2251 2872 2304 ruitura
2889 2249 2912 2289 9
2933 2248 3290 2315 Quamobrem
3311 2261 3451 2300 nunc
3473 2260 3606 2314 quo-

2028 2363 2132 2418 que
2149 2347 2303 2401 dico:
2333 2345 2408 2399 Ne
2431 2343 2754 2398 :edificemus
2781 2342 2832 2394 in
2857 2341 2958 2394 ltoc
2979 2338 3177 2394 tnundo
3203 2356 3214 2389 :
3244 2337 3436 2404 cadent
3457 2336 3608 2401 paulo

2027 2417 2151 2511 post
2170 2449 2224 2494 et
2254 2439 2502 2507 peribunt
2522 2436 2720 2489 omnia.
2740 2434 2876 2500 Quid
2903 2447 3032 2486 vero
3057 2417 3198 2491 dico,
3229 2431 3457 2486 casura?
3487 2440 3612 2482 ante

2033 2531 2150 2600 ejus
2195 2529 2400 2592 ruinam
2436 2542 2533 2580 nos
2569 2526 2862 2595 peribimus
2912 2532 2966 2577 et
2989 2523 3168 2593 gravia
3200 2523 3483 2592 patiemur,
3514 2534 3612 2576 nos

2017 2637 2093 2691 ex
2142 2621 2271 2691 ipsis
2299 2618 2644 2675 excedemus.
2674 2615 2780 2671 Cur
2805 2615 3130 2668 :edilictnnns
3160 2628 3321 2681 super
3350 2615 3608 2665 arenam?

2105 2715 2274 2769 Terra:
2290 2724 2456 2767 motus
2501 2708 2944 2779 cou’lttgrationes,
2965 2706 3185 2758 hostium
3214 2705 3601 2775 irruptiones.-—

2032 2805 2386 2863 Edilicemus
2411 2820 2572 2872 supra
2605 2817 2808 2874 petram
2835 2804 3120 2877 (Matth.7.
3155 2801 3282 2873 27):
3311 2820 3431 2859 nam
3457 2801 3613 2873 quid-

2031 2896 2155 2966 quid
2185 2897 2423 2963 irrnerit,
2448 2896 2587 2950 dirui
2627 2910 2741 2950 non.
2755 2895 2956 2965 poterit
2983 2894 3112 2950 illttd
3142 2894 3446 2963 aedificium,
3479 2893 3608 2950 nihil

2029 2988 2083 3044 id
2114 2997 2288 3059 potest
2311 3003 2648 3058 expugnare;
2698 2997 2753 3043 et
2773 2987 2966 3043 merito
2999 3005 3013 3042 :
3047 3003 3168 3043 nam
3216 2989 3282 3044 ad
3335 2988 3483 3044 illum
3536 2990 3607 3043 lo-

2013 3096 2150 3141 cum
2199 3080 2361 3136 nullis
2411 3078 2618 3134 insidiis
2667 3086 2811 3148 patet
2859 3078 3054 3145 aditus,
3103 3079 3241 3134 sicut
3285 3089 3468 3134 contra
3527 3080 3610 3132 llic

2031 3180 2176 3241 patet
2201 3169 2472 3226 invadenti
2505 3188 2518 3224 :
2564 3185 2686 3224 nam
2726 3178 2782 3224 ct
2821 3178 2978 3225 terra:
3022 3179 3197 3226 motus
3225 3181 3278 3224 et
3315 3169 3604 3240 conflagra-

2029 3263 2206 3318 tiones
2228 3270 2282 3316 et
2310 3261 2544 3317 hostium
2586 3261 2933 3330 irruptiones,
2979 3259 3093 3314 haec
3128 3261 3286 3315 etiam
3329 3275 3426 3315 nos
3456 3261 3608 3314 vivos

2030 3355 2243 3426 privam
2267 3354 2369 3409 isto
2396 3353 2648 3418 aedilicio,
2677 3369 2820 3424 saepe
2847 3366 3026 3408 autem
3059 3353 3220 3408 ctiam
3267 3368 3386 3406 cum
3415 3368 3478 3406 cu
3510 3370 3607 3407 nos

2029 3445 2278 3516 perdunt.
2325 3445 2551 3514 Quando
2592 3455 2766 3500 autem
2811 3445 2984 3515 ipsum
3018 3445 3177 3498 etiam
3223 3444 3452 3507 steterit,
3485 3457 3609 3498 tunc

2029 3556 2128 3597 nos
2152 3551 2245 3596 aut
2274 3542 2492 3596 morbus
2515 3541 2623 3596 cito
2651 3541 2886 3603 abducit.
2918 3552 3007 3595 aut
3035 3549 3319 3595 manentes
3350 3555 3454 3593 non
3483 3538 3609 3594 sinit

2028 3648 2095 3689 eo
2122 3643 2268 3688 recte
2297 3633 2398 3688 frui
2427 3651 2442 3688 :
2474 3649 2718 3704 quamam
2750 3635 2892 3689 enim
2920 3646 3004 3688 est
3040 3632 3310 3701 voluptas,
3351 3630 3444 3687 ubi
3486 3643 3606 3684 sunt

2005 3724 2224 3789 .morbi,
2251 3732 2306 3779 et
2332 3723 2640 3787 calumniae,
2671 3733 2726 3779 et
2767 3723 2989 3788 invidia,
3037 3733 3092 3778 ct
3141 3722 3389 3777 insidiae?
3430 3722 3536 3776 Aut
3565 3721 3608 3776 si

2029 3815 2133 3871 hoc
2171 3830 2278 3869 non
2319 3814 2428 3880 sit,
2459 3829 2603 3882 stupe
2643 3815 2884 3870 dolemus
2931 3827 2986 3869 et
3030 3831 3173 3884 a‘grc
3201 3814 3420 3870 ferimus
3467 3815 3608 3884 quod

2029 3906 2230 3960 liberos
2274 3919 2382 3960 non
2429 3905 2824 3973 susceperimus
2853 3945 2868 3970 ,
2922 3921 3027 3959 non
3079 3904 3342 3959 habentes
3391 3906 3474 3959 cui
3513 3920 3609 3960 no-

2028 4007 2169 4053 stras
2197 3995 2389 4054 domos
2416 4004 2718 4065 ceteraque
2747 3995 3047 4058 tradamus;
3088 4003 3142 4049 et
3178 3993 3374 4049 deinde
3403 3993 3618 4048 crucia—

2026 4106 2148 4144 mur
2171 4088 2313 4158 quod
2346 4087 2650 4142 laboremus
2677 4088 2817 4142 aliis.
2837 4088 2990 4156 Szepe
3009 4094 3189 4141 autem
3221 4087 3382 4141 etiam
3412 4086 3478 4140 ad
3508 4101 3606 4142 no~

2001 4191 2170 4238 stros
2202 4180 2448 4235 inimicos
2475 4191 2654 4234 nostra
2686 4180 2926 4249 pervenit
2977 4179 3268 4243 hereditas,
3303 4191 3405 4234 non
3435 4178 3613 4233 solum

2029 4287 2150 4328 curn
2183 4287 2281 4326 nos
2307 4271 2722 4338 excesserimus,
2741 4271 2836 4326 sed
2855 4270 3015 4326 etiam
3041 4271 3196 4325 nobis
3222 4270 3396 4325 adhuc
3426 4272 3609 4326 viven-

2032 4368 2190 4422 tibus.
2214 4364 2350 4433 Quid
2379 4380 2507 4434 crgo
2525 4374 2607 4419 est
2629 4365 2874 4419 miserius
2892 4380 3050 4433 quam
3079 4363 3324 4418 laborare
3350 4363 3604 4424 inimicis,

2025 4469 2078 4515 et
2121 4465 2178 4512 ut
2207 4458 2284 4512 illi
2315 4457 2368 4513 in
2395 4457 2575 4525 quiete
2598 4455 2826 4524 degant,
2857 4455 2960 4509 sibi
3011 4465 3228 4523 peccata
3281 4457 3613 4524 e0ngercre‘l

2029 4552 2198 4620 Hujus
2223 4552 2300 4606 rci
2329 4550 2492 4607 multa
2524 4548 2762 4617 exempla
2791 4557 3083 4604 cernuntur
3112 4548 3164 4601 in
3190 4547 3494 4602 civitatibus
3516 4561 3533 4612 ;
3555 4555 3608 4601 et

2030 4653 2203 4706 taceo,
2261 4657 2328 4697 ne
2385 4639 2631 4695 molestia
2673 4641 2902 4695 alliciam
2941 4653 3034 4696 eos
3061 4641 3148 4710 qui
3200 4649 3326 4695 sunt
3380 4637 3613 4706 privati;

2027 4733 2288 4804 quosdam
2318 4747 2382 4788 ex
2401 4734 2492 4787 .eis
2525 4733 2836 4786 nominatim
2852 4732 3108 4796 dicerem,
3132 4741 3187 4787 et
3215 4731 3375 4784 multa
3401 4744 3608 4798 possent

2030 4840 2274 4886 narrare,
2292 4834 2343 4878 et
2373 4823 2567 4881 multas
2593 4823 2740 4877 vobis
2766 4823 2955 4877 domos
2981 4823 3286 4884 ostendere,
3310 4835 3428 4890 qua:
3449 4834 3605 4876 acco-

2020 4926 2223 4988 perunt
2252 4914 2496 4970 dominos
2533 4916 2781 4972 inimicos
2802 4930 2990 4969 eorum
3017 4913 3108 4983 qui
3149 4911 3279 4970 iniis
3295 4911 3614 4968 fabricandis

2029 5017 2084 5066 et
2112 5007 2366 5061 ornandis
2393 5007 2918 5060 laboraverantrnon
2937 5005 3109 5059 solum
3138 5015 3316 5059 autent
3333 5006 3495 5069 aedes,
3515 5010 3606 5060 sed

2028 5108 2084 5154 ct
2112 5097 2373 5164 mancipia
2402 5105 2456 5151 et
2485 5106 2594 5151 tota
2618 5111 2760 5165 stepe
2788 5095 3054 5169 hereditas
3082 5098 3407 5165 pervenitad
3437 5097 3608 5150 inimi-

2033 5215 2146 5256 cos.
2177 5199 2333 5255 Tales
2355 5205 2479 5250 sunt
2500 5209 2588 5248 res
2613 5196 2877 5247 Iunnanae.
2906 5193 2962 5247 ln
2986 5192 3132 5247 cretis
3163 5200 3341 5246 autem
3373 5189 3504 5243 nihil
3526 5199 3608 5243 cst

2029 5292 2220 5349 borum
2253 5287 2396 5360 quod
2427 5285 2696 5350 verearis;
2736 5300 2931 5353 nempe
2978 5299 3045 5339 ne
3071 5299 3194 5338 cum
3236 5284 3336 5336 istc
3361 5281 3607 5336 decesse-

2029 5383 2129 5448 rit,
2173 5379 2316 5436 alius
2363 5378 2543 5433 veniat
2587 5376 2854 5438 inimicus,
2902 5386 2957 5430 et
3004 5373 3256 5428 succedat
3303 5368 3605 5425 ltercditati.

2027 5471 2161 5528 Nam
2194 5486 2368 5540 neque
2394 5485 2540 5523 mors
2568 5475 2652 5522 est
2683 5466 2811 5531 illic,
2842 5481 2942 5520 nec
2972 5464 3298 5526 inimicitize;
3331 5462 3444 5518 sola
3486 5473 3613 5516 sunt

2031 5571 2344 5618 sanctorum
2391 5558 2780 5615 tabernacula:
2815 5556 2867 5611 in
2914 5556 3019 5610 illis
3065 5563 3246 5608 autem
3291 5552 3489 5608 sanctis
3529 5560 3610 5605 est

2029 5654 2338 5721 exsultatio,
2369 5653 2647 5723 gaudium,
2679 5649 2864 5706 laetitia
2894 5666 2910 5705 :
2952 5646 3061 5702 Vox
3102 5646 3271 5710 enim,
3303 5645 3476 5714 inquit
3523 5658 3607 5697 ex-

2027 5746 2319 5803 sattationis
2372 5755 2443 5802 est
2489 5745 2540 5799 ir:
2582 5740 2920 5798 tabernaculis
2965 5740 3214 5803 iustorum
3262 5735 3430 5810 (Ρωι.
3487 5736 3610 5793 ιιι.

2379 5958 2405 5971 Ὦ
