  <div class='ocr_page' id='page_1' title='image "/cluster/home/n/w/nwhite01/storage/ocr_20150623/63/hvd.32044054112164/230.png"; bbox 0 0 4080 6198; ppageno 0'>
   <div class='ocr_carea' id='block_1_1' title="bbox 232 244 407 283">
    <p class='ocr_par' dir='ltr' id='par_1_1' title="bbox 232 244 407 283">
     <span class='ocr_line' id='line_1_1' title="bbox 232 244 407 283; baseline 0 0"><span class='ocrx_word' id='word_1_1' title='bbox 232 258 243 271; x_wconf 83' lang='grc'><strong>·</strong></span> <span class='ocrx_word' id='word_1_2' title='bbox 292 244 407 283; x_wconf 65' lang='grc' dir='ltr'><strong>ρι’)’ζ</strong></span> 
     </span>
    </p>
   </div>
   <div class='ocr_carea' id='block_1_2' title="bbox 297 265 409 303">
    <p class='ocr_par' dir='ltr' id='par_1_2' title="bbox 297 265 409 303">
     <span class='ocr_line' id='line_1_2' title="bbox 297 265 409 303; baseline -0.018 0"><span class='ocrx_word' id='word_1_3' title='bbox 297 265 409 303; x_wconf 59' lang='grc'><strong>22.)</strong></span> 
     </span>
    </p>
   </div>
   <div class='ocr_carea' id='block_1_3' title="bbox 294 348 1883 425">
    <p class='ocr_par' dir='ltr' id='par_1_3' title="bbox 294 348 1883 425">
     <span class='ocr_line' id='line_1_3' title="bbox 294 348 1883 425; baseline -0.005 -16"><span class='ocrx_word' id='word_1_4' title='bbox 294 358 360 415; x_wconf 83' lang='grc' dir='ltr'><strong>οὐ</strong></span> <span class='ocrx_word' id='word_1_5' title='bbox 388 353 498 423; x_wconf 71' lang='grc' dir='ltr'><strong>γάρ</strong></span> <span class='ocrx_word' id='word_1_6' title='bbox 536 352 655 408; x_wconf 72' lang='grc' dir='ltr'><strong>ἐστι</strong></span> <span class='ocrx_word' id='word_1_7' title='bbox 686 369 741 407; x_wconf 87' lang='grc' dir='ltr'><strong>τι</strong></span> <span class='ocrx_word' id='word_1_8' title='bbox 783 351 1022 425; x_wconf 86' lang='grc' dir='ltr'><strong>φθαρτὸν</strong></span> <span class='ocrx_word' id='word_1_9' title='bbox 1054 350 1176 406; x_wconf 72' lang='grc' dir='ltr'><strong>οὐδὲ</strong></span> <span class='ocrx_word' id='word_1_10' title='bbox 1231 351 1499 424; x_wconf 74' lang='grc' dir='ltr'><strong>ἐπίκηρον</strong></span> <span class='ocrx_word' id='word_1_11' title='bbox 1549 352 1684 415; x_wconf 86' lang='grc' dir='ltr'><strong>ἐκεῖ,</strong></span> <span class='ocrx_word' id='word_1_12' title='bbox 1742 348 1883 403; x_wconf 79' lang='grc' dir='ltr'><strong>ἀλλὰ</strong></span> 
     </span>
    </p>
   </div>
   <div class='ocr_carea' id='block_1_4' title="bbox 292 432 1880 506">
    <p class='ocr_par' dir='ltr' id='par_1_4' title="bbox 292 432 1880 506">
     <span class='ocr_line' id='line_1_4' title="bbox 292 432 1880 506; baseline -0.005 -14"><span class='ocrx_word' id='word_1_13' title='bbox 292 438 481 492; x_wconf 83' lang='grc' dir='ltr'><strong>πάντα</strong></span> <span class='ocrx_word' id='word_1_14' title='bbox 503 436 750 490; x_wconf 82' lang='grc' dir='ltr'><strong>ἀθάνατα</strong></span> <span class='ocrx_word' id='word_1_15' title='bbox 775 436 870 489; x_wconf 75' lang='grc' dir='ltr'><strong>καὶ</strong></span> <span class='ocrx_word' id='word_1_16' title='bbox 890 435 1164 506; x_wconf 75' lang='grc' dir='ltr'><strong>ἀκήρατα.</strong></span> <span class='ocrx_word' id='word_1_17' title='bbox 1201 433 1411 487; x_wconf 84' lang='grc' dir='ltr'><strong>Οὐκοῦν</strong></span> <span class='ocrx_word' id='word_1_18' title='bbox 1444 432 1774 503; x_wconf 89' lang='grc' dir='ltr'><strong>κενώσωμεν</strong></span> <span class='ocrx_word' id='word_1_19' title='bbox 1798 432 1880 495; x_wconf 89' lang='grc' dir='ltr'><strong>εἰς</strong></span> 
     </span>
    </p>
   </div>
   <div class='ocr_carea' id='block_1_5' title="bbox 288 514 1881 590">
    <p class='ocr_par' dir='ltr' id='par_1_5' title="bbox 288 514 1881 590">
     <span class='ocr_line' id='line_1_5' title="bbox 288 514 1881 590; baseline -0.004 -16"><span class='ocrx_word' id='word_1_20' title='bbox 288 519 501 590; x_wconf 88' lang='grc' dir='ltr'><strong>ταύτην</strong></span> <span class='ocrx_word' id='word_1_21' title='bbox 531 518 631 589; x_wconf 82' lang='grc' dir='ltr'><strong>τὴν</strong></span> <span class='ocrx_word' id='word_1_22' title='bbox 662 518 954 589; x_wconf 82' lang='grc' dir='ltr'><strong>οἰκοδομὴν</strong></span> <span class='ocrx_word' id='word_1_23' title='bbox 982 517 1052 570; x_wconf 82' lang='grc' dir='ltr'><strong>τὰ</strong></span> <span class='ocrx_word' id='word_1_24' title='bbox 1090 517 1351 587; x_wconf 85' lang='grc' dir='ltr'><strong>χρήματα</strong></span> <span class='ocrx_word' id='word_1_25' title='bbox 1374 530 1389 544; x_wconf 85' lang='grc'><strong>·</strong></span> <span class='ocrx_word' id='word_1_26' title='bbox 1427 516 1489 570; x_wconf 90' lang='grc' dir='ltr'><strong>οὐ</strong></span> <span class='ocrx_word' id='word_1_27' title='bbox 1544 516 1625 569; x_wconf 85' lang='grc' dir='ltr'><strong>δεῖ</strong></span> <span class='ocrx_word' id='word_1_28' title='bbox 1684 514 1881 569; x_wconf 81' lang='grc' dir='ltr'><strong>τεκτό-</strong></span> 
     </span>
    </p>
   </div>
   <div class='ocr_carea' id='block_1_6' title="bbox 289 597 1881 671">
    <p class='ocr_par' dir='ltr' id='par_1_6' title="bbox 289 597 1881 671">
     <span class='ocr_line' id='line_1_6' title="bbox 289 597 1881 671; baseline -0.006 -14"><span class='ocrx_word' id='word_1_29' title='bbox 289 620 405 657; x_wconf 90' lang='grc' dir='ltr'><strong>νων</strong></span> <span class='ocrx_word' id='word_1_30' title='bbox 462 602 619 671; x_wconf 82' lang='grc' dir='ltr'><strong>ήμῖν,</strong></span> <span class='ocrx_word' id='word_1_31' title='bbox 675 599 798 653; x_wconf 87' lang='grc' dir='ltr'><strong>οὐδέ</strong></span> <span class='ocrx_word' id='word_1_32' title='bbox 852 599 1101 670; x_wconf 77' lang='grc' dir='ltr'><strong>ἐργατῶν</strong></span> <span class='ocrx_word' id='word_1_33' title='bbox 1135 615 1148 629; x_wconf 78' lang='grc' dir='ltr'><strong><em>ο</em></strong></span> <span class='ocrx_word' id='word_1_34' title='bbox 1187 598 1372 651; x_wconf 84' lang='grc' dir='ltr'><strong>αἰτῶν</strong></span> <span class='ocrx_word' id='word_1_35' title='bbox 1422 600 1670 663; x_wconf 86' lang='grc' dir='ltr'>πενήτων</span> <span class='ocrx_word' id='word_1_36' title='bbox 1700 597 1881 670; x_wconf 82' lang='grc' dir='ltr'><strong>χεῖρες</strong></span> 
     </span>
    </p>
   </div>
   <div class='ocr_carea' id='block_1_7' title="bbox 228 679 1881 751">
    <p class='ocr_par' dir='ltr' id='par_1_7' title="bbox 228 679 1881 751">
     <span class='ocr_line' id='line_1_7' title="bbox 228 679 1881 751; baseline -0.004 -14"><span class='ocrx_word' id='word_1_37' title='bbox 228 714 239 723; x_wconf 73' lang='grc' dir='ltr'><em>ι</em></span> <span class='ocrx_word' id='word_1_38' title='bbox 288 684 396 747; x_wconf 81' lang='grc' dir='ltr'><strong>τάς</strong></span> <span class='ocrx_word' id='word_1_39' title='bbox 447 682 708 744; x_wconf 79' lang='grc' dir='ltr'><strong>τοιαύτας</strong></span> <span class='ocrx_word' id='word_1_40' title='bbox 747 680 1127 751; x_wconf 78' lang='grc' dir='ltr'><strong>οἰκοδομοῦσιν</strong></span> <span class='ocrx_word' id='word_1_41' title='bbox 1181 679 1381 744; x_wconf 87' lang='grc' dir='ltr'><strong>οἰκίας,</strong></span> <span class='ocrx_word' id='word_1_42' title='bbox 1409 681 1458 732; x_wconf 87' lang='grc' dir='ltr'><strong>οἰ</strong></span> <span class='ocrx_word' id='word_1_43' title='bbox 1487 679 1673 751; x_wconf 71' lang='grc' dir='ltr'><strong>χωλοὶ,</strong></span> <span class='ocrx_word' id='word_1_44' title='bbox 1704 679 1754 730; x_wconf 89' lang='grc' dir='ltr'><strong>οἰ</strong></span> <span class='ocrx_word' id='word_1_45' title='bbox 1782 694 1881 731; x_wconf 88' lang='grc' dir='ltr'><strong>τυ-</strong></span> 
     </span>
    </p>
   </div>
   <div class='ocr_carea' id='block_1_8' title="bbox 292 757 1874 836">
    <p class='ocr_par' dir='ltr' id='par_1_8' title="bbox 292 757 1874 836">
     <span class='ocr_line' id='line_1_8' title="bbox 292 757 1874 836; baseline -0.004 -17"><span class='ocrx_word' id='word_1_46' title='bbox 292 765 448 836; x_wconf 74' lang='grc' dir='ltr'><strong>φλοὶ,</strong></span> <span class='ocrx_word' id='word_1_47' title='bbox 483 766 535 818; x_wconf 88' lang='grc' dir='ltr'><strong>οί</strong></span> <span class='ocrx_word' id='word_1_48' title='bbox 566 764 843 835; x_wconf 87' lang='grc' dir='ltr'><strong>ἀνάπηροι</strong></span> <span class='ocrx_word' id='word_1_49' title='bbox 868 778 883 793; x_wconf 73' lang='grc' dir='ltr'><strong>ο</strong></span> <span class='ocrx_word' id='word_1_50' title='bbox 915 757 1061 818; x_wconf 80' lang='grc' dir='ltr'><strong>οῦτοι</strong></span> <span class='ocrx_word' id='word_1_51' title='bbox 1118 763 1333 825; x_wconf 88' lang='grc' dir='ltr'><strong>ἐκείνας</strong></span> <span class='ocrx_word' id='word_1_52' title='bbox 1364 763 1463 827; x_wconf 71' lang='grc' dir='ltr'><strong>τὰς</strong></span> <span class='ocrx_word' id='word_1_53' title='bbox 1518 762 1696 825; x_wconf 82' lang='grc' dir='ltr'><strong>οἰκίας</strong></span> <span class='ocrx_word' id='word_1_54' title='bbox 1726 762 1874 814; x_wconf 83' lang='grc' dir='ltr'><strong>οἰκο-</strong></span> 
     </span>
    </p>
   </div>
   <div class='ocr_carea' id='block_1_9' title="bbox 291 843 1880 921">
    <p class='ocr_par' dir='ltr' id='par_1_9' title="bbox 291 843 1880 921">
     <span class='ocr_line' id='line_1_9' title="bbox 291 843 1880 921; baseline -0.004 -18"><span class='ocrx_word' id='word_1_55' title='bbox 291 848 549 921; x_wconf 82' lang='grc' dir='ltr'><strong>δομοῦσι.</strong></span> <span class='ocrx_word' id='word_1_56' title='bbox 584 847 695 902; x_wconf 70' lang='grc' dir='ltr'><strong>Καὶ</strong></span> <span class='ocrx_word' id='word_1_57' title='bbox 728 846 805 917; x_wconf 78' lang='grc' dir='ltr'><strong>μὴ</strong></span> <span class='ocrx_word' id='word_1_58' title='bbox 837 845 1151 916; x_wconf 77' lang='grc' dir='ltr'><strong>θαυμάσῃς,</strong></span> <span class='ocrx_word' id='word_1_59' title='bbox 1204 845 1342 898; x_wconf 77' lang='grc' dir='ltr'><strong>ὅπου</strong></span> <span class='ocrx_word' id='word_1_60' title='bbox 1368 861 1431 912; x_wconf 90' lang='grc' dir='ltr'><strong>γε</strong></span> <span class='ocrx_word' id='word_1_61' title='bbox 1456 845 1549 899; x_wconf 75' lang='grc' dir='ltr'><strong>καί⁵</strong></span> <span class='ocrx_word' id='word_1_62' title='bbox 1601 843 1880 914; x_wconf 81' lang='grc' dir='ltr'><strong>βασιλείαν</strong></span> 
     </span>
    </p>
   </div>
   <div class='ocr_carea' id='block_1_10' title="bbox 288 925 1880 1004">
    <p class='ocr_par' dir='ltr' id='par_1_10' title="bbox 288 925 1880 1004">
     <span class='ocr_line' id='line_1_10' title="bbox 288 925 1880 1004; baseline -0.003 -19"><span class='ocrx_word' id='word_1_63' title='bbox 288 934 433 1004; x_wconf 76' lang='grc' dir='ltr'><strong>⁴ήμίν</strong></span> <span class='ocrx_word' id='word_1_64' title='bbox 461 925 609 985; x_wconf 77' lang='grc' dir='ltr'><strong>οῦτοι</strong></span> <span class='ocrx_word' id='word_1_65' title='bbox 640 927 989 998; x_wconf 79' lang='grc' dir='ltr'><strong>προξενοῦσι,</strong></span> <span class='ocrx_word' id='word_1_66' title='bbox 1014 928 1112 981; x_wconf 78' lang='grc' dir='ltr'><strong>καὶ</strong></span> <span class='ocrx_word' id='word_1_67' title='bbox 1139 927 1454 998; x_wconf 71' lang='grc' dir='ltr'><strong>παρρησίαν</strong></span> <span class='ocrx_word' id='word_1_68' title='bbox 1506 928 1639 999; x_wconf 87' lang='grc' dir='ltr'><strong>ήμίν</strong></span> <span class='ocrx_word' id='word_1_69' title='bbox 1671 926 1880 980; x_wconf 89' lang='grc' dir='ltr'><strong>διδόασι</strong></span> 
     </span>
    </p>
   </div>
   <div class='ocr_carea' id='block_1_11' title="bbox 293 1012 740 1087">
    <p class='ocr_par' dir='ltr' id='par_1_11' title="bbox 293 1012 740 1087">
     <span class='ocr_line' id='line_1_11' title="bbox 293 1012 740 1087; baseline -0.002 -19"><span class='ocrx_word' id='word_1_70' title='bbox 293 1015 437 1087; x_wconf 87' lang='grc' dir='ltr'><strong>πρὸς</strong></span> <span class='ocrx_word' id='word_1_71' title='bbox 461 1015 555 1067; x_wconf 85' lang='grc' dir='ltr'><strong>τὸν</strong></span> <span class='ocrx_word' id='word_1_72' title='bbox 583 1012 740 1067; x_wconf 86' lang='grc' dir='ltr'><strong>Θεόν.</strong></span> 
     </span>
    </p>
   </div>
   <div class='ocr_carea' id='block_1_12' title="bbox 379 1090 1881 1167">
    <p class='ocr_par' dir='ltr' id='par_1_12' title="bbox 379 1090 1881 1167">
     <span class='ocr_line' id='line_1_12' title="bbox 379 1090 1881 1167; baseline -0.004 -17"><span class='ocrx_word' id='word_1_73' title='bbox 379 1097 448 1149; x_wconf 81' lang='grc' dir='ltr'><strong>ἸΙ</strong></span> <span class='ocrx_word' id='word_1_74' title='bbox 473 1096 584 1167; x_wconf 78' lang='grc' dir='ltr'><strong>γὰρ</strong></span> <span class='ocrx_word' id='word_1_75' title='bbox 626 1092 970 1166; x_wconf 75' lang='grc' dir='ltr'><strong>ἐλεημοσύνη</strong></span> <span class='ocrx_word' id='word_1_76' title='bbox 1003 1091 1167 1164; x_wconf 80' lang='grc' dir='ltr'><strong>τέχνη</strong></span> <span class='ocrx_word' id='word_1_77' title='bbox 1199 1090 1284 1156; x_wconf 91' lang='grc' dir='ltr'><strong>τίς</strong></span> <span class='ocrx_word' id='word_1_78' title='bbox 1311 1093 1459 1148; x_wconf 84' lang='grc' dir='ltr'><strong>ἐστιν</strong></span> <span class='ocrx_word' id='word_1_79' title='bbox 1512 1092 1732 1165; x_wconf 92' lang='grc' dir='ltr'><strong>ἀρίστη,</strong></span> <span class='ocrx_word' id='word_1_80' title='bbox 1783 1090 1881 1145; x_wconf 73' lang='grc' dir='ltr'><strong>καὶ</strong></span> 
     </span>
    </p>
   </div>
   <div class='ocr_carea' id='block_1_13' title="bbox 294 1174 1880 1253">
    <p class='ocr_par' dir='ltr' id='par_1_13' title="bbox 294 1174 1880 1253">
     <span class='ocr_line' id='line_1_13' title="bbox 294 1174 1880 1253; baseline -0.004 -20"><span class='ocrx_word' id='word_1_81' title='bbox 294 1181 601 1253; x_wconf 76' lang='grc' dir='ltr'><strong>προστάτις</strong></span> <span class='ocrx_word' id='word_1_82' title='bbox 629 1179 739 1232; x_wconf 91' lang='grc' dir='ltr'><strong>τῶν</strong></span> <span class='ocrx_word' id='word_1_83' title='bbox 771 1177 1156 1249; x_wconf 77' lang='grc' dir='ltr'><strong>ἐργαζομένων</strong></span> <span class='ocrx_word' id='word_1_84' title='bbox 1179 1177 1351 1247; x_wconf 85' lang='grc' dir='ltr'><strong>αὐτήν</strong></span> <span class='ocrx_word' id='word_1_85' title='bbox 1370 1193 1383 1206; x_wconf 89' lang='grc'><strong>·</strong></span> <span class='ocrx_word' id='word_1_86' title='bbox 1413 1175 1542 1246; x_wconf 92' lang='grc' dir='ltr'><strong>φίλη</strong></span> <span class='ocrx_word' id='word_1_87' title='bbox 1555 1177 1663 1246; x_wconf 80' lang='grc' dir='ltr'><strong>γὰρ</strong></span> <span class='ocrx_word' id='word_1_88' title='bbox 1675 1174 1880 1246; x_wconf 78' lang='grc' dir='ltr'><strong>τῴΘεῷ</strong></span> 
     </span>
    </p>
   </div>
   <div class='ocr_carea' id='block_1_14' title="bbox 298 1253 1882 1336">
    <p class='ocr_par' dir='ltr' id='par_1_14' title="bbox 298 1253 1882 1336">
     <span class='ocr_line' id='line_1_14' title="bbox 298 1253 1882 1336; baseline -0.005 -18"><span class='ocrx_word' id='word_1_89' title='bbox 298 1261 456 1336; x_wconf 69' lang='grc'><strong>[299]</strong></span> <span class='ocrx_word' id='word_1_90' title='bbox 470 1263 611 1325; x_wconf 90' lang='grc' dir='ltr'><strong>ἐστι,</strong></span> <span class='ocrx_word' id='word_1_91' title='bbox 627 1261 724 1315; x_wconf 75' lang='grc' dir='ltr'><strong>καί</strong></span> <span class='ocrx_word' id='word_1_92' title='bbox 744 1260 971 1330; x_wconf 80' lang='grc' dir='ltr'><strong>πλησίον</strong></span> <span class='ocrx_word' id='word_1_93' title='bbox 992 1259 1222 1327; x_wconf 73' lang='grc' dir='ltr'><strong>ἕστηκεν</strong></span> <span class='ocrx_word' id='word_1_94' title='bbox 1237 1257 1422 1325; x_wconf 85' lang='grc' dir='ltr'><strong>αὐτοῦ,</strong></span> <span class='ocrx_word' id='word_1_95' title='bbox 1441 1260 1580 1328; x_wconf 80' lang='grc' dir='ltr'><strong>ὑπὲρ</strong></span> <span class='ocrx_word' id='word_1_96' title='bbox 1594 1253 1668 1312; x_wconf 85' lang='grc' dir='ltr'><strong>ὧν</strong></span> <span class='ocrx_word' id='word_1_97' title='bbox 1682 1257 1747 1312; x_wconf 85' lang='grc' dir='ltr'><strong>ἂν</strong></span> <span class='ocrx_word' id='word_1_98' title='bbox 1764 1257 1882 1327; x_wconf 83' lang='grc' dir='ltr'><strong>βού-</strong></span> 
     </span>
    </p>
   </div>
   <div class='ocr_carea' id='block_1_15' title="bbox 292 1340 1879 1413">
    <p class='ocr_par' dir='ltr' id='par_1_15' title="bbox 292 1340 1879 1413">
     <span class='ocr_line' id='line_1_15' title="bbox 292 1340 1879 1413; baseline -0.003 -16"><span class='ocrx_word' id='word_1_99' title='bbox 292 1347 482 1413; x_wconf 86' lang='grc' dir='ltr'><strong>ληται,</strong></span> <span class='ocrx_word' id='word_1_100' title='bbox 513 1343 754 1404; x_wconf 82' lang='grc' dir='ltr'><strong>εὐκόλως</strong></span> <span class='ocrx_word' id='word_1_101' title='bbox 779 1341 1003 1395; x_wconf 84' lang='grc' dir='ltr'><strong>αἰτοῦσα</strong></span> <span class='ocrx_word' id='word_1_102' title='bbox 1028 1342 1208 1410; x_wconf 84' lang='grc' dir='ltr'><strong>χάριν,</strong></span> <span class='ocrx_word' id='word_1_103' title='bbox 1232 1341 1395 1411; x_wconf 85' lang='grc' dir='ltr'><strong>μόνον</strong></span> <span class='ocrx_word' id='word_1_104' title='bbox 1422 1341 1488 1395; x_wconf 83' lang='grc' dir='ltr'><strong>ἂν</strong></span> <span class='ocrx_word' id='word_1_105' title='bbox 1521 1340 1596 1411; x_wconf 82' lang='grc' dir='ltr'><strong>μὴ</strong></span> <span class='ocrx_word' id='word_1_106' title='bbox 1622 1340 1879 1411; x_wconf 81' lang='grc' dir='ltr'><strong>ἀδικῆται</strong></span> 
     </span>
    </p>
   </div>
   <div class='ocr_carea' id='block_1_16' title="bbox 291 1422 1879 1498">
    <p class='ocr_par' dir='ltr' id='par_1_16' title="bbox 291 1422 1879 1498">
     <span class='ocr_line' id='line_1_16' title="bbox 291 1422 1879 1498; baseline -0.004 -17"><span class='ocrx_word' id='word_1_107' title='bbox 291 1430 432 1498; x_wconf 80' lang='grc' dir='ltr'><strong>παρ’</strong></span> <span class='ocrx_word' id='word_1_108' title='bbox 456 1426 617 1497; x_wconf 82' lang='grc' dir='ltr'><strong>ήμῶν</strong></span> <span class='ocrx_word' id='word_1_109' title='bbox 639 1442 655 1455; x_wconf 67' lang='grc'><strong><em>⁸</em></strong></span> <span class='ocrx_word' id='word_1_110' title='bbox 679 1425 947 1478; x_wconf 81' lang='grc' dir='ltr'><strong>ἀδικεῖται</strong></span> <span class='ocrx_word' id='word_1_111' title='bbox 966 1423 1046 1489; x_wconf 86' lang='grc' dir='ltr'><strong>δέ,</strong></span> <span class='ocrx_word' id='word_1_112' title='bbox 1068 1424 1198 1477; x_wconf 85' lang='grc' dir='ltr'><strong>ὅταν</strong></span> <span class='ocrx_word' id='word_1_113' title='bbox 1218 1422 1279 1488; x_wconf 82' lang='grc' dir='ltr'><strong>ἐξ</strong></span> <span class='ocrx_word' id='word_1_114' title='bbox 1302 1424 1563 1492; x_wconf 80' lang='grc' dir='ltr'><strong>ἁρπαγῆς</strong></span> <span class='ocrx_word' id='word_1_115' title='bbox 1585 1423 1755 1492; x_wconf 79' lang='grc' dir='ltr'><strong>αὐτὴν</strong></span> <span class='ocrx_word' id='word_1_116' title='bbox 1782 1425 1879 1495; x_wconf 88' lang='grc' dir='ltr'><strong>ἐρ-</strong></span> 
     </span>
    </p>
   </div>
   <div class='ocr_carea' id='block_1_17' title="bbox 289 1502 1880 1579">
    <p class='ocr_par' dir='ltr' id='par_1_17' title="bbox 289 1502 1880 1579">
     <span class='ocr_line' id='line_1_17' title="bbox 289 1502 1880 1579; baseline -0.004 -16"><span class='ocrx_word' id='word_1_117' title='bbox 289 1508 604 1579; x_wconf 78' lang='grc' dir='ltr'><strong>γαζώμεθα</strong></span> <span class='ocrx_word' id='word_1_118' title='bbox 628 1522 644 1537; x_wconf 82' lang='lat'><strong><em>°</em></strong></span> <span class='ocrx_word' id='word_1_119' title='bbox 667 1505 744 1569; x_wconf 83' lang='grc' dir='ltr'><strong>ὡς</strong></span> <span class='ocrx_word' id='word_1_120' title='bbox 789 1505 887 1559; x_wconf 79' lang='grc' dir='ltr'><strong>ἐὰν</strong></span> <span class='ocrx_word' id='word_1_121' title='bbox 980 1504 1219 1576; x_wconf 79' lang='grc' dir='ltr'><strong>καθαρὰ,</strong></span> <span class='ocrx_word' id='word_1_122' title='bbox 1254 1504 1455 1575; x_wconf 87' lang='grc' dir='ltr'><strong>πολλὴν</strong></span> <span class='ocrx_word' id='word_1_123' title='bbox 1484 1506 1598 1568; x_wconf 84' lang='grc' dir='ltr'><strong>τοῖς</strong></span> <span class='ocrx_word' id='word_1_124' title='bbox 1627 1504 1880 1575; x_wconf 83' lang='grc' dir='ltr'><strong>ἀναπέμ-</strong></span> 
     </span>
    </p>
   </div>
   <div class='ocr_carea' id='block_1_18' title="bbox 292 1586 1878 1659">
    <p class='ocr_par' dir='ltr' id='par_1_18' title="bbox 292 1586 1878 1659">
     <span class='ocr_line' id='line_1_18' title="bbox 292 1586 1878 1659; baseline -0.005 -13"><span class='ocrx_word' id='word_1_125' title='bbox 292 1609 501 1646; x_wconf 81' lang='grc' dir='ltr'><strong>πουσιν</strong></span> <span class='ocrx_word' id='word_1_126' title='bbox 528 1589 701 1659; x_wconf 82' lang='grc' dir='ltr'><strong>αὐτὴν</strong></span> <span class='ocrx_word' id='word_1_127' title='bbox 732 1587 919 1642; x_wconf 87' lang='grc' dir='ltr'><strong>δίδωσι</strong></span> <span class='ocrx_word' id='word_1_128' title='bbox 944 1586 1043 1657; x_wconf 85' lang='grc' dir='ltr'><strong>τὴν</strong></span> <span class='ocrx_word' id='word_1_129' title='bbox 1072 1587 1412 1659; x_wconf 77' lang='grc' dir='ltr'><strong>παρρησίαν.</strong></span> <span class='ocrx_word' id='word_1_130' title='bbox 1436 1587 1686 1656; x_wconf 83' lang='grc' dir='ltr'><strong>Τοσαύτη</strong></span> <span class='ocrx_word' id='word_1_131' title='bbox 1708 1588 1878 1657; x_wconf 82' lang='grc' dir='ltr'><strong>αὐτῆς</strong></span> 
     </span>
    </p>
   </div>
   <div class='ocr_carea' id='block_1_19' title="bbox 230 1666 1879 1747">
    <p class='ocr_par' dir='ltr' id='par_1_19' title="bbox 230 1666 1879 1747">
     <span class='ocr_line' id='line_1_19' title="bbox 230 1666 1879 1747; baseline -0.005 -19"><span class='ocrx_word' id='word_1_132' title='bbox 230 1678 235 1681; x_wconf 84' lang='grc'><em>’</em></span> <span class='ocrx_word' id='word_1_133' title='bbox 290 1677 330 1747; x_wconf 77' lang='grc' dir='ltr'><strong>ἠ</strong></span> <span class='ocrx_word' id='word_1_134' title='bbox 364 1675 547 1744; x_wconf 79' lang='grc' dir='ltr'><strong>ἰσχὺς,</strong></span> <span class='ocrx_word' id='word_1_135' title='bbox 573 1670 778 1726; x_wconf 84' lang='grc' dir='ltr'><strong>ὅτικαί</strong></span> <span class='ocrx_word' id='word_1_136' title='bbox 819 1669 961 1739; x_wconf 79' lang='grc' dir='ltr'><strong>ὑπὲρ</strong></span> <span class='ocrx_word' id='word_1_137' title='bbox 995 1669 1522 1740; x_wconf 82' lang='grc' dir='ltr'><strong>προσκεκρουκότων</strong></span> <span class='ocrx_word' id='word_1_138' title='bbox 1557 1666 1750 1733; x_wconf 86' lang='grc' dir='ltr'><strong>δεῖται,</strong></span> <span class='ocrx_word' id='word_1_139' title='bbox 1786 1669 1879 1721; x_wconf 80' lang='grc' dir='ltr'><strong>καὶ</strong></span> 
     </span>
    </p>
   </div>
   <div class='ocr_carea' id='block_1_20' title="bbox 292 1750 1875 1829">
    <p class='ocr_par' dir='ltr' id='par_1_20' title="bbox 292 1750 1875 1829">
     <span class='ocr_line' id='line_1_20' title="bbox 292 1750 1875 1829; baseline -0.005 -18"><span class='ocrx_word' id='word_1_140' title='bbox 292 1758 444 1829; x_wconf 76' lang='grc' dir='ltr'><strong>ὑπὲρ</strong></span> <span class='ocrx_word' id='word_1_141' title='bbox 494 1753 922 1828; x_wconf 77' lang='grc' dir='ltr'><strong>ἡμαρτηκότων.</strong></span> <span class='ocrx_word' id='word_1_142' title='bbox 980 1751 1131 1823; x_wconf 78' lang='grc' dir='ltr'><strong>Αὐτη</strong></span> <span class='ocrx_word' id='word_1_143' title='bbox 1178 1751 1541 1824; x_wconf 80' lang='grc' dir='ltr'><strong>διαρρηγνυσι</strong></span> <span class='ocrx_word' id='word_1_144' title='bbox 1568 1750 1637 1805; x_wconf 82' lang='grc' dir='ltr'><strong>τὰ</strong></span> <span class='ocrx_word' id='word_1_145' title='bbox 1666 1750 1875 1821; x_wconf 83' lang='grc' dir='ltr'><strong>δεσμὰ,</strong></span> 
     </span>
    </p>
   </div>
   <div class='ocr_carea' id='block_1_21' title="bbox 290 1833 1878 1906">
    <p class='ocr_par' dir='ltr' id='par_1_21' title="bbox 290 1833 1878 1906">
     <span class='ocr_line' id='line_1_21' title="bbox 290 1833 1878 1906; baseline -0.003 -15"><span class='ocrx_word' id='word_1_146' title='bbox 290 1839 418 1893; x_wconf 79' lang='grc' dir='ltr'><strong>λύει</strong></span> <span class='ocrx_word' id='word_1_147' title='bbox 436 1838 501 1892; x_wconf 89' lang='grc' dir='ltr'><strong>τὸ</strong></span> <span class='ocrx_word' id='word_1_148' title='bbox 535 1837 753 1902; x_wconf 83' lang='grc' dir='ltr'><strong>σκότος,</strong></span> <span class='ocrx_word' id='word_1_149' title='bbox 794 1834 1048 1889; x_wconf 86' lang='grc' dir='ltr'><strong>σϐέννυσι</strong></span> <span class='ocrx_word' id='word_1_150' title='bbox 1068 1833 1133 1888; x_wconf 88' lang='grc' dir='ltr'><strong>τὸ</strong></span> <span class='ocrx_word' id='word_1_151' title='bbox 1166 1833 1300 1906; x_wconf 91' lang='grc' dir='ltr'><strong>πῦρ,</strong></span> <span class='ocrx_word' id='word_1_152' title='bbox 1334 1834 1559 1889; x_wconf 82' lang='grc' dir='ltr'><strong>θανατοϊ</strong></span> <span class='ocrx_word' id='word_1_153' title='bbox 1588 1833 1679 1887; x_wconf 87' lang='grc' dir='ltr'><strong>τὸν</strong></span> <span class='ocrx_word' id='word_1_154' title='bbox 1734 1835 1878 1887; x_wconf 90' lang='grc' dir='ltr'><strong>σκώ-</strong></span> 
     </span>
    </p>
   </div>
   <div class='ocr_carea' id='block_1_22' title="bbox 292 1915 1880 1993">
    <p class='ocr_par' dir='ltr' id='par_1_22' title="bbox 292 1915 1880 1993">
     <span class='ocr_line' id='line_1_22' title="bbox 292 1915 1880 1993; baseline -0.003 -20"><span class='ocrx_word' id='word_1_155' title='bbox 292 1923 469 1993; x_wconf 82' lang='grc' dir='ltr'><strong>ληκα,</strong></span> <span class='ocrx_word' id='word_1_156' title='bbox 524 1919 824 1974; x_wconf 81' lang='grc' dir='ltr'><strong>ἀπελαύνει</strong></span> <span class='ocrx_word' id='word_1_157' title='bbox 854 1918 946 1971; x_wconf 90' lang='grc' dir='ltr'><strong>τὸν</strong></span> <span class='ocrx_word' id='word_1_158' title='bbox 974 1917 1086 1973; x_wconf 89' lang='grc' dir='ltr'><strong>τῶν</strong></span> <span class='ocrx_word' id='word_1_159' title='bbox 1135 1916 1365 1971; x_wconf 81' lang='grc' dir='ltr'><strong>ὀδόντων</strong></span> <span class='ocrx_word' id='word_1_160' title='bbox 1399 1916 1644 1988; x_wconf 83' lang='grc' dir='ltr'><strong>βρυγμόν</strong></span> <span class='ocrx_word' id='word_1_161' title='bbox 1668 1933 1681 1948; x_wconf 77' lang='grc' dir='ltr'><strong>ο</strong></span> <span class='ocrx_word' id='word_1_162' title='bbox 1708 1915 1880 1989; x_wconf 83' lang='grc' dir='ltr'><strong>ταύτῃ</strong></span> 
     </span>
    </p>
   </div>
   <div class='ocr_carea' id='block_1_23' title="bbox 298 1998 1879 2073">
    <p class='ocr_par' dir='ltr' id='par_1_23' title="bbox 298 1998 1879 2073">
     <span class='ocr_line' id='line_1_23' title="bbox 298 1998 1879 2073; baseline -0.004 -16"><span class='ocrx_word' id='word_1_163' title='bbox 298 2005 444 2073; x_wconf 84' lang='grc' dir='ltr'><strong>μετά</strong></span> <span class='ocrx_word' id='word_1_164' title='bbox 474 2002 677 2072; x_wconf 82' lang='grc' dir='ltr'><strong>πολλῆς</strong></span> <span class='ocrx_word' id='word_1_165' title='bbox 715 2002 897 2064; x_wconf 87' lang='grc' dir='ltr'><strong>ἀδείας</strong></span> <span class='ocrx_word' id='word_1_166' title='bbox 930 1999 1236 2069; x_wconf 86' lang='grc' dir='ltr'><strong>ἀνοίγονται</strong></span> <span class='ocrx_word' id='word_1_167' title='bbox 1272 1999 1381 2053; x_wconf 91' lang='grc' dir='ltr'><strong>τῶν</strong></span> <span class='ocrx_word' id='word_1_168' title='bbox 1416 1998 1660 2070; x_wconf 81' lang='grc' dir='ltr'><strong>οὐρανῶν</strong></span> <span class='ocrx_word' id='word_1_169' title='bbox 1689 1999 1746 2052; x_wconf 83' lang='grc' dir='ltr'><strong>αἱ</strong></span> <span class='ocrx_word' id='word_1_170' title='bbox 1773 1999 1879 2051; x_wconf 82' lang='grc' dir='ltr'><strong>πύ-</strong></span> 
     </span>
    </p>
   </div>
   <div class='ocr_carea' id='block_1_24' title="bbox 293 2080 1880 2155">
    <p class='ocr_par' dir='ltr' id='par_1_24' title="bbox 293 2080 1880 2155">
     <span class='ocr_line' id='line_1_24' title="bbox 293 2080 1880 2155; baseline -0.003 -16"><span class='ocrx_word' id='word_1_171' title='bbox 293 2084 413 2140; x_wconf 81' lang='grc' dir='ltr'><strong>λαι.</strong></span> <span class='ocrx_word' id='word_1_172' title='bbox 436 2085 550 2140; x_wconf 76' lang='grc' dir='ltr'><strong>Καὶ</strong></span> <span class='ocrx_word' id='word_1_173' title='bbox 574 2084 764 2154; x_wconf 82' lang='grc' dir='ltr'><strong>ὥσπερ</strong></span> <span class='ocrx_word' id='word_1_174' title='bbox 798 2082 1066 2155; x_wconf 78' lang='grc' dir='ltr'><strong>βασιλίδος</strong></span> <span class='ocrx_word' id='word_1_175' title='bbox 1090 2082 1368 2153; x_wconf 76' lang='grc' dir='ltr'><strong>εἰσιούσης</strong></span> <span class='ocrx_word' id='word_1_176' title='bbox 1409 2082 1584 2147; x_wconf 77' lang='grc' dir='ltr'><strong>οὐδεὶς</strong></span> <span class='ocrx_word' id='word_1_177' title='bbox 1617 2080 1880 2152; x_wconf 82' lang='grc' dir='ltr'><strong>τολμήσει</strong></span> 
     </span>
    </p>
   </div>
   <div class='ocr_carea' id='block_1_25' title="bbox 292 2164 1879 2238">
    <p class='ocr_par' dir='ltr' id='par_1_25' title="bbox 292 2164 1879 2238">
     <span class='ocr_line' id='line_1_25' title="bbox 292 2164 1879 2238; baseline -0.002 -16"><span class='ocrx_word' id='word_1_178' title='bbox 292 2170 412 2223; x_wconf 80' lang='grc' dir='ltr'><strong>τῶν</strong></span> <span class='ocrx_word' id='word_1_179' title='bbox 437 2169 696 2238; x_wconf 85' lang='grc' dir='ltr'><strong>φυλάκων</strong></span> <span class='ocrx_word' id='word_1_180' title='bbox 722 2167 833 2221; x_wconf 91' lang='grc' dir='ltr'><strong>τῶν</strong></span> <span class='ocrx_word' id='word_1_181' title='bbox 853 2168 946 2220; x_wconf 75' lang='grc' dir='ltr'><strong>ἐπὶ</strong></span> <span class='ocrx_word' id='word_1_182' title='bbox 971 2169 1090 2230; x_wconf 86' lang='grc' dir='ltr'><strong>ταῖς</strong></span> <span class='ocrx_word' id='word_1_183' title='bbox 1113 2166 1306 2237; x_wconf 89' lang='grc' dir='ltr'><strong>θύραις</strong></span> <span class='ocrx_word' id='word_1_184' title='bbox 1319 2166 1674 2236; x_wconf 76' lang='grc' dir='ltr'><strong>τεταγμένων</strong></span> <span class='ocrx_word' id='word_1_185' title='bbox 1689 2164 1879 2229; x_wconf 82' lang='grc' dir='ltr'><strong>ἐξετά-</strong></span> 
     </span>
    </p>
   </div>
   <div class='ocr_carea' id='block_1_26' title="bbox 297 2247 1882 2321">
    <p class='ocr_par' dir='ltr' id='par_1_26' title="bbox 297 2247 1882 2321">
     <span class='ocr_line' id='line_1_26' title="bbox 297 2247 1882 2321; baseline -0.002 -16"><span class='ocrx_word' id='word_1_186' title='bbox 297 2270 396 2305; x_wconf 85' lang='grc' dir='ltr'><strong>σαι</strong></span> <span class='ocrx_word' id='word_1_187' title='bbox 421 2254 508 2316; x_wconf 87' lang='grc' dir='ltr'><strong>τίς</strong></span> <span class='ocrx_word' id='word_1_188' title='bbox 520 2252 610 2321; x_wconf 82' lang='grc' dir='ltr'><strong>εῐη</strong></span> <span class='ocrx_word' id='word_1_189' title='bbox 633 2252 730 2304; x_wconf 66' lang='grc' dir='ltr'><strong>καὶ</strong></span> <span class='ocrx_word' id='word_1_190' title='bbox 762 2250 947 2314; x_wconf 87' lang='grc' dir='ltr'><strong>πόθεν,</strong></span> <span class='ocrx_word' id='word_1_191' title='bbox 981 2248 1120 2303; x_wconf 80' lang='grc' dir='ltr'><strong>ἀλλὰ</strong></span> <span class='ocrx_word' id='word_1_192' title='bbox 1143 2248 1344 2312; x_wconf 88' lang='grc' dir='ltr'><strong>πάντες</strong></span> <span class='ocrx_word' id='word_1_193' title='bbox 1373 2247 1577 2313; x_wconf 87' lang='grc' dir='ltr'><strong>εὐθέως</strong></span> <span class='ocrx_word' id='word_1_194' title='bbox 1594 2248 1882 2319; x_wconf 81' lang='grc' dir='ltr'><strong>ὑποδέχον-</strong></span> 
     </span>
    </p>
   </div>
   <div class='ocr_carea' id='block_1_27' title="bbox 294 2330 1879 2403">
    <p class='ocr_par' dir='ltr' id='par_1_27' title="bbox 294 2330 1879 2403">
     <span class='ocr_line' id='line_1_27' title="bbox 294 2330 1879 2403; baseline -0.001 -17"><span class='ocrx_word' id='word_1_195' title='bbox 294 2350 424 2387; x_wconf 82' lang='grc' dir='ltr'><strong>ται·</strong></span> <span class='ocrx_word' id='word_1_196' title='bbox 456 2332 600 2387; x_wconf 81' lang='grc' dir='ltr'><strong>οὕτω</strong></span> <span class='ocrx_word' id='word_1_197' title='bbox 613 2333 680 2403; x_wconf 84' lang='grc' dir='ltr'><strong>δὴ</strong></span> <span class='ocrx_word' id='word_1_198' title='bbox 703 2331 910 2401; x_wconf 76' lang='grc' dir='ltr'><strong>καὶτὴν</strong></span> <span class='ocrx_word' id='word_1_199' title='bbox 927 2330 1299 2403; x_wconf 90' lang='grc' dir='ltr'><strong>ἐλεημοσύνην</strong></span> <span class='ocrx_word' id='word_1_200' title='bbox 1315 2347 1328 2360; x_wconf 77' lang='grc' dir='ltr'><strong><em>ο</em></strong></span> <span class='ocrx_word' id='word_1_201' title='bbox 1350 2330 1562 2401; x_wconf 77' lang='grc' dir='ltr'><strong>βασιλὶς</strong></span> <span class='ocrx_word' id='word_1_202' title='bbox 1599 2330 1710 2401; x_wconf 88' lang='grc' dir='ltr'><strong>γάρ</strong></span> <span class='ocrx_word' id='word_1_203' title='bbox 1731 2331 1879 2384; x_wconf 81' lang='grc' dir='ltr'><strong>ἐστιν</strong></span> 
     </span>
    </p>
   </div>
   <div class='ocr_carea' id='block_1_28' title="bbox 295 2413 1897 2486">
    <p class='ocr_par' dir='ltr' id='par_1_28' title="bbox 295 2413 1897 2486">
     <span class='ocr_line' id='line_1_28' title="bbox 295 2413 1897 2486; baseline 0 -17"><span class='ocrx_word' id='word_1_204' title='bbox 295 2419 497 2479; x_wconf 76' lang='grc' dir='ltr'><strong>ὃντως,</strong></span> <span class='ocrx_word' id='word_1_205' title='bbox 536 2417 760 2486; x_wconf 88' lang='grc' dir='ltr'><strong>ὀμοίους</strong></span> <span class='ocrx_word' id='word_1_206' title='bbox 804 2413 1126 2484; x_wconf 82' lang='grc' dir='ltr'><strong>ἀνθρώπους</strong></span> <span class='ocrx_word' id='word_1_207' title='bbox 1187 2413 1419 2468; x_wconf 91' lang='grc' dir='ltr'><strong>ποιοῦσα</strong></span> <span class='ocrx_word' id='word_1_208' title='bbox 1460 2413 1598 2483; x_wconf 87' lang='grc' dir='ltr'><strong>Θεῷ.</strong></span> <span class='ocrx_word' id='word_1_209' title='bbox 1621 2415 1897 2469; x_wconf 81' lang='grc' dir='ltr'><strong>Ἕσεσθε.</strong></span> 
     </span>
    </p>
   </div>
   <div class='ocr_carea' id='block_1_29' title="bbox 296 2495 1880 2569">
    <p class='ocr_par' dir='ltr' id='par_1_29' title="bbox 296 2495 1880 2569">
     <span class='ocr_line' id='line_1_29' title="bbox 296 2495 1880 2569; baseline -0.001 -17"><span class='ocrx_word' id='word_1_210' title='bbox 296 2500 437 2569; x_wconf 74' lang='grc' dir='ltr'><strong>γὰρ,</strong></span> <span class='ocrx_word' id='word_1_211' title='bbox 472 2502 658 2568; x_wconf 84' lang='grc' dir='ltr'><strong>φησὶν,</strong></span> <span class='ocrx_word' id='word_1_212' title='bbox 681 2499 1071 2566; x_wconf 77' lang='grc' dir='ltr'><strong>οἰκτίρμονες,</strong></span> <span class='ocrx_word' id='word_1_213' title='bbox 1109 2498 1191 2564; x_wconf 85' lang='grc' dir='ltr'><strong>ὡς</strong></span> <span class='ocrx_word' id='word_1_214' title='bbox 1218 2500 1252 2551; x_wconf 85' lang='grc' dir='ltr'><strong>ό</strong></span> <span class='ocrx_word' id='word_1_215' title='bbox 1282 2496 1485 2565; x_wconf 82' lang='grc' dir='ltr'><strong>Πατὴρ</strong></span> <span class='ocrx_word' id='word_1_216' title='bbox 1512 2495 1682 2566; x_wconf 77' lang='grc' dir='ltr'><strong>ὑμῶν</strong></span> <span class='ocrx_word' id='word_1_217' title='bbox 1708 2499 1741 2551; x_wconf 86' lang='grc' dir='ltr'><strong>ό</strong></span> <span class='ocrx_word' id='word_1_218' title='bbox 1775 2496 1880 2551; x_wconf 82' lang='grc' dir='ltr'><strong>οὐ·</strong></span> 
     </span>
    </p>
   </div>
   <div class='ocr_carea' id='block_1_30' title="bbox 287 2581 1881 2652">
    <p class='ocr_par' dir='ltr' id='par_1_30' title="bbox 287 2581 1881 2652">
     <span class='ocr_line' id='line_1_30' title="bbox 287 2581 1881 2652; baseline -0.001 -17"><span class='ocrx_word' id='word_1_219' title='bbox 287 2581 516 2651; x_wconf 78' lang='grc' dir='ltr'><strong>ράνιος</strong></span> <span class='ocrx_word' id='word_1_220' title='bbox 577 2581 894 2648; x_wconf 72' lang='grc' dir='ltr'><strong>οἰκτίρμων</strong></span> <span class='ocrx_word' id='word_1_221' title='bbox 945 2581 1142 2635; x_wconf 74' lang='grc' dir='ltr'><strong>ἐστίν.</strong></span> <span class='ocrx_word' id='word_1_222' title='bbox 1198 2581 1535 2652; x_wconf 78' lang='grc' dir='ltr'><strong>Ὑπόπτερός</strong></span> <span class='ocrx_word' id='word_1_223' title='bbox 1598 2582 1716 2635; x_wconf 89' lang='grc' dir='ltr'><strong>ἐστι</strong></span> <span class='ocrx_word' id='word_1_224' title='bbox 1788 2581 1881 2634; x_wconf 77' lang='grc' dir='ltr'><strong>καὶ</strong></span> 
     </span>
    </p>
   </div>
   <div class='ocr_carea' id='block_1_31' title="bbox 300 2662 1879 2735">
    <p class='ocr_par' dir='ltr' id='par_1_31' title="bbox 300 2662 1879 2735">
     <span class='ocr_line' id='line_1_31' title="bbox 300 2662 1879 2735; baseline -0.001 -17"><span class='ocrx_word' id='word_1_225' title='bbox 300 2664 512 2733; x_wconf 83' lang='grc' dir='ltr'><strong>κούφη,</strong></span> <span class='ocrx_word' id='word_1_226' title='bbox 568 2664 852 2731; x_wconf 84' lang='grc' dir='ltr'><strong>πτέρυγας</strong></span> <span class='ocrx_word' id='word_1_227' title='bbox 897 2662 1096 2733; x_wconf 74' lang='grc' dir='ltr'><strong>ἔχουσα</strong></span> <span class='ocrx_word' id='word_1_228' title='bbox 1148 2665 1378 2735; x_wconf 80' lang='grc' dir='ltr'><strong>χρυσᾶς,</strong></span> <span class='ocrx_word' id='word_1_229' title='bbox 1427 2664 1628 2733; x_wconf 80' lang='grc' dir='ltr'><strong>πτῆσιν</strong></span> <span class='ocrx_word' id='word_1_230' title='bbox 1684 2664 1879 2734; x_wconf 78' lang='grc' dir='ltr'><strong>ἔχουσα</strong></span> 
     </span>
    </p>
   </div>
   <div class='ocr_carea' id='block_1_32' title="bbox 300 2747 1881 2820">
    <p class='ocr_par' dir='ltr' id='par_1_32' title="bbox 300 2747 1881 2820">
     <span class='ocr_line' id='line_1_32' title="bbox 300 2747 1881 2820; baseline 0 -19"><span class='ocrx_word' id='word_1_231' title='bbox 300 2749 454 2802; x_wconf 75' lang='grc' dir='ltr'><strong>πάνυ</strong></span> <span class='ocrx_word' id='word_1_232' title='bbox 506 2748 818 2820; x_wconf 87' lang='grc' dir='ltr'><strong>τέρπουσαν</strong></span> <span class='ocrx_word' id='word_1_233' title='bbox 850 2748 971 2810; x_wconf 78' lang='grc' dir='ltr'><strong>τοὺς</strong></span> <span class='ocrx_word' id='word_1_234' title='bbox 1002 2747 1288 2816; x_wconf 80' lang='grc' dir='ltr'><strong>ἀγγέλους.</strong></span> <span class='ocrx_word' id='word_1_235' title='bbox 1328 2748 1496 2812; x_wconf 83' lang='grc' dir='ltr'><strong>Ἐκεῖ,</strong></span> <span class='ocrx_word' id='word_1_236' title='bbox 1543 2748 1676 2816; x_wconf 72' lang='grc' dir='ltr'><strong>φησί</strong></span> <span class='ocrx_word' id='word_1_237' title='bbox 1698 2786 1712 2811; x_wconf 91' lang='grc'><strong>,</strong></span> <span class='ocrx_word' id='word_1_238' title='bbox 1738 2747 1881 2801; x_wconf 84' lang='grc' dir='ltr'><strong>Πτέ-</strong></span> 
     </span>
    </p>
   </div>
   <div class='ocr_carea' id='block_1_33' title="bbox 290 2828 1881 2900">
    <p class='ocr_par' dir='ltr' id='par_1_33' title="bbox 290 2828 1881 2900">
     <span class='ocr_line' id='line_1_33' title="bbox 290 2828 1881 2900; baseline -0.001 -16"><span class='ocrx_word' id='word_1_239' title='bbox 290 2846 491 2900; x_wconf 74' lang='grc' dir='ltr'><strong>ρυγες</strong></span> <span class='ocrx_word' id='word_1_240' title='bbox 519 2828 868 2898; x_wconf 75' lang='grc' dir='ltr'><strong>περιστερᾶς</strong></span> <span class='ocrx_word' id='word_1_241' title='bbox 934 2829 1497 2900; x_wconf 78' lang='grc' dir='ltr'><strong>περιηργυρωμέναι,</strong></span> <span class='ocrx_word' id='word_1_242' title='bbox 1550 2830 1649 2883; x_wconf 70' lang='grc' dir='ltr'><strong>καὶ</strong></span> <span class='ocrx_word' id='word_1_243' title='bbox 1683 2830 1755 2883; x_wconf 86' lang='grc' dir='ltr'><strong>τὰ</strong></span> <span class='ocrx_word' id='word_1_244' title='bbox 1777 2847 1881 2898; x_wconf 81' lang='grc' dir='ltr'><strong>με-</strong></span> 
     </span>
    </p>
   </div>
   <div class='ocr_carea' id='block_1_34' title="bbox 300 2913 1880 2986">
    <p class='ocr_par' dir='ltr' id='par_1_34' title="bbox 300 2913 1880 2986">
     <span class='ocr_line' id='line_1_34' title="bbox 300 2913 1880 2986; baseline 0.001 -19"><span class='ocrx_word' id='word_1_245' title='bbox 300 2913 578 2982; x_wconf 59' lang='grc' dir='ltr'><strong>τάφρενα</strong></span> <span class='ocrx_word' id='word_1_246' title='bbox 609 2913 799 2981; x_wconf 80' lang='grc' dir='ltr'><strong>αὐτῆς</strong></span> <span class='ocrx_word' id='word_1_247' title='bbox 826 2915 896 2967; x_wconf 85' lang='grc' dir='ltr'><strong>ἐν</strong></span> <span class='ocrx_word' id='word_1_248' title='bbox 923 2915 1249 2982; x_wconf 77' lang='grc' dir='ltr'><strong>χλωρότητι</strong></span> <span class='ocrx_word' id='word_1_249' title='bbox 1294 2916 1575 2982; x_wconf 81' lang='grc' dir='ltr'><strong>χρυσίου.</strong></span> <span class='ocrx_word' id='word_1_250' title='bbox 1611 2914 1880 2986; x_wconf 76' lang='grc' dir='ltr'><strong>Καθάπερ</strong></span> 
     </span>
    </p>
   </div>
   <div class='ocr_carea' id='block_1_35' title="bbox 304 2995 1880 3068">
    <p class='ocr_par' dir='ltr' id='par_1_35' title="bbox 304 2995 1880 3068">
     <span class='ocr_line' id='line_1_35' title="bbox 304 2995 1880 3068; baseline 0.001 -20"><span class='ocrx_word' id='word_1_251' title='bbox 304 3000 424 3066; x_wconf 73' lang='grc' dir='ltr'><strong>γὰρ</strong></span> <span class='ocrx_word' id='word_1_252' title='bbox 481 2996 786 3067; x_wconf 83' lang='grc' dir='ltr'><strong>περιστερά</strong></span> <span class='ocrx_word' id='word_1_253' title='bbox 832 3014 917 3060; x_wconf 91' lang='grc' dir='ltr'><strong>τις</strong></span> <span class='ocrx_word' id='word_1_254' title='bbox 982 2997 1159 3068; x_wconf 78' lang='grc' dir='ltr'><strong>χρυσῆ</strong></span> <span class='ocrx_word' id='word_1_255' title='bbox 1219 2997 1313 3049; x_wconf 72' lang='grc' dir='ltr'><strong>καὶ</strong></span> <span class='ocrx_word' id='word_1_256' title='bbox 1373 2995 1562 3060; x_wconf 83' lang='grc' dir='ltr'><strong>ζῶσα,</strong></span> <span class='ocrx_word' id='word_1_257' title='bbox 1620 2996 1880 3062; x_wconf 84' lang='grc' dir='ltr'><strong>πέταται,</strong></span> 
     </span>
    </p>
   </div>
   <div class='ocr_carea' id='block_1_36' title="bbox 301 3079 1885 3151">
    <p class='ocr_par' dir='ltr' id='par_1_36' title="bbox 301 3079 1885 3151">
     <span class='ocr_line' id='line_1_36' title="bbox 301 3079 1885 3151; baseline -0.001 -17"><span class='ocrx_word' id='word_1_258' title='bbox 301 3082 467 3150; x_wconf 73' lang='grc' dir='ltr'><strong>δμμα</strong></span> <span class='ocrx_word' id='word_1_259' title='bbox 524 3079 797 3150; x_wconf 81' lang='grc' dir='ltr'><strong>προσηνὲς</strong></span> <span class='ocrx_word' id='word_1_260' title='bbox 857 3079 1088 3149; x_wconf 84' lang='grc' dir='ltr'><strong>ἐχουσα,</strong></span> <span class='ocrx_word' id='word_1_261' title='bbox 1137 3079 1416 3150; x_wconf 85' lang='grc' dir='ltr'><strong>ὀφθαλμὸν</strong></span> <span class='ocrx_word' id='word_1_262' title='bbox 1478 3080 1705 3151; x_wconf 62' lang='grc' dir='ltr'><strong>¹ἥμερον.</strong></span> <span class='ocrx_word' id='word_1_263' title='bbox 1778 3080 1885 3132; x_wconf 84' lang='lat' dir='ltr'><strong>U6-</strong></span> 
     </span>
    </p>
   </div>
   <div class='ocr_carea' id='block_1_37' title="bbox 301 3160 1883 3231">
    <p class='ocr_par' dir='ltr' id='par_1_37' title="bbox 301 3160 1883 3231">
     <span class='ocr_line' id='line_1_37' title="bbox 301 3160 1883 3231; baseline 0.001 -16"><span class='ocrx_word' id='word_1_264' title='bbox 301 3165 400 3216; x_wconf 77' lang='grc' dir='ltr'><strong>ὁὲν</strong></span> <span class='ocrx_word' id='word_1_265' title='bbox 456 3160 553 3215; x_wconf 86' lang='grc' dir='ltr'><strong>τοῦ</strong></span> <span class='ocrx_word' id='word_1_266' title='bbox 603 3160 884 3230; x_wconf 81' lang='grc' dir='ltr'><strong>ὀφθαλμοῦ</strong></span> <span class='ocrx_word' id='word_1_267' title='bbox 946 3162 1157 3214; x_wconf 88' lang='grc' dir='ltr'><strong>ἐκείνου</strong></span> <span class='ocrx_word' id='word_1_268' title='bbox 1223 3161 1448 3231; x_wconf 87' lang='grc' dir='ltr'><strong>βέλτιον.</strong></span> <span class='ocrx_word' id='word_1_269' title='bbox 1524 3161 1704 3225; x_wconf 81' lang='grc' dir='ltr'><strong>Καλός</strong></span> <span class='ocrx_word' id='word_1_270' title='bbox 1768 3163 1883 3217; x_wconf 89' lang='grc' dir='ltr'><strong>ἐστι</strong></span> 
     </span>
    </p>
   </div>
   <div class='ocr_carea' id='block_1_38' title="bbox 313 3242 1880 3316">
    <p class='ocr_par' dir='ltr' id='par_1_38' title="bbox 313 3242 1880 3316">
     <span class='ocr_line' id='line_1_38' title="bbox 313 3242 1880 3316; baseline 0 -19"><span class='ocrx_word' id='word_1_271' title='bbox 313 3246 410 3301; x_wconf 75' lang='grc' dir='ltr'><strong>καὶ</strong></span> <span class='ocrx_word' id='word_1_272' title='bbox 446 3245 479 3296; x_wconf 89' lang='lat'><strong>6</strong></span> <span class='ocrx_word' id='word_1_273' title='bbox 526 3242 676 3306; x_wconf 87' lang='grc' dir='ltr'><strong>ταὼς</strong></span> <span class='ocrx_word' id='word_1_274' title='bbox 702 3282 718 3306; x_wconf 95' lang='grc'><strong>,</strong></span> <span class='ocrx_word' id='word_1_275' title='bbox 778 3243 917 3297; x_wconf 84' lang='grc' dir='ltr'><strong>ἀλλά</strong></span> <span class='ocrx_word' id='word_1_276' title='bbox 969 3243 1106 3316; x_wconf 84' lang='grc' dir='ltr'><strong>πρὸς</strong></span> <span class='ocrx_word' id='word_1_277' title='bbox 1168 3243 1384 3314; x_wconf 90' lang='grc' dir='ltr'><strong>ἐκείνην</strong></span> <span class='ocrx_word' id='word_1_278' title='bbox 1444 3244 1653 3307; x_wconf 85' lang='grc' dir='ltr'><strong>κολοιός</strong></span> <span class='ocrx_word' id='word_1_279' title='bbox 1703 3245 1880 3298; x_wconf 85' lang='grc' dir='ltr'><strong>ἐστιν·</strong></span> 
     </span>
    </p>
   </div>
   <div class='ocr_carea' id='block_1_39' title="bbox 309 3325 1886 3397">
    <p class='ocr_par' dir='ltr' id='par_1_39' title="bbox 309 3325 1886 3397">
     <span class='ocr_line' id='line_1_39' title="bbox 309 3325 1886 3397; baseline -0.001 -16"><span class='ocrx_word' id='word_1_280' title='bbox 309 3328 491 3391; x_wconf 65' lang='grc' dir='ltr'><strong>οὕτως</strong></span> <span class='ocrx_word' id='word_1_281' title='bbox 532 3328 567 3395; x_wconf 85' lang='grc' dir='ltr'><strong>ἡ</strong></span> <span class='ocrx_word' id='word_1_282' title='bbox 621 3326 771 3397; x_wconf 78' lang='grc' dir='ltr'><strong>ὅρνις</strong></span> <span class='ocrx_word' id='word_1_283' title='bbox 830 3325 969 3396; x_wconf 85' lang='grc' dir='ltr'><strong>αῦτη</strong></span> <span class='ocrx_word' id='word_1_284' title='bbox 1024 3326 1163 3397; x_wconf 87' lang='grc' dir='ltr'><strong>καλή</strong></span> <span class='ocrx_word' id='word_1_285' title='bbox 1224 3326 1308 3388; x_wconf 88' lang='grc' dir='ltr'><strong>τίς</strong></span> <span class='ocrx_word' id='word_1_286' title='bbox 1354 3328 1471 3379; x_wconf 87' lang='grc' dir='ltr'><strong>ἐστι</strong></span> <span class='ocrx_word' id='word_1_287' title='bbox 1528 3326 1621 3378; x_wconf 74' lang='grc' dir='ltr'><strong>καὶ</strong></span> <span class='ocrx_word' id='word_1_288' title='bbox 1675 3326 1886 3394; x_wconf 89' lang='grc' dir='ltr'><strong>θαυμα-</strong></span> 
     </span>
    </p>
   </div>
   <div class='ocr_carea' id='block_1_40' title="bbox 240 3406 1882 3481">
    <p class='ocr_par' dir='ltr' id='par_1_40' title="bbox 240 3406 1882 3481">
     <span class='ocr_line' id='line_1_40' title="bbox 240 3406 1882 3481; baseline 0.005 -28"><span class='ocrx_word' id='word_1_289' title='bbox 240 3444 245 3453; x_wconf 84' lang='lat'><strong>.</strong></span> <span class='ocrx_word' id='word_1_290' title='bbox 310 3412 438 3480; x_wconf 79' lang='grc' dir='ltr'><strong>στή.</strong></span> <span class='ocrx_word' id='word_1_291' title='bbox 478 3410 624 3463; x_wconf 80' lang='grc' dir='ltr'><strong>’Δνω</strong></span> <span class='ocrx_word' id='word_1_292' title='bbox 655 3410 743 3463; x_wconf 78' lang='grc' dir='ltr'><strong>διὰ</strong></span> <span class='ocrx_word' id='word_1_293' title='bbox 778 3410 977 3474; x_wconf 87' lang='grc' dir='ltr'><strong>παντὸς</strong></span> <span class='ocrx_word' id='word_1_294' title='bbox 1001 3412 1127 3480; x_wconf 82' lang='grc' dir='ltr'><strong>ὀρᾷ,</strong></span> <span class='ocrx_word' id='word_1_295' title='bbox 1151 3409 1317 3479; x_wconf 84' lang='grc' dir='ltr'><strong>πολλῇ</strong></span> <span class='ocrx_word' id='word_1_296' title='bbox 1363 3408 1459 3461; x_wconf 89' lang='grc' dir='ltr'><strong>τοῦ</strong></span> <span class='ocrx_word' id='word_1_297' title='bbox 1491 3406 1625 3462; x_wconf 89' lang='grc' dir='ltr'><strong>Θεοῦ</strong></span> <span class='ocrx_word' id='word_1_298' title='bbox 1662 3410 1728 3479; x_wconf 77' lang='grc' dir='ltr'><strong>τῇ</strong></span> <span class='ocrx_word' id='word_1_299' title='bbox 1758 3409 1882 3481; x_wconf 83' lang='grc' dir='ltr'><strong>δόξῃ</strong></span> 
     </span>
    </p>
   </div>
   <div class='ocr_carea' id='block_1_41' title="bbox 310 3490 1885 3564">
    <p class='ocr_par' dir='ltr' id='par_1_41' title="bbox 310 3490 1885 3564">
     <span class='ocr_line' id='line_1_41' title="bbox 310 3490 1885 3564; baseline -0.001 -18"><span class='ocrx_word' id='word_1_300' title='bbox 310 3493 796 3564; x_wconf 66' lang='grc' dir='ltr'><strong>περιστοιχίζεται·</strong></span> <span class='ocrx_word' id='word_1_301' title='bbox 814 3492 1084 3564; x_wconf 84' lang='grc' dir='ltr'><strong>παρθένος</strong></span> <span class='ocrx_word' id='word_1_302' title='bbox 1104 3494 1221 3546; x_wconf 84' lang='grc' dir='ltr'><strong>ἐστί</strong></span> <span class='ocrx_word' id='word_1_303' title='bbox 1235 3494 1516 3562; x_wconf 87' lang='grc' dir='ltr'><strong>πτέρυγας</strong></span> <span class='ocrx_word' id='word_1_304' title='bbox 1531 3490 1730 3561; x_wconf 83' lang='grc' dir='ltr'><strong>ἔχουσα</strong></span> <span class='ocrx_word' id='word_1_305' title='bbox 1755 3508 1885 3561; x_wconf 86' lang='grc' dir='ltr'><strong>χρυ-</strong></span> 
     </span>
    </p>
   </div>
   <div class='ocr_carea' id='block_1_42' title="bbox 310 3575 1884 3648">
    <p class='ocr_par' dir='ltr' id='par_1_42' title="bbox 310 3575 1884 3648">
     <span class='ocr_line' id='line_1_42' title="bbox 310 3575 1884 3648; baseline 0 -20"><span class='ocrx_word' id='word_1_306' title='bbox 310 3579 440 3640; x_wconf 66' lang='lat' dir='ltr'><strong>sig.</strong></span> <span class='ocrx_word' id='word_1_307' title='bbox 468 3575 927 3647; x_wconf 85' lang='grc' dir='ltr'><strong>περιεσταλμένη,</strong></span> <span class='ocrx_word' id='word_1_308' title='bbox 953 3576 1145 3630; x_wconf 85' lang='grc' dir='ltr'><strong>λευκὸν</strong></span> <span class='ocrx_word' id='word_1_309' title='bbox 1175 3577 1467 3648; x_wconf 82' lang='grc' dir='ltr'><strong>πρόσωπον</strong></span> <span class='ocrx_word' id='word_1_310' title='bbox 1529 3575 1730 3646; x_wconf 78' lang='grc' dir='ltr'><strong>ἔχουσα</strong></span> <span class='ocrx_word' id='word_1_311' title='bbox 1787 3575 1884 3628; x_wconf 71' lang='grc' dir='ltr'><strong>καὶ</strong></span> 
     </span>
    </p>
   </div>
   <div class='ocr_carea' id='block_1_43' title="bbox 308 3657 1883 3730">
    <p class='ocr_par' dir='ltr' id='par_1_43' title="bbox 308 3657 1883 3730">
     <span class='ocr_line' id='line_1_43' title="bbox 308 3657 1883 3730; baseline -0.001 -18"><span class='ocrx_word' id='word_1_312' title='bbox 308 3661 556 3729; x_wconf 68' lang='grc' dir='ltr'><strong>ἥμερον·</strong></span> <span class='ocrx_word' id='word_1_313' title='bbox 586 3659 891 3730; x_wconf 81' lang='grc' dir='ltr'><strong>ὐπόπτερός</strong></span> <span class='ocrx_word' id='word_1_314' title='bbox 913 3661 1030 3713; x_wconf 82' lang='grc' dir='ltr'><strong>ἐστι</strong></span> <span class='ocrx_word' id='word_1_315' title='bbox 1057 3659 1148 3713; x_wconf 77' lang='grc' dir='ltr'><strong>καὶ</strong></span> <span class='ocrx_word' id='word_1_316' title='bbox 1182 3658 1381 3729; x_wconf 82' lang='grc' dir='ltr'><strong>κούφη,</strong></span> <span class='ocrx_word' id='word_1_317' title='bbox 1409 3657 1559 3728; x_wconf 83' lang='grc' dir='ltr'><strong>παρά</strong></span> <span class='ocrx_word' id='word_1_318' title='bbox 1584 3659 1676 3712; x_wconf 88' lang='grc' dir='ltr'><strong>τὸν</strong></span> <span class='ocrx_word' id='word_1_319' title='bbox 1695 3657 1883 3730; x_wconf 89' lang='grc' dir='ltr'><strong>θρόνον</strong></span> 
     </span>
    </p>
   </div>
   <div class='ocr_carea' id='block_1_44' title="bbox 307 3740 1884 3813">
    <p class='ocr_par' dir='ltr' id='par_1_44' title="bbox 307 3740 1884 3813">
     <span class='ocr_line' id='line_1_44' title="bbox 307 3740 1884 3813; baseline -0.001 -20"><span class='ocrx_word' id='word_1_320' title='bbox 307 3743 531 3801; x_wconf 71' lang='grc' dir='ltr'><strong>ἑστῶσα</strong></span> <span class='ocrx_word' id='word_1_321' title='bbox 553 3741 644 3795; x_wconf 82' lang='grc' dir='ltr'><strong>τὸν</strong></span> <span class='ocrx_word' id='word_1_322' title='bbox 679 3741 977 3813; x_wconf 82' lang='grc' dir='ltr'><strong>βασιλικόν.</strong></span> <span class='ocrx_word' id='word_1_323' title='bbox 1016 3742 1182 3795; x_wconf 88' lang='grc' dir='ltr'><strong>Ὅταν</strong></span> <span class='ocrx_word' id='word_1_324' title='bbox 1235 3740 1569 3812; x_wconf 84' lang='grc' dir='ltr'><strong>κρινώμεθα,</strong></span> <span class='ocrx_word' id='word_1_325' title='bbox 1597 3742 1751 3809; x_wconf 78' lang='grc' dir='ltr'><strong>ἄφνω</strong></span> <span class='ocrx_word' id='word_1_326' title='bbox 1789 3742 1884 3809; x_wconf 87' lang='grc' dir='ltr'><strong>ἐφ-</strong></span> 
     </span>
    </p>
   </div>
   <div class='ocr_carea' id='block_1_45' title="bbox 314 3822 1884 3894">
    <p class='ocr_par' dir='ltr' id='par_1_45' title="bbox 314 3822 1884 3894">
     <span class='ocr_line' id='line_1_45' title="bbox 314 3822 1884 3894; baseline -0.001 -16"><span class='ocrx_word' id='word_1_327' title='bbox 314 3827 546 3881; x_wconf 79' lang='grc' dir='ltr'><strong>ίπταται</strong></span> <span class='ocrx_word' id='word_1_328' title='bbox 577 3826 672 3878; x_wconf 72' lang='grc' dir='ltr'><strong>καὶ</strong></span> <span class='ocrx_word' id='word_1_329' title='bbox 710 3826 982 3894; x_wconf 85' lang='grc' dir='ltr'><strong>φαίνεται,</strong></span> <span class='ocrx_word' id='word_1_330' title='bbox 1014 3825 1108 3879; x_wconf 74' lang='grc' dir='ltr'><strong>καὶ</strong></span> <span class='ocrx_word' id='word_1_331' title='bbox 1144 3823 1441 3894; x_wconf 77' lang='grc' dir='ltr'><strong>ἐξαιρεῖται</strong></span> <span class='ocrx_word' id='word_1_332' title='bbox 1465 3822 1565 3892; x_wconf 79' lang='grc' dir='ltr'><strong>τῆς</strong></span> <span class='ocrx_word' id='word_1_333' title='bbox 1611 3823 1884 3886; x_wconf 87' lang='grc' dir='ltr'><strong>κολάσεως</strong></span> 
     </span>
    </p>
   </div>
   <div class='ocr_carea' id='block_1_46' title="bbox 302 3905 1881 3979">
    <p class='ocr_par' dir='ltr' id='par_1_46' title="bbox 302 3905 1881 3979">
     <span class='ocr_line' id='line_1_46' title="bbox 302 3905 1881 3979; baseline -0.003 -18"><span class='ocrx_word' id='word_1_334' title='bbox 302 3911 485 3977; x_wconf 71' lang='grc' dir='ltr'><strong>ἡμᾶς,</strong></span> <span class='ocrx_word' id='word_1_335' title='bbox 512 3911 635 3973; x_wconf 85' lang='grc' dir='ltr'><strong>ταῖς</strong></span> <span class='ocrx_word' id='word_1_336' title='bbox 687 3908 859 3978; x_wconf 84' lang='grc' dir='ltr'><strong>αὐτῆς</strong></span> <span class='ocrx_word' id='word_1_337' title='bbox 909 3908 1136 3979; x_wconf 80' lang='grc' dir='ltr'><strong>πτέρυξι</strong></span> <span class='ocrx_word' id='word_1_338' title='bbox 1180 3906 1603 3979; x_wconf 86' lang='grc' dir='ltr'><strong>περιϐάλλουσα.</strong></span> <span class='ocrx_word' id='word_1_339' title='bbox 1665 3905 1881 3975; x_wconf 84' lang='grc' dir='ltr'><strong>Ταύτην</strong></span> 
     </span>
    </p>
   </div>
   <div class='ocr_carea' id='block_1_47' title="bbox 305 3988 1883 4062">
    <p class='ocr_par' dir='ltr' id='par_1_47' title="bbox 305 3988 1883 4062">
     <span class='ocr_line' id='line_1_47' title="bbox 305 3988 1883 4062; baseline -0.001 -19"><span class='ocrx_word' id='word_1_340' title='bbox 305 3992 460 4043; x_wconf 77' lang='grc' dir='ltr'><strong>θέλει</strong></span> <span class='ocrx_word' id='word_1_341' title='bbox 487 3992 515 4043; x_wconf 93' lang='grc' dir='ltr'><strong>ὀ</strong></span> <span class='ocrx_word' id='word_1_342' title='bbox 545 3990 678 4054; x_wconf 87' lang='grc' dir='ltr'><strong>Θεὸς</strong></span> <span class='ocrx_word' id='word_1_343' title='bbox 711 3990 943 4062; x_wconf 73' lang='grc' dir='ltr'><strong>μᾶλλον,</strong></span> <span class='ocrx_word' id='word_1_344' title='bbox 981 3990 1014 4060; x_wconf 83' lang='grc' dir='ltr'>ἣ</span> <span class='ocrx_word' id='word_1_345' title='bbox 1049 3989 1245 4053; x_wconf 84' lang='grc' dir='ltr'><strong>θυσίας</strong></span> <span class='ocrx_word' id='word_1_346' title='bbox 1273 4007 1288 4022; x_wconf 72' lang='grc' dir='ltr'><strong>ο</strong></span> <span class='ocrx_word' id='word_1_347' title='bbox 1315 3989 1487 4043; x_wconf 86' lang='grc' dir='ltr'><strong>πολλά</strong></span> <span class='ocrx_word' id='word_1_348' title='bbox 1536 3990 1666 4061; x_wconf 83' lang='grc' dir='ltr'><strong>περί</strong></span> <span class='ocrx_word' id='word_1_349' title='bbox 1711 3988 1883 4057; x_wconf 82' lang='grc' dir='ltr'><strong>αὐτῆς</strong></span> 
     </span>
    </p>
   </div>
   <div class='ocr_carea' id='block_1_48' title="bbox 246 4071 1884 4142">
    <p class='ocr_par' dir='ltr' id='par_1_48' title="bbox 246 4071 1884 4142">
     <span class='ocr_line' id='line_1_48' title="bbox 246 4071 1884 4142; baseline -0.001 -19"><span class='ocrx_word' id='word_1_350' title='bbox 246 4116 251 4123; x_wconf 73' lang='grc'><strong><em>,</em></strong></span> <span class='ocrx_word' id='word_1_351' title='bbox 303 4074 622 4141; x_wconf 74' lang='grc' dir='ltr'><strong>διαλέγεται</strong></span> <span class='ocrx_word' id='word_1_352' title='bbox 640 4088 657 4104; x_wconf 82' lang='grc'><em>’</em></span> <span class='ocrx_word' id='word_1_353' title='bbox 679 4072 855 4135; x_wconf 85' lang='grc' dir='ltr'><strong>οὐτως</strong></span> <span class='ocrx_word' id='word_1_354' title='bbox 878 4073 1048 4142; x_wconf 83' lang='grc' dir='ltr'><strong>αὐτὴν</strong></span> <span class='ocrx_word' id='word_1_355' title='bbox 1066 4072 1231 4141; x_wconf 84' lang='grc' dir='ltr'><strong>φιλεῖ.</strong></span> <span class='ocrx_word' id='word_1_356' title='bbox 1263 4071 1468 4140; x_wconf 78' lang='grc' dir='ltr'><strong>Χήραν</strong></span> <span class='ocrx_word' id='word_1_357' title='bbox 1491 4072 1589 4125; x_wconf 82' lang='grc' dir='ltr'><strong>καί</strong></span> <span class='ocrx_word' id='word_1_358' title='bbox 1616 4071 1884 4139; x_wconf 67' lang='grc' dir='ltr'><strong>ὀρφανὸν</strong></span> 
     </span>
    </p>
   </div>
   <div class='ocr_carea' id='block_1_49' title="bbox 308 4153 1880 4224">
    <p class='ocr_par' dir='ltr' id='par_1_49' title="bbox 308 4153 1880 4224">
     <span class='ocr_line' id='line_1_49' title="bbox 308 4153 1880 4224; baseline -0.003 -15"><span class='ocrx_word' id='word_1_359' title='bbox 308 4156 413 4209; x_wconf 73' lang='grc' dir='ltr'><strong>καὶ</strong></span> <span class='ocrx_word' id='word_1_360' title='bbox 462 4156 717 4222; x_wconf 74' lang='grc' dir='ltr'><strong>πένητα,</strong></span> <span class='ocrx_word' id='word_1_361' title='bbox 748 4156 932 4224; x_wconf 77' lang='grc' dir='ltr'><strong>φησὶν,</strong></span> <span class='ocrx_word' id='word_1_362' title='bbox 968 4153 1370 4222; x_wconf 73' lang='grc' dir='ltr'><strong>ἀναλήψεται.</strong></span> <span class='ocrx_word' id='word_1_363' title='bbox 1403 4154 1525 4205; x_wconf 80' lang='grc' dir='ltr'><strong>Ἀπ’</strong></span> <span class='ocrx_word' id='word_1_364' title='bbox 1559 4153 1732 4223; x_wconf 80' lang='grc' dir='ltr'><strong>αὐτῆς</strong></span> <span class='ocrx_word' id='word_1_365' title='bbox 1789 4169 1880 4221; x_wconf 86' lang='grc' dir='ltr'><strong>φι-</strong></span> 
     </span>
    </p>
   </div>
   <div class='ocr_carea' id='block_1_50' title="bbox 311 4235 1882 4305">
    <p class='ocr_par' dir='ltr' id='par_1_50' title="bbox 311 4235 1882 4305">
     <span class='ocr_line' id='line_1_50' title="bbox 311 4235 1882 4305; baseline -0.001 -15"><span class='ocrx_word' id='word_1_366' title='bbox 311 4239 399 4290; x_wconf 71' lang='grc' dir='ltr'><strong>λεῖ</strong></span> <span class='ocrx_word' id='word_1_367' title='bbox 415 4236 698 4290; x_wconf 82' lang='grc' dir='ltr'><strong>καλεῖσθαι</strong></span> <span class='ocrx_word' id='word_1_368' title='bbox 714 4239 744 4289; x_wconf 88' lang='grc' dir='ltr'>ὁ</span> <span class='ocrx_word' id='word_1_369' title='bbox 757 4236 891 4299; x_wconf 87' lang='grc' dir='ltr'><strong>Θεός</strong></span> <span class='ocrx_word' id='word_1_370' title='bbox 911 4253 926 4267; x_wconf 85' lang='grc'><strong>·</strong></span> <span class='ocrx_word' id='word_1_371' title='bbox 960 4237 1286 4305; x_wconf 62' lang='grc' dir='ltr'><strong>Οἰκτίρμων</strong></span> <span class='ocrx_word' id='word_1_372' title='bbox 1304 4236 1402 4290; x_wconf 85' lang='grc' dir='ltr'><strong>καί</strong></span> <span class='ocrx_word' id='word_1_373' title='bbox 1427 4236 1699 4303; x_wconf 75' lang='grc' dir='ltr'><strong>ἐλεήμων</strong></span> <span class='ocrx_word' id='word_1_374' title='bbox 1718 4237 1751 4289; x_wconf 81' lang='grc' dir='ltr'><em>ὁ</em></span> <span class='ocrx_word' id='word_1_375' title='bbox 1769 4235 1882 4289; x_wconf 81' lang='grc' dir='ltr'><strong>Κύ-</strong></span> 
     </span>
    </p>
   </div>
   <div class='ocr_carea' id='block_1_51' title="bbox 304 4317 1882 4390">
    <p class='ocr_par' dir='ltr' id='par_1_51' title="bbox 304 4317 1882 4390">
     <span class='ocr_line' id='line_1_51' title="bbox 304 4317 1882 4390; baseline -0.001 -18"><span class='ocrx_word' id='word_1_376' title='bbox 304 4337 460 4390; x_wconf 77' lang='grc' dir='ltr'><strong>ριος,</strong></span> <span class='ocrx_word' id='word_1_377' title='bbox 506 4320 676 4387; x_wconf 70' lang='grc' dir='ltr'><strong>φησιν</strong></span> <span class='ocrx_word' id='word_1_378' title='bbox 698 4320 727 4372; x_wconf 97' lang='lat'><strong>6</strong></span> <span class='ocrx_word' id='word_1_379' title='bbox 758 4318 941 4381; x_wconf 87' lang='grc' dir='ltr'><strong>Δαυῖδ,</strong></span> <span class='ocrx_word' id='word_1_380' title='bbox 982 4320 1364 4389; x_wconf 78' lang='grc' dir='ltr'><strong>μακρόθυμος</strong></span> <span class='ocrx_word' id='word_1_381' title='bbox 1407 4319 1506 4371; x_wconf 82' lang='grc' dir='ltr'><strong>καί</strong></span> <span class='ocrx_word' id='word_1_382' title='bbox 1544 4317 1882 4383; x_wconf 77' lang='grc' dir='ltr'><strong>πολυέλεος</strong></span> 
     </span>
    </p>
   </div>
   <div class='ocr_carea' id='block_1_52' title="bbox 309 4401 1882 4472">
    <p class='ocr_par' dir='ltr' id='par_1_52' title="bbox 309 4401 1882 4472">
     <span class='ocr_line' id='line_1_52' title="bbox 309 4401 1882 4472; baseline 0 -17"><span class='ocrx_word' id='word_1_383' title='bbox 309 4403 409 4455; x_wconf 77' lang='grc' dir='ltr'><strong>καὶ</strong></span> <span class='ocrx_word' id='word_1_384' title='bbox 428 4402 751 4469; x_wconf 80' lang='grc' dir='ltr'><strong>ἀληθινός·</strong></span> <span class='ocrx_word' id='word_1_385' title='bbox 772 4402 867 4455; x_wconf 75' lang='grc' dir='ltr'><strong>καὶ</strong></span> <span class='ocrx_word' id='word_1_386' title='bbox 892 4402 1052 4455; x_wconf 85' lang='grc' dir='ltr'><strong>πάλιν</strong></span> <span class='ocrx_word' id='word_1_387' title='bbox 1082 4401 1288 4472; x_wconf 74' lang='grc' dir='ltr'><strong>ἕτερος,</strong></span> <span class='ocrx_word' id='word_1_388' title='bbox 1311 4402 1523 4467; x_wconf 78' lang='grc' dir='ltr'><strong>Ἔλεος</strong></span> <span class='ocrx_word' id='word_1_389' title='bbox 1568 4401 1677 4454; x_wconf 82' lang='grc' dir='ltr'><strong>τοῦ</strong></span> <span class='ocrx_word' id='word_1_390' title='bbox 1733 4401 1882 4455; x_wconf 86' lang='grc' dir='ltr'><strong>Θεοῦ</strong></span> 
     </span>
    </p>
   </div>
   <div class='ocr_carea' id='block_1_53' title="bbox 308 4481 1884 4556">
    <p class='ocr_par' dir='ltr' id='par_1_53' title="bbox 308 4481 1884 4556">
     <span class='ocr_line' id='line_1_53' title="bbox 308 4481 1884 4556; baseline -0.001 -17"><span class='ocrx_word' id='word_1_391' title='bbox 308 4485 407 4539; x_wconf 68' lang='grc' dir='ltr'><strong>ἐπὶ</strong></span> <span class='ocrx_word' id='word_1_392' title='bbox 437 4481 651 4541; x_wconf 74' lang='grc' dir='ltr'><strong>πᾶσαν</strong></span> <span class='ocrx_word' id='word_1_393' title='bbox 686 4482 803 4552; x_wconf 77' lang='grc' dir='ltr'><strong>τὴν</strong></span> <span class='ocrx_word' id='word_1_394' title='bbox 841 4483 976 4553; x_wconf 79' lang='grc' dir='ltr'><strong>γῆν.</strong></span> <span class='ocrx_word' id='word_1_395' title='bbox 1028 4483 1178 4556; x_wconf 76' lang='grc' dir='ltr'><strong>Λύτη</strong></span> <span class='ocrx_word' id='word_1_396' title='bbox 1217 4485 1280 4537; x_wconf 91' lang='grc' dir='ltr'><strong>τὸ</strong></span> <span class='ocrx_word' id='word_1_397' title='bbox 1310 4485 1420 4538; x_wconf 89' lang='grc' dir='ltr'><strong>τῶν</strong></span> <span class='ocrx_word' id='word_1_398' title='bbox 1465 4483 1766 4555; x_wconf 85' lang='grc' dir='ltr'><strong>ἀνθρώπων</strong></span> <span class='ocrx_word' id='word_1_399' title='bbox 1792 4485 1884 4552; x_wconf 82' lang='grc' dir='ltr'><strong>γέ-</strong></span> 
     </span>
    </p>
   </div>
   <div class='ocr_carea' id='block_1_54' title="bbox 307 4566 1881 4638">
    <p class='ocr_par' dir='ltr' id='par_1_54' title="bbox 307 4566 1881 4638">
     <span class='ocr_line' id='line_1_54' title="bbox 307 4566 1881 4638; baseline -0.001 -16"><span class='ocrx_word' id='word_1_400' title='bbox 307 4585 399 4628; x_wconf 76' lang='grc' dir='ltr'><strong>νος</strong></span> <span class='ocrx_word' id='word_1_401' title='bbox 452 4567 757 4619; x_wconf 81' lang='grc' dir='ltr'><strong>διέσωσεν·</strong></span> <span class='ocrx_word' id='word_1_402' title='bbox 790 4568 841 4619; x_wconf 89' lang='grc' dir='ltr'><strong>εί</strong></span> <span class='ocrx_word' id='word_1_403' title='bbox 896 4566 1004 4637; x_wconf 82' lang='grc' dir='ltr'><strong>γὰρ</strong></span> <span class='ocrx_word' id='word_1_404' title='bbox 1058 4566 1132 4638; x_wconf 80' lang='grc' dir='ltr'><strong>μή</strong></span> <span class='ocrx_word' id='word_1_405' title='bbox 1185 4566 1417 4638; x_wconf 82' lang='grc' dir='ltr'><strong>ἠλέησεν</strong></span> <span class='ocrx_word' id='word_1_406' title='bbox 1474 4569 1678 4637; x_wconf 78' lang='grc' dir='ltr'><strong>ἡμᾶςό</strong></span> <span class='ocrx_word' id='word_1_407' title='bbox 1712 4568 1881 4633; x_wconf 83' lang='grc' dir='ltr'><strong>Θεὸς,</strong></span> 
     </span>
    </p>
   </div>
   <div class='ocr_carea' id='block_1_55' title="bbox 310 4648 1886 4720">
    <p class='ocr_par' dir='ltr' id='par_1_55' title="bbox 310 4648 1886 4720">
     <span class='ocr_line' id='line_1_55' title="bbox 310 4648 1886 4720; baseline -0.002 -16"><span class='ocrx_word' id='word_1_408' title='bbox 310 4652 495 4706; x_wconf 72' lang='grc' dir='ltr'><strong>πάντα</strong></span> <span class='ocrx_word' id='word_1_409' title='bbox 509 4650 577 4703; x_wconf 81' lang='grc' dir='ltr'><strong>ἂν</strong></span> <span class='ocrx_word' id='word_1_410' title='bbox 603 4649 882 4704; x_wconf 83' lang='grc' dir='ltr'><strong>ἀπόλωλεν</strong></span> <span class='ocrx_word' id='word_1_411' title='bbox 913 4666 928 4681; x_wconf 91' lang='grc'><strong>·</strong></span> <span class='ocrx_word' id='word_1_412' title='bbox 961 4648 1099 4719; x_wconf 84' lang='grc' dir='ltr'><strong>αὐτη</strong></span> <span class='ocrx_word' id='word_1_413' title='bbox 1133 4650 1359 4719; x_wconf 81' lang='grc' dir='ltr'><strong>ἐχθροὺς</strong></span> <span class='ocrx_word' id='word_1_414' title='bbox 1380 4651 1529 4720; x_wconf 80' lang='grc' dir='ltr'><strong>ἡμᾶς</strong></span> <span class='ocrx_word' id='word_1_415' title='bbox 1553 4650 1713 4712; x_wconf 79' lang='grc' dir='ltr'><strong>ὄντας</strong></span> <span class='ocrx_word' id='word_1_416' title='bbox 1752 4667 1886 4703; x_wconf 85' lang='grc' dir='ltr'><strong>κατ-</strong></span> 
     </span>
    </p>
   </div>
   <div class='ocr_carea' id='block_1_56' title="bbox 309 4730 1884 4804">
    <p class='ocr_par' dir='ltr' id='par_1_56' title="bbox 309 4730 1884 4804">
     <span class='ocr_line' id='line_1_56' title="bbox 309 4730 1884 4804; baseline -0.001 -18"><span class='ocrx_word' id='word_1_417' title='bbox 309 4732 565 4804; x_wconf 75' lang='grc' dir='ltr'><strong>ήλλαξεν,</strong></span> <span class='ocrx_word' id='word_1_418' title='bbox 616 4730 757 4800; x_wconf 86' lang='grc' dir='ltr'><strong>αῦτη</strong></span> <span class='ocrx_word' id='word_1_419' title='bbox 781 4732 850 4785; x_wconf 84' lang='grc' dir='ltr'><strong>τὰ</strong></span> <span class='ocrx_word' id='word_1_420' title='bbox 875 4734 1041 4803; x_wconf 87' lang='grc' dir='ltr'><strong>μυρία</strong></span> <span class='ocrx_word' id='word_1_421' title='bbox 1078 4732 1261 4800; x_wconf 86' lang='grc' dir='ltr'><strong>ἀγαθά</strong></span> <span class='ocrx_word' id='word_1_422' title='bbox 1293 4733 1606 4801; x_wconf 81' lang='grc' dir='ltr'><strong>εἰργάσατο,</strong></span> <span class='ocrx_word' id='word_1_423' title='bbox 1633 4732 1770 4801; x_wconf 87' lang='grc' dir='ltr'><strong>αῦτη</strong></span> <span class='ocrx_word' id='word_1_424' title='bbox 1792 4732 1884 4786; x_wconf 88' lang='grc' dir='ltr'><strong>τὸν</strong></span> 
     </span>
    </p>
   </div>
   <div class='ocr_carea' id='block_1_57' title="bbox 311 4809 1883 4888">
    <p class='ocr_par' dir='ltr' id='par_1_57' title="bbox 311 4809 1883 4888">
     <span class='ocr_line' id='line_1_57' title="bbox 311 4809 1883 4888; baseline -0.002 -17"><span class='ocrx_word' id='word_1_425' title='bbox 311 4809 441 4888; x_wconf 51' lang='lat' dir='ltr'><strong>lib?</strong></span> <span class='ocrx_word' id='word_1_426' title='bbox 474 4814 573 4871; x_wconf 87' lang='grc' dir='ltr'><strong>τοῦ</strong></span> <span class='ocrx_word' id='word_1_427' title='bbox 596 4815 734 4870; x_wconf 85' lang='grc' dir='ltr'><strong>Θεοῦ</strong></span> <span class='ocrx_word' id='word_1_428' title='bbox 769 4814 952 4868; x_wconf 74' lang='grc' dir='ltr'><strong>ἔπεισε</strong></span> <span class='ocrx_word' id='word_1_429' title='bbox 995 4814 1181 4869; x_wconf 83' lang='grc' dir='ltr'><strong>δοῦλον</strong></span> <span class='ocrx_word' id='word_1_430' title='bbox 1228 4815 1488 4882; x_wconf 85' lang='grc' dir='ltr'><strong>γενέσθαι</strong></span> <span class='ocrx_word' id='word_1_431' title='bbox 1517 4816 1611 4868; x_wconf 77' lang='grc' dir='ltr'><strong>καὶ</strong></span> <span class='ocrx_word' id='word_1_432' title='bbox 1644 4815 1883 4871; x_wconf 83' lang='grc' dir='ltr'><strong>κενῶσαι</strong></span> 
     </span>
    </p>
   </div>
   <div class='ocr_carea' id='block_1_58' title="bbox 1004 232 2762 297">
    <p class='ocr_par' dir='ltr' id='par_1_58' title="bbox 1004 232 2762 297">
     <span class='ocr_line' id='line_1_58' title="bbox 1004 232 2762 297; baseline 0.001 -2"><span class='ocrx_word' id='word_1_433' title='bbox 1004 236 1077 295; x_wconf 81' lang='grc' dir='ltr'><strong>ΙΝ</strong></span> <span class='ocrx_word' id='word_1_434' title='bbox 1111 238 1334 296; x_wconf 78' lang='lat' dir='ltr'><strong>EPIST.</strong></span> <span class='ocrx_word' id='word_1_435' title='bbox 1378 238 1470 295; x_wconf 82' lang='lat' dir='ltr'><strong>AD</strong></span> <span class='ocrx_word' id='word_1_436' title='bbox 1506 237 1867 295; x_wconf 74' lang='lat' dir='ltr'><strong>HEBIUEOS.</strong></span> <span class='ocrx_word' id='word_1_437' title='bbox 1906 236 2060 293; x_wconf 77' lang='lat' dir='ltr'><strong>CAP.</strong></span> <span class='ocrx_word' id='word_1_438' title='bbox 2101 234 2221 293; x_wconf 80' lang='lat' dir='ltr'><strong>XII.</strong></span> <span class='ocrx_word' id='word_1_439' title='bbox 2261 232 2498 296; x_wconf 28' lang='lat' dir='ltr'><strong>HOMIL‘;</strong></span> <span class='ocrx_word' id='word_1_440' title='bbox 2526 232 2762 297; x_wconf 66' lang='grc' dir='ltr'><strong>ΧΧΧΙῘ.</strong></span> 
     </span>
    </p>
   </div>
   <div class='ocr_carea' id='block_1_59' title="bbox 1983 348 3559 432">
    <p class='ocr_par' dir='ltr' id='par_1_59' title="bbox 1983 348 3559 432">
     <span class='ocr_line' id='line_1_59' title="bbox 1983 348 3559 432; baseline 0.007 -30"><span class='ocrx_word' id='word_1_441' title='bbox 1983 349 2197 432; x_wconf 81' lang='grc' dir='ltr'><strong>ἑαυτόν.</strong></span> <span class='ocrx_word' id='word_1_442' title='bbox 2223 348 2441 432; x_wconf 72' lang='grc' dir='ltr'><strong>Ταύτην</strong></span> <span class='ocrx_word' id='word_1_443' title='bbox 2459 351 2818 423; x_wconf 78' lang='grc' dir='ltr'><strong>ζηλώσωμεν,</strong></span> <span class='ocrx_word' id='word_1_444' title='bbox 2841 353 3136 424; x_wconf 72' lang='grc' dir='ltr'><strong>ἀγαπητοὶ,</strong></span> <span class='ocrx_word' id='word_1_445' title='bbox 3159 357 3226 411; x_wconf 76' lang='grc' dir='ltr'><strong>δι’</strong></span> <span class='ocrx_word' id='word_1_446' title='bbox 3256 352 3325 428; x_wconf 80' lang='grc' dir='ltr'><strong>ἦς</strong></span> <span class='ocrx_word' id='word_1_447' title='bbox 3345 358 3559 432; x_wconf 81' lang='grc' dir='ltr'><strong>ἐσώθη-</strong></span> 
     </span>
    </p>
   </div>
   <div class='ocr_carea' id='block_1_60' title="bbox 1995 431 3561 511">
    <p class='ocr_par' dir='ltr' id='par_1_60' title="bbox 1995 431 3561 511">
     <span class='ocr_line' id='line_1_60' title="bbox 1995 431 3561 511; baseline 0.008 -27"><span class='ocrx_word' id='word_1_448' title='bbox 1995 448 2095 502; x_wconf 88' lang='grc' dir='ltr'><strong>μεν</strong></span> <span class='ocrx_word' id='word_1_449' title='bbox 2115 448 2129 462; x_wconf 82' lang='grc'><strong>·</strong></span> <span class='ocrx_word' id='word_1_450' title='bbox 2153 431 2303 505; x_wconf 77' lang='lat'><strong>[500]</strong></span> <span class='ocrx_word' id='word_1_451' title='bbox 2335 433 2541 504; x_wconf 89' lang='grc' dir='ltr'><strong>ταύτην</strong></span> <span class='ocrx_word' id='word_1_452' title='bbox 2586 436 2984 507; x_wconf 81' lang='grc' dir='ltr'><strong>ἀγαπήσωμεν,</strong></span> <span class='ocrx_word' id='word_1_453' title='bbox 3023 437 3228 509; x_wconf 89' lang='grc' dir='ltr'><strong>ταύτην</strong></span> <span class='ocrx_word' id='word_1_454' title='bbox 3261 431 3561 511; x_wconf 83' lang='grc' dir='ltr'><strong>χρημάτων</strong></span> 
     </span>
    </p>
   </div>
   <div class='ocr_carea' id='block_1_61' title="bbox 1992 515 3563 592">
    <p class='ocr_par' dir='ltr' id='par_1_61' title="bbox 1992 515 3563 592">
     <span class='ocr_line' id='line_1_61' title="bbox 1992 515 3563 592; baseline 0.008 -26"><span class='ocrx_word' id='word_1_455' title='bbox 1992 515 2440 586; x_wconf 87' lang='grc' dir='ltr'><strong>προτιμήσωμεν,</strong></span> <span class='ocrx_word' id='word_1_456' title='bbox 2453 516 2549 569; x_wconf 77' lang='grc' dir='ltr'><strong>καὶ</strong></span> <span class='ocrx_word' id='word_1_457' title='bbox 2578 518 2746 588; x_wconf 79' lang='grc' dir='ltr'><strong>χωρὶς</strong></span> <span class='ocrx_word' id='word_1_458' title='bbox 2761 534 2866 588; x_wconf 88' lang='grc' dir='ltr'><strong>χρη</strong></span> <span class='ocrx_word' id='word_1_459' title='bbox 2876 519 3062 589; x_wconf 82' lang='grc' dir='ltr'><strong>μάτων</strong></span> <span class='ocrx_word' id='word_1_460' title='bbox 3092 518 3271 592; x_wconf 75' lang='grc' dir='ltr'><strong>ψυχήν</strong></span> <span class='ocrx_word' id='word_1_461' title='bbox 3291 521 3563 592; x_wconf 80' lang='grc' dir='ltr'><strong>ἐλεήμονα</strong></span> 
     </span>
    </p>
   </div>
   <div class='ocr_carea' id='block_1_62' title="bbox 1984 594 3558 673">
    <p class='ocr_par' dir='ltr' id='par_1_62' title="bbox 1984 594 3558 673">
     <span class='ocr_line' id='line_1_62' title="bbox 1984 594 3558 673; baseline 0.006 -26"><span class='ocrx_word' id='word_1_462' title='bbox 1984 594 2220 667; x_wconf 78' lang='grc' dir='ltr'><strong>ἔχωμεν.</strong></span> <span class='ocrx_word' id='word_1_463' title='bbox 2257 597 2425 650; x_wconf 82' lang='grc' dir='ltr'><strong>Οὐδὲν</strong></span> <span class='ocrx_word' id='word_1_464' title='bbox 2454 596 2598 652; x_wconf 86' lang='grc' dir='ltr'><strong>οὐτω</strong></span> <span class='ocrx_word' id='word_1_465' title='bbox 2650 602 3153 673; x_wconf 83' lang='grc' dir='ltr'><strong>χαρακτηριστικὸν</strong></span> <span class='ocrx_word' id='word_1_466' title='bbox 3202 604 3558 673; x_wconf 79' lang='grc' dir='ltr'><strong>Χριστιανού,</strong></span> 
     </span>
    </p>
   </div>
   <div class='ocr_carea' id='block_1_63' title="bbox 1982 678 3561 754">
    <p class='ocr_par' dir='ltr' id='par_1_63' title="bbox 1982 678 3561 754">
     <span class='ocr_line' id='line_1_63' title="bbox 1982 678 3561 754; baseline 0.005 -21"><span class='ocrx_word' id='word_1_467' title='bbox 1982 679 2058 744; x_wconf 88' lang='grc' dir='ltr'><strong>ώς</strong></span> <span class='ocrx_word' id='word_1_468' title='bbox 2100 678 2439 752; x_wconf 79' lang='grc' dir='ltr'><strong>ἐλεημοσύνη</strong></span> <span class='ocrx_word' id='word_1_469' title='bbox 2458 698 2473 712; x_wconf 88' lang='grc'><strong>·</strong></span> <span class='ocrx_word' id='word_1_470' title='bbox 2507 680 2659 736; x_wconf 80' lang='grc' dir='ltr'><strong>οὐδὲν</strong></span> <span class='ocrx_word' id='word_1_471' title='bbox 2688 682 2832 736; x_wconf 75' lang='grc' dir='ltr'><strong>οὕτω</strong></span> <span class='ocrx_word' id='word_1_472' title='bbox 2856 685 2949 738; x_wconf 82' lang='grc' dir='ltr'><strong>καὶ</strong></span> <span class='ocrx_word' id='word_1_473' title='bbox 2981 684 3205 739; x_wconf 75' lang='grc' dir='ltr'><strong>ἄπιστοι</strong></span> <span class='ocrx_word' id='word_1_474' title='bbox 3225 687 3319 740; x_wconf 80' lang='grc' dir='ltr'><strong>καί</strong></span> <span class='ocrx_word' id='word_1_475' title='bbox 3353 690 3561 754; x_wconf 85' lang='grc' dir='ltr'><strong>πάντες</strong></span> 
     </span>
    </p>
   </div>
   <div class='ocr_carea' id='block_1_64' title="bbox 1983 763 3561 841">
    <p class='ocr_par' dir='ltr' id='par_1_64' title="bbox 1983 763 3561 841">
     <span class='ocr_line' id='line_1_64' title="bbox 1983 763 3561 841; baseline 0.006 -24"><span class='ocrx_word' id='word_1_476' title='bbox 1983 763 2615 834; x_wconf 79' lang='grc' dir='ltr'><strong>θαυμάζουσιν,ώςὸταν</strong></span> <span class='ocrx_word' id='word_1_477' title='bbox 2644 765 2907 835; x_wconf 85' lang='grc' dir='ltr'><strong>ἐλεῶμεν.</strong></span> <span class='ocrx_word' id='word_1_478' title='bbox 2964 767 3240 840; x_wconf 85' lang='grc' dir='ltr'><strong>Πολλαχοῦ</strong></span> <span class='ocrx_word' id='word_1_479' title='bbox 3308 771 3417 841; x_wconf 83' lang='grc' dir='ltr'><strong>γὰρ</strong></span> <span class='ocrx_word' id='word_1_480' title='bbox 3465 773 3561 827; x_wconf 75' lang='grc' dir='ltr'><strong>καὶ</strong></span> 
     </span>
    </p>
   </div>
   <div class='ocr_carea' id='block_1_65' title="bbox 1982 847 3561 923">
    <p class='ocr_par' dir='ltr' id='par_1_65' title="bbox 1982 847 3561 923">
     <span class='ocr_line' id='line_1_65' title="bbox 1982 847 3561 923; baseline 0.006 -24"><span class='ocrx_word' id='word_1_481' title='bbox 1982 848 2143 922; x_wconf 81' lang='grc' dir='ltr'><strong>ήμείς</strong></span> <span class='ocrx_word' id='word_1_482' title='bbox 2175 847 2408 918; x_wconf 84' lang='grc' dir='ltr'><strong>δεόμεθα</strong></span> <span class='ocrx_word' id='word_1_483' title='bbox 2440 848 2535 901; x_wconf 82' lang='grc' dir='ltr'><strong>τοῦ</strong></span> <span class='ocrx_word' id='word_1_484' title='bbox 2565 847 2751 913; x_wconf 83' lang='grc' dir='ltr'><strong>ἐλέους</strong></span> <span class='ocrx_word' id='word_1_485' title='bbox 2779 848 2995 914; x_wconf 88' lang='grc' dir='ltr'><strong>τούτου,</strong></span> <span class='ocrx_word' id='word_1_486' title='bbox 3020 853 3116 905; x_wconf 80' lang='grc' dir='ltr'><strong>καὶ</strong></span> <span class='ocrx_word' id='word_1_487' title='bbox 3144 854 3282 923; x_wconf 89' lang='grc' dir='ltr'><strong>πρὸς</strong></span> <span class='ocrx_word' id='word_1_488' title='bbox 3309 855 3401 909; x_wconf 87' lang='grc' dir='ltr'><strong>τὸν</strong></span> <span class='ocrx_word' id='word_1_489' title='bbox 3428 855 3561 909; x_wconf 87' lang='grc' dir='ltr'><strong>Θεὸν</strong></span> 
     </span>
    </p>
   </div>
   <div class='ocr_carea' id='block_1_66' title="bbox 1981 930 3561 1004">
    <p class='ocr_par' dir='ltr' id='par_1_66' title="bbox 1981 930 3561 1004">
     <span class='ocr_line' id='line_1_66' title="bbox 1981 930 3561 1004; baseline 0.005 -21"><span class='ocrx_word' id='word_1_490' title='bbox 1981 930 2105 984; x_wconf 85' lang='grc' dir='ltr'><strong>καθ’</strong></span> <span class='ocrx_word' id='word_1_491' title='bbox 2146 931 2383 1001; x_wconf 76' lang='grc' dir='ltr'><strong>ἑκάστην</strong></span> <span class='ocrx_word' id='word_1_492' title='bbox 2420 931 2689 1001; x_wconf 88' lang='grc' dir='ltr'><strong>λέγομεν·</strong></span> <span class='ocrx_word' id='word_1_493' title='bbox 2737 932 2901 986; x_wconf 84' lang='grc' dir='ltr'><strong>Κατὰ</strong></span> <span class='ocrx_word' id='word_1_494' title='bbox 2935 933 3004 987; x_wconf 86' lang='grc' dir='ltr'><strong>τὸ</strong></span> <span class='ocrx_word' id='word_1_495' title='bbox 3046 935 3200 1003; x_wconf 79' lang='grc' dir='ltr'><strong>μέγα</strong></span> <span class='ocrx_word' id='word_1_496' title='bbox 3235 952 3352 991; x_wconf 87' lang='grc' dir='ltr'><strong>σου</strong></span> <span class='ocrx_word' id='word_1_497' title='bbox 3387 938 3561 1004; x_wconf 79' lang='grc' dir='ltr'><strong>ἕλεος</strong></span> 
     </span>
    </p>
   </div>
   <div class='ocr_carea' id='block_1_67' title="bbox 1981 1013 3560 1089">
    <p class='ocr_par' dir='ltr' id='par_1_67' title="bbox 1981 1013 3560 1089">
     <span class='ocr_line' id='line_1_67' title="bbox 1981 1013 3560 1089; baseline 0.004 -21"><span class='ocrx_word' id='word_1_498' title='bbox 1981 1014 2243 1081; x_wconf 76' lang='grc' dir='ltr'><strong>ἐλέησον</strong></span> <span class='ocrx_word' id='word_1_499' title='bbox 2258 1013 2438 1083; x_wconf 80' lang='grc' dir='ltr'><strong>ἡμᾶς.</strong></span> <span class='ocrx_word' id='word_1_500' title='bbox 2459 1015 2743 1086; x_wconf 87' lang='grc' dir='ltr'><strong>Πρότερον.</strong></span> <span class='ocrx_word' id='word_1_501' title='bbox 2762 1016 2919 1069; x_wconf 80' lang='grc' dir='ltr'><strong>αὐτοὶ</strong></span> <span class='ocrx_word' id='word_1_502' title='bbox 2937 1016 3236 1087; x_wconf 78' lang='grc' dir='ltr'><strong>ἀρχώμεθα</strong></span> <span class='ocrx_word' id='word_1_503' title='bbox 3250 1037 3263 1049; x_wconf 78' lang='grc' dir='ltr'><strong>ο</strong></span> <span class='ocrx_word' id='word_1_504' title='bbox 3290 1020 3487 1089; x_wconf 83' lang='grc' dir='ltr'><strong>μᾶλλον</strong></span> <span class='ocrx_word' id='word_1_505' title='bbox 3502 1021 3560 1075; x_wconf 82' lang='grc' dir='ltr'><strong>δέ</strong></span> 
     </span>
    </p>
   </div>
   <div class='ocr_carea' id='block_1_68' title="bbox 1947 1097 3560 1172">
    <p class='ocr_par' dir='ltr' id='par_1_68' title="bbox 1947 1097 3560 1172">
     <span class='ocr_line' id='line_1_68' title="bbox 1947 1097 3560 1172; baseline 0.002 -20"><span class='ocrx_word' id='word_1_506' title='bbox 1947 1149 1951 1153; x_wconf 79' lang='grc'><strong>,</strong></span> <span class='ocrx_word' id='word_1_507' title='bbox 1981 1097 2083 1152; x_wconf 86' lang='grc' dir='ltr'><strong>οὐκ</strong></span> <span class='ocrx_word' id='word_1_508' title='bbox 2097 1097 2379 1168; x_wconf 82' lang='grc' dir='ltr'><strong>ἀρχόμεθα</strong></span> <span class='ocrx_word' id='word_1_509' title='bbox 2394 1099 2679 1169; x_wconf 83' lang='grc' dir='ltr'><strong>πρότερον·</strong></span> <span class='ocrx_word' id='word_1_510' title='bbox 2699 1099 2797 1152; x_wconf 72' lang='grc' dir='ltr'><strong>καί⁵</strong></span> <span class='ocrx_word' id='word_1_511' title='bbox 2815 1099 2926 1171; x_wconf 83' lang='grc' dir='ltr'><strong>γὰρ</strong></span> <span class='ocrx_word' id='word_1_512' title='bbox 2945 1099 3105 1164; x_wconf 87' lang='grc' dir='ltr'><strong>αὐτὸς</strong></span> <span class='ocrx_word' id='word_1_513' title='bbox 3119 1098 3219 1172; x_wconf 77' lang='grc' dir='ltr'><strong>ήδη</strong></span> <span class='ocrx_word' id='word_1_514' title='bbox 3249 1102 3560 1169; x_wconf 75' lang='grc' dir='ltr'><strong>ἐπεδείξατο</strong></span> 
     </span>
    </p>
   </div>
   <div class='ocr_carea' id='block_1_69' title="bbox 1980 1180 3559 1253">
    <p class='ocr_par' dir='ltr' id='par_1_69' title="bbox 1980 1180 3559 1253">
     <span class='ocr_line' id='line_1_69' title="bbox 1980 1180 3559 1253; baseline 0.004 -21"><span class='ocrx_word' id='word_1_515' title='bbox 1980 1180 2072 1234; x_wconf 87' lang='grc' dir='ltr'><strong>τὸν</strong></span> <span class='ocrx_word' id='word_1_516' title='bbox 2086 1180 2234 1234; x_wconf 74' lang='grc' dir='ltr'><strong>ἔλεον</strong></span> <span class='ocrx_word' id='word_1_517' title='bbox 2263 1180 2426 1241; x_wconf 73' lang='grc' dir='ltr'><strong>αὐτοῦ</strong></span> <span class='ocrx_word' id='word_1_518' title='bbox 2444 1181 2536 1234; x_wconf 90' lang='grc' dir='ltr'><strong>τὸν</strong></span> <span class='ocrx_word' id='word_1_519' title='bbox 2563 1181 2698 1252; x_wconf 81' lang='grc' dir='ltr'><strong>περί</strong></span> <span class='ocrx_word' id='word_1_520' title='bbox 2730 1182 2902 1251; x_wconf 76' lang='grc' dir='ltr'><strong>ἡμᾶς.</strong></span> <span class='ocrx_word' id='word_1_521' title='bbox 2941 1180 3104 1247; x_wconf 84' lang='grc' dir='ltr'><strong>Ἀλλ’,</strong></span> <span class='ocrx_word' id='word_1_522' title='bbox 3131 1186 3426 1253; x_wconf 72' lang='grc' dir='ltr'><strong>ἀγαπητοὶ,</strong></span> <span class='ocrx_word' id='word_1_523' title='bbox 3455 1186 3559 1240; x_wconf 77' lang='grc' dir='ltr'><strong>κᾶν</strong></span> 
     </span>
    </p>
   </div>
   <div class='ocr_carea' id='block_1_70' title="bbox 1981 1260 3555 1337">
    <p class='ocr_par' dir='ltr' id='par_1_70' title="bbox 1981 1260 3555 1337">
     <span class='ocr_line' id='line_1_70' title="bbox 1981 1260 3555 1337; baseline 0.004 -22"><span class='ocrx_word' id='word_1_524' title='bbox 1981 1262 2225 1334; x_wconf 87' lang='grc' dir='ltr'><strong>δεύτεροι</strong></span> <span class='ocrx_word' id='word_1_525' title='bbox 2266 1260 2548 1333; x_wconf 84' lang='grc' dir='ltr'><strong>ἐπώμεθα.</strong></span> <span class='ocrx_word' id='word_1_526' title='bbox 2581 1263 2645 1317; x_wconf 83' lang='grc' dir='ltr'><strong>Εἰ</strong></span> <span class='ocrx_word' id='word_1_527' title='bbox 2680 1263 2788 1332; x_wconf 88' lang='grc' dir='ltr'><strong>γὰρ</strong></span> <span class='ocrx_word' id='word_1_528' title='bbox 2819 1264 3098 1335; x_wconf 79' lang='grc' dir='ltr'><strong>ἄνθρωποι</strong></span> <span class='ocrx_word' id='word_1_529' title='bbox 3129 1267 3219 1318; x_wconf 87' lang='grc' dir='ltr'><strong>τὸν</strong></span> <span class='ocrx_word' id='word_1_530' title='bbox 3252 1267 3520 1337; x_wconf 78' lang='grc' dir='ltr'><strong>ἐλεήμονα</strong></span> <span class='ocrx_word' id='word_1_531' title='bbox 3540 1311 3555 1328; x_wconf 91' lang='grc'><strong>,</strong></span> 
     </span>
    </p>
   </div>
   <div class='ocr_carea' id='block_1_71' title="bbox 1982 1346 3559 1421">
    <p class='ocr_par' dir='ltr' id='par_1_71' title="bbox 1982 1346 3559 1421">
     <span class='ocr_line' id='line_1_71' title="bbox 1982 1346 3559 1421; baseline 0.003 -23"><span class='ocrx_word' id='word_1_532' title='bbox 1982 1346 2087 1399; x_wconf 74' lang='grc' dir='ltr'><strong>κᾶν</strong></span> <span class='ocrx_word' id='word_1_533' title='bbox 2113 1346 2281 1417; x_wconf 89' lang='grc' dir='ltr'><strong>μυρία</strong></span> <span class='ocrx_word' id='word_1_534' title='bbox 2309 1347 2610 1419; x_wconf 85' lang='grc' dir='ltr'><strong>ἐργάσηται</strong></span> <span class='ocrx_word' id='word_1_535' title='bbox 2641 1348 3032 1419; x_wconf 81' lang='grc' dir='ltr'><strong>ἁμαρτήματα,</strong></span> <span class='ocrx_word' id='word_1_536' title='bbox 3097 1349 3341 1404; x_wconf 80' lang='grc' dir='ltr'><strong>ἐλεοῦσι·</strong></span> <span class='ocrx_word' id='word_1_537' title='bbox 3376 1351 3559 1421; x_wconf 85' lang='grc' dir='ltr'><strong>πολλῷ</strong></span> 
     </span>
    </p>
   </div>
   <div class='ocr_carea' id='block_1_72' title="bbox 1992 1427 3563 1502">
    <p class='ocr_par' dir='ltr' id='par_1_72' title="bbox 1992 1427 3563 1502">
     <span class='ocr_line' id='line_1_72' title="bbox 1992 1427 3563 1502; baseline 0.004 -22"><span class='ocrx_word' id='word_1_538' title='bbox 1992 1428 2192 1498; x_wconf 80' lang='grc' dir='ltr'><strong>μᾶλλον</strong></span> <span class='ocrx_word' id='word_1_539' title='bbox 2209 1429 2237 1480; x_wconf 93' lang='grc' dir='ltr'><strong>ὀ</strong></span> <span class='ocrx_word' id='word_1_540' title='bbox 2262 1427 2418 1491; x_wconf 81' lang='grc' dir='ltr'><strong>Θεός.</strong></span> <span class='ocrx_word' id='word_1_541' title='bbox 2441 1429 2639 1483; x_wconf 74' lang='grc' dir='ltr'><strong>’Ἄκουε</strong></span> <span class='ocrx_word' id='word_1_542' title='bbox 2664 1429 2757 1483; x_wconf 90' lang='grc' dir='ltr'><strong>τοῦ</strong></span> <span class='ocrx_word' id='word_1_543' title='bbox 2788 1431 3069 1501; x_wconf 85' lang='grc' dir='ltr'><strong>προφήτου</strong></span> <span class='ocrx_word' id='word_1_544' title='bbox 3096 1430 3344 1500; x_wconf 80' lang='grc' dir='ltr'><strong>λέγοντος</strong></span> <span class='ocrx_word' id='word_1_545' title='bbox 3365 1447 3383 1464; x_wconf 72' lang='grc'><strong>⁸</strong></span> <span class='ocrx_word' id='word_1_546' title='bbox 3421 1433 3563 1502; x_wconf 75' lang='grc' dir='ltr'><strong>Ἐγὼ</strong></span> 
     </span>
    </p>
   </div>
   <div class='ocr_carea' id='block_1_73' title="bbox 1982 1510 3560 1581">
    <p class='ocr_par' dir='ltr' id='par_1_73' title="bbox 1982 1510 3560 1581">
     <span class='ocr_line' id='line_1_73' title="bbox 1982 1510 3560 1581; baseline 0.004 -17"><span class='ocrx_word' id='word_1_547' title='bbox 1982 1510 2051 1564; x_wconf 81' lang='grc' dir='ltr'><strong>δὲ</strong></span> <span class='ocrx_word' id='word_1_548' title='bbox 2079 1511 2225 1565; x_wconf 87' lang='grc' dir='ltr'><strong>ὠσεί</strong></span> <span class='ocrx_word' id='word_1_549' title='bbox 2247 1511 2441 1577; x_wconf 73' lang='grc' dir='ltr'><strong>ἐλαία,</strong></span> <span class='ocrx_word' id='word_1_550' title='bbox 2476 1514 2637 1581; x_wconf 79' lang='grc' dir='ltr'><strong>φησὶ,</strong></span> <span class='ocrx_word' id='word_1_551' title='bbox 2670 1511 3053 1581; x_wconf 73' lang='grc' dir='ltr'><strong>κατάκαρπος</strong></span> <span class='ocrx_word' id='word_1_552' title='bbox 3081 1513 3150 1566; x_wconf 78' lang='grc' dir='ltr'><strong>ἐν</strong></span> <span class='ocrx_word' id='word_1_553' title='bbox 3177 1513 3258 1579; x_wconf 85' lang='grc' dir='ltr'><strong>τῷ</strong></span> <span class='ocrx_word' id='word_1_554' title='bbox 3274 1514 3421 1579; x_wconf 83' lang='grc' dir='ltr'><strong>οίκῳ</strong></span> <span class='ocrx_word' id='word_1_555' title='bbox 3453 1515 3560 1571; x_wconf 78' lang='grc' dir='ltr'><strong>τοῦ</strong></span> 
     </span>
    </p>
   </div>
   <div class='ocr_carea' id='block_1_74' title="bbox 1986 1591 3561 1665">
    <p class='ocr_par' dir='ltr' id='par_1_74' title="bbox 1986 1591 3561 1665">
     <span class='ocr_line' id='line_1_74' title="bbox 1986 1591 3561 1665; baseline 0.001 -19"><span class='ocrx_word' id='word_1_556' title='bbox 1986 1592 2155 1647; x_wconf 83' lang='grc' dir='ltr'><strong>Θεοῦ.</strong></span> <span class='ocrx_word' id='word_1_557' title='bbox 2176 1591 2421 1647; x_wconf 89' lang='grc' dir='ltr'><strong>Τοιοῦτοι</strong></span> <span class='ocrx_word' id='word_1_558' title='bbox 2447 1592 2755 1663; x_wconf 88' lang='grc' dir='ltr'><strong>γενώμεθα,</strong></span> <span class='ocrx_word' id='word_1_559' title='bbox 2777 1595 2853 1659; x_wconf 90' lang='grc' dir='ltr'><strong>ώς</strong></span> <span class='ocrx_word' id='word_1_560' title='bbox 2874 1595 3032 1650; x_wconf 90' lang='grc' dir='ltr'><strong>ἐλαία</strong></span> <span class='ocrx_word' id='word_1_561' title='bbox 3067 1596 3357 1665; x_wconf 87' lang='grc' dir='ltr'><strong>γενώμεθα</strong></span> <span class='ocrx_word' id='word_1_562' title='bbox 3376 1614 3389 1627; x_wconf 92' lang='grc'><strong>·</strong></span> <span class='ocrx_word' id='word_1_563' title='bbox 3423 1597 3561 1650; x_wconf 86' lang='grc' dir='ltr'><strong>πάν-</strong></span> 
     </span>
    </p>
   </div>
   <div class='ocr_carea' id='block_1_75' title="bbox 1983 1673 3560 1750">
    <p class='ocr_par' dir='ltr' id='par_1_75' title="bbox 1983 1673 3560 1750">
     <span class='ocr_line' id='line_1_75' title="bbox 1983 1673 3560 1750; baseline 0.003 -23"><span class='ocrx_word' id='word_1_564' title='bbox 1983 1673 2139 1728; x_wconf 84' lang='grc' dir='ltr'><strong>τοθεν</strong></span> <span class='ocrx_word' id='word_1_565' title='bbox 2201 1674 2516 1747; x_wconf 89' lang='grc' dir='ltr'><strong>βριθώμεθα</strong></span> <span class='ocrx_word' id='word_1_566' title='bbox 2566 1679 2688 1740; x_wconf 85' lang='grc' dir='ltr'><strong>ταῖς</strong></span> <span class='ocrx_word' id='word_1_567' title='bbox 2742 1678 2983 1741; x_wconf 87' lang='grc' dir='ltr'><strong>ἐντολαῖς</strong></span> <span class='ocrx_word' id='word_1_568' title='bbox 3010 1694 3026 1710; x_wconf 89' lang='grc'><strong>·</strong></span> <span class='ocrx_word' id='word_1_569' title='bbox 3061 1679 3123 1732; x_wconf 83' lang='grc' dir='ltr'><strong>οὐ</strong></span> <span class='ocrx_word' id='word_1_570' title='bbox 3152 1678 3260 1748; x_wconf 82' lang='grc' dir='ltr'><strong>γὰρ</strong></span> <span class='ocrx_word' id='word_1_571' title='bbox 3303 1680 3463 1750; x_wconf 83' lang='grc' dir='ltr'><strong>ἀρκεῖ</strong></span> <span class='ocrx_word' id='word_1_572' title='bbox 3484 1678 3560 1743; x_wconf 81' lang='grc' dir='ltr'><strong>ώς</strong></span> 
     </span>
    </p>
   </div>
   <div class='ocr_carea' id='block_1_76' title="bbox 1984 1755 3564 1831">
    <p class='ocr_par' dir='ltr' id='par_1_76' title="bbox 1984 1755 3564 1831">
     <span class='ocr_line' id='line_1_76' title="bbox 1984 1755 3564 1831; baseline 0.003 -22"><span class='ocrx_word' id='word_1_573' title='bbox 1984 1758 2173 1812; x_wconf 84' lang='grc' dir='ltr'><strong>ἐλαίαν</strong></span> <span class='ocrx_word' id='word_1_574' title='bbox 2199 1755 2362 1820; x_wconf 83' lang='grc' dir='ltr'><strong>εἶναι,</strong></span> <span class='ocrx_word' id='word_1_575' title='bbox 2385 1757 2522 1812; x_wconf 82' lang='grc' dir='ltr'><strong>ἀλλά</strong></span> <span class='ocrx_word' id='word_1_576' title='bbox 2542 1759 2637 1811; x_wconf 79' lang='grc' dir='ltr'><strong>καὶ</strong></span> <span class='ocrx_word' id='word_1_577' title='bbox 2668 1760 3046 1830; x_wconf 80' lang='grc' dir='ltr'><strong>κατάκαρπον.</strong></span> <span class='ocrx_word' id='word_1_578' title='bbox 3080 1760 3202 1813; x_wconf 78' lang='grc' dir='ltr'><strong>Εἰσὶ</strong></span> <span class='ocrx_word' id='word_1_579' title='bbox 3234 1760 3346 1831; x_wconf 84' lang='grc' dir='ltr'><strong>γὰρ</strong></span> <span class='ocrx_word' id='word_1_580' title='bbox 3372 1761 3421 1814; x_wconf 81' lang='grc' dir='ltr'><strong>οἳ</strong></span> <span class='ocrx_word' id='word_1_581' title='bbox 3447 1760 3564 1814; x_wconf 86' lang='grc' dir='ltr'><strong>ἐλε-</strong></span> 
     </span>
    </p>
   </div>
   <div class='ocr_carea' id='block_1_77' title="bbox 1984 1838 3561 1908">
    <p class='ocr_par' dir='ltr' id='par_1_77' title="bbox 1984 1838 3561 1908">
     <span class='ocr_line' id='line_1_77' title="bbox 1984 1838 3561 1908; baseline 0.003 -17"><span class='ocrx_word' id='word_1_582' title='bbox 1984 1839 2172 1902; x_wconf 88' lang='grc' dir='ltr'><strong>οῦντες</strong></span> <span class='ocrx_word' id='word_1_583' title='bbox 2233 1839 2390 1907; x_wconf 87' lang='grc' dir='ltr'><strong>ὀλίγα</strong></span> <span class='ocrx_word' id='word_1_584' title='bbox 2431 1838 2689 1904; x_wconf 88' lang='grc' dir='ltr'><strong>διδόασιν,</strong></span> <span class='ocrx_word' id='word_1_585' title='bbox 2721 1840 2754 1908; x_wconf 79' lang='grc' dir='ltr'><strong>ἢ</strong></span> <span class='ocrx_word' id='word_1_586' title='bbox 2779 1840 2870 1893; x_wconf 81' lang='grc' dir='ltr'><strong>διὰ</strong></span> <span class='ocrx_word' id='word_1_587' title='bbox 2919 1840 3119 1904; x_wconf 87' lang='grc' dir='ltr'><strong>παντὸς</strong></span> <span class='ocrx_word' id='word_1_588' title='bbox 3166 1842 3261 1896; x_wconf 88' lang='grc' dir='ltr'><strong>τοῦ</strong></span> <span class='ocrx_word' id='word_1_589' title='bbox 3314 1843 3561 1898; x_wconf 85' lang='grc' dir='ltr'><strong>ἐνιαυτοῦ</strong></span> 
     </span>
    </p>
   </div>
   <div class='ocr_carea' id='block_1_78' title="bbox 1989 1921 3563 1996">
    <p class='ocr_par' dir='ltr' id='par_1_78' title="bbox 1989 1921 3563 1996">
     <span class='ocr_line' id='line_1_78' title="bbox 1989 1921 3563 1996; baseline 0.005 -23"><span class='ocrx_word' id='word_1_590' title='bbox 1989 1921 2159 1987; x_wconf 80' lang='grc' dir='ltr'><strong>ἆπαξ,</strong></span> <span class='ocrx_word' id='word_1_591' title='bbox 2186 1921 2219 1991; x_wconf 77' lang='grc' dir='ltr'>ἢ</span> <span class='ocrx_word' id='word_1_592' title='bbox 2248 1922 2371 1975; x_wconf 84' lang='grc' dir='ltr'><strong>καθ’</strong></span> <span class='ocrx_word' id='word_1_593' title='bbox 2416 1921 2656 1993; x_wconf 71' lang='grc' dir='ltr'><strong>ἑκάστην</strong></span> <span class='ocrx_word' id='word_1_594' title='bbox 2688 1923 2991 1993; x_wconf 76' lang='grc' dir='ltr'><strong>ἑϐδομάδα,</strong></span> <span class='ocrx_word' id='word_1_595' title='bbox 3022 1923 3056 1993; x_wconf 75' lang='grc' dir='ltr'>ἢ</span> <span class='ocrx_word' id='word_1_596' title='bbox 3084 1923 3147 1985; x_wconf 84' lang='grc' dir='ltr'><strong>τὸ</strong></span> <span class='ocrx_word' id='word_1_597' title='bbox 3170 1924 3336 1995; x_wconf 83' lang='grc' dir='ltr'><strong>τυχὸν</strong></span> <span class='ocrx_word' id='word_1_598' title='bbox 3374 1926 3563 1996; x_wconf 81' lang='grc' dir='ltr'><strong>προϊέ-</strong></span> 
     </span>
    </p>
   </div>
   <div class='ocr_carea' id='block_1_79' title="bbox 1989 1996 3563 2076">
    <p class='ocr_par' dir='ltr' id='par_1_79' title="bbox 1989 1996 3563 2076">
     <span class='ocr_line' id='line_1_79' title="bbox 1989 1996 3563 2076; baseline 0.003 -20"><span class='ocrx_word' id='word_1_599' title='bbox 1989 2018 2141 2072; x_wconf 88' lang='grc' dir='ltr'><strong>μενοι</strong></span> <span class='ocrx_word' id='word_1_600' title='bbox 2169 2019 2183 2035; x_wconf 89' lang='grc'><strong>·</strong></span> <span class='ocrx_word' id='word_1_601' title='bbox 2208 1996 2356 2057; x_wconf 80' lang='grc' dir='ltr'><strong>οῦτοι</strong></span> <span class='ocrx_word' id='word_1_602' title='bbox 2386 2003 2561 2057; x_wconf 82' lang='grc' dir='ltr'><strong>ἐλαῖαι</strong></span> <span class='ocrx_word' id='word_1_603' title='bbox 2587 2004 2687 2074; x_wconf 80' lang='grc' dir='ltr'><strong>μέν</strong></span> <span class='ocrx_word' id='word_1_604' title='bbox 2710 2006 2868 2069; x_wconf 89' lang='grc' dir='ltr'><strong>εἰσιν,</strong></span> <span class='ocrx_word' id='word_1_605' title='bbox 2883 2005 2946 2058; x_wconf 91' lang='grc' dir='ltr'><strong>οὐ</strong></span> <span class='ocrx_word' id='word_1_606' title='bbox 2967 2004 3312 2076; x_wconf 81' lang='grc' dir='ltr'><strong>κατάκαρποι</strong></span> <span class='ocrx_word' id='word_1_607' title='bbox 3330 2006 3406 2073; x_wconf 81' lang='grc' dir='ltr'><strong>δέ,</strong></span> <span class='ocrx_word' id='word_1_608' title='bbox 3427 2006 3563 2062; x_wconf 81' lang='grc' dir='ltr'><strong>ἀλλά</strong></span> 
     </span>
    </p>
   </div>
   <div class='ocr_carea' id='block_1_80' title="bbox 1986 2083 3561 2157">
    <p class='ocr_par' dir='ltr' id='par_1_80' title="bbox 1986 2083 3561 2157">
     <span class='ocr_line' id='line_1_80' title="bbox 1986 2083 3561 2157; baseline 0.003 -20"><span class='ocrx_word' id='word_1_609' title='bbox 1986 2083 2082 2138; x_wconf 81' lang='grc' dir='ltr'><strong>καί</strong></span> <span class='ocrx_word' id='word_1_610' title='bbox 2111 2083 2294 2156; x_wconf 82' lang='grc' dir='ltr'><strong>ξηραί.</strong></span> <span class='ocrx_word' id='word_1_611' title='bbox 2322 2084 2446 2140; x_wconf 76' lang='grc' dir='ltr'><strong>Ὀτι</strong></span> <span class='ocrx_word' id='word_1_612' title='bbox 2466 2086 2566 2155; x_wconf 86' lang='grc' dir='ltr'><strong>μέν</strong></span> <span class='ocrx_word' id='word_1_613' title='bbox 2595 2085 2704 2157; x_wconf 85' lang='grc' dir='ltr'><strong>γὰρ</strong></span> <span class='ocrx_word' id='word_1_614' title='bbox 2731 2085 2996 2150; x_wconf 86' lang='grc' dir='ltr'><strong>ἐλεοῦσιν,</strong></span> <span class='ocrx_word' id='word_1_615' title='bbox 3037 2085 3217 2140; x_wconf 85' lang='grc' dir='ltr'><strong>ἐλαῖαι</strong></span> <span class='ocrx_word' id='word_1_616' title='bbox 3238 2105 3252 2117; x_wconf 95' lang='grc'><strong>·</strong></span> <span class='ocrx_word' id='word_1_617' title='bbox 3300 2088 3383 2142; x_wconf 83' lang='grc' dir='ltr'><strong>δτι</strong></span> <span class='ocrx_word' id='word_1_618' title='bbox 3410 2087 3469 2142; x_wconf 81' lang='grc' dir='ltr'><strong>δέ</strong></span> <span class='ocrx_word' id='word_1_619' title='bbox 3499 2088 3561 2142; x_wconf 92' lang='grc' dir='ltr'><strong>οὐ</strong></span> 
     </span>
    </p>
   </div>
   <div class='ocr_carea' id='block_1_81' title="bbox 1988 2166 3565 2241">
    <p class='ocr_par' dir='ltr' id='par_1_81' title="bbox 1988 2166 3565 2241">
     <span class='ocr_line' id='line_1_81' title="bbox 1988 2166 3565 2241; baseline 0.003 -20"><span class='ocrx_word' id='word_1_620' title='bbox 1988 2166 2310 2238; x_wconf 78' lang='grc' dir='ltr'><strong>φιλοτίμως,</strong></span> <span class='ocrx_word' id='word_1_621' title='bbox 2333 2168 2395 2221; x_wconf 87' lang='grc' dir='ltr'><strong>οὐ</strong></span> <span class='ocrx_word' id='word_1_622' title='bbox 2424 2167 2772 2241; x_wconf 65' lang='grc' dir='ltr'><strong>κατάκαρπον.</strong></span> <span class='ocrx_word' id='word_1_623' title='bbox 2801 2168 3002 2225; x_wconf 78' lang='grc' dir='ltr'><strong>ἐλαῖαι.</strong></span> <span class='ocrx_word' id='word_1_624' title='bbox 3046 2168 3187 2223; x_wconf 84' lang='grc' dir='ltr'><strong>Ἀλλ’</strong></span> <span class='ocrx_word' id='word_1_625' title='bbox 3212 2170 3375 2240; x_wconf 80' lang='grc' dir='ltr'><strong>ἡμεῖς</strong></span> <span class='ocrx_word' id='word_1_626' title='bbox 3397 2171 3565 2226; x_wconf 80' lang='grc' dir='ltr'><strong>κατά-</strong></span> 
     </span>
    </p>
   </div>
   <div class='ocr_carea' id='block_1_82' title="bbox 1988 2242 3559 2321">
    <p class='ocr_par' dir='ltr' id='par_1_82' title="bbox 1988 2242 3559 2321">
     <span class='ocr_line' id='line_1_82' title="bbox 1988 2242 3559 2321; baseline 0.001 -18"><span class='ocrx_word' id='word_1_627' title='bbox 1988 2242 2197 2321; x_wconf 82' lang='grc' dir='ltr'><strong>καρποι</strong></span> <span class='ocrx_word' id='word_1_628' title='bbox 2218 2249 2527 2320; x_wconf 86' lang='grc' dir='ltr'><strong>γενώμεθα.</strong></span> <span class='ocrx_word' id='word_1_629' title='bbox 2572 2252 2636 2303; x_wconf 78' lang='grc' dir='ltr'>Ὀ</span> <span class='ocrx_word' id='word_1_630' title='bbox 2663 2250 2926 2314; x_wconf 81' lang='grc' dir='ltr'><strong>πολλάκις</strong></span> <span class='ocrx_word' id='word_1_631' title='bbox 2949 2248 3122 2318; x_wconf 86' lang='grc' dir='ltr'><strong>εἷπον,</strong></span> <span class='ocrx_word' id='word_1_632' title='bbox 3154 2251 3249 2307; x_wconf 75' lang='grc' dir='ltr'><strong>καὶ</strong></span> <span class='ocrx_word' id='word_1_633' title='bbox 3277 2250 3419 2320; x_wconf 79' lang='grc' dir='ltr'><strong>λέγω</strong></span> <span class='ocrx_word' id='word_1_634' title='bbox 3444 2251 3559 2305; x_wconf 87' lang='grc' dir='ltr'><strong>νῦν·</strong></span> 
     </span>
    </p>
   </div>
   <div class='ocr_carea' id='block_1_83' title="bbox 1955 2332 3563 2405">
    <p class='ocr_par' dir='ltr' id='par_1_83' title="bbox 1955 2332 3563 2405">
     <span class='ocr_line' id='line_1_83' title="bbox 1955 2332 3563 2405; baseline 0.002 -19"><span class='ocrx_word' id='word_1_635' title='bbox 1955 2354 1958 2357; x_wconf 95' lang='grc'><strong>·</strong></span> <span class='ocrx_word' id='word_1_636' title='bbox 1985 2333 2045 2387; x_wconf 88' lang='grc' dir='ltr'><strong>οὐ</strong></span> <span class='ocrx_word' id='word_1_637' title='bbox 2062 2332 2141 2403; x_wconf 81' lang='grc' dir='ltr'><strong>τῷ</strong></span> <span class='ocrx_word' id='word_1_638' title='bbox 2166 2332 2350 2403; x_wconf 86' lang='grc' dir='ltr'><strong>μέτρῳ</strong></span> <span class='ocrx_word' id='word_1_639' title='bbox 2371 2332 2479 2386; x_wconf 90' lang='grc' dir='ltr'><strong>τῶν</strong></span> <span class='ocrx_word' id='word_1_640' title='bbox 2506 2333 2798 2403; x_wconf 77' lang='grc' dir='ltr'><strong>διδομένων</strong></span> <span class='ocrx_word' id='word_1_641' title='bbox 2823 2333 2883 2387; x_wconf 90' lang='grc' dir='ltr'><strong>τὸ</strong></span> <span class='ocrx_word' id='word_1_642' title='bbox 2906 2333 3135 2405; x_wconf 89' lang='grc' dir='ltr'><strong>μέγεθος</strong></span> <span class='ocrx_word' id='word_1_643' title='bbox 3163 2335 3440 2389; x_wconf 87' lang='grc' dir='ltr'><strong>δείκνυται</strong></span> <span class='ocrx_word' id='word_1_644' title='bbox 3462 2335 3563 2403; x_wconf 82' lang='grc' dir='ltr'><strong>τῆς</strong></span> 
     </span>
    </p>
   </div>
   <div class='ocr_carea' id='block_1_84' title="bbox 1987 2408 3562 2487">
    <p class='ocr_par' dir='ltr' id='par_1_84' title="bbox 1987 2408 3562 2487">
     <span class='ocr_line' id='line_1_84' title="bbox 1987 2408 3562 2487; baseline 0.001 -18"><span class='ocrx_word' id='word_1_645' title='bbox 1987 2413 2383 2485; x_wconf 89' lang='grc' dir='ltr'><strong>ἐλεημοσύνης,</strong></span> <span class='ocrx_word' id='word_1_646' title='bbox 2411 2414 2553 2468; x_wconf 84' lang='grc' dir='ltr'><strong>ἀλλὰ</strong></span> <span class='ocrx_word' id='word_1_647' title='bbox 2576 2418 2642 2485; x_wconf 80' lang='grc' dir='ltr'><strong>τῇ</strong></span> <span class='ocrx_word' id='word_1_648' title='bbox 2673 2408 2991 2487; x_wconf 84' lang='grc' dir='ltr'><strong>προαιρέσει</strong></span> <span class='ocrx_word' id='word_1_649' title='bbox 3016 2415 3110 2468; x_wconf 88' lang='grc' dir='ltr'><strong>τοῦ</strong></span> <span class='ocrx_word' id='word_1_650' title='bbox 3138 2415 3390 2479; x_wconf 83' lang='grc' dir='ltr'><strong>διδόντος.</strong></span> <span class='ocrx_word' id='word_1_651' title='bbox 3413 2417 3562 2470; x_wconf 82' lang='grc' dir='ltr'><strong>Ἰστε</strong></span> 
     </span>
    </p>
   </div>
   <div class='ocr_carea' id='block_1_85' title="bbox 1984 2496 3562 2568">
    <p class='ocr_par' dir='ltr' id='par_1_85' title="bbox 1984 2496 3562 2568">
     <span class='ocr_line' id='line_1_85' title="bbox 1984 2496 3562 2568; baseline -0.001 -16"><span class='ocrx_word' id='word_1_652' title='bbox 1984 2498 2055 2553; x_wconf 86' lang='grc' dir='ltr'><strong>τὰ</strong></span> <span class='ocrx_word' id='word_1_653' title='bbox 2088 2498 2239 2553; x_wconf 80' lang='grc' dir='ltr'><strong>κατά</strong></span> <span class='ocrx_word' id='word_1_654' title='bbox 2256 2499 2353 2568; x_wconf 82' lang='grc' dir='ltr'><strong>τὴν</strong></span> <span class='ocrx_word' id='word_1_655' title='bbox 2380 2499 2557 2568; x_wconf 89' lang='grc' dir='ltr'><strong>χήραν</strong></span> <span class='ocrx_word' id='word_1_656' title='bbox 2585 2514 2600 2529; x_wconf 75' lang='grc' dir='ltr'><strong>ο</strong></span> <span class='ocrx_word' id='word_1_657' title='bbox 2632 2498 2797 2552; x_wconf 88' lang='grc' dir='ltr'><strong>καλὸν</strong></span> <span class='ocrx_word' id='word_1_658' title='bbox 2826 2497 2915 2551; x_wconf 76' lang='grc' dir='ltr'><strong>ἀεὶ</strong></span> <span class='ocrx_word' id='word_1_659' title='bbox 2935 2496 3125 2567; x_wconf 87' lang='grc' dir='ltr'><strong>φέρειν</strong></span> <span class='ocrx_word' id='word_1_660' title='bbox 3153 2498 3310 2552; x_wconf 89' lang='grc' dir='ltr'><strong>τοῦτο</strong></span> <span class='ocrx_word' id='word_1_661' title='bbox 3337 2498 3398 2551; x_wconf 84' lang='grc' dir='ltr'><strong>τὸ</strong></span> <span class='ocrx_word' id='word_1_662' title='bbox 3430 2499 3562 2552; x_wconf 71' lang='lat'><em>61:6-</em></span> 
     </span>
    </p>
   </div>
   <div class='ocr_carea' id='block_1_86' title="bbox 1985 2579 3563 2652">
    <p class='ocr_par' dir='ltr' id='par_1_86' title="bbox 1985 2579 3563 2652">
     <span class='ocr_line' id='line_1_86' title="bbox 1985 2579 3563 2652; baseline 0 -18"><span class='ocrx_word' id='word_1_663' title='bbox 1985 2582 2210 2651; x_wconf 90' lang='grc' dir='ltr'><strong>δειγμα,</strong></span> <span class='ocrx_word' id='word_1_664' title='bbox 2242 2581 2330 2634; x_wconf 80' lang='grc' dir='ltr'><strong>ἴνα</strong></span> <span class='ocrx_word' id='word_1_665' title='bbox 2367 2580 2503 2650; x_wconf 86' lang='grc' dir='ltr'><strong>μηδέ</strong></span> <span class='ocrx_word' id='word_1_666' title='bbox 2526 2581 2554 2634; x_wconf 93' lang='lat'><strong>6</strong></span> <span class='ocrx_word' id='word_1_667' title='bbox 2584 2580 2751 2651; x_wconf 83' lang='grc' dir='ltr'><strong>πένης</strong></span> <span class='ocrx_word' id='word_1_668' title='bbox 2774 2579 3126 2652; x_wconf 81' lang='grc' dir='ltr'><strong>ἀπογινώσκῃ</strong></span> <span class='ocrx_word' id='word_1_669' title='bbox 3176 2579 3390 2643; x_wconf 81' lang='grc' dir='ltr'><strong>ἐαυτοῦ,</strong></span> <span class='ocrx_word' id='word_1_670' title='bbox 3420 2579 3563 2650; x_wconf 88' lang='grc' dir='ltr'><strong>ὀρῶν</strong></span> 
     </span>
    </p>
   </div>
   <div class='ocr_carea' id='block_1_87' title="bbox 1986 2661 3564 2734">
    <p class='ocr_par' dir='ltr' id='par_1_87' title="bbox 1986 2661 3564 2734">
     <span class='ocr_line' id='line_1_87' title="bbox 1986 2661 3564 2734; baseline -0.001 -18"><span class='ocrx_word' id='word_1_671' title='bbox 1986 2665 2067 2726; x_wconf 88' lang='grc' dir='ltr'><strong>εἰς</strong></span> <span class='ocrx_word' id='word_1_672' title='bbox 2091 2662 2191 2734; x_wconf 85' lang='grc' dir='ltr'><strong>τὴν</strong></span> <span class='ocrx_word' id='word_1_673' title='bbox 2220 2662 2290 2715; x_wconf 81' lang='grc' dir='ltr'><strong>τὰ</strong></span> <span class='ocrx_word' id='word_1_674' title='bbox 2310 2662 2405 2716; x_wconf 90' lang='grc' dir='ltr'><strong>δύο</strong></span> <span class='ocrx_word' id='word_1_675' title='bbox 2449 2662 2622 2715; x_wconf 87' lang='grc' dir='ltr'><strong>λεπτά</strong></span> <span class='ocrx_word' id='word_1_676' title='bbox 2648 2661 3084 2717; x_wconf 87' lang='grc' dir='ltr'><strong>καταϐαλοῦσαν.</strong></span> <span class='ocrx_word' id='word_1_677' title='bbox 3120 2662 3397 2731; x_wconf 83' lang='grc' dir='ltr'><strong>Ἠνεγκάν</strong></span> <span class='ocrx_word' id='word_1_678' title='bbox 3419 2678 3564 2726; x_wconf 88' lang='grc' dir='ltr'><strong>τινες</strong></span> 
     </span>
    </p>
   </div>
   <div class='ocr_carea' id='block_1_88' title="bbox 1986 2741 3562 2817">
    <p class='ocr_par' dir='ltr' id='par_1_88' title="bbox 1986 2741 3562 2817">
     <span class='ocr_line' id='line_1_88' title="bbox 1986 2741 3562 2817; baseline -0.001 -16"><span class='ocrx_word' id='word_1_679' title='bbox 1986 2747 2080 2801; x_wconf 73' lang='grc' dir='ltr'><strong>καὶ</strong></span> <span class='ocrx_word' id='word_1_680' title='bbox 2113 2747 2310 2816; x_wconf 86' lang='grc' dir='ltr'><strong>τρίχας</strong></span> <span class='ocrx_word' id='word_1_681' title='bbox 2336 2747 2396 2800; x_wconf 90' lang='grc' dir='ltr'><strong>ἐν</strong></span> <span class='ocrx_word' id='word_1_682' title='bbox 2426 2749 2494 2817; x_wconf 80' lang='grc' dir='ltr'><strong>τῇ</strong></span> <span class='ocrx_word' id='word_1_683' title='bbox 2511 2745 2606 2800; x_wconf 89' lang='grc' dir='ltr'><strong>τοῦ</strong></span> <span class='ocrx_word' id='word_1_684' title='bbox 2628 2746 2757 2801; x_wconf 89' lang='grc' dir='ltr'><strong>ναοῦ</strong></span> <span class='ocrx_word' id='word_1_685' title='bbox 2787 2750 3123 2815; x_wconf 85' lang='grc' dir='ltr'><strong>κατασκευῇ,</strong></span> <span class='ocrx_word' id='word_1_686' title='bbox 3151 2746 3246 2800; x_wconf 83' lang='grc' dir='ltr'><strong>καί</strong></span> <span class='ocrx_word' id='word_1_687' title='bbox 3268 2747 3387 2801; x_wconf 86' lang='grc' dir='ltr'><strong>οὐδὲ</strong></span> <span class='ocrx_word' id='word_1_688' title='bbox 3418 2741 3562 2801; x_wconf 72' lang='grc' dir='ltr'><strong>οὗτοι</strong></span> 
     </span>
    </p>
   </div>
   <div class='ocr_carea' id='block_1_89' title="bbox 1986 2830 3561 2902">
    <p class='ocr_par' dir='ltr' id='par_1_89' title="bbox 1986 2830 3561 2902">
     <span class='ocr_line' id='line_1_89' title="bbox 1986 2830 3561 2902; baseline -0.001 -18"><span class='ocrx_word' id='word_1_689' title='bbox 1986 2830 2402 2902; x_wconf 86' lang='grc' dir='ltr'><strong>ἀπεϐλήθησαν.</strong></span> <span class='ocrx_word' id='word_1_690' title='bbox 2446 2830 2588 2884; x_wconf 80' lang='grc' dir='ltr'><strong>Ἀλλ’</strong></span> <span class='ocrx_word' id='word_1_691' title='bbox 2620 2832 2670 2883; x_wconf 89' lang='grc' dir='ltr'><strong>εἰ</strong></span> <span class='ocrx_word' id='word_1_692' title='bbox 2709 2831 2807 2901; x_wconf 82' lang='grc' dir='ltr'><strong>μὲν</strong></span> <span class='ocrx_word' id='word_1_693' title='bbox 2832 2831 3053 2901; x_wconf 85' lang='grc' dir='ltr'><strong>χρυσίον</strong></span> <span class='ocrx_word' id='word_1_694' title='bbox 3086 2830 3320 2901; x_wconf 79' lang='grc' dir='ltr'><strong>ἔχοντες,</strong></span> <span class='ocrx_word' id='word_1_695' title='bbox 3368 2831 3561 2900; x_wconf 86' lang='grc' dir='ltr'><strong>τρίχας</strong></span> 
     </span>
    </p>
   </div>
   <div class='ocr_carea' id='block_1_90' title="bbox 1980 2912 3560 2985">
    <p class='ocr_par' dir='ltr' id='par_1_90' title="bbox 1980 2912 3560 2985">
     <span class='ocr_line' id='line_1_90' title="bbox 1980 2912 3560 2985; baseline 0.002 -21"><span class='ocrx_word' id='word_1_696' title='bbox 1980 2912 2197 2985; x_wconf 79' lang='grc' dir='ltr'><strong>ἔφερον,</strong></span> <span class='ocrx_word' id='word_1_697' title='bbox 2254 2912 2680 2985; x_wconf 83' lang='grc' dir='ltr'><strong>ἐπικατάρατοι·</strong></span> <span class='ocrx_word' id='word_1_698' title='bbox 2718 2913 2847 2967; x_wconf 74' lang='grc' dir='ltr'><strong>εἰδὲ</strong></span> <span class='ocrx_word' id='word_1_699' title='bbox 2885 2914 3048 2967; x_wconf 86' lang='grc' dir='ltr'><strong>τοῦτο</strong></span> <span class='ocrx_word' id='word_1_700' title='bbox 3096 2914 3311 2983; x_wconf 74' lang='grc' dir='ltr'><strong>ἔχοντες</strong></span> <span class='ocrx_word' id='word_1_701' title='bbox 3364 2912 3560 2982; x_wconf 90' lang='grc' dir='ltr'><strong>μόνον,</strong></span> 
     </span>
    </p>
   </div>
   <div class='ocr_carea' id='block_1_91' title="bbox 1980 2995 3561 3066">
    <p class='ocr_par' dir='ltr' id='par_1_91' title="bbox 1980 2995 3561 3066">
     <span class='ocr_line' id='line_1_91' title="bbox 1980 2995 3561 3066; baseline -0.001 -17"><span class='ocrx_word' id='word_1_702' title='bbox 1980 2995 2139 3049; x_wconf 89' lang='grc' dir='ltr'><strong>τοῦτο</strong></span> <span class='ocrx_word' id='word_1_703' title='bbox 2190 2996 2460 3066; x_wconf 70' lang='grc' dir='ltr'><strong>ἤνεγκαν,</strong></span> <span class='ocrx_word' id='word_1_704' title='bbox 2523 2996 2829 3051; x_wconf 86' lang='grc' dir='ltr'><strong>ἀπόδεκτοι.</strong></span> <span class='ocrx_word' id='word_1_705' title='bbox 2876 2996 2975 3049; x_wconf 87' lang='grc' dir='ltr'><strong>Διά</strong></span> <span class='ocrx_word' id='word_1_706' title='bbox 3027 2996 3185 3049; x_wconf 87' lang='grc' dir='ltr'><strong>τοῦτο</strong></span> <span class='ocrx_word' id='word_1_707' title='bbox 3239 2996 3334 3050; x_wconf 77' lang='grc' dir='ltr'><strong>καὶ</strong></span> <span class='ocrx_word' id='word_1_708' title='bbox 3361 2997 3389 3048; x_wconf 90' lang='grc' dir='ltr'><strong>ὀ</strong></span> <span class='ocrx_word' id='word_1_709' title='bbox 3421 2996 3561 3049; x_wconf 82' lang='grc' dir='ltr'><strong>Κὰῖν</strong></span> 
     </span>
    </p>
   </div>
   <div class='ocr_carea' id='block_1_92' title="bbox 1983 3076 3563 3149">
    <p class='ocr_par' dir='ltr' id='par_1_92' title="bbox 1983 3076 3563 3149">
     <span class='ocr_line' id='line_1_92' title="bbox 1983 3076 3563 3149; baseline 0 -19"><span class='ocrx_word' id='word_1_710' title='bbox 1983 3077 2268 3148; x_wconf 88' lang='grc' dir='ltr'><strong>ἐμέμφθη,</strong></span> <span class='ocrx_word' id='word_1_711' title='bbox 2294 3077 2395 3133; x_wconf 89' lang='grc' dir='ltr'><strong>οὐκ</strong></span> <span class='ocrx_word' id='word_1_712' title='bbox 2412 3077 2602 3149; x_wconf 83' lang='grc' dir='ltr'><strong>ἐπειδὴ</strong></span> <span class='ocrx_word' id='word_1_713' title='bbox 2618 3077 2795 3146; x_wconf 84' lang='grc' dir='ltr'><strong>φαῦλα</strong></span> <span class='ocrx_word' id='word_1_714' title='bbox 2816 3079 3214 3149; x_wconf 87' lang='grc' dir='ltr'><strong>προσήνεγκεν,</strong></span> <span class='ocrx_word' id='word_1_715' title='bbox 3237 3077 3349 3130; x_wconf 81' lang='grc' dir='ltr'><strong>ἀλλ’</strong></span> <span class='ocrx_word' id='word_1_716' title='bbox 3373 3076 3563 3146; x_wconf 79' lang='grc' dir='ltr'><strong>ἐπειδὴ</strong></span> 
     </span>
    </p>
   </div>
   <div class='ocr_carea' id='block_1_93' title="bbox 1981 3154 3563 3232">
    <p class='ocr_par' dir='ltr' id='par_1_93' title="bbox 1981 3154 3563 3232">
     <span class='ocr_line' id='line_1_93' title="bbox 1981 3154 3563 3232; baseline -0.001 -18"><span class='ocrx_word' id='word_1_717' title='bbox 1981 3154 2056 3214; x_wconf 85' lang='grc' dir='ltr'><strong>ὧν</strong></span> <span class='ocrx_word' id='word_1_718' title='bbox 2076 3157 2269 3230; x_wconf 78' lang='grc' dir='ltr'><strong>εἶχετά</strong></span> <span class='ocrx_word' id='word_1_719' title='bbox 2290 3161 2596 3232; x_wconf 87' lang='grc' dir='ltr'><strong>φαυλότερα</strong></span> <span class='ocrx_word' id='word_1_720' title='bbox 2614 3178 2626 3191; x_wconf 89' lang='grc'><strong>·</strong></span> <span class='ocrx_word' id='word_1_721' title='bbox 2648 3160 3129 3229; x_wconf 81' lang='grc' dir='ltr'><strong>Ἐπικατάρατος,</strong></span> <span class='ocrx_word' id='word_1_722' title='bbox 3153 3160 3339 3229; x_wconf 76' lang='grc' dir='ltr'><strong>φησὶν,</strong></span> <span class='ocrx_word' id='word_1_723' title='bbox 3354 3158 3423 3224; x_wconf 81' lang='grc' dir='ltr'><strong>ὃς</strong></span> <span class='ocrx_word' id='word_1_724' title='bbox 3438 3158 3563 3227; x_wconf 77' lang='grc' dir='ltr'><strong>ἔχει</strong></span> 
     </span>
    </p>
   </div>
   <div class='ocr_carea' id='block_1_94' title="bbox 1941 3238 3563 3321">
    <p class='ocr_par' dir='ltr' id='par_1_94' title="bbox 1941 3238 3563 3321">
     <span class='ocr_line' id='line_1_94' title="bbox 1941 3238 3563 3321; baseline -0.002 -24"><span class='ocrx_word' id='word_1_725' title='bbox 1941 3314 1948 3321; x_wconf 33' lang='grc'>.</span> <span class='ocrx_word' id='word_1_726' title='bbox 1981 3243 2193 3312; x_wconf 77' lang='grc' dir='ltr'><strong>ἄρσεν,</strong></span> <span class='ocrx_word' id='word_1_727' title='bbox 2215 3242 2312 3297; x_wconf 78' lang='grc' dir='ltr'><strong>καὶ</strong></span> <span class='ocrx_word' id='word_1_728' title='bbox 2332 3243 2459 3298; x_wconf 80' lang='grc' dir='ltr'><strong>θύει</strong></span> <span class='ocrx_word' id='word_1_729' title='bbox 2469 3242 2900 3313; x_wconf 69' lang='grc' dir='ltr'><strong>διεφθαρμένον</strong></span> <span class='ocrx_word' id='word_1_730' title='bbox 2914 3238 2994 3310; x_wconf 78' lang='grc' dir='ltr'><strong>τῷ</strong></span> <span class='ocrx_word' id='word_1_731' title='bbox 3010 3241 3152 3308; x_wconf 73' lang='grc' dir='ltr'><strong>Θεῷ,</strong></span> <span class='ocrx_word' id='word_1_732' title='bbox 3171 3242 3283 3311; x_wconf 89' lang='grc' dir='ltr'><strong>Οὐχ</strong></span> <span class='ocrx_word' id='word_1_733' title='bbox 3295 3240 3478 3305; x_wconf 81' lang='grc' dir='ltr'><strong>ἁπλῶς</strong></span> <span class='ocrx_word' id='word_1_734' title='bbox 3492 3238 3563 3294; x_wconf 78' lang='grc' dir='ltr'><strong>εἰ·</strong></span> 
     </span>
    </p>
   </div>
   <div class='ocr_carea' id='block_1_95' title="bbox 1984 3324 3561 3397">
    <p class='ocr_par' dir='ltr' id='par_1_95' title="bbox 1984 3324 3561 3397">
     <span class='ocr_line' id='line_1_95' title="bbox 1984 3324 3561 3397; baseline -0.001 -17"><span class='ocrx_word' id='word_1_735' title='bbox 1984 3344 2109 3391; x_wconf 88' lang='grc' dir='ltr'><strong>πεν,</strong></span> <span class='ocrx_word' id='word_1_736' title='bbox 2142 3326 2257 3380; x_wconf 86' lang='grc' dir='ltr'><strong>ἀλλ’</strong></span> <span class='ocrx_word' id='word_1_737' title='bbox 2275 3326 2479 3396; x_wconf 82' lang='grc' dir='ltr'><strong>ὀέχων,</strong></span> <span class='ocrx_word' id='word_1_738' title='bbox 2509 3326 2667 3397; x_wconf 74' lang='grc' dir='ltr'><strong>φησί,</strong></span> <span class='ocrx_word' id='word_1_739' title='bbox 2697 3328 2794 3380; x_wconf 74' lang='grc' dir='ltr'><strong>καὶ</strong></span> <span class='ocrx_word' id='word_1_740' title='bbox 2824 3326 3162 3397; x_wconf 86' lang='grc' dir='ltr'><strong>φειδόμενος.</strong></span> <span class='ocrx_word' id='word_1_741' title='bbox 3191 3325 3255 3378; x_wconf 88' lang='grc' dir='ltr'><strong>Εἰ</strong></span> <span class='ocrx_word' id='word_1_742' title='bbox 3281 3324 3460 3376; x_wconf 89' lang='grc' dir='ltr'><strong>τοίνυν</strong></span> <span class='ocrx_word' id='word_1_743' title='bbox 3477 3340 3561 3388; x_wconf 83' lang='grc' dir='ltr'><strong>τις</strong></span> 
     </span>
    </p>
   </div>
   <div class='ocr_carea' id='block_1_96' title="bbox 1983 3406 3560 3480">
    <p class='ocr_par' dir='ltr' id='par_1_96' title="bbox 1983 3406 3560 3480">
     <span class='ocr_line' id='line_1_96' title="bbox 1983 3406 3560 3480; baseline -0.001 -18"><span class='ocrx_word' id='word_1_744' title='bbox 1983 3406 2086 3463; x_wconf 86' lang='grc' dir='ltr'><strong>οὐκ</strong></span> <span class='ocrx_word' id='word_1_745' title='bbox 2119 3408 2254 3480; x_wconf 78' lang='grc' dir='ltr'><strong>ἔχει,</strong></span> <span class='ocrx_word' id='word_1_746' title='bbox 2288 3408 2634 3479; x_wconf 86' lang='grc' dir='ltr'><strong>ἀπήλλακται</strong></span> <span class='ocrx_word' id='word_1_747' title='bbox 2672 3409 2769 3463; x_wconf 74' lang='grc' dir='ltr'><strong>καί⁵</strong></span> <span class='ocrx_word' id='word_1_748' title='bbox 2822 3407 3205 3480; x_wconf 87' lang='grc' dir='ltr'><strong>ἐγκλημάτων,</strong></span> <span class='ocrx_word' id='word_1_749' title='bbox 3268 3406 3464 3477; x_wconf 83' lang='grc' dir='ltr'><strong>μᾶλλον</strong></span> <span class='ocrx_word' id='word_1_750' title='bbox 3502 3406 3560 3460; x_wconf 89' lang='grc' dir='ltr'><strong>δέ</strong></span> 
     </span>
    </p>
   </div>
   <div class='ocr_carea' id='block_1_97' title="bbox 1981 3490 3559 3563">
    <p class='ocr_par' dir='ltr' id='par_1_97' title="bbox 1981 3490 3559 3563">
     <span class='ocr_line' id='line_1_97' title="bbox 1981 3490 3559 3563; baseline -0.001 -18"><span class='ocrx_word' id='word_1_751' title='bbox 1981 3491 2097 3562; x_wconf 78' lang='grc' dir='ltr'><strong>ἔχει</strong></span> <span class='ocrx_word' id='word_1_752' title='bbox 2146 3492 2358 3563; x_wconf 90' lang='grc' dir='ltr'><strong>μισθόν.</strong></span> <span class='ocrx_word' id='word_1_753' title='bbox 2391 3491 2457 3545; x_wconf 89' lang='grc' dir='ltr'><strong>Τί</strong></span> <span class='ocrx_word' id='word_1_754' title='bbox 2485 3492 2593 3563; x_wconf 81' lang='grc' dir='ltr'><strong>γὰρ</strong></span> <span class='ocrx_word' id='word_1_755' title='bbox 2625 3491 2719 3559; x_wconf 87' lang='grc' dir='ltr'><strong>δύο</strong></span> <span class='ocrx_word' id='word_1_756' title='bbox 2776 3491 2980 3548; x_wconf 90' lang='grc' dir='ltr'><strong>ὀϐολῶν</strong></span> <span class='ocrx_word' id='word_1_757' title='bbox 3035 3490 3434 3560; x_wconf 78' lang='grc' dir='ltr'><strong>εὐτελέστερον,</strong></span> <span class='ocrx_word' id='word_1_758' title='bbox 3464 3490 3559 3545; x_wconf 79' lang='grc' dir='ltr'><strong>καὶ</strong></span> 
     </span>
    </p>
   </div>
   <div class='ocr_carea' id='block_1_98' title="bbox 1980 3571 3552 3646">
    <p class='ocr_par' dir='ltr' id='par_1_98' title="bbox 1980 3571 3552 3646">
     <span class='ocr_line' id='line_1_98' title="bbox 1980 3571 3552 3646; baseline -0.001 -19"><span class='ocrx_word' id='word_1_759' title='bbox 1980 3574 2185 3645; x_wconf 87' lang='grc' dir='ltr'><strong>τριχῶν</strong></span> <span class='ocrx_word' id='word_1_760' title='bbox 2219 3574 2675 3646; x_wconf 82' lang='grc' dir='ltr'><strong>οὐδαμινέστερον</strong></span> <span class='ocrx_word' id='word_1_761' title='bbox 2700 3593 2713 3643; x_wconf 91' lang='grc'><strong>;</strong></span> <span class='ocrx_word' id='word_1_762' title='bbox 2748 3577 2802 3630; x_wconf 92' lang='grc' dir='ltr'><strong>τί</strong></span> <span class='ocrx_word' id='word_1_763' title='bbox 2831 3575 2888 3627; x_wconf 84' lang='grc' dir='ltr'><strong>δὲ</strong></span> <span class='ocrx_word' id='word_1_764' title='bbox 2918 3574 3247 3643; x_wconf 85' lang='grc' dir='ltr'><strong>σεμιδάλεως</strong></span> <span class='ocrx_word' id='word_1_765' title='bbox 3276 3571 3506 3642; x_wconf 88' lang='grc' dir='ltr'><strong>κοτύλης</strong></span> <span class='ocrx_word' id='word_1_766' title='bbox 3537 3588 3552 3637; x_wconf 91' lang='lat'><strong>;</strong></span> 
     </span>
    </p>
   </div>
   <div class='ocr_carea' id='block_1_99' title="bbox 1952 3653 3558 3735">
    <p class='ocr_par' dir='ltr' id='par_1_99' title="bbox 1952 3653 3558 3735">
     <span class='ocr_line' id='line_1_99' title="bbox 1952 3653 3558 3735; baseline -0.001 -26"><span class='ocrx_word' id='word_1_767' title='bbox 1952 3727 1957 3735; x_wconf 30' lang='grc' dir='ltr'>ν</span> <span class='ocrx_word' id='word_1_768' title='bbox 1983 3656 2098 3709; x_wconf 80' lang='grc' dir='ltr'><strong>ἀλλ’</strong></span> <span class='ocrx_word' id='word_1_769' title='bbox 2109 3658 2258 3727; x_wconf 84' lang='grc' dir='ltr'><strong>ὅμως</strong></span> <span class='ocrx_word' id='word_1_770' title='bbox 2267 3657 2443 3711; x_wconf 91' lang='grc' dir='ltr'><strong>ταῦτα</strong></span> <span class='ocrx_word' id='word_1_771' title='bbox 2456 3657 3034 3729; x_wconf 65' lang='grc' dir='ltr'><strong>ηωοκίμησενξόμοίως</strong></span> <span class='ocrx_word' id='word_1_772' title='bbox 3044 3658 3155 3719; x_wconf 87' lang='grc' dir='ltr'><strong>τοῖς</strong></span> <span class='ocrx_word' id='word_1_773' title='bbox 3170 3653 3319 3726; x_wconf 71' lang='grc'><strong>[301]</strong></span> <span class='ocrx_word' id='word_1_774' title='bbox 3336 3654 3558 3724; x_wconf 85' lang='grc' dir='ltr'><strong>μόσχοις</strong></span> 
     </span>
    </p>
   </div>
   <div class='ocr_carea' id='block_1_100' title="bbox 1982 3736 3554 3810">
    <p class='ocr_par' dir='ltr' id='par_1_100' title="bbox 1982 3736 3554 3810">
     <span class='ocr_line' id='line_1_100' title="bbox 1982 3736 3554 3810; baseline -0.002 -17"><span class='ocrx_word' id='word_1_775' title='bbox 1982 3738 2171 3809; x_wconf 78' lang='grc' dir='ltr'><strong>καὶτῷ</strong></span> <span class='ocrx_word' id='word_1_776' title='bbox 2188 3740 2418 3810; x_wconf 87' lang='grc' dir='ltr'><strong>χρυσίῳ.</strong></span> <span class='ocrx_word' id='word_1_777' title='bbox 2453 3740 2593 3796; x_wconf 84' lang='grc' dir='ltr'><strong>Καθ’</strong></span> <span class='ocrx_word' id='word_1_778' title='bbox 2610 3739 2642 3793; x_wconf 83' lang='lat'><strong>6</strong></span> <span class='ocrx_word' id='word_1_779' title='bbox 2659 3740 2770 3810; x_wconf 80' lang='grc' dir='ltr'><strong>γὰρ</strong></span> <span class='ocrx_word' id='word_1_780' title='bbox 2794 3740 2919 3806; x_wconf 76' lang='grc' dir='ltr'><strong>ἔχει</strong></span> <span class='ocrx_word' id='word_1_781' title='bbox 2945 3756 3056 3806; x_wconf 83' lang='grc' dir='ltr'><strong>τις,</strong></span> <span class='ocrx_word' id='word_1_782' title='bbox 3090 3736 3554 3804; x_wconf 77' lang='grc' dir='ltr'><strong>εὐπρόσδεκτος,</strong></span> 
     </span>
    </p>
   </div>
   <div class='ocr_carea' id='block_1_101' title="bbox 1982 3819 3555 3890">
    <p class='ocr_par' dir='ltr' id='par_1_101' title="bbox 1982 3819 3555 3890">
     <span class='ocr_line' id='line_1_101' title="bbox 1982 3819 3555 3890; baseline -0.002 -15"><span class='ocrx_word' id='word_1_783' title='bbox 1982 3824 2054 3877; x_wconf 88' lang='grc' dir='ltr'><strong>οὐ</strong></span> <span class='ocrx_word' id='word_1_784' title='bbox 2102 3821 2409 3876; x_wconf 81' lang='grc' dir='ltr'><strong>καθ’ὃούκ</strong></span> <span class='ocrx_word' id='word_1_785' title='bbox 2442 3822 2600 3890; x_wconf 77' lang='grc' dir='ltr'><strong>ἔχει·</strong></span> <span class='ocrx_word' id='word_1_786' title='bbox 2642 3821 2870 3886; x_wconf 44' lang='lat' dir='ltr'><strong>unum</strong></span> <span class='ocrx_word' id='word_1_787' title='bbox 2891 3820 3121 3889; x_wconf 71' lang='grc' dir='ltr'><strong>ἂνὲχῃ,</strong></span> <span class='ocrx_word' id='word_1_788' title='bbox 3153 3820 3393 3890; x_wconf 79' lang='grc' dir='ltr'><strong>φησὶν,ἠ</strong></span> <span class='ocrx_word' id='word_1_789' title='bbox 3424 3819 3555 3888; x_wconf 77' lang='grc' dir='ltr'><strong>χείρ</strong></span> 
     </span>
    </p>
   </div>
   <div class='ocr_carea' id='block_1_102' title="bbox 1982 3900 3554 3975">
    <p class='ocr_par' dir='ltr' id='par_1_102' title="bbox 1982 3900 3554 3975">
     <span class='ocr_line' id='line_1_102' title="bbox 1982 3900 3554 3975; baseline -0.004 -16"><span class='ocrx_word' id='word_1_790' title='bbox 1982 3920 2121 3971; x_wconf 87' lang='grc' dir='ltr'><strong>σου,</strong></span> <span class='ocrx_word' id='word_1_791' title='bbox 2146 3900 2216 3959; x_wconf 86' lang='grc' dir='ltr'><strong>εὖ</strong></span> <span class='ocrx_word' id='word_1_792' title='bbox 2235 3906 2395 3959; x_wconf 85' lang='grc' dir='ltr'><strong>ποίει</strong></span> <span class='ocrx_word' id='word_1_793' title='bbox 2416 3923 2431 3935; x_wconf 72' lang='grc' dir='ltr'><strong><em>ο</em></strong></span> <span class='ocrx_word' id='word_1_794' title='bbox 2445 3905 2547 3973; x_wconf 89' lang='grc' dir='ltr'><strong>διὸ,</strong></span> <span class='ocrx_word' id='word_1_795' title='bbox 2577 3903 2903 3975; x_wconf 89' lang='grc' dir='ltr'><strong>παρακαλῶ,</strong></span> <span class='ocrx_word' id='word_1_796' title='bbox 2917 3902 3243 3973; x_wconf 85' lang='grc' dir='ltr'><strong>κενώσωμεν</strong></span> <span class='ocrx_word' id='word_1_797' title='bbox 3259 3901 3554 3975; x_wconf 82' lang='grc' dir='ltr'><strong>προθύμως</strong></span> 
     </span>
    </p>
   </div>
   <div class='ocr_carea' id='block_1_103' title="bbox 1964 3980 3554 4059">
    <p class='ocr_par' dir='ltr' id='par_1_103' title="bbox 1964 3980 3554 4059">
     <span class='ocr_line' id='line_1_103' title="bbox 1964 3980 3554 4059; baseline -0.003 -18"><span class='ocrx_word' id='word_1_798' title='bbox 1964 3987 2053 4041; x_wconf 57' lang='grc' dir='ltr'><strong>τὰ</strong></span> <span class='ocrx_word' id='word_1_799' title='bbox 2067 3987 2196 4041; x_wconf 82' lang='grc' dir='ltr'><strong>ὀντα</strong></span> <span class='ocrx_word' id='word_1_800' title='bbox 2212 3989 2292 4050; x_wconf 85' lang='grc' dir='ltr'><strong>εἰς</strong></span> <span class='ocrx_word' id='word_1_801' title='bbox 2305 3988 2433 4050; x_wconf 84' lang='grc' dir='ltr'><strong>τούς</strong></span> <span class='ocrx_word' id='word_1_802' title='bbox 2450 3986 2710 4056; x_wconf 82' lang='grc' dir='ltr'><strong>πένητας·</strong></span> <span class='ocrx_word' id='word_1_803' title='bbox 2731 3986 2832 4040; x_wconf 81' lang='grc' dir='ltr'><strong>κᾶν</strong></span> <span class='ocrx_word' id='word_1_804' title='bbox 2853 3985 3010 4054; x_wconf 89' lang='grc' dir='ltr'><strong>ὀλίγα</strong></span> <span class='ocrx_word' id='word_1_805' title='bbox 3025 3980 3080 4059; x_wconf 80' lang='grc' dir='ltr'><strong>ᾗ,</strong></span> <span class='ocrx_word' id='word_1_806' title='bbox 3097 3985 3187 4039; x_wconf 87' lang='grc' dir='ltr'><strong>τὸν</strong></span> <span class='ocrx_word' id='word_1_807' title='bbox 3204 3985 3365 4038; x_wconf 88' lang='grc' dir='ltr'><strong>αὐτὸν</strong></span> <span class='ocrx_word' id='word_1_808' title='bbox 3384 3984 3554 4053; x_wconf 83' lang='grc' dir='ltr'><strong>ληψό-</strong></span> 
     </span>
    </p>
   </div>
   <div class='ocr_carea' id='block_1_104' title="bbox 1988 4067 3554 4142">
    <p class='ocr_par' dir='ltr' id='par_1_104' title="bbox 1988 4067 3554 4142">
     <span class='ocr_line' id='line_1_104' title="bbox 1988 4067 3554 4142; baseline -0.004 -17"><span class='ocrx_word' id='word_1_809' title='bbox 1988 4072 2128 4142; x_wconf 86' lang='grc' dir='ltr'><strong>μεθα</strong></span> <span class='ocrx_word' id='word_1_810' title='bbox 2155 4071 2346 4139; x_wconf 81' lang='grc' dir='ltr'><strong>μισθὸν</strong></span> <span class='ocrx_word' id='word_1_811' title='bbox 2379 4073 2493 4134; x_wconf 83' lang='grc' dir='ltr'><strong>τοῖς</strong></span> <span class='ocrx_word' id='word_1_812' title='bbox 2531 4070 2599 4123; x_wconf 86' lang='grc' dir='ltr'><strong>τὰ</strong></span> <span class='ocrx_word' id='word_1_813' title='bbox 2627 4070 2848 4123; x_wconf 89' lang='grc' dir='ltr'><strong>πλείονα</strong></span> <span class='ocrx_word' id='word_1_814' title='bbox 2880 4068 3298 4130; x_wconf 87' lang='grc' dir='ltr'><strong>καταϐάλλουσι,</strong></span> <span class='ocrx_word' id='word_1_815' title='bbox 3355 4067 3554 4138; x_wconf 79' lang='grc' dir='ltr'><strong>μᾶλλον</strong></span> 
     </span>
    </p>
   </div>
   <div class='ocr_carea' id='block_1_105' title="bbox 1986 4151 3554 4222">
    <p class='ocr_par' dir='ltr' id='par_1_105' title="bbox 1986 4151 3554 4222">
     <span class='ocr_line' id='line_1_105' title="bbox 1986 4151 3554 4222; baseline -0.004 -13"><span class='ocrx_word' id='word_1_816' title='bbox 1986 4154 2046 4209; x_wconf 86' lang='grc' dir='ltr'><strong>δὲ</strong></span> <span class='ocrx_word' id='word_1_817' title='bbox 2072 4152 2295 4208; x_wconf 89' lang='grc' dir='ltr'><strong>πλείονα</strong></span> <span class='ocrx_word' id='word_1_818' title='bbox 2331 4152 2442 4206; x_wconf 91' lang='grc' dir='ltr'><strong>τῶν</strong></span> <span class='ocrx_word' id='word_1_819' title='bbox 2472 4152 2644 4222; x_wconf 91' lang='grc' dir='ltr'><strong>μυρία</strong></span> <span class='ocrx_word' id='word_1_820' title='bbox 2687 4152 2927 4206; x_wconf 85' lang='grc' dir='ltr'><strong>τάλαντα</strong></span> <span class='ocrx_word' id='word_1_821' title='bbox 2958 4151 3425 4205; x_wconf 79' lang='grc' dir='ltr'><strong>καταϐαλλόντων.</strong></span> <span class='ocrx_word' id='word_1_822' title='bbox 3456 4151 3554 4203; x_wconf 80' lang='lat' dir='ltr'><strong>&#39;A-v</strong></span> 
     </span>
    </p>
   </div>
   <div class='ocr_carea' id='block_1_106' title="bbox 1981 4233 3554 4306">
    <p class='ocr_par' dir='ltr' id='par_1_106' title="bbox 1981 4233 3554 4306">
     <span class='ocr_line' id='line_1_106' title="bbox 1981 4233 3554 4306; baseline -0.003 -16"><span class='ocrx_word' id='word_1_823' title='bbox 1981 4236 2157 4292; x_wconf 86' lang='grc' dir='ltr'><strong>ταῦτα</strong></span> <span class='ocrx_word' id='word_1_824' title='bbox 2183 4235 2448 4306; x_wconf 89' lang='grc' dir='ltr'><strong>ποιῶμεν,</strong></span> <span class='ocrx_word' id='word_1_825' title='bbox 2473 4233 2866 4303; x_wconf 82' lang='grc' dir='ltr'><strong>ἐπιτευξόμεθα</strong></span> <span class='ocrx_word' id='word_1_826' title='bbox 2886 4234 2993 4288; x_wconf 90' lang='grc' dir='ltr'><strong>τῶν</strong></span> <span class='ocrx_word' id='word_1_827' title='bbox 3018 4235 3240 4302; x_wconf 83' lang='grc' dir='ltr'><strong>ἀφάτων</strong></span> <span class='ocrx_word' id='word_1_828' title='bbox 3264 4233 3554 4302; x_wconf 89' lang='grc' dir='ltr'><strong>θησαυρῶν</strong></span> 
     </span>
    </p>
   </div>
   <div class='ocr_carea' id='block_1_107' title="bbox 1984 4315 3551 4389">
    <p class='ocr_par' dir='ltr' id='par_1_107' title="bbox 1984 4315 3551 4389">
     <span class='ocr_line' id='line_1_107' title="bbox 1984 4315 3551 4389; baseline -0.004 -16"><span class='ocrx_word' id='word_1_829' title='bbox 1984 4319 2076 4373; x_wconf 85' lang='grc' dir='ltr'><strong>τοῦ</strong></span> <span class='ocrx_word' id='word_1_830' title='bbox 2110 4318 2269 4382; x_wconf 86' lang='grc' dir='ltr'><strong>Θεοῦ,</strong></span> <span class='ocrx_word' id='word_1_831' title='bbox 2302 4319 2368 4372; x_wconf 85' lang='grc' dir='ltr'><strong>ἂν</strong></span> <span class='ocrx_word' id='word_1_832' title='bbox 2389 4317 2463 4389; x_wconf 86' lang='grc' dir='ltr'><strong>μὴ</strong></span> <span class='ocrx_word' id='word_1_833' title='bbox 2493 4318 2783 4387; x_wconf 84' lang='grc' dir='ltr'><strong>ἀκούωμεν</strong></span> <span class='ocrx_word' id='word_1_834' title='bbox 2809 4316 2993 4385; x_wconf 91' lang='grc' dir='ltr'><strong>μόνον,</strong></span> <span class='ocrx_word' id='word_1_835' title='bbox 3016 4315 3154 4369; x_wconf 83' lang='grc' dir='ltr'><strong>ἀλλὰ</strong></span> <span class='ocrx_word' id='word_1_836' title='bbox 3175 4317 3269 4370; x_wconf 72' lang='grc' dir='ltr'><strong>καί⁵</strong></span> <span class='ocrx_word' id='word_1_837' title='bbox 3295 4317 3551 4386; x_wconf 61' lang='grc' dir='ltr'><strong>πράττω.</strong></span> 
     </span>
    </p>
   </div>
   <div class='ocr_carea' id='block_1_108' title="bbox 1988 4397 3555 4472">
    <p class='ocr_par' dir='ltr' id='par_1_108' title="bbox 1988 4397 3555 4472">
     <span class='ocr_line' id='line_1_108' title="bbox 1988 4397 3555 4472; baseline -0.002 -18"><span class='ocrx_word' id='word_1_838' title='bbox 1988 4419 2110 4472; x_wconf 92' lang='grc' dir='ltr'><strong>μεν,</strong></span> <span class='ocrx_word' id='word_1_839' title='bbox 2146 4401 2213 4456; x_wconf 83' lang='grc' dir='ltr'><strong>ἂν</strong></span> <span class='ocrx_word' id='word_1_840' title='bbox 2237 4401 2312 4472; x_wconf 82' lang='grc' dir='ltr'><strong>μὴ</strong></span> <span class='ocrx_word' id='word_1_841' title='bbox 2343 4399 2675 4470; x_wconf 86' lang='grc' dir='ltr'><strong>ἐπαινῶμεν,</strong></span> <span class='ocrx_word' id='word_1_842' title='bbox 2705 4398 2840 4452; x_wconf 85' lang='grc' dir='ltr'><strong>ἀλλά</strong></span> <span class='ocrx_word' id='word_1_843' title='bbox 2861 4398 2954 4451; x_wconf 81' lang='grc' dir='ltr'><strong>καί</strong></span> <span class='ocrx_word' id='word_1_844' title='bbox 2984 4397 3070 4451; x_wconf 87' lang='grc' dir='ltr'><strong>διὰ</strong></span> <span class='ocrx_word' id='word_1_845' title='bbox 3102 4398 3209 4451; x_wconf 87' lang='grc' dir='ltr'><strong>τῶν</strong></span> <span class='ocrx_word' id='word_1_846' title='bbox 3231 4398 3408 4468; x_wconf 80' lang='grc' dir='ltr'><strong>ἔργων</strong></span> <span class='ocrx_word' id='word_1_847' title='bbox 3436 4399 3555 4451; x_wconf 89' lang='grc' dir='ltr'><strong>ἐπι-</strong></span> 
     </span>
    </p>
   </div>
   <div class='ocr_carea' id='block_1_109' title="bbox 1984 4476 3549 4553">
    <p class='ocr_par' dir='ltr' id='par_1_109' title="bbox 1984 4476 3549 4553">
     <span class='ocr_line' id='line_1_109' title="bbox 1984 4476 3549 4553; baseline -0.005 -12"><span class='ocrx_word' id='word_1_848' title='bbox 1984 4486 2343 4553; x_wconf 88' lang='grc' dir='ltr'><strong>δεικνύωμεν.</strong></span> <span class='ocrx_word' id='word_1_849' title='bbox 2390 4476 2488 4536; x_wconf 86' lang='grc' dir='ltr'><strong>Ὦν</strong></span> <span class='ocrx_word' id='word_1_850' title='bbox 2540 4483 2749 4551; x_wconf 78' lang='grc' dir='ltr'><strong>γένοιτο</strong></span> <span class='ocrx_word' id='word_1_851' title='bbox 2797 4481 3002 4543; x_wconf 84' lang='grc' dir='ltr'><strong>πάντας</strong></span> <span class='ocrx_word' id='word_1_852' title='bbox 3049 4482 3195 4551; x_wconf 79' lang='grc' dir='ltr'><strong>ἡμᾶς</strong></span> <span class='ocrx_word' id='word_1_853' title='bbox 3253 4481 3549 4548; x_wconf 81' lang='grc' dir='ltr'><strong>ἐπιτυχεῖν,</strong></span> 
     </span>
    </p>
   </div>
   <div class='ocr_carea' id='block_1_110' title="bbox 1986 4560 3554 4639">
    <p class='ocr_par' dir='ltr' id='par_1_110' title="bbox 1986 4560 3554 4639">
     <span class='ocr_line' id='line_1_110' title="bbox 1986 4560 3554 4639; baseline -0.003 -19"><span class='ocrx_word' id='word_1_854' title='bbox 1986 4568 2170 4639; x_wconf 85' lang='grc' dir='ltr'><strong>χάριτι</strong></span> <span class='ocrx_word' id='word_1_855' title='bbox 2199 4566 2292 4619; x_wconf 72' lang='grc' dir='ltr'><strong>καὶ</strong></span> <span class='ocrx_word' id='word_1_856' title='bbox 2320 4564 2696 4635; x_wconf 78' lang='grc' dir='ltr'><strong>φιλανθρωπίᾳ</strong></span> <span class='ocrx_word' id='word_1_857' title='bbox 2708 4562 2800 4617; x_wconf 88' lang='grc' dir='ltr'><strong>τοῦ</strong></span> <span class='ocrx_word' id='word_1_858' title='bbox 2820 4564 3024 4635; x_wconf 85' lang='grc' dir='ltr'><strong>Κυρίου</strong></span> <span class='ocrx_word' id='word_1_859' title='bbox 3049 4564 3081 4633; x_wconf 85' lang='grc' dir='ltr'><strong>ή</strong></span> <span class='ocrx_word' id='word_1_860' title='bbox 3091 4562 3207 4633; x_wconf 90' lang='grc' dir='ltr'><strong>μῶν</strong></span> <span class='ocrx_word' id='word_1_861' title='bbox 3234 4560 3405 4631; x_wconf 86' lang='grc' dir='ltr'><strong>Ἰησοῦ</strong></span> <span class='ocrx_word' id='word_1_862' title='bbox 3426 4562 3554 4631; x_wconf 84' lang='grc' dir='ltr'><strong>Χρι-</strong></span> 
     </span>
    </p>
   </div>
   <div class='ocr_carea' id='block_1_111' title="bbox 1986 4641 3548 4718">
    <p class='ocr_par' dir='ltr' id='par_1_111' title="bbox 1986 4641 3548 4718">
     <span class='ocr_line' id='line_1_111' title="bbox 1986 4641 3548 4718; baseline -0.003 -16"><span class='ocrx_word' id='word_1_863' title='bbox 1986 4648 2135 4713; x_wconf 88' lang='grc' dir='ltr'><strong>στοῦ,</strong></span> <span class='ocrx_word' id='word_1_864' title='bbox 2202 4646 2320 4718; x_wconf 85' lang='grc' dir='ltr'><strong>μεθ’</strong></span> <span class='ocrx_word' id='word_1_865' title='bbox 2345 4641 2407 4701; x_wconf 77' lang='grc' dir='ltr'><strong>οὐ</strong></span> <span class='ocrx_word' id='word_1_866' title='bbox 2435 4647 2513 4717; x_wconf 80' lang='grc' dir='ltr'><strong>τῷ</strong></span> <span class='ocrx_word' id='word_1_867' title='bbox 2544 4647 2751 4718; x_wconf 78' lang='grc' dir='ltr'><strong>Πατρί,</strong></span> <span class='ocrx_word' id='word_1_868' title='bbox 2796 4646 2912 4716; x_wconf 85' lang='grc' dir='ltr'><strong>ἆμα</strong></span> <span class='ocrx_word' id='word_1_869' title='bbox 2943 4644 3020 4716; x_wconf 85' lang='grc' dir='ltr'><strong>τῷ</strong></span> <span class='ocrx_word' id='word_1_870' title='bbox 3053 4645 3193 4715; x_wconf 82' lang='grc' dir='ltr'><strong>ἁγίῳ</strong></span> <span class='ocrx_word' id='word_1_871' title='bbox 3248 4643 3548 4713; x_wconf 83' lang='grc' dir='ltr'><strong>Πνεύματι,</strong></span> 
     </span>
    </p>
   </div>
   <div class='ocr_carea' id='block_1_112' title="bbox 1984 4725 3549 4801">
    <p class='ocr_par' dir='ltr' id='par_1_112' title="bbox 1984 4725 3549 4801">
     <span class='ocr_line' id='line_1_112' title="bbox 1984 4725 3549 4801; baseline 0.001 -19"><span class='ocrx_word' id='word_1_872' title='bbox 1984 4731 2109 4795; x_wconf 74' lang='grc' dir='ltr'><strong>δόξα</strong></span> <span class='ocrx_word' id='word_1_873' title='bbox 2137 4772 2153 4797; x_wconf 91' lang='grc'><strong>,</strong></span> <span class='ocrx_word' id='word_1_874' title='bbox 2177 4728 2396 4801; x_wconf 87' lang='grc' dir='ltr'><strong>κράτος,</strong></span> <span class='ocrx_word' id='word_1_875' title='bbox 2417 4729 2572 4801; x_wconf 83' lang='grc' dir='ltr'><strong>τιμὴ,</strong></span> <span class='ocrx_word' id='word_1_876' title='bbox 2601 4728 2696 4785; x_wconf 92' lang='grc' dir='ltr'><strong>νῦν</strong></span> <span class='ocrx_word' id='word_1_877' title='bbox 2721 4730 2813 4784; x_wconf 75' lang='grc' dir='ltr'><strong>καὶ</strong></span> <span class='ocrx_word' id='word_1_878' title='bbox 2840 4728 2947 4794; x_wconf 74' lang='grc' dir='ltr'><strong>ἀεὶ,</strong></span> <span class='ocrx_word' id='word_1_879' title='bbox 2974 4729 3068 4783; x_wconf 82' lang='grc' dir='ltr'><strong>καί</strong></span> <span class='ocrx_word' id='word_1_880' title='bbox 3087 4730 3166 4792; x_wconf 88' lang='grc' dir='ltr'><strong>εἰς</strong></span> <span class='ocrx_word' id='word_1_881' title='bbox 3186 4729 3311 4791; x_wconf 79' lang='grc' dir='ltr'><strong>τοὺς</strong></span> <span class='ocrx_word' id='word_1_882' title='bbox 3346 4725 3549 4792; x_wconf 81' lang='grc' dir='ltr'><strong>αἰῶνας</strong></span> 
     </span>
    </p>
   </div>
   <div class='ocr_carea' id='block_1_113' title="bbox 1966 4813 2585 4883">
    <p class='ocr_par' dir='ltr' id='par_1_113' title="bbox 1966 4813 2585 4883">
     <span class='ocr_line' id='line_1_113' title="bbox 1966 4813 2585 4883; baseline 0.005 -17"><span class='ocrx_word' id='word_1_883' title='bbox 1966 4815 2093 4879; x_wconf 22' lang='grc' dir='ltr'><strong>,τῶν</strong></span> <span class='ocrx_word' id='word_1_884' title='bbox 2125 4813 2358 4867; x_wconf 86' lang='grc' dir='ltr'><strong>αἰώνων.</strong></span> <span class='ocrx_word' id='word_1_885' title='bbox 2390 4813 2585 4883; x_wconf 84' lang='grc' dir='ltr'><strong>Ἀμήν.</strong></span> 
     </span>
    </p>
   </div>
  </div>
