4088 6208
300 351 411 407 225

1026 344 1090 401 ΙΝ
1132 341 1341 401 liPlST.
1389 342 1477 398 AD
1518 334 1875 395 llEBRdSOS.
1918 330 2067 386 CAP.
2113 328 2250 385 XIII.
2312 330 2540 387 llOMlL.
2582 332 2820 389 .‘IXXYll.
3468 349 3571 405 «λεδ

3207 470 3485 485 ἡὴ.-

1609 527 1949 588 [IOMILIA
1996 527 2295 588 XXXIII.

306 653 439 708 CAP.
473 650 559 706 12.
594 667 645 703 v.
680 649 769 704 28.
801 648 983 721 Itaque
1009 665 1215 717 regnum
1246 648 1499 702 immobile
1527 650 1853 718 suscipientes
1876 689 1892 713 ,

383 744 654 797 habeamus
672 742 908 813 gratiam.
935 757 1023 808 per
1047 756 1195 808 quant
1218 741 1491 794 serviamus
1513 738 1764 809 placentes
1786 739 1894 793 Deo

382 852 497 889 cum
519 843 652 886 metu
683 842 728 884 et
753 832 1046 885 reverentia.
1069 831 1161 885 29.
1187 829 1383 883 Etenim
1413 829 1547 883 Deus
1572 841 1741 883 noster
1763 830 1896 901 ignis

380 941 678 981 consumens
701 932 791 977 est.
830 996 833 999 ι
1838 924 1839 927 ‘

386 1020 433 1072 1.
464 1016 615 1084 Quod
646 1015 769 1069 alibi
802 1002 949 1079 dicit,
978 1014 1105 1082 Quae
1123 1014 1255 1067 enim
1284 1012 1534 1080 videntur,
1559 1025 1675 1067 sunt
1702 1023 1896 1083 tempo-

309 1113 442 1166 ralia
462 1129 482 1177 ;
508 1125 620 1181 qua:
645 1090 809 1162 autem
831 1126 929 1161 non
955 1108 1203 1173 videntur,
1228 1118 1412 1162 teterna
1441 1108 1514 1179 (‘2.
1540 1107 1656 1162 Cor.
1681 1108 1734 1163 4.
1767 1109 1890 1177 18);

307 1215 361 1259 et
390 1220 456 1258 ex
488 1218 555 1257 eo
580 1201 796 1256 adhibet
824 1200 1244 1255 consolationem
1272 1200 1323 1253 in
1352 1200 1503 1253 malis
1529 1216 1646 1269 qua:
1674 1198 1892 1254 ferimus

308 1298 358 1350 in
391 1298 495 1349 vita
530 1294 813 1363 praisenti;
848 1293 949 1348 hoc
976 1293 1061 1347 hic
1091 1308 1303 1361 quoque
1334 1292 1457 1347 facit
1484 1304 1534 1346 et
1566 1292 1689 1345 dicit
1724 1310 1736 1345 :
1773 1291 1889 1345 lla-

304 1392 513 1445 beamus
555 1390 812 1460 gratiam;
842 1388 943 1442 boc
975 1396 1078 1448 est,
1106 1387 1214 1440 Deo
1251 1400 1471 1457 agamus
1506 1386 1702 1455 gratias
1726 1427 1739 1448 ,
1772 1401 1889 1440 ma-

305 1500 529 1539 neamus
558 1484 718 1537 ﬁrmi.
752 1481 867 1536 Non
902 1482 1075 1536 solum
1119 1481 1260 1535 enim
1303 1495 1407 1534 non
1448 1480 1706 1535 debemus
1748 1495 1889 1548 aegre

302 1575 444 1628 ferre
489 1573 771 1645 prarsentia
791 1612 807 1637 ,
834 1554 932 1625 sed
960 1571 1118 1625 etiam
1151 1579 1366 1639 propter
1398 1568 1570 1623 futura
1603 1571 1885 1623 maximam

302 1664 504 1720 habere
544 1665 789 1734 gratiam.
836 1661 938 1716 Per
976 1679 1126 1732 quam
1169 1663 1442 1715 serviamus
1476 1661 1598 1715 bene
1640 1664 1887 1731 placentes

304 1757 448 1820 Deo;
480 1758 530 1811 id
560 1767 676 1820 est,
704 1757 781 1809 sic
808 1756 950 1810 enim
981 1755 1102 1809 licet
1131 1755 1333 1808 servire
1367 1754 1473 1809 Deo
1506 1755 1639 1809 bene
1672 1756 1883 1823 placen-

299 1859 433 1913 tem,
461 1849 504 1903 si
536 1849 588 1901 in
617 1847 867 1901 omnibus
895 1848 1001 1915 agit
1029 1846 1246 1915 gratias.
1278 1844 1485 1910 Omnia,
1516 1845 1706 1916 inquit,
1737 1849 1887 1915 facile

298 1940 486 2007 absque
531 1939 1013 1992 murmurationibus
1052 1947 1100 1990 et
1139 1938 1581 2006 disceptationibus
1598 1934 1814 2006 (Philip.
1831 1935 1886 1990 2.

298 2035 410 2103 14).
441 2033 590 2101 Quod
622 2034 763 2095 enim
796 2031 983 2087 fecerit
1010 2030 1271 2101 quispiam
1302 2046 1662 2093 murmurans,
1689 2028 1745 2084 id
1770 2045 1883 2083 am-

294 2136 447 2195 putat
470 2136 522 2180 et
546 2125 719 2194 perdit
746 2122 1070 2186 mercedem,
1095 2121 1231 2176 sicut
1261 2120 1546 2175 Israelita):
1572 2121 1720 2176 scitis
1738 2122 1881 2176 enim

293 2233 431 2288 quas
472 2232 658 2284 pinnas
687 2215 953 2270 dederunt
981 2212 1051 2267 ob
1093 2214 1559 2266 murmurationes.
1594 2212 1879 2281 Propterea

293 2311 453 2364 dicit:
485 2307 666 2380 Neque
694 2306 1035 2360 murmuretis.
1057 2303 1171 2359 Non
1200 2315 1374 2373 potest
1392 2319 1520 2374 ergo
1545 2303 1657 2359 ﬁeri
1690 2315 1747 2359 ut
1773 2306 1880 2358 Deo

294 2401 366 2455 ita
392 2401 601 2454 servias
630 2409 684 2453 ut
710 2398 759 2453 ei
793 2398 1006 2467 placeas
1029 2438 1043 2461 ,
1071 2397 1113 2449 si
1144 2411 1248 2448 non
1288 2396 1335 2449 ei
1370 2395 1566 2449 habeas
1590 2396 1787 2464 gratias
1812 2395 1880 2450 de

292 2492 543 2546 omnibus
562 2500 615 2545 et
645 2490 710 2546 de
739 2488 1116 2543 mutationibus
1136 2498 1190 2542 et
1217 2486 1284 2541 de
1309 2486 1505 2556 quiete.
1526 2486 1651 2539 Cum
1674 2496 1806 2540 metu
1833 2497 1880 2541 et

289 2584 600 2647 reverentia;
625 2582 727 2636 hoc
752 2592 855 2645 est,
880 2579 1008 2633 nihil
1034 2579 1314 2648 loquamur
1342 2577 1622 2647 impudens
1649 2587 1702 2633 et
1729 2594 1882 2633 arro-

289 2691 448 2745 gans,
468 2674 560 2729 sed
594 2688 690 2727 nos
718 2681 1196 2741 componatnus,ut
1221 2671 1387 2725 simus
1411 2672 1697 2726 reverendi
1733 2691 1745 2725 :
1778 2672 1880 2728 hoc

288 2767 436 2819 enim
458 2776 537 2818 est
565 2764 703 2833 quod
733 2764 861 2817 dicit
882 2762 1034 2817 :Cam
1063 2771 1192 2813 metu
1221 2772 1268 2815 et
1296 2763 1589 2815 reverentia.
1615 2761 1876 2831 (Caium)

288 2860 560 2914 LCaritas
590 2861 921 2928 fraternitatis
948 2871 1150 2913 maneat
1176 2860 1230 2913 in
1251 2863 1407 2916 vobis.
1434 2861 1490 2912 2.
1517 2858 1585 2912 Et
1612 2860 1875 2932 hospitali-

286 2961 444 3006 tatem
463 2954 611 3006 nolite
624 2954 847 3007 oblivisci
857 2969 876 3006 :
891 2970 979 3023 per
994 2958 1125 3007 hanc
1135 2954 1267 3006 enim
1280 2954 1532 3006 latuerunt
1550 2952 1776 3022 quidam,
1794 2968 1885 3004 an-

288 3044 414 3112 gelis
442 3044 659 3113 hospitio
681 3043 1060 3114 exceptis.Vide
1081 3044 1349 3113 quomodo
1369 3043 1523 3113 jubet
1544 3057 1638 3098 eos
1661 3058 1873 3096 servare

290 3135 574 3203 prrrsentia
610 3153 623 3188 :
656 3151 751 3189 nec
788 3134 937 3189 addit
980 3135 1121 3200 alia;
1163 3150 1268 3189 non
1309 3136 1449 3189 enim
1480 3134 1648 3188 dixit:
1691 3134 1889 3207 Estote‘

290 3237 560 3281 amatores
600 3227 855 3293 fratrum,
891 3225 1017 3281 sed:
1054 3225 1263 3278 Maneat
1298 3226 1484 3277 caritas
1522 3224 1873 3294 fraternitatis.

291 3319 356 3373 Et
378 3320 579 3374 rursus‘
595 3335 699 3373 non
727 3319 877 3384 dicit,
911 3318 1095 3373 Estotc
1120 3318 1431 3387 Imspitales,
1460 3333 1522 3372 ac
1544 3319 1586 3372 si
1616 3318 1749 3372 tales
1771 3332 1875 3372 non

289 3410 428 3473 sint;
460 3410 553 3464 sed
576 3451 592 3474 ,
628 3408 1005 3480 Hospitalitatis
1044 3410 1199 3462 nolite
1237 3408 1461 3463 oblivisci
1490 3423 1507 3461 :
1534 3418 1708 3479 potest
1734 3408 1874 3463 enim

290 3503 390 3558 hoc
439 3504 684 3558 accidere
728 3519 791 3557 ex
839 3501 1234 3557 afﬂictionibus.
1287 3501 1491 3557 Deinde
1540 3501 1592 3556 id
1640 3501 1863 3565 addidit,

288 3597 429 3665 quod
472 3596 644 3665 magis
676 3604 878 3663 poterat
908 3595 1171 3657 excitare,
1202 3593 1388 3649 dicens
1418 3611 1431 3648 :
1458 3591 1735 3647 Inscientes
1762 3594 1876 3663 qui-

284 3690 404 3741 dam
427 3688 639 3758 angelos
661 3687 880 3756 hospitio
904 3694 1230 3752 exceperunt.
1255 3682 1419 3739 Vides
1435 3694 1664 3754 quantus
1685 3684 1874 3746 honor,

284 3793 546 3852 quantum
589 3780 791 3834 lucrum
837 3778 1032 3834 fuerit?
1071 3778 1210 3844 Quid
1249 3786 1363 3844 est,
1397 3776 1722 3831 lnscientes?
1762 3776 1876 3831 Non

282 3879 681 3943 cognoscentes
729 3869 960 3939 hospitio
1008 3875 1356 3937 exceperunt.
1400 3866 1524 3922 Ideo
1568 3882 1759 3937 magna
1798 3878 1880 3922 est

282 3963 602 4019 Abrahamo
629 3976 835 4015 merces
857 4002 872 4027 ,
901 3960 1041 4029 quod
1076 3960 1322 4014 nesciens
1348 3973 1441 4013 eos
1469 3973 1589 4014 esse
1617 3958 1832 4028 angelos
1858 3999 1873 4022 ,

283 4055 527 4128 hospitio
554 4054 830 4123 exceperit
859 4071 873 4106 :
905 4068 1027 4107 nam
1054 4054 1097 4107 si
1130 4052 1394 4113 seivisset,
1427 4065 1534 4104 non
1567 4050 1755 4104 fuisset
1779 4049 1880 4103 mi-

283 4149 542 4204 randum.
577 4144 803 4213 Quidam
833 4143 1018 4198 dicunt
1057 4158 1180 4197 eum
1219 4141 1307 4196 hic
1340 4142 1502 4196 etiam
1540 4139 1879 4195 subindicare

283 4244 504 4299 Lutum.
537 4241 593 4295 5.
628 4237 933 4293 Mementote
952 4236 1231 4289 vinctorum
1254 4243 1508 4304 tamquam
1528 4232 1677 4286 simul
1702 4232 1875 4296 vincti,

284 4346 329 4388 et
359 4332 711 4388 laborantium
733 4340 988 4401 tamquam
1015 4338 1061 4382 et
1084 4328 1183 4399 ipsi
1209 4328 1496 4395 incorpore
1522 4333 1795 4379 morantes.
1823 4324 1877 4379 4.

287 4426 613 4483 Honorabile
638 4422 939 4477 connubium
973 4421 1027 4475 in
1053 4419 1282 4474 omnibus
1299 4460 1313 4486 ,
1338 4426 1383 4471 et
1412 4428 1552 4471 torus
1579 4416 1881 4470 immacula-

286 4532 364 4574 tus
399 4535 417 4572 :
447 4516 786 4587 fornicatores
813 4522 979 4566 autem
1004 4521 1049 4565 et
1075 4509 1332 4564 adulteros
1356 4508 1606 4579 judicabit
1634 4506 1793 4561 Deus.
1825 4494 1899 4563 5.‘

287 4614 407 4668 Sint
455 4624 625 4663 mores
664 4608 773 4660 sine
815 4605 1069 4668 avaritia;
1102 4603 1319 4656 contenti
1363 4601 1708 4671 pra’sentibas.
1751 4598 1882 4653 Vide

288 4720 448 4774 quam
482 4701 647 4754 multa
676 4698 833 4754 verba
865 4696 1023 4751 faciat
1048 4696 1115 4750 de
1156 4694 1524 4763 temperantia.
1561 4692 1769 4759 Pacem,
1799 4693 1880 4746 in-

287 4796 425 4867 quit,
459 4791 721 4847 sectemini
745 4798 789 4844 et
817 4788 1303 4856 sanctiﬁcationem;
1336 4796 1411 4852 et,
1442 4784 1605 4839 Nemo
1632 4786 1695 4839 sit
1725 4786 1883 4855 [orni-

287 4898 433 4942 cator
482 4895 571 4938 aut
617 4885 905 4952 profanus;
940 4888 992 4934 et
1031 4893 1171 4933 nunc
1210 4892 1428 4943 rursus,
1461 4875 1813 4930 Foruicatorcs
1840 4892 1876 4927 e.

290 4979 558 5033 adulteros
574 4975 826 5049 judicabit
850 4971 1012 5026 Deus.
1036 4971 1241 5042 Ubique
1259 4983 1380 5023 cum
1413 4983 1570 5037 poena
1600 4976 1679 5020 est
1700 4966 1883 5035 prohi-

290 5073 445 5126 bitio.
474 5070 542 5123 Et
567 5069 856 5145 quomodo,
874 5068 999 5122 hinc
1028 5067 1298 5137 perpende
1328 5081 1342 5117 :
1370 5076 1490 5116 cum
1521 5059 1761 5120 dixisset,
1782 5053 1890 5108 Pa-

293 5177 399 5215 cem
528 5157 799 5212 sectemini
882 5174 995 5210 cum
1090 5154 1321 5210 omnibus
1342 5161 1388 5207 et
1416 5149 1884 5219 sanctiﬁcationem,

291 5250 606 5321 subiunxit:
634 5248 761 5305 Sine
784 5265 883 5319 qua
904 5263 1049 5303 nemo
1075 5245 1258 5300 videbit
1283 5244 1558 5299 Dominum
1585 5240 1770 5311 (Hebr.
1796 5239 1884 5294 12.

293 5344 387 5413 il)
412 5360 426 5396 :
462 5341 550 5396 bic
573 5356 721 5407 vero,
754 5338 1111 5396 Fornicatores
1138 5346 1304 5391 autem
1335 5344 1380 5389 et
1406 5333 1661 5387 adulteros
1682 5330 1885 5400 judica-

292 5436 363 5487 bit
396 5434 539 5488 Deus
561 5450 581 5500 ;
605 5443 657 5488 et
684 5448 806 5488 cum
834 5433 984 5503 prius
1012 5431 1278 5502 posuisset
1302 5450 1316 5486 :
1350 5424 1661 5481 Honorabile
1687 5441 1885 5479 connu~

292 5528 432 5581 bium
460 5528 515 5581 in
545 5528 808 5592 omnibus,
841 5535 887 5581 et
917 5535 1055 5578 torus
1090 5522 1446 5578 inmaculatus
1478 5535 1496 5572 :
1528 5533 1682 5589 pmna
1710 5517 1885 5572 addita

294 5618 533 5673 ostendit
561 5632 619 5671 se
640 5618 759 5687 jure
783 5615 1125 5685 subjuuxisse
1146 5629 1205 5668 ea
1232 5627 1350 5684 qua:
1379 5610 1632 5676 deinceps
1658 5622 1889 5678 sequun-

296 5719 404 5760 tur.
452 5707 510 5760 Si
561 5706 705 5760 enim
748 5719 1064 5760 cont-essum
1104 5712 1187 5757 est
1228 5700 1656 5761 matrimonium,
1695 5694 1887 5753 merito

298 5801 518 5865 ponitur
555 5806 846 5863 scortator,
878 5797 1068 5849 merito
1110 5794 1368 5864 supplicio
1401 5792 1632 5847 afﬁcitur
1656 5790 1883 5845 adulter.

2005 643 2101 697 Hic
2123 658 2181 697 se
2210 650 2359 712 parat
2384 644 2448 697 ad
2483 646 2822 711 pugnandum
2849 645 3106 697 adversus
3137 642 3445 697 htereticos.
3470 641 3587 699 Non

2001 735 2135 788 dixit
2177 751 2391 789 rursus:
2434 734 2620 789 Nullus
2660 734 2731 787 sit
2771 734 3101 800 fornicator;
3132 732 3227 787 sed
3259 749 3381 789 cum
3421 734 3587 791 semel

1999 825 2240 892 dixisset,
2272 836 2395 880 tunc
2422 835 2688 893 tamquam
2713 840 3050 878 communem
3082 825 3310 894 subjecit
3338 825 3585 879 admoni-

1979 916 2219 979 tionem,
2252 930 2356 970 non
2387 924 2655 984 tamquam
2698 914 2764 968 ad
2809 916 2952 984 ipsos
2994 915 3151 968 verba
3183 916 3439 985 dirigens.
3470 915 3586 970 Sint

2000 1023 2162 1060 mores
2203 1008 2312 1061 sine
2352 1008 2566 1060 avaritia
2588 1022 2608 1070 ;
2638 1007 2857 1060 contenti
2898 1007 3242 1069 praesentibus.
3270 1007 3384 1061 Non
3412 1007 3541 1061 dixit
3567 1048 3583 1073 ,

1998 1098 2138 1152 Nihil
2166 1084 2503 1168 possidentis,
2527 1100 2642 1162 sed,
2671 1099 2788 1152 Sint
2809 1116 2972 1152 mores
2997 1086 3105 1152 sine
3130 1101 3380 1163 avaritia;
3408 1101 3456 1154 id
3480 1110 3582 1164 est.

1997 1191 2063 1242 sit
2103 1206 2253 1243 mens
2309 1190 2494 1256 libera,
2541 1190 2789 1245 Ostendat
2834 1198 3065 1245 mentem
3122 1189 3581 1259 pltiloSopItieam;

1996 1282 2241 1335 oslemlet
2270 1291 2473 1344 autem,
2506 1282 2549 1335 si
2576 1282 2793 1334 minime
2817 1296 3118 1348 qua-ramus
3145 1296 3263 1349 quae
3312 1280 3582 1349 superﬂua

1996 1382 2139 1437 sunt,
2157 1374 2197 1425 si
2216 1373 2376 1427 rebus
2394 1374 2608 1426 utilibus
2628 1382 2830 1427 tantum
2850 1373 3229 1427 etnecessariis
3251 1371 3584 1427 adbteresca-

1996 1478 2133 1518 mus.
2157 1463 2286 1517 Nam
2315 1465 2558 1533 superius
2587 1466 2747 1518 etiam
2774 1465 2907 1518 dixit
2932 1483 2944 1516 :
2973 1464 3035 1518 Et
3064 1467 3296 1531 rapinam
3332 1465 3576 1519 bonorum

1995 1568 2269 1611 vestrorum
2308 1574 2421 1609 cum
2447 1558 2634 1627 gaudio
2655 1557 2942 1625 suscepistis
2966 1555 2985 1629 (
3013 1556 3169 1611 llebr.
3203 1558 3286 1611 10.
3454 1556 3579 1611 ηαξ

1994 1648 2385 1711 admouent,ne
2414 1649 2519 1701 sint
2542 1649 2710 1703 avari.
2732 1647 2985 1710 Contenti,
3013 1648 3200 1715 inquit,
3231 1645 3575 1716 prazsentibus.

1994 1739 2194 1794 Deinde
2216 1750 2296 1793 est
2317 1741 2473 1793 etiam
2510 1740 2595 1794 hic
2622 1740 2943 1801 consolatio,
2966 1749 3023 1792 ut
3051 1756 3116 1793 ne
3138 1738 3443 1807 desperent.
3464 1737 3580 1803 Ipse

1992 1831 2123 1883 enim
2142 1831 2267 1883 dixit
2284 1846 2302 1883 :
2315 1829 2436 1884 Non
2460 1840 2507 1884 te
2528 1832 2774 1895 deseram,
2792 1847 2945 1900 neque
2966 1818 3329 1900 derelinquam,
3344 1828 3396 1884 6.
3416 1827 3439 1881 1
3448 1839 3498 1881 ta
3516 1838 3578 1881 ‘nt

1990 1922 2301 1988 confidenter
2322 1923 2573 1985 dicamus,
2603 1922 2851 1975 Dominus
2876 1923 2999 1975 mihi
3019 1924 3224 1992 adjutor
3252 1932 3323 1977 est
3349 1938 3486 1977 :non
3510 1925 3576 1975 ti-

1990 2012 2129 2065 mebo
2150 2012 2271 2081 quid
2298 2013 2451 2073 faciat
2471 2013 2591 2064 mihi
2619 2013 2790 2065 homo.
2808 2012 2944 2066 Ecce
2968 2026 3156 2065 rursus
3172 2020 3254 2065 est
3281 2012 3578 2067 consolatio

1992 2102 2044 2157 in
2064 2103 2522 2157 teutationibus.7.
2544 2101 2845 2154 Mementote
2867 2103 3254 2172 praepositorum
3274 2112 3573 2156 vestrorum.

1994 2192 2105 2247 lloc
2128 2194 2241 2260 jam
2269 2194 2518 2262 superius
2541 2192 2720 2247 dicere
2746 2194 2959 2246 volebat
2988 2211 3000 2246 :
3033 2203 3313 2262 propterea
3344 2193 3571 2259 diccbat,

1990 2284 2179 2339 Pacem
2204 2285 2465 2339 sectemini
2494 2300 2611 2337 cum
2639 2284 2890 2337 omnibus.
2922 2284 3091 2352 llujus
3120 2284 3279 2337 etiam
3321 2284 3578 2339 admone-

1989 2376 2078 2432 bat
2106 2376 2615 2433 Tlicssalonicenses
2637 2416 2652 2441 ,
2682 2384 2740 2430 ut
2764 2392 2857 2430 cos
2884 2375 3143 2430 haberent
3172 2376 3222 2430 in
3254 2392 3464 2432 summo
3488 2379 3576 2430 lIO-

1992 2483 2143 2524 nere.
2172 2468 2493 2535 Mementote,
2526 2470 2716 2539 inquit,
2741 2470 3128 2538 prtepositorum
3156 2480 3453 2537 vestrorum,
3486 2472 3574 2538 qui

1988 2560 2124 2613 vobis
2151 2560 2343 2627 loquuti
2382 2569 2498 2614 sunt
2524 2559 2727 2613 verbum
2766 2558 2908 2612 Dei:
2944 2575 3157 2629 quorum
3200 2560 3440 2615 intuentes
3475 2564 3573 2614 cxi-

1982 2665 2086 2708 tum
2116 2654 2510 2709 conversationis
2530 2696 2544 2720 ,
2568 2655 2842 2708 imitamini
2868 2655 3019 2723 ﬁdem
3049 2656 3126 2723 (1.
3158 2654 3332 2709 Thess.
3361 2656 3415 2711 5.
3450 2656 3561 2724 15).

1980 2744 2237 2813 Qumnam
2290 2756 2370 2800 cst
2417 2747 2532 2801 haec
2572 2744 2997 2814 consequentia?
3040 2744 3251 2813 Optima
3300 2744 3560 2815 quidem:

1980 2836 2398 2893 Considerantes
2426 2838 2595 2904 enim,
2626 2837 2817 2907 inquit,
2848 2851 3035 2891 eorum
3062 2837 3563 2901 conversationem.

1980 2943 2173 2997 nempe
2216 2929 2417 2997 vitam,
2448 2928 2729 2982 imitamini
2772 2928 2927 2983 lidem
2959 2944 2973 2980 :
3005 2944 3034 2981 a
3066 2928 3261 2982 munda
3292 2929 3434 2982 enim
3456 2929 3565 2982 vita

1979 3028 2063 3072 est
2094 3016 2247 3073 ﬁdes.
2278 3020 2382 3071 Aut
2410 3017 2569 3073 ﬁdem
2600 3019 2730 3073 dicit
2770 3018 3118 3073 stabilitatem
3151 3028 3206 3074 et
3234 3019 3563 3075 ﬁrmitatem.

1978 3110 2304 3179 Quomodo?
2333 3111 2582 3166 Ostendit
2609 3112 2751 3165 enim
2775 3110 2915 3180 quod
2941 3112 3167 3166 lirmiter
3186 3112 3346 3167 rebus
3373 3111 3563 3168 futuris

1978 3201 2290 3267 credentes,
2337 3212 2542 3256 rectum
2586 3203 2707 3256 vita:
2752 3203 3050 3257 institutum
3094 3212 3398 3258 tenuerunt.
3449 3204 3564 3259 Non

1979 3294 2120 3347 enim
2154 3294 2309 3346 vitam
2334 3293 2692 3348 ostendissent
2718 3294 2967 3347 mundam
2998 3310 3059 3348 ac
3080 3310 3286 3365 puram,
3321 3296 3363 3348 si
3395 3294 3462 3350 de
3485 3295 3569 3349 fu-

1980 3385 2113 3437 turis
2165 3383 2530 3451 dubitassent,
2560 3385 2606 3439 si
2655 3385 3031 3454 ambegissent.
3069 3384 3423 3452 Quamobrem
3467 3385 3568 3441 hoc

1981 3473 2153 3542 ipsum
2186 3474 2272 3529 hic
2293 3490 2502 3545 quoque
2518 3487 2689 3530 curat.
2710 3478 2763 3530 8.
2789 3475 2938 3530 Jesus
2966 3475 3195 3530 Christus
3224 3476 3332 3529 heri
3356 3487 3400 3531 et
3419 3477 3569 3531 hodie

1978 3564 2110 3618 idem
2140 3566 2266 3635 ipse,
2296 3577 2343 3620 et
2369 3567 2420 3621 in
2447 3568 2650 3623 stecula.
2678 3567 2729 3622 9.
2757 3567 3012 3621 Doctrinis
3038 3568 3188 3621 variis
3213 3577 3258 3621 ct
3294 3570 3569 3641 peregrinis

1979 3660 2133 3714 nolite
2148 3660 2327 3714 abduci
2349 3677 2369 3716 :
2389 3662 2635 3731 optimum
2656 3670 2726 3715 est
2747 3662 2879 3715 enim
2904 3662 3070 3732 gratia
3094 3662 3308 3715 stabiliri
3332 3679 3439 3728 cor,
3467 3679 3568 3716 non

1980 3752 2124 3819 escis,
2149 3768 2262 3822 qua:
2287 3768 2387 3805 non
2415 3757 2714 3824 profuerant
2739 3753 3113 3807 ambulantibus
3141 3753 3194 3806 in
3221 3754 3313 3809 eis.

2049 3843 2103 3896 2.
2142 3842 2236 3896 llic
2266 3842 2416 3905 illud,
2452 3841 2597 3904 Heri,
2628 3842 2757 3896 dicit
2785 3858 2942 3896 omne
2974 3852 3185 3912 tempus
3216 3844 3566 3913 praeteritum,

1981 3945 2054 4000 et,
2093 3934 2275 3999 Hodie,
2293 3950 2530 4005 praesens
2557 3945 2766 4003 tempus
2792 3951 2805 3998 ;
2830 3934 3092 3999 sarculum,
3114 3936 3343 3989 futurum
3372 3946 3426 3991 et
3455 3936 3571 3990 inli-

1981 4024 2303 4079 nitum.Hoc
2331 4034 2436 4089 est,
2473 4025 2769 4079 Audivistis
2797 4025 3123 4095 pontiﬁcem,
3147 4026 3238 4081 sed
3266 4043 3369 4080 non
3397 4028 3572 4096 ponti-

1983 4118 2137 4172 licem
2162 4118 2251 4187 qui
2273 4116 2482 4172 desinat
2505 4135 2519 4173 :
2540 4132 2750 4188 semper
2771 4118 2913 4171 enim
2941 4118 3080 4173 idem
3104 4129 3206 4174 est.
3234 4119 3465 4175 Perinde
3490 4129 3568 4175 at-

1981 4224 2086 4279 que
2115 4210 2157 4263 si
2182 4210 2477 4281 essentqui
2503 4208 2745 4285 dicerent
2786 4225 2907 4264 eum
2958 4225 3064 4264 non
3112 4225 3233 4265 esse
3258 4210 3566 4265 cruciﬁxum

1982 4305 2070 4374 qui
2094 4312 2456 4374 exspectatur,
2487 4304 2581 4359 sed
2611 4314 2889 4359 venturum
2922 4320 3043 4360 esse
3070 4305 3231 4359 alium
3254 4323 3265 4358 :
3291 4305 3394 4361 hoc
3418 4306 3565 4371 dicit,

1981 4398 2124 4467 quod
2155 4397 2244 4468 qui
2272 4408 2355 4452 est
2386 4396 2515 4451 Heri
2526 4408 2571 4452 et
2604 4397 2774 4461 hodie,
2794 4397 2940 4450 Idem
2968 4407 3037 4451 est
3058 4398 3331 4451 insiccata.
3350 4398 3450 4451 Per
3468 4398 3569 4453 hoc

1982 4488 2175 4560 quippe
2202 4488 2483 4545 manifeste
2508 4490 2583 4543 ait
2607 4489 2747 4560 quod
2778 4491 2865 4559 qui
2894 4490 3060 4563 venit,
3102 4505 3286 4544 rursus
3311 4500 3568 4544 venturus

1983 4582 2084 4648 sit,
2116 4582 2363 4651 idemque
2394 4583 2509 4651 ipse
2538 4591 2591 4636 et
2619 4591 2743 4635 ante
2768 4590 2881 4636 erat
2902 4623 2915 4646 ,
2945 4590 2998 4636 et
3027 4570 3140 4646 est,
3174 4590 3227 4636 et
3255 4581 3356 4636 erit
3384 4582 3435 4635 in
3463 4597 3567 4637 sa:-

1900 4682 1903 4685 ’
1981 4672 2121 4727 cuia.
2162 4671 2293 4727 Nam
2333 4687 2475 4728 nunc
2516 4687 2729 4742 quoque
2768 4672 2951 4727 dicunt
2988 4672 3156 4727 Judaei
3185 4673 3346 4727 alium
3378 4683 3569 4733 ventu:

1981 4780 2135 4830 rum;
2165 4771 2220 4818 et
2244 4779 2363 4818 cum
2391 4779 2456 4819 eo
2484 4764 2570 4833 qui
2611 4773 2694 4819 est
2726 4764 2933 4833 seipsos
2962 4766 3304 4834 privaverint,
3337 4766 3570 4820 incident

1982 4858 2035 4913 in
2084 4858 2492 4912 Antichristum.
2536 4857 2790 4911 Doctrinis
2821 4858 2973 4911 variis
3014 4867 3061 4911 et
3102 4859 3376 4929 peregrinis
3418 4860 3571 4913 nolite

1982 4950 2182 5003 abduci.
2213 4950 2329 5004 Non
2362 4951 2534 5006 solum
2578 4951 2874 5020 peregrinis
2896 4992 2911 5017 ,
2944 4950 3034 5005 sed
3082 4950 3242 5004 etiam
3272 4952 3431 5005 variis
3460 4953 3571 5007 vult

1984 5055 2077 5094 eos
2105 5039 2294 5094 abduci
2324 5057 2338 5092 :
2372 5050 2590 5094 noverat
2621 5039 2763 5093 enim
2790 5056 2855 5093 ex
2881 5048 3104 5109 utraque
3144 5049 3291 5109 parte
3333 5043 3568 5097 nascitu-

1984 5147 2095 5186 ratn
2124 5131 2412 5202 perniciem
2444 5132 2699 5187 seductis.
2733 5130 2991 5202 Optimum
3021 5141 3089 5185 est
3119 5134 3249 5186 enim
3280 5136 3443 5203 gratia
3468 5147 3570 5188 sta-

1986 5226 2121 5279 biliri
2147 5242 2252 5289 cor,
2284 5241 2385 5280 non
2414 5226 2537 5279 escis
2556 5266 2572 5288 ,
2599 5240 2712 5295 qua:
2740 5241 2841 5278 non
2877 5226 3175 5296 profuerunt
3202 5228 3570 5285 ambulantibus

1986 5317 2039 5371 in
2068 5318 2155 5373 eis.
2189 5317 2285 5372 llic
2318 5318 2567 5387 paulatim
2597 5316 2900 5372 subindicat
2928 5331 3021 5372 eos
3049 5319 3135 5387 qui
3165 5318 3570 5373 introducebant

1986 5409 2415 5465 observatiOnem
2444 5408 2684 5464 ciborum
2722 5426 2735 5464 :
2776 5409 2881 5464 ﬁde
2908 5410 3049 5465 enim
3078 5411 3273 5466 munda
3301 5421 3424 5464 sunt
3453 5428 3568 5461 om-

1988 5510 2071 5565 nia
2099 5526 2112 5563 :
2142 5510 2242 5566 ﬁde
2270 5524 2397 5581 ergo
2422 5525 2555 5579 opus
2580 5518 2681 5575 est,
2709 5525 2815 5565 non
2842 5510 2994 5565 cibis.
3022 5511 3113 5567 10.
3144 5511 3400 5566 Habemus
3428 5514 3559 5566 enim

1984 5600 2168 5668 altare,
2191 5600 2255 5653 de
2272 5616 2369 5668 quo
2397 5602 2542 5655 edere
2564 5616 2662 5655 non
2689 5599 2868 5655 habent
2897 5594 3184 5669 potestatem
3212 5602 3299 5671 qui
3324 5604 3555 5657 taberna-

1985 5688 2102 5743 culo
2126 5689 2429 5745 deserviunt.
2458 5690 2585 5758 Quae
2611 5699 2735 5745 sunt
2760 5691 2899 5763 apud
2932 5707 3047 5753 nos,
3082 5692 3269 5763 inquit,
3300 5710 3403 5749 non
3434 5705 3555 5748 sunt

1984 5780 2153 5849 qualia
2189 5780 2441 5847 Iudaica,
2485 5780 2619 5837 adeo
2654 5792 2708 5836 ut
2750 5797 2848 5838 nec
2892 5782 3122 5855 pontiﬁci
3159 5786 3367 5856 quidem
3398 5768 3553 5842 liceat
