4088 6208
518 301 621 358 2'27

521 412 706 452 mrum
740 414 858 456 esse
884 402 1212 476 participem.
1242 405 1621 478 Quamobrem,
1654 417 1901 482 quoniam
1925 416 2093 472 dixit:

518 488 597 544 Ne
622 490 937 559 observetis,
961 495 1244 551 videbatur
1263 508 1440 555 autem
1475 501 1577 557 hoc
1602 518 1721 559 esse
1744 505 1861 577 ejus
1883 508 1976 579 qui
1999 525 2093 566 sua

516 580 744 639 destruit
767 626 781 648 ,
822 585 923 641 hoc
966 603 1151 642 rursus
1187 590 1421 646 invertit.
1453 593 1587 648 Num
1614 611 1712 651 nos
1740 613 1951 670 quoque
1985 618 2090 657 non

515 673 878 742 observamus,
905 678 1109 747 inquit?
1135 678 1495 741 Observamus
1515 687 1675 742 etiam
1699 689 2086 758 vehementius,

512 779 579 821 nc
619 765 745 834 ipsis
783 767 996 837 quidem
1032 770 1401 829 sacerdotibus
1429 772 1543 831 hzec
1579 776 1965 848 impertientes.
1997 784 2086 840 11.

515 856 737 920 Quorum
767 860 897 912 enim
925 860 1222 916 animalium
1249 864 1470 934 infertur
1501 870 1710 940 sanguis
1751 888 1844 940 pro
1881 886 2086 945 peccato

508 946 559 999 in
585 955 757 1000 sancta
785 966 875 1017 per
901 952 1206 1020 pontiﬁcem,
1234 954 1415 1009 horum
1445 973 1659 1027 corpora
1680 974 1970 1019 cremantur
1997 983 2084 1020 ea:-

508 1044 585 1087 tra
614 1046 798 1091 castra.
836 1038 917 1092 l2.
952 1038 1170 1110 Propter
1202 1045 1338 1112 quod
1374 1056 1424 1100 et
1463 1047 1614 1104 Jesus
1654 1062 1707 1104 ut
1746 1057 2084 1125 sancti/imre:

507 1141 592 1193 per
618 1142 762 1181 suum
786 1131 1081 1201 sanguinem
1103 1136 1368 1204 populum,
1393 1148 1533 1192 extra
1555 1151 1754 1210 portam
1784 1163 1962 1214 passus
1984 1159 2077 1204 est.

507 1215 693 1308 Vidisti
723 1217 943 1287 ﬁguram
979 1222 1447 1292 reSplendentem?
1472 1225 1634 1284 Extra
1663 1244 1851 1302 castra,
1889 1237 2074 1308 inquit,

502 1314 574 1371 ct,
604 1304 766 1361 Extra
787 1318 1005 1379 portam.
1031 1312 1290 1379 Quoniam
1313 1332 1441 1387 ergo
1460 1335 1578 1390 qua:
1602 1304 2076 1400 otl'erebanturpro

502 1407 718 1464 peccato
759 1409 915 1471 typus
953 1403 1166 1472 quidam
1210 1416 1397 1475 erant,
1428 1420 1481 1466 et
1514 1423 1661 1469 extra
1695 1426 1868 1474 castra
1894 1419 1946 1474 in
1974 1422 2073 1476 ho-

498 1490 792 1548 locaustum
813 1495 1278 1582 incendebantur,
1301 1501 1422 1572 jure
1459 1508 1648 1563 merito
1677 1520 1825 1566 extra
1863 1525 2071 1582 portam

497 1598 683 1651 passus
709 1595 788 1640 est
813 1572 972 1643 JesuS
998 1592 1085 1661 qui
1105 1600 1210 1661 pro
1233 1598 1466 1664 peccatis
1503 1602 1701 1658 nostris
1727 1572 1934 1661 oblat-us
1965 1618 2068 1664 est.

495 1672 753 1738 Quocirca
780 1677 939 1731 etiam
970 1695 1067 1735 nos
1096 1691 1306 1750 oportet
1335 1701 1455 1740 cum
1482 1689 1571 1759 qui
1603 1707 1700 1761 pro
1730 1695 1883 1750 nobis
1921 1714 2069 1754 mor-

493 1771 600 1855 tem
629 1766 749 1820 tulit
791 1767 1015 1838 imitari,
1042 1771 1308 1845 longeque
1338 1792 1366 1829 a
1397 1780 1541 1833 curis
1568 1780 1725 1855 hujus
1758 1789 1942 1843 mundi
1977 1806 2068 1846 re-

493 1853 706 1920 cedere,
734 1856 837 1913 hoc
867 1870 981 1927 est,
1015 1872 1163 1917 extra
1210 1868 1465 1923 mundum
1496 1853 1685 1942 simus,
1716 1885 1772 1932 et
1821 1894 2067 1940 seorsum

488 1957 538 2044 ai
564 1943 723 2044 rebus
764 1951 1008 2044 terrenis.
1051 1950 1205 2009 Unde
1253 1955 1355 2013 hoc
1405 1960 1799 2031 significaturus
1844 1971 2066 2044 subjun-

487 2036 566 2137 χιι
597 2054 609 2088 :
642 2039 726 2137 ἐξ.
762 2039 1017 2097 Exeanms
1047 2061 1163 2116 ergo
1192 2048 1260 2101 ad
1287 2065 1399 2104 eum
1424 2063 1569 2109 eastra
1596 2068 1783 2126 castra,
1810 2036 2066 2136 imprope-

486 2129 617 2227 rium
661 2129 769 2200 ejus
809 2142 1064 2199 portantes
1088 2177 1103 2201 ,
1138 2135 1239 2192 hoc
1280 2151 1390 2207 est,
1423 2144 1609 2200 eadem
1652 2129 1945 2221 patientes,
1971 2129 2065 2212 so-

486 2225 731 2274 cietatem
756 2236 874 2276 cum
906 2240 970 2279 eo
1001 2225 1259 2285 trahentes
1293 2232 1344 2285 in
1380 2235 1734 2304 passionibus.
1768 2243 2061 2317 Tamquam

486 2311 873 2368 condemnatus
893 2356 906 2378 ,
938 2316 1081 2371 foras
1119 2328 1270 2375 actus
1297 2332 1380 2377 cst
1405 2324 1457 2380 in
1483 2343 1692 2385 crucem
1724 2350 1737 2386 :
1768 2311 1940 2407 neque
1965 2355 2064 2398 uos

484 2402 1068 2500 ergo-pudeatt‘orasct
1090 2419 1237 2465 extra
1256 2414 1509 2470 mundum
1532 2421 1697 2476 exire.
1715 2402 2061 2500 llludvquippe

484 2492 660 2590 innuit
677 2495 854 2590 pernm
880 2498 1020 2568 quod
1047 2499 1208 2556 dicit:
1237 2501 1401 2559 Extra
1431 2517 1616 2575 castra,
1648 2522 1720 2580 et,
1753 2492 1915 2571 Extra
1944 2492 2060 2590 por-

482 2589 602 2636 tam.
637 2583 725 2640 η.
762 2584 883 2642 Νοη
924 2591 1057 2644 enim
1098 2592 1339 2650 habemus
1376 2597 1492 2666 hic,
1529 2601 1732 2672 inquit,
1777 2583 2058 2668 manentem

481 2688 747 2776 ciuitatem,
780 2689 869 2743 sed
895 2694 1116 2760 futuram
1144 2693 1462 2762 inquirimus.
1492 2698 1577 2755 15.
1615 2699 1716 2756 Per
1741 2702 1905 2772 ipsum
1935 2721 2053 2776 ergo

480 2774 752 2843 emeramus
778 2779 990 2856 hostiam
1025 2781 1191 2837 laudis
1218 2801 1415 2855 semper
1436 2785 1546 2843 Deo
1567 2830 1583 2855 ,
1614 2789 1669 2843 id
1692 2800 1765 2845 est
1787 2830 1805 2859 ,
1831 2774 2053 2863 fructum

481 2867 824 2935 conﬁtentium
850 2871 1041 2924 nomini
1061 2872 1186 2941 ejus.
1218 2873 1318 2929 Per
1336 2875 1522 2947 ipsum,
1552 2879 1643 2945 ait,
1670 2889 1939 2953 tamquam
1960 2900 2053 2954 per

478 2959 782 3026 pontiﬁcem
810 3004 825 3029 ,
866 2964 1007 3032 quod
1048 2965 1114 3019 ad
1155 2981 1369 3022 carnem
1408 2970 1616 3027 attinet.
1659 2972 2051 3047 Conﬁtentium,

478 3051 669 3122 inquit,
695 3056 886 3109 nomini
912 3059 1038 3127 ejus.
1076 3059 1185 3114 [loc
1210 3069 1312 3128 est,
1338 3060 1482 3118 Nihil
1523 3064 1799 3137 loquamur
1828 3069 2051 3127 maledic

476 3154 629 3208 cum,
656 3143 786 3199 nihil
812 3155 1121 3217 protervum
1143 3189 1158 3213 ,
1188 3150 1317 3205 nihil
1348 3152 1551 3222 audax,
1577 3156 1708 3211 nihil
1734 3157 2015 3230 impudens
2033 3204 2048 3229 ,

478 3233 608 3287 nihil
639 3250 893 3306 arrogans
918 3255 933 3303 ;
962 3238 1057 3294 sed
1084 3255 1204 3295 cum
1233 3243 1433 3310 pudore
1458 3254 1511 3300 et
1546 3251 1845 3304 reverentia
1875 3254 2051 3307 omnia

477 3322 731 3381 faciamus
755 3338 807 3382 et
837 3328 1095 3386 dicamus.
1127 3332 1277 3399 Quod
1306 3334 1516 3404 quidem
1539 3353 1645 3393 non
1680 3348 1881 3397 temere
1901 3342 2049 3411 dicit,

476 3416 571 3471 sed
600 3427 656 3489 u_t
679 3420 767 3487 qui
790 3431 975 3475 nosset
997 3438 1089 3478 eos
1110 3438 1227 3479 esse
1251 3425 1300 3477 in
1329 3424 1618 3484 afﬂictione
1641 3447 1656 3485 :
1684 3432 1858 3487 anima
1875 3442 2050 3489 autem

476 3519 623 3575 spem
644 3509 822 3579 abjicit
843 3511 892 3564 in
915 3512 1307 3580 afﬂictionibus,
1328 3524 1381 3572 et
1403 3518 1660 3589 pudorem
1684 3524 1846 3580 exuit.
1863 3524 1965 3581 Sed
1987 3542 2053 3583 ne

476 3612 595 3663 nos,
627 3600 815 3670 inquit.
843 3601 980 3656 Ecce
1011 3619 1192 3659 rursus
1215 3607 1315 3661 hoc
1338 3609 1511 3677 ipsum
1532 3609 1659 3666 dicit
1677 3615 1817 3684 quod
1843 3616 2052 3673 dicebat

475 3693 718 3761 superius
744 3710 757 3746 :
789 3691 909 3748 Non
934 3695 1215 3752 deserentes
1234 3741 1247 3766 ,
1277 3700 1475 3771 inquit,
1502 3706 1937 3776 congregationem
1961 3725 2050 3763 no-

474 3790 631 3836 stram
656 3783 838 3853 (Hebr.
858 3786 944 3842 10.
961 3787 1075 3858 25).
1096 3788 1185 3845 Sic
1204 3792 1344 3846 enim
1367 3795 1657 3864 poterimus
1675 3799 1850 3853 omnia
1878 3799 2052 3856 facere

473 3886 595 3928 cum
619 3876 820 3945 pudore
833 3886 887 3933 et
904 3890 1239 3937 reverenter:
1259 3898 1403 3954 sazpc
1422 3886 1562 3941 enim
1586 3886 1817 3958 ipsorum
1840 3907 2052 3962 quoque

475 3964 749 4023 hominum
798 3971 1000 4040 pudore
1051 3974 1246 4044 allecti,
1275 3978 1440 4033 multa
1468 3996 1587 4050 qua:
1630 3990 1755 4036 sunt
1810 3984 2049 4054 improha

475 4071 580 4111 non
614 4058 856 4114 facimus.
890 4063 976 4116 16.
1002 4063 1356 4135 Beneﬁcentia:
1388 4080 1555 4124 autem
1601 4081 1649 4126 et
1684 4076 2050 4130 communionis

475 4147 628 4199 nolite
653 4147 897 4202 oblivisci.

545 4238 600 4294 '5.
647 4237 979 4305 Ilospitalitas
998 4246 1391 4301 commendatur.
1422 4280 1490 4289 —
1523 4250 1647 4306 lla‘c
1678 4260 1804 4308 tunc
1833 4254 2049 4324 quidem

475 4329 671 4385 Paulus
692 4329 922 4398 dicebat,
952 4350 1090 4389 nunc
1116 4351 1244 4390 vero
1271 4352 1368 4408 ego
1389 4337 1508 4394 dico
1533 4358 1547 4394 :
1582 4357 1687 4397 non
1714 4352 1889 4399 autem
1915 4362 2051 4415 pra:-

474 4422 715 4476 semibus
745 4431 945 4477 tantum
972 4424 1092 4481 dico
1119 4424 1499 4494 fratribus,scd
1528 4431 1686 4485 etiam
1719 4432 2045 4491 absentibus.

477 4513 642 4570 Nemo
668 4524 844 4570 vestra
878 4519 1052 4587 rapuit
1084 4536 1096 4571 :
1128 4519 1172 4572 si
1205 4530 1382 4574 autem
1414 4522 1501 4576 alii
1535 4534 1740 4579 vestras
1772 4524 2050 4583 facultates

474 4617 785 4677 rapuerunt,
819 4608 955 4663 unde
975 4609 1096 4665 licet
1116 4612 1380 4667 ostendite
1402 4614 1831 4684 hospitalitatem.
1851 4617 2045 4686 Quam~

476 4712 596 4753 nam
637 4714 763 4768 ergo
809 4715 948 4761 nunc
994 4700 1306 4758 habebimus
1340 4705 1757 4769 excusationem,
1803 4724 1920 4762 cum
1964 4708 2047 4763 isti

475 4790 633 4846 etiam
669 4800 786 4859 post
812 4807 1029 4846 suorum
1059 4793 1318 4849 bonorum
1366 4800 1603 4868 rapinam
1653 4800 1767 4855 hare
1793 4800 2050 4856 audiant?

479 4883 537 4936 Et
569 4884 709 4949 vide,
745 4885 828 4940 hic
856 4885 1004 4951 dicit,
1051 4885 1399 4957 Beneﬁcentiw
1442 4894 1596 4947 nolite
1639 4893 1879 4957 oblivisci,
1928 4912 2047 4952 cum

479 4974 624 5040 prius
649 4973 889 5041 dixisset,
922 4972 1336 5047 Hospitalitatis,
1368 4997 1473 5034 non
1500 4982 1643 5037 aliud
1670 4994 1724 5038 et
1752 4986 1891 5039 aliud
1921 4987 2063 5041 sub!
2108 5002 2109 5005 ‘

478 5064 603 5119 inde
629 5067 933 5130 ostendens,
957 5071 1050 5124 sed
1082 5087 1241 5125 unum
1273 5081 1325 5128 et
1351 5073 1491 5129 idem
1518 5091 1610 5143 per
1638 5078 1834 5131 variam
1862 5080 2047 5133 dictio.

479 5170 624 5209 nem.
652 5153 717 5207 Et
745 5172 847 5208 non
871 5157 1404 5231 dixit,Susceptionis
1427 5165 1691 5233 hospitum
1724 5168 1884 5221 nolite
1912 5170 2048 5223 obli-

479 5247 632 5313 visci,
663 5246 776 5307 sed.
803 5245 1194 5320 Hospita/italis,
1225 5253 1325 5309 hoc
1352 5265 1450 5319 est,
1482 5255 1595 5310 Non
1624 5257 1792 5313 solum
1826 5261 2049 5328 excipite

473 5352 727 5419 hospites,
762 5354 855 5407 sed
887 5355 1045 5408 etiam
1076 5356 1315 5428 hospites
1343 5360 1566 5433 diligite.
1611 5363 1719 5420 Nec
1745 5364 1878 5420 dixit
1906 5366 2047 5420 l‘utu-

469 5457 579 5494 rani
623 5452 675 5494 et
718 5444 1005 5512 repositam
1053 5452 1560 5520 remunerationem,
1614 5470 1683 5510 ne
1727 5470 1820 5510 eos
1864 5470 2047 5511 rurSus

466 5531 650 5585 reddat
693 5535 1017 5606 supiniores,
1059 5540 1150 5595 sed
1179 5557 1294 5596 eam
1335 5559 1453 5614 qmc
1476 5546 1585 5615 jam
1618 5546 1713 5601 fuit
1743 5534 1864 5602 data
1897 5565 1910 5603 :
1942 5546 2047 5604 Per

462 5620 593 5673 lianc
620 5624 772 5689 enim,
805 5628 1002 5692 intulit,
1031 5630 1236 5700 quidam
1282 5635 1545 5690 inscientes
1584 5638 1801 5707 hospitio
1834 5654 2043 5710 mepe-

461 5722 579 5765 runt
618 5717 844 5784 angelos.
898 5718 1002 5776 Sed
1048 5725 1321 5793 superiora
1366 5727 1657 5801 videamus,
1701 5728 2063 5803 Ilonorabile,‘

1285 308 1341 362 S.
1381 304 1659 362 JOANNIS
1690 305 2165 364 CllRYSOSTOMI
2205 308 2521 368 ARCHlEP.
2559 305 3092 367 CONSTANTINO‘P.

3673 318 3777 378 2’33

2179 418 2370 490 inquit,
2393 417 2697 473 connubium
2736 415 2788 469 in
2817 414 3066 478 omnibus,
3104 424 3149 466 ct
3179 421 3317 465 torus
3358 408 3753 479 immaculatusi

2175 508 2453 580 Quomodo
2484 508 2506 561 ?
2535 506 2798 575 Quoniam
2841 508 2891 560 in
2944 505 3208 568 castitate,
3261 503 3451 572 inquit,
3499 508 3555 556 et
3603 499 3760 569 pudi-

2171 603 2294 656 citia
2347 609 2628 656 conservat
2681 598 2910 653 tidclem.
2940 596 3038 652 llic
3081 597 3241 655 etiam
3274 595 3433 649 tacite
3463 593 3630 663 tangit
3652 591 3751 675 Jug

2172 693 2337 760 dazos,
2393 691 2534 762 quod
2588 688 3004 745 abominandum
3069 686 3438 742 existimarent
3493 683 3750 740 concubi-

2169 794 2282 841 tum
2314 802 2329 837 :
2362 782 2427 839 Et
2454 783 2540 855 qui
2569 799 2630 838 ea:
2673 784 2808 837 coitu
2833 783 3070 853 resurgit,
3104 780 3294 851 inquit,
3329 795 3429 833 non
3469 786 3541 832 est
3568 792 3749 847 purus.

2169 872 2284 935 Non
2315 886 2440 934 sunt
2469 873 2824 932 abominanda
2852 891 2971 946 qua:
2999 885 3124 929 sunt
3152 890 3215 929 ex
3240 882 3451 935 natura,
3483 886 3516 926 ο
3544 870 3750 942 ingrate

2167 981 2221 1027 et
2248 972 2393 1027 nullo
2421 985 2584 1026 sensu
2620 968 2842 1038 prmdite
2886 967 3073 1023 Iudaee
3096 1007 3111 1032 ,
3141 964 3233 1021 sed
3265 980 3385 1035 qua:
3415 972 3629 1018 suntex
3657 972 3748 1015 νο.

2165 1066 2369 1122 luntate
2397 1073 2451 1117 et
2492 1058 2659 1117 libero
2702 1060 2863 1114 animi
2893 1057 3298 1113 arbitrioznnm
3345 1056 3389 1111 si
3437 1054 3748 1110 honorabile

2163 1158 2218 1205 et
2244 1148 2499 1203 mundum
2526 1154 2610 1202 est
2635 1142 3055 1208 matrimonium,
3084 1157 3180 1197 cur
3206 1141 3367 1197 etiam
3398 1155 3464 1196 ex
3492 1154 3558 1195 eo
3582 1138 3746 1209 pollui

2162 1240 2475 1297 existimas?
2502 1238 2619 1294 Sint
2650 1252 2834 1300 mores,
2863 1234 3056 1304 inquit,
3087 1233 3198 1287 sine
3220 1232 3455 1286 avaritia.
3482 1230 3746 1298 Quoniam

2163 1330 2336 1399 multi,
2364 1341 2642 1403 postquam
2664 1345 2758 1384 sua
2787 1328 2925 1382 bona
2951 1323 3258 1390 effuderint,
3282 1324 3468 1378 volunt
3486 1332 3745 1394 praetequ

2138 1414 2518 1498 'eleemosynae
2567 1439 2630 1479 ea
2676 1436 2860 1477 rursus
2908 1420 3206 1489 acquirere,
3262 1425 3544 1488 propterea
3588 1415 3741 1482 dicit,

2162 1515 2279 1574 Sint
2307 1533 2467 1572 mores
2495 1515 2603 1569 sine
2636 1513 2886 1567 avaritia:
2916 1510 3017 1566 hoc
3047 1518 3150 1575 est,
3183 1508 3259 1564 Ea
3300 1517 3503 1562 tantum
3529 1523 3743 1578 qumra-

2159 1625 2278 1665 mus
2307 1608 2499 1680 quibus
2533 1615 2615 1662 est
2649 1621 2804 1676 opus,
2849 1613 2904 1659 et
2934 1619 3053 1675 qua:
3088 1610 3212 1657 sunt
3247 1601 3568 1657 necessaria.
3601 1598 3741 1669 Quid

2162 1717 2326 1768 vero,
2372 1699 2416 1754 si
2464 1715 2531 1753 ne
2570 1713 2632 1752 ea
2682 1693 2894 1767 quidem
2946 1694 3102 1750 nobis
3145 1690 3472 1763 suppetant?
3512 1690 3630 1746 Non
3666 1690 3739 1745 ita

2156 1801 2260 1859 est,
2299 1806 2406 1845 non
2451 1790 2523 1843 ita
2562 1796 2644 1844 est
2675 1806 2688 1843 :
2722 1788 2837 1857 ipse
2865 1785 3006 1842 enim
3038 1783 3192 1848 dixit,
3225 1794 3279 1838 et
3308 1797 3416 1838 non
3443 1782 3736 1839 mentitur:

2159 1883 2280 1938 Non
2327 1891 2374 1936 te
2407 1881 2654 1944 deseram,
2687 1894 2845 1948 neque
2888 1888 2935 1931 te
2978 1876 3347 1945 derelinquam.
3375 1875 3452 1930 Ita
3479 1882 3539 1929 ut
3578 1874 3741 1930 conﬁ-

2155 1975 2345 2031 denter
2379 1973 2652 2028 dicamus:
2682 1969 2930 2024 Dominus
2974 1968 3100 2021 milti
3127 1967 3333 2031 adiutor
3360 1981 3383 2021 :
3410 1982 3511 2020 non
3553 1965 3738 2019 timeba

2154 2067 2277 2139 quid
2307 2065 2461 2137 faciat
2490 2063 2612 2117 mihi
2642 2061 2790 2115 horno
2824 2058 2992 2133 (Psal.
3022 2059 3147 2114 117.
3179 2056 3260 2127 6).
3291 2059 3367 2112 Ac
3411 2058 3455 2114 si
3486 2056 3685 2112 diceret
3717 2075 3731 2110 :

2154 2158 2331 2215 [labes
2371 2156 2438 2209 ab
2481 2155 2600 2224 ipso
2630 2152 2978 2225 promissum,
3032 2164 3098 2204 ne
3127 2148 3339 2203 dubites
3377 2148 3446 2204 de
3491 2158 3731 2203 extero:

2152 2251 2266 2320 ipse
2295 2257 2378 2303 est
2401 2245 2685 2317 pollicitus,
2741 2257 2808 2298 ne
2852 2242 3111 2312 ambigas.
3142 2240 3276 2295 Illud
3303 2248 3502 2307 autem,
3534 2239 3657 2295 Non
3688 2252 3738 2294 te

2152 2340 2399 2403 deseram,
2433 2351 2538 2392 non
2580 2335 2706 2390 dicit
2735 2333 2909 2391 solum
2937 2331 3006 2389 de
3043 2331 3304 2403 pecuniis,
3343 2331 3439 2387 sed
3477 2331 3637 2387 etiam
3663 2331 3734 2387 de

2151 2432 2264 2484 aliis
2294 2428 2564 2483 omnibus.
2588 2425 2842 2480 Dominus
2868 2424 2989 2478 mihi
3007 2423 3214 2495 adjutor
3240 2438 3261 2477 :
3286 2420 3589 2477 nontimebo
3609 2423 3734 2493 quid

2151 2523 2306 2592 faciat
2334 2520 2460 2573 mihi
2481 2521 2649 2573 homo.
2676 2519 2741 2573 Et
2766 2516 2959 2571 merito
2980 2515 3261 2585 Propheta;
3284 2514 3482 2569 dictum
3505 2513 3725 2575 addidit,

2151 2615 2224 2667 sic
2251 2612 2538 2681 obsignans
2566 2622 2889 2673 sermonem,
2924 2614 2980 2661 et
3004 2606 3293 2661 alacriores
3334 2620 3433 2660 nos
3475 2604 3728 2665 reddens,

2151 2713 2205 2757 ut
2235 2718 2300 2758 ne
2327 2702 2693 2773 desperemus.
2726 2698 2836 2752 lloc
2873 2712 3002 2766 ergo
3034 2713 3129 2752 nos
3161 2710 3372 2767 quoque
3398 2695 3644 2750 dicamus
3676 2697 3728 2747 in

2158 2799 2410 2854 omnibus
2438 2797 2846 2862 tentationibus,
2894 2795 3126 2849 humana
3168 2792 3534 2849 irrideamus:
3565 2791 3742 2849 donec

2157 2892 2326 2948 Deum
2365 2890 2624 2947 habemus
2654 2889 2966 2961 propitium,
3009 2901 3169 2944 nemo
3204 2900 3304 2942 nos
3340 2885 3635 2958 superabit.
3673 2884 3738 2938 lt

2155 2982 2320 3049 enim,
2357 2983 2400 3036 si
2431 2981 2519 3037 ille
2549 2982 2618 3035 sit
2645 2981 2916 3047 inimicus,
2943 2978 3152 3034 etiamsi
3194 2992 3384 3033 omnes
3411 2976 3518 3032 sint
3557 2975 3711 3030 amici

2154 3074 2287 3131 nihil
2314 3073 2534 3147 prodest
2567 3091 2580 3127 :
2615 3073 2686 3127 ita
2715 3073 2759 3128 si
2801 3073 2917 3143 ipse
2944 3072 3015 3126 sit
3050 3069 3275 3133 amicus,
3309 3067 3515 3124 etiamsi
3550 3082 3739 3121 omn-s

2152 3168 2550 3239 belligerentur,
2600 3164 2738 3221 nihil
2786 3178 2886 3219 nos
2926 3164 3090 3220 laedit.
3129 3162 3254 3219 Ideo
3291 3161 3424 3217 dixit
3456 3178 3470 3215 :
3501 3158 3622 3215 Non
3668 3161 3735 3212 ti-

2152 3262 2293 3315 mebo
2326 3261 2449 3333 quid
2473 3260 2630 3331 faciat
2667 3258 2791 3312 mihi
2813 3258 2984 3313 homo.
3019 3256 3320 3312 Mementote
3351 3255 3734 3326 prtepositorum

2151 3362 2448 3419 vestrorum,
2479 3351 2565 3424 qui
2590 3350 2726 3405 vobis
2752 3351 2948 3422 loquuti
2972 3359 3089 3404 sunt
3115 3348 3316 3403 verbum
3339 3347 3452 3402 Dei.
3485 3347 3580 3402 Hic
3602 3361 3728 3418 quo-

2150 3457 2256 3511 que
2284 3442 2531 3497 existimo
2563 3458 2682 3497 eum
2717 3442 2894 3497 dicere
2921 3439 2988 3496 de
3030 3440 3229 3495 auxilio
3259 3457 3272 3492 :
3304 3440 3405 3494 hoc
3447 3438 3587 3493 enim
3627 3449 3732 3503 est,

2154 3534 2254 3603 Qui
2278 3533 2413 3589 vobis
2454 3535 2648 3605 loquuti
2685 3543 2801 3588 sunt
2837 3533 3039 3588 verbum
3075 3531 3192 3587 Dei.
3228 3532 3457 3598 Quorum
3486 3540 3734 3586 mtuentrs

2150 3629 2338 3682 exitum
2381 3628 2794 3694 conversationis,
2838 3626 3108 3681 imitamini
3138 3627 3311 3694 ﬁdem.
3342 3624 3479 3693 Quid
3507 3633 3609 3692 est,
3639 3621 3734 3677 In.

2150 3719 2382 3774 tuentes?
2410 3719 2639 3774 Assidue
2682 3716 2977 3785 versantes,
3020 3716 3162 3789 apud
3202 3731 3298 3772 vos
3340 3717 3729 3780 examinantcs.

2149 3812 2530 3867 ratiocinantes
2556 3852 2570 3877 ,
2602 3818 2849 3866 accurate
2878 3818 2932 3865 et
2969 3819 3156 3864 exacte
3180 3819 3503 3879 quaerentes,
3536 3817 3593 3862 ut
3617 3807 3733 3862 vui-

2149 3902 2215 3957 tis
2242 3910 2558 3957 scrutantes.
2589 3901 2752 3956 Recte
2777 3901 2922 3964 dicit,
2957 3899 3160 3955 Exitum
3185 3901 3606 3964 conuersationis;
3629 3899 3733 3954 hoc

2147 4003 2249 4056 est,
2274 3993 2363 4064 qui
2383 3993 2637 4063 pertingit
2660 4006 2827 4062 usque
2855 3992 2920 4045 ad
2952 3990 3134 4056 linem,
3154 3992 3403 4062 quoniam
3435 3991 3631 4046 bonum
3663 3991 3731 4044 ti‘

2147 4100 2269 4139 nem
2294 4083 2479 4138 habuit
2506 4099 2692 4138 eorum
2713 4083 3071 4138 conversatio.
3103 4080 3257 4136 Jesus
3278 4080 3511 4137 Christus
3541 4081 3651 4136 lteri
3679 4092 3729 4137 et

2146 4176 2315 4241 hodie,
2347 4168 2479 4229 idem
2508 4188 2555 4229 et
2594 4176 2648 4228 in
2676 4175 2882 4230 stecula.
2907 4174 2960 4230 Id
2989 4183 3073 4231 est
3095 4192 3110 4229 :
3135 4173 3213 4231 Ne
3239 4176 3556 4231 existimetis
3583 4175 3726 4245 quod

2146 4277 2273 4324 tunc
2298 4268 2484 4325 fecerit
2518 4268 2792 4335 miracula,
2825 4282 2966 4324 nunc
3005 4275 3182 4323 autem
3216 4283 3322 4323 non
3352 4268 3547 4327 faciat;
3580 4267 3724 4322 idem

2144 4361 2258 4429 ipse
2275 4367 2376 4423 est,
2402 4367 2456 4414 et
2480 4360 2728 4430 quoniam
2758 4359 2897 4414 idem
2919 4369 3023 4426 est,
3055 4374 3157 4414 non
3181 4367 3262 4415 est
3285 4368 3494 4430 tempus
3514 4360 3729 4429 quando

2145 4468 2251 4508 non
2274 4453 2440 4524 possit
2457 4452 2557 4506 ista
2577 4450 2820 4524 operari:
2841 4452 2906 4507 ad
2929 4451 3068 4523 quod
3094 4450 3314 4507 forsitan
3334 4453 3627 4522 respiciens
3648 4452 3731 4507 di-

2144 4543 2220 4600 xit
2236 4562 2250 4600 :
2272 4543 2572 4600 Mementote
2587 4545 2973 4615 prepositorum
2991 4555 3283 4599 vestrorum.
3297 4545 3559 4599 Doctrinis
3575 4548 3683 4600 vari
3687 4547 3729 4600 is

2144 4645 2190 4689 et
2213 4635 2491 4707 peregrinis
2518 4634 2674 4690 nolite
2692 4634 2893 4688 abduci.
2912 4633 3221 4706 Peregrinis,
3247 4634 3348 4690 hoc
3378 4642 3478 4702 est,
3500 4635 3728 4691 diversis

2141 4729 2210 4784 ab
2230 4729 2294 4784 iis
2321 4744 2450 4800 quas
2470 4744 2500 4784 a
2529 4728 2682 4784 nobis
2707 4729 2986 4783 audivistis
3017 4746 3031 4781 :
3070 4727 3255 4795 Variis,
3291 4728 3392 4783 hoc
3416 4738 3499 4783 est
3522 4770 3536 4794 ,
3567 4744 3730 4783 omne

2141 4834 2311 4890 genus
2330 4819 2608 4874 doctrinis.
2629 4817 2786 4873 Tales
2806 4818 2947 4872 enim
2974 4817 3103 4872 nihil
3128 4818 3323 4874 habent
3351 4818 3511 4873 lixum
3542 4827 3597 4873 et
3617 4826 3749 4872 ξιιμ·

2142 4911 2273 4976 bile,
2292 4910 2386 4966 sed
2407 4910 2723 4975 suntvarim,
2739 4908 2971 4964 maxime
2987 4909 3036 4963 id
3051 4908 3194 4979 quod
3218 4908 3283 4964 ad
3307 4909 3455 4965 cibos
3473 4909 3723 4980 pertinet.

2142 5002 2345 5056 Idcirco
2368 5000 2432 5054 ad
2463 5000 2564 5055 hoc
2592 4998 2889 5069 respiciens
2918 4999 3195 5071 subjungit
3222 5016 3237 5054 :
3268 4999 3469 5055 Bonum
3499 5000 3632 5055 enim
3655 5011 3729 5055 est

2141 5095 2306 5166 gratia
2333 5092 2551 5147 stabiliri
2577 5107 2682 5154 cor,
2714 5104 2814 5145 non
2843 5092 2989 5145 escis.
3021 5090 3112 5145 Ea:
3137 5101 3262 5147 sunt
3289 5092 3471 5156 varim,
3496 5107 3574 5148 ea)
3602 5102 3728 5147 sunt

2142 5186 2456 5256 peregrinae.
2482 5183 2579 5237 Ιιιο
2605 5183 2657 5236 in
2682 5182 3106 5252 superstitiosam
3133 5183 3374 5238 ciborum
3398 5183 3728 5239 observatio-

2142 5292 2265 5332 nem
2294 5273 2562 5329 invehitur
2592 5291 2606 5327 :
2638 5272 2873 5328 ostendit
2900 5273 3044 5327 enim
3070 5274 3341 5344 quomodo
3370 5272 3435 5327 es
3464 5272 3747 5344 supersti-'

2142 5371 2276 5423 tiusa
2295 5367 2534 5423 ciborum
2565 5365 2938 5421 observatione
2956 5366 3008 5420 in
3027 5366 3256 5422 alienam
3273 5381 3302 5421 a
3328 5376 3469 5421 recta
3499 5367 3603 5422 fide
3626 5368 3725 5421 do-

2139 5459 2364 5515 ctrinam
2385 5456 2688 5522 inciderint,
2718 5455 2947 5526 indeque
2978 5457 3029 5511 in
3056 5458 3233 5511 varias
3253 5467 3306 5512 et
3323 5472 3488 5511 novas
3518 5446 3725 5512 doctri-

2141 5566 2238 5605 nas
2258 5550 2457 5605 seusim
2479 5563 2536 5603 se
2562 5546 2894 5603 demiserint.
2922 5546 2989 5603 Et
3008 5547 3131 5603 vide
3156 5562 3278 5602 eum
3308 5563 3413 5603 non
3431 5548 3723 5604 audentem

2155 5654 2256 5709 hoc
2282 5663 2466 5723 aperte
2492 5653 2687 5719 dicere,
2712 5650 2807 5709 sed
2831 5652 2981 5723 quasi
3011 5651 3063 5705 in
3089 5651 3392 5723 aenigmate.
3416 5650 3550 5706 Dum
3577 5649 3721 5705 enim

2157 5745 2299 5806 dicit,
2324 5744 2812 5814 Nolitecirrmnferri
2835 5743 2986 5797 variis
3005 5752 3050 5797 et
3078 5743 3218 5797 novis
3250 5741 3509 5807 doctrinis,
3530 5750 3602 5804 ct,
3626 5737 3724 5792 Bo-
