4080 6198
322 293 448 350 1⁵27

1107 290 1169 345 IN
1199 290 1416 347 EPIST.
1459 292 1550 345 AD
1589 292 1892 350 ΙΙΕΒΠΑΕΟ

1989 295 2141 353 CAP.
2183 295 2571 355 XIIIJIOMIL.
2615 298 2885 367 XXXlﬂg
2964 318 2973 357 ῖ

330 409 751 478 λατρεύοντες.
808 407 920 475 Οὐχ
946 400 1032 460 οἶα
1058 408 1127 459 τὰ
1159 408 1446 474 Ἰουδαϊκὰ,
1481 410 1652 479 φησὶ,
1693 410 1921 464 τοιαῦτα

3494 310 3615 367 2‘13?

2037 414 2322 478 Ἰουδαίους
2374 415 2707 496 αἰνίττεται,
2761 417 2846 469 ὅτι
2900 415 3161 486 βδελυρὰν
3217 420 3448 489 ἡγοῦντο
3499 427 3600 496 τὴν

326 495 400 549 τὰ
433 493 570 563 παρ’
596 493 751 562 ἡμῖν,
774 491 849 553 ὡς
886 491 1022 561 μηδὲ
1048 491 1295 561 ἀρχιερεῖ
1319 492 1474 562 θέμις
1499 488 1638 547 εἶναι
1671 494 1922 564 μετέχειν
2024 497 2212 568 κοίτην
2233 513 2246 529 ·
2278 496 2390 551 Καὶ
2416 498 2485 563 ὃς
2512 500 2590 551 ἀν
2618 493 2681 568 ᾖ,
2709 500 2895 568 φησὶν,
2921 500 3037 554 ἀπὸ
3070 488 3296 569 κοίτης,
3328 507 3439 559 οὐκ
3466 488 3601 561 ἔστι

328 574 537 631 αὐτῶν.
557 575 719 627 Ὥστε
744 568 1096 657 ἐπειδὴεἷπε,
1124 573 1216 644 Μὴ
1234 577 1628 645 παρατηρεῖτε,
1659 574 1837 628 ἐδόκει
1860 575 1919 628 δὲ
2021 581 2302 647 καθαρός.
2360 581 2473 635 Οὐκ
2524 580 2640 634 ἔστι
2687 581 2923 652 βδελυρά
2973 584 3042 637 τὰ
3094 568 3500 657 ἁπδφύσεως,
3553 585 3602 645 ὧ

327 657 492 711 τοῦτο
522 656 959 719 καταϐάλλοντος
986 652 1125 710 εἶναι
1150 656 1222 709 τὰ
1255 657 1383 722 ἴδια,
1405 657 1569 712 πάλιν
1598 658 1732 711 αὐτὸ
1756 675 1918 730 περι-

328 741 576 812 στρέφει.
610 740 703 809 Μὴ
730 738 839 808 γὰρ
870 739 968 791 καὶ
998 741 1162 809 ἡμεῖς
1185 740 1247 792 οὐ
1274 739 1723 811 παρατηροῦμεν,
1748 740 1914 811 φησί;

326 825 444 878 Καὶ
488 820 917 892 παρατηροῦμεν
944 859 959 883 ,
1022 820 1116 874 καὶ
1164 821 1519 893 σφοδρότερον
1566 823 1685 876 οὐδὲ
1730 823 1917 886 αὐτοῖς

322 909 440 970 τοῖς
475 904 680 978 ἱερεῦσι
710 905 1076 974 μεταδιδόντες
1105 900 1422 959 αὐτῶν.Ὦν
1442 907 1552 976 γὰρ
1579 906 1915 976 εἰσφέρεται

323 989 485 1050 ζώων
500 989 567 1042 τὸ
577 985 724 1058 αἷμα
744 988 877 1056 περί
899 989 1185 1057 ἁμαρτίας
1199 992 1285 1055 είς
1300 990 1370 1044 τὰ
1384 990 1520 1059 ἅγια
1535 990 1632 1044 διὰ
1652 991 1758 1044 τοῦ
1775 992 1915 1061 ἀρχ-

322 1073 547 1140 ιερέως,
582 1074 810 1126 τούτων
855 1070 1205 1139 τὰσώματα
1247 1074 1629 1128 κατακαίεται
1657 1074 1774 1137 ἔξω
1800 1074 1912 1142 τῆς

320 1157 628 1224 παρεμϐολ
640 1154 730 1221 ῆς.
763 1155 861 1207 Διό
883 1154 981 1207 καί
1020 1154 1281 1220 Ἰησοῦς,
1305 1155 1405 1208 ἵνα
1430 1155 1653 1227 ἁγιάσῃ
1676 1156 1775 1211 διὰ
1802 1156 1910 1211 τοῦ

320 1237 480 1292 ἰδίου
510 1238 761 1307 αἵματος
797 1239 906 1290 τὸν
927 1236 1102 1301 λαὸν,
1138 1238 1295 1301 Ἕξω
1324 1236 1434 1305 τῆς
1462 1239 1682 1306 πύλης,
1718 1241 1904 1310 φησὶν,

317 1320 570 1377 ἔπαθεν.
607 1317 763 1383 Εἶδες
803 1320 894 1374 τὸν
923 1320 1092 1374 τόπον
1116 1320 1435 1390 λάμποντα;
1488 1322 1643 1387 Ἔξω
1661 1364 1677 1388 ,
1703 1323 1905 1393 φησιν,

318 1401 434 1471 τῆς
476 1402 900 1472 παρεμϐολῆς,
938 1404 1066 1467 καὶ,
1119 1404 1278 1467 Ἔξω
1316 1402 1428 1472 τῆς
1469 1407 1692 1473 πύλης.
1752 1407 1906 1460 Ἐπεὶ

315 1483 414 1541 οὖν
440 1489 510 1540 τα
537 1487 961 1559 προσφερόμενα
990 1487 1121 1557 περὶ
1140 1486 1417 1557 ἁμαρτίας
1444 1488 1613 1552 τύπος
1634 1506 1717 1551 τις
1737 1484 1902 1559 ἦσαν,

314 1572 417 1624 καὶ
454 1570 565 1635 ἔξω
592 1571 694 1640 τῆς
728 1570 1086 1641 παρεμϐολῆς
1118 1568 1542 1638 ώλοκαυτοῦντο,
1578 1572 1671 1624 καί⁵
1706 1573 1735 1625 ὁ
1763 1571 1904 1645 ὑπὲρ

312 1653 611 1723 ἁμαρτιῶν
656 1652 819 1723 ἡμῶν
873 1651 1203 1724 προσαχθεὶς
1259 1652 1466 1722 Ἰησοῦς
1517 1653 1745 1718 εἰκότως
1797 1654 1906 1721 ἔξω

310 1737 416 1806 τῆς
443 1736 621 1807 πύλης
654 1737 880 1806 πάσχει.
908 1735 1118 1789 Οὐκοῦν
1152 1736 1247 1790 καὶ
1270 1737 1420 1806 ἡμᾶς
1452 1736 1542 1790 τὸν
1572 1738 1715 1807 ὑπὲρ
1744 1738 1902 1808 ἡμῶν

310 1818 561 1872 παθόντα
611 1819 898 1888 μιμεῖσθαι
926 1817 1067 1889 χρὴ,
1096 1819 1191 1871 καὶ
1228 1817 1334 1883 ἔξω
1367 1819 1463 1872 τοῦ
1510 1819 1717 1890 κόσμου
1750 1820 1900 1888 γίνε-

312 1905 478 1965 σθαι,
523 1902 727 1972 μᾶλλον
770 1903 828 1955 δὲ
872 1902 982 1956 τῶν
1028 1902 1122 1955 τοῦ
1156 1903 1365 1974 κόσμου
1405 1904 1768 1974 πραγμάτων.
1809 1905 1901 1958 Διὸ

310 1987 411 2039 καὶ
469 1986 630 2039 τοῦτο
672 1984 851 2055 δηλῶν
913 1986 1193 2055 ἐπήγαγε·
1261 1987 1476 2040 Τοίνυν
1522 1985 1900 2055 ἐξερχώμεθα

309 2067 467 2137 πρὸς
502 2067 697 2122 αὐτὸν
721 2067 839 2132 ἔξω
865 2067 976 2137 τῆς
1006 2067 1389 2136 παρεμϐολῆς
1410 2108 1426 2133 ,
1473 2069 1760 2137 φέροντες
1792 2068 1900 2122 τὸν

311 2149 668 2220 ὀνειδισμὸν
699 2150 921 2206 αὐτοῦ’
954 2150 1234 2213 τουτέστι,
1275 2149 1345 2202 τὰ
1380 2151 1522 2205 αὐτὰ
1556 2153 1855 2223 πάσχοντες
1877 2192 1895 2218 ,

310 2234 704 2296 κοινωνοῦντες
731 2232 885 2304 αὑτῷ
923 2234 982 2287 ἐν
1012 2235 1125 2296 τοῖς
1160 2232 1500 2304 παθήμασιν.
1554 2233 1643 2298 Ὠς
1672 2234 1897 2288 κατάδι-

308 2334 409 2382 aco;
440 2316 762 2388 ἐσταυρώθη
786 2315 896 2381 ἐξω
917 2332 931 2346 ·
966 2315 1042 2386 μὴ
1064 2315 1243 2371 τοίνυν
1269 2315 1407 2386 μηδὲ
1437 2317 1598 2386 ἡμεῖς
1623 2318 1894 2389 αἰσχυνώ-

311 2402 454 2472 μεθα
482 2403 689 2468 ἐξιέναι
717 2400 824 2465 ἔξω
852 2397 949 2453 τοῦ
975 2401 1180 2468 κόσμου
1201 2415 1215 2428 ·
1244 2400 1403 2453 τοῦτο
1429 2400 1538 2469 γὰρ
1569 2400 1787 2471 ᾐνίξατο
1816 2401 1894 2472 τῷ

306 2487 508 2552 εἰπεῖν,
541 2484 703 2549 Ἐ’ξω
729 2481 842 2552 τῆς
866 2483 1416 2553 παρεμϐολῆς,,καὶ,
1451 2483 1607 2548 Ἕξω
1640 2482 1750 2553 τῆς
1781 2488 1892 2540 πύ-

305 2573 450 2637 λης.
479 2569 566 2623 Οὐ
592 2568 705 2638 γὰρ
729 2567 953 2638 ἔχομεν
978 2559 1097 2620 ὦδε
1115 2566 1450 2635 μένουσαν,
1487 2567 1644 2638 φησὶ,
1688 2568 1891 2636 πόλιν,

304 2653 474 2708 ἀλλὰ
500 2651 619 2720 τὴν
636 2651 998 2721 μέλλουσαν
1023 2648 1430 2719 ἐπιζητοῦμεν.
1459 2650 1540 2704 Δι’
1563 2650 1753 2705 αὑτοῦ
1778 2648 1893 2707 οὖν

304 2734 701 2805 ἀναφέρωμεν
724 2734 948 2790 θυσίαν
971 2733 1255 2800 αίνέσεως
1280 2733 1607 2799 διαπαντὸς
1631 2733 1711 2799 τῷ
1732 2735 1853 2801 Θεῷ
1871 2753 1886 2767 ·

302 2822 608 2883 τουτέστι,
637 2820 871 2890 καρπὸν
890 2818 1143 2890 χειλέων
1168 2820 1626 2889 ὁμολογούντων
1654 2818 1733 2885 τῷ
1757 2821 1893 2876 ὀνό-

300 2921 451 2974 ματι
489 2902 692 2957 αὑτοῦ.
731 2902 814 2957 Δι’
849 2902 1067 2968 αὑτοῦ,
1113 2897 1298 2968 εἶπεν,
1339 2902 1414 2966 ὡς
1441 2902 1507 2955 δι’
1546 2903 1887 2975 ἀρχιερέως,

301 2988 372 3041 τὸ
400 2987 545 3042 κατὰ
577 2986 769 3057 σάρκα.
817 2985 1314 3055 ’ομολογούντων,
1351 2986 1505 3055 φησὶ,
1540 2984 1620 3050 τῷ
1644 2986 1890 3055 ὀνόματι

302 3071 520 3127 αὐτοῦ.
566 3070 779 3123 Ὡσανεί.
805 3068 1013 3138 ἔλεγεν,
1047 3070 1110 3123 Εἰ
1140 3068 1425 3139 ὁμολογεῖν
1450 3068 1600 3139 αὐτῷ
1625 3070 1744 3134 δεῖ,
1777 3088 1883 3142 μη-

301 3155 398 3209 δὲν
424 3153 749 3225 βλάσφημον
769 3192 784 3216 ,
820 3152 986 3223 μηδὲν
1019 3152 1213 3223 ἰταμὸν
1232 3193 1247 3214 ,
1289 3151 1456 3222 μηδὲν
1481 3152 1684 3222 θρασὺ,
1720 3154 1886 3225 μηδὲν

301 3237 613 3309 τολμηρὸν,
645 3236 811 3308 μηδὲν
839 3235 1270 3307 άπονενοημένον
1309 3234 1676 3307 φθεγγώμεθα
1695 3278 1711 3302 ,
1748 3237 1888 3292 ἀλλὰ
1910 3242 1927 3261 ’⁸

307 3322 453 3394 μετὰ
494 3321 678 3386 αἰδοῦς
706 3322 803 3375 καὶ
838 3319 1124 3383 εὐλαϐείας
1162 3319 1341 3373 πάντα
1375 3320 1618 3391 ποιῶμεν
1669 3324 1762 3376 καὶ
1796 3322 1884 3376 λέ-

302 3422 517 3474 γωμεν.
554 3404 744 3459 Ταῦτα
773 3403 923 3473 λέγει
952 3404 1050 3474 οὐχ
1082 3401 1300 3467 ἁπλῶς,
1351 3402 1468 3456 ἀλλ’
1510 3402 1666 3476 [305]
1697 3406 1884 3478 ἐπειδὴ

302 3485 451 3542 οἶδεν
480 3488 678 3552 αὐτοὺς
719 3487 1070 3558 θλιϐομένους
1093 3504 1108 3518 °
1140 3486 1287 3558 ψυχὴ
1311 3487 1369 3541 δὲ
1406 3490 1464 3541 ἐν
1492 3491 1612 3552 ταῖς
1642 3489 1884 3559 θλίψεσιν

298 3570 679 3639 ἀπογινώσκει
725 3571 821 3625 καὶ
865 3573 1313 3641 άπαναισχυντεῖ.
1370 3570 1531 3625 Ἀλλά
1565 3573 1640 3643 μὴ
1686 3575 1882 3644 ἡμεῖς,

296 3654 496 3723 φησίν.
548 3653 680 3709 Ἰδοὺ
727 3654 890 3707 πάλιν
931 3654 993 3707 τὸ
1034 3654 1165 3707 αὐτὸ
1203 3649 1392 3717 εἶπεν,
1443 3655 1583 3726 ὅπερ
1628 3654 1886 3726 ἀνωτέρω

302 3739 495 3808 ἔλεγε·
543 3739 641 3807 Μὴ
687 3739 1220 3809 ἐγκαταλείποντες
1256 3738 1373 3807 τὴν
1420 3740 1886 3809 ἐπισυναγωγὴν

292 3822 443 3877 iam
454 3821 558 3877 ῶν.
584 3822 741 3877 Οὕτω
760 3822 1105 3893 δυνησόμεθα
1123 3820 1262 3892 μετὰ
1277 3820 1460 3886 αἰδοῦς
1480 3822 1656 3877 πάντα
1673 3825 1849 3876 ποιεῖν
1865 3840 1881 3855 ο

292 3906 573 3970 πολλάκις
614 3908 728 3979 γὰρ
755 3906 851 3960 καὶ
892 3903 1217 3975 ἀνθρώπους
1257 3905 1677 3975 αἰσχυνόμενοι,
1713 3905 1886 3960 πολλὰ

298 3990 365 4044 οὗ
395 3991 713 4061 πράττομεν
753 3988 862 4044 τῶν
890 3987 1163 4059 πονηρῶν.
1206 3986 1322 4054 Τῆς
1360 3986 1429 4041 δὲ
1469 3988 1740 4053 εὐποιίας
1785 3988 1884 4043 καί

296 4075 623 4139 κοινωνίας
644 4072 731 4143 μὴ
754 4071 1246 4127 ἐπιλανθάνεσθε.

374 4164 451 4226 γ’.
463 4157 789 4211 Ταῦταατότε
810 4157 946 4226 μὲνό
968 4155 1178 4220 Παῦλος
1193 4155 1372 4224 ἔλεγε,
1390 4156 1485 4209 νῦν
1501 4156 1558 4211 δέ
1581 4154 1692 4226 ἐγὼ
1717 4155 1881 4226 λέγω’

298 4241 427 4312 οὐχὶ
460 4241 598 4312 πρὸς
619 4240 747 4303 τοὺς
776 4239 1047 4311 παρόντας
1080 4238 1243 4310 μόνον
1274 4238 1537 4308 ἀδελφοὺς
1557 4239 1616 4293 δὲ
1647 4240 1715 4293 τὰ
1743 4240 1886 4294 αὐτὰ

298 4324 472 4395 λέγω,
503 4323 640 4378 ἀλλὰ
663 4322 917 4394 καὶπρὸς
936 4324 1062 4386 τοὺς
1096 4321 1358 4387 ἀπόντας.
1393 4323 1582 4386 Οὐδεὶς
1605 4322 1675 4377 τὰ
1703 4324 1882 4396 ὑπάρ-

301 4425 470 4479 χοντα
498 4407 654 4478 ὑμῶν
685 4407 934 4478 ἥρπασεν
955 4421 969 4436 ⁸
1002 4406 1051 4459 εἰ
1072 4406 1130 4459 δέ
1155 4423 1302 4470 τινες
1328 4405 1423 4459 καὶ
1454 4407 1789 4477 ήρπάκασιν,
1819 4410 1883 4461 ἐκ

299 4490 412 4544 τῶν
451 4492 681 4544 ἐνόντων
713 4489 813 4561 τὴν
850 4488 1153 4559 φιλοξενίαν
1180 4488 1576 4543 ἐπιδείκνυσθε.
1611 4488 1741 4543 Τίνα
1773 4489 1882 4561 γὰρ

300 4573 501 4642 ἕξομεν
523 4575 690 4643 ⁴ἡμεῖς
714 4571 1011 4641 ἀπολογίαν
1032 4571 1239 4637 λοιπὸν,
1269 4571 1475 4625 τούτων
1492 4571 1589 4624 καὶ
1616 4573 1756 4643 μετά
1782 4573 1881 4642 τὴν

300 4655 564 4727 ἁρπαγὴν
606 4655 713 4708 τῶν
752 4655 1106 4728 ὑπαρχόντων
1155 4654 1329 4709 ταῦτα
1378 4655 1686 4709 ἀκουόντων
1705 4695 1722 4723 ,
1771 4655 1881 4708 Καὶ

294 4740 403 4810 ὅρα
425 4778 445 4804 ,
484 4737 723 4792 ἐνταῦθα
752 4739 903 4807 λέγει
927 4781 941 4804 ,
986 4737 1103 4808 Τῆς
1137 4740 1407 4804 εὐποιίας
1433 4740 1521 4807 μὴ
1556 4737 1881 4792 ἐπιλανθά-

295 4827 486 4880 νεσθε
503 4866 518 4891 ,
562 4822 732 4877 εἰπὼν
756 4824 1044 4895 ἀνωτέρω,
1079 4823 1195 4892 Τῆς
1218 4823 1569 4892 φιλοξενίας
1590 4838 1603 4853 ο
1631 4823 1730 4875 οὐκ
1754 4822 1881 4876 ἄλλο

297 4908 398 4963 καὶ
420 4907 553 4961 ἄλλο
577 4906 753 4977 δηλῶν
768 4945 785 4971 ,
811 4906 948 4961 ἀλλὰ
970 4906 1031 4960 τὸ
1056 4906 1191 4960 αὐτὸ
1211 4906 1278 4958 δι’
1302 4904 1494 4975 ἐτέρας
1520 4904 1738 4971 λέξεως.
1769 4905 1880 4959 Καὶ

294 4992 401 5047 οὐκ
436 4986 581 5058 εἷπε,
627 4991 739 5062 Τῆς
770 4989 1075 5060 ξενοδοχίας
1103 4987 1178 5060 μὴ
1207 4986 1635 5041 ἐπιλανθάνεσθε
1656 5029 1670 5053 ,
1701 4988 1838 5041 ἀλλὰ
1861 5029 1876 5057 ,

303 5074 423 5143 Τῆς
458 5073 841 5144 φιλοξενίας·
876 5073 1157 5137 τουτέστι,
1191 5072 1283 5141 Μὴ
1318 5070 1505 5134 ἁπλῶς
1528 5070 1877 5141 ξενοδοχεῖτε,

296 5159 440 5214 ἀλλά
467 5159 611 5230 μετὰ
639 5158 734 5213 τοῦ
764 5158 941 5228 φιλεῖν
967 5159 1095 5220 τοὺς
1124 5156 1329 5223 ξένους.
1360 5155 1471 5209 Καὶ
1499 5157 1599 5209 οὐκ
1626 5150 1748 5209 εἷπε
1779 5156 1880 5227 τὴν

299 5241 604 5312 μέλλουσαν
642 5242 738 5296 καὶ
782 5239 1153 5310 ἀποκειμένην
1186 5237 1454 5309 ἀμοιϐὴν,
1485 5237 1573 5292 ἵνα
1605 5239 1681 5308 μὴ
1719 5238 1880 5292 πάλιν

292 5325 500 5389 αὐτοὺς
537 5325 908 5394 ὑπτιωτέρους
943 5325 1288 5394 ἐργάσηται,
1319 5320 1458 5375 ἀλλὰ
1510 5321 1610 5391 τὴν
1657 5322 1757 5393 ἤδη
1794 5324 1881 5376 δο-

266 5408 488 5463 ηθεῖσαν
508 5423 525 5439 ’
551 5409 803 5479 ἐπήγαγε
835 5406 946 5477 γὰρ
962 5446 977 5469 ,
1018 5406 1099 5459 Δι’
1125 5402 1317 5473 αὐτῆς
1341 5404 1563 5459 ἔλαθόν
1588 5420 1747 5471 τινες
1782 5406 1879 5471 ξε-

290 5492 586 5557 νίσαντες
620 5492 939 5561 ἀγγέλους.
978 5487 1119 5541 Ἀλλ’
1149 5487 1349 5557 ἴδωμεν
1384 5485 1590 5542 ἀνωθεν
1619 5485 1690 5539 τὰ
1722 5489 1878 5559 εἰρη-

295 5577 459 5646 μένα.
498 5576 694 5644 Τίμιος
720 5576 753 5627 ό
778 5572 988 5644 γάμος,
1018 5573 1202 5643 φησὶν,
1225 5572 1294 5625 ἐν
1314 5569 1486 5634 πᾶσι,
1512 5569 1612 5624 καὶ
1635 5569 1672 5638 ’ἡ
1706 5571 1877 5641 κοίτη

266 5659 608 5728 -ἀρίαντος,
665 5655 793 5719 Πῶς
838 5656 1022 5726 τίμιος
1067 5657 1096 5709 ὁ
1138 5654 1352 5725 γάμος;
1384 5654 1512 5709 *Οτι
1556 5653 1616 5707 ἐν
1665 5670 1876 5724 σωφρο-

294 5741 434 5814 σύνη
457 5780 473 5805 ,
523 5739 660 5810 φησὶ
682 5778 697 5805 ,
746 5737 996 5809 διατηρεῖ
1035 5737 1126 5792 τὸν
1180 5737 1394 5792 πιστόν.
1460 5734 1725 5791 Ἐνταῦθα
1775 5737 1870 5791 καὶ

2019 659 2275 730 ἄγνωμον
2297 662 2393 715 καὶ
2420 662 2715 734 ἁναίσθητε
2752 663 2993 733 Ίουδαῖε,
3016 666 3150 721 ἀλλᾶ
3174 669 3242 721 τὰ
3270 669 3380 722 ἀπὸ
3407 687 3599 741 προαι-

2020 746 2223 816 ρέσεως
2244 763 2257 776 ο
2298 748 2347 800 ει
2388 747 2498 817 γὰρ
2532 747 2710 817 τίμιος
2739 749 2768 799 ὁ
2798 750 2977 820 γάμος
3005 753 3099 805 καὶ
3124 752 3387 823 καθαρὸς,
3418 754 3471 808 τί
3507 755 3603 826 δήε-

2018 843 2150 879 ποτε
2186 829 2277 882 καί⁸
2301 830 2360 897 ἐξ
2397 830 2567 883 αὑτοῦ
2605 830 2916 900 μιαίνεσθαι
2942 832 3210 902 νομίζεις
3254 836 3599 907 Ἀφιλάργυο

2007 926 2154 977 ρος,
2206 913 2404 983 φησὶν,
2451 916 2484 967 ό
2531 915 2767 982 τρόπος.
2838 917 3059 982 Ἐπειδὴ
3115 919 3301 973 πολλοὶ
3343 922 3479 991 μετὰ
3531 923 3600 976 τὸ

2015 992 2250 1046 κενῶσαι
2278 994 2345 1047 τὰ
2387 995 2703 1067 ὑπάρχοντα
2725 1034 2741 1062 ,
2772 996 3000 1068 ὕστερον
3034 998 3310 1067 βούλονται
3354 1006 3596 1075 προσχή-

2016 1092 2145 1145 ματι
2174 1075 2548 1150 ἐλεημοσύνης
2577 1081 2912 1135 ἀνακτᾶσθαι
2940 1083 3103 1137 πάλιν
3134 1084 3291 1151 αὐτὰ,
3324 1085 3413 1140 διὰ
3432 1089 3597 1143 τοῦτό

2012 1174 2208 1227 φησιν,
2246 1160 2680 1242 ᾊφιλάργυρος
2705 1167 2738 1218 ὁ
2758 1165 3005 1233 τρόπος
3035 1167 3311 1221 τουτέστιν
3330 1208 3345 1232 ,
3379 1169 3464 1224 ἵνα
3491 1175 3592 1242 τῆς

2009 1243 2200 1313 χρείας
2243 1237 2395 1315 ὦμεν
2425 1247 2521 1300 καὶ
2557 1247 2667 1301 τῶν
2709 1249 3045 1317 ἀναγκαίων.
3095 1250 3160 1303 Τί
3193 1251 3308 1318 οῦν,
3336 1253 3405 1306 ἂν
3454 1237 3593 1325 μηδὲ

2006 1326 2244 1391 τούτων,
2290 1329 2491 1399 φησὶν.
2536 1331 2900 1403 εὐπορῶμεν;
2947 1333 3059 1387 Οὐκ
3107 1333 3224 1387 ἐστι
3251 1334 3449 1400 τοῦτο,
3488 1338 3592 1391 οὐκ

1971 1459 1984 1469 ,
2010 1406 2159 1480 [506]
2191 1409 2340 1464 ἔστιν
2363 1428 2377 1443 ⁸
2427 1412 2592 1477 αὐτὸς
2624 1414 2735 1485 γάρ
2771 1410 2914 1478 εἰπε,
2958 1416 3053 1469 καὶ
3079 1418 3140 1469 οὐ
3174 1417 3453 1487 ψεύδεται,
3502 1419 3591 1473 ότι.

1999 1493 2083 1546 Οὐ
2111 1493 2197 1563 μή
2238 1511 2311 1549 σε
2340 1496 2486 1563 ἀνῶ,
2518 1495 2649 1552 οὐδ’
2669 1499 2742 1551 οὐ
2774 1500 2854 1567 μή
2893 1515 2967 1552 σε
2991 1499 3387 1568 ἐγκαταλίπω.
3422 1502 3593 1556 Ὥστε,

2005 1572 2344 1647 Θαρροῦντας
2372 1580 2523 1650 ἡμᾶς
2550 1578 2730 1649 λέγειν
2750 1596 2763 1609 ’
2796 1581 3016 1648 Κύριος
3039 1581 3168 1650 ἐμοὶ
3199 1582 3448 1650 βοηθὸς,
3483 1583 3585 1637 καί

2003 1659 2075 1740 οὐ
2118 1660 2539 1740 φοϐηθήσομαι
2572 1662 2630 1715 τί
2658 1661 2899 1729 ποιήσει
2924 1681 3026 1733 μοι
3063 1664 3395 1732 ἅνθρωπος.
3439 1666 3587 1719 Ὠσεὶ

2002 1738 2177 1809 ἔλεγε,
2233 1738 2344 1813 Τὴν
2396 1744 2690 1815 ὑπόσχεσιν
2733 1745 2880 1816 ἔχεις
2908 1748 3041 1818 παρ’
3075 1747 3263 1813 αὑτοῦ,
3302 1750 3377 1821 μὴ
3405 1751 3581 1820 ἀμφί-

2002 1821 2164 1877 ϐαλλε
2189 1824 2372 1880 λοιπόν
2392 1841 2406 1853 ’
2429 1827 2594 1891 αὐτὸς
2619 1828 3004 1898 ἐπηγγείλατο,
3031 1830 3107 1903 μὴ
3123 1832 3480 1904 ἀμφισϐήτει.
3506 1836 3549 1889 Τ
3550 1835 3585 1888 ὸ

2000 1904 2058 1958 δὲ
2081 1946 2095 1968 ,
2119 1909 2201 1989 ρύ
2217 1905 2405 1977 μή’σε
2433 1909 2558 1963 ἀνῶ
2580 1949 2594 1974 ,
2625 1912 2684 1963 οὐ
2717 1912 2846 1982 περὶ
2872 1913 3173 1983 χρημάτων
3202 1915 3363 1984 μόνον
3390 1915 3579 1986 φησὶν,

2000 1988 2137 2042 ἀλλὰ
2160 1990 2256 2043 καί⁵
2293 1992 2419 2062 περὶ
2461 1993 2569 2048 τῶν
2608 1994 2782 2048 ἄλλων
2823 1996 3079 2050 ἁπάντων
3120 1996 3290 2065 λέγει.
3357 2001 3592 2067 Κύριος*

1996 2073 2125 2141 ἐμοὶ
2148 2074 2399 2142 βοηθὸς,
2432 2076 2532 2130 καὶ
2559 2079 2631 2131 οὐ
2664 2078 3084 2148 φοϐηθήσομαι
3113 2084 3171 2133 τί
3207 2079 3449 2148 ποιήσει
3477 2101 3581 2149 μοι

1997 2155 2327 2225 ἅνθρωπος.
2350 2160 2590 2223 Εἰκότως
2614 2162 2674 2214 τὸ
2698 2162 2790 2215 τοῦ
2820 2165 3103 2234 προφήτου
3127 2166 3430 2237 ἐπήγαγεν,
3455 2170 3576 2222 ἐπι-

1998 2244 2313 2323 σφραγίζων
2333 2246 2509 2315 τούτῳ
2530 2246 2622 2300 τὸν
2641 2247 2834 2323 λόγον,
2849 2250 2945 2302 καὶ
2971 2250 3412 2323 προθυμοτέρους
3441 2253 3575 2323 μᾶλ-

1994 2322 2084 2379 λον
2115 2328 2316 2392 ποιῶν,
2359 2327 2502 2383 ὥστε
2539 2330 2614 2399 μὴ
2653 2317 3041 2401 άπαγὸρεύειν.
3069 2317 3240 2386 Τοῦτο
3267 2317 3452 2387 τοίνυν
3480 2335 3575 2390 καὶ

1994 2408 2151 2478 ἡμεῖς
2180 2410 2237 2466 ἐν
2277 2413 2409 2465 πᾶσι
2454 2412 2705 2483 λέγωμεν
2738 2414 2856 2477 τοῖς
2889 2417 3241 2485 πειρασμοῖς,
3276 2416 3370 2470 καὶ
3399 2433 3574 2472 κατα-

1991 2490 2243 2563 γελῶμεν
2264 2493 2372 2548 τῶν
2403 2494 2761 2565 ἀνθρωπίνων
2792 2497 3135 2566 πραγμάτων
3158 2513 3171 2527 ·
3206 2497 3310 2562 ἕως
3337 2498 3404 2552 ἄν
3435 2498 3575 2569 ἕχωια

1995 2590 2095 2642 μεν
2123 2574 2214 2629 τὸν
2248 2576 2382 2632 Θεὸν
2411 2578 2543 2648 ἡμῖν
2577 2578 2805 2648 εὐμενῆ,
2844 2578 3016 2640 οὐδεὶς
3052 2579 3210 2649 ἡμῶν
3260 2581 3567 2651 περιέσται.

1991 2656 2205 2736 ξΩσπερ
2238 2660 2349 2731 γὰρ
2377 2660 2584 2715 ἐκείνου
2617 2660 2813 2732 ἐχθροῦ
2844 2662 2997 2725 ὄντος
3018 2703 3033 2727 ,
3068 2664 3173 2716 κᾶν
3208 2663 3410 2727 πάντες
3439 2666 3571 2736 ἡμῖν

1988 2730 2090 2795 ὦσι
2121 2742 2286 2812 φίλοι,
2336 2744 2525 2815 κέρδος
2556 2730 2747 2797 οὐδέν’·
2779 2743 2954 2809 οὕτως
2985 2743 3151 2798 αὐτοῦ
3180 2744 3335 2814 φίλου
3381 2730 3569 2810 ὄντος,

1988 2823 2095 2879 κᾶν
2126 2826 2367 2890 ἅπαντες
2400 2828 2548 2897 ἡμᾶς
2590 2826 2899 2898 πολεμῶσιν
2921 2866 2935 2891 ,
2973 2826 3202 2898 οὐδεμία
3230 2827 3425 2902 βλάϐη.
3469 2829 3571 2883 Διὰ

1985 2907 2143 2961 τοῦτο
2189 2909 2411 2978 ἔλεγεν,
2471 2912 2553 2964 Οὐ
2593 2911 3011 2980 φοϐηθήσομαι
3062 2912 3123 2966 τί
3175 2914 3414 2982 ποιήσει
3462 2932 3570 2983 μοι

1986 2990 2318 3060 ᾆνθρωπος.
2356 2995 2773 3063 Μνημονεύει-ε
2810 2993 2931 3048 τῶν
2977 2995 3332 3065 ἡγουμένων
3363 2995 3566 3067 ὑμῶν,

1986 3074 2203 3141 οἵτινες
2240 3074 2558 3142 ἐλάλησαν
2578 3075 2721 3145 ὑμῖν
2752 3077 2859 3130 τὸν
2884 3079 3073 3146 λόγον
3100 3079 3206 3133 τοῦ
3231 3079 3401 3135 Θεοῦ.
3446 3080 3567 3135 Ἐν-

1984 3156 2158 3213 ταῦθα
2180 3174 2274 3211 και
2297 3160 2426 3229 περὶ
2445 3158 2766 3230 ἐπικουρίας
2791 3159 2952 3213 αὑτὸν
2973 3156 3127 3229 οἶμαι
3155 3160 3336 3230 λέγειν
3357 3178 3370 3190 ⁸
3401 3163 3564 3218 τοῦτο

1985 3238 2093 3309 γάρ
2123 3239 2241 3294 ἐστι
2271 3241 2368 3304 τὸ,
2411 3241 2639 3308 ΟΖτινες
2678 3241 2993 3310 ἐλάλησαν
3042 3243 3186 3312 ὑμῖν
3232 3243 3336 3298 τόν
3376 3247 3567 3316 λόγον

1984 3321 2092 3375 τοῦ
2141 3321 2311 3377 Θεοῦ.
2356 3316 2467 3380 Ὧν
2510 3324 2991 3394 ἀναθεωροῦντες
3021 3326 3139 3392 τὴν
3169 3325 3421 3385 ἑκϐασιν
3453 3326 3565 3397 τῆς

1982 3406 2392 3477 ἀναστροφῆς,
2412 3409 2688 3479 μιμεῖσθε
2708 3413 2824 3477 τὴν
2842 3410 3070 3464 πίστιν.
3099 3410 3165 3463 Τί
3188 3412 3355 3473 ἐστιν,
3397 3412 3564 3466 Ἀνα-

1983 3491 2384 3558 θεωροῦντες;
2437 3492 2685 3563 Συνεχῶς
2748 3493 3100 3564 στρέφοντες,
3159 3493 3293 3566 παρ’
3350 3496 3563 3563 ἑαυτοῖς

1983 3571 2363 3639 ἐξετάζοντες,
2408 3574 2787 3647 λογιζόμενοι,
2823 3574 3115 3646 ζητοῦντες
3160 3578 3442 3649 ἀκριϐῶς,
3485 3580 3564 3645 ὡς

1985 3654 2249 3725 βούλεσθε
2288 3656 2691 3727 βασανίζοντες.
2747 3659 2947 3724 Καλῶς
2978 3654 3132 3724 εἰπε,
3172 3660 3291 3729 Τὴν
3314 3663 3564 3717 ἔκϐασιν

1982 3738 2096 3807 τῆς
2129 3740 2552 3811 ἀναστροφῆς·
2593 3742 2840 3797 τουτέστι
2862 3784 2879 3810 ,
2915 3744 3014 3814 τὴν
3052 3743 3217 3815 μέχρι
3244 3745 3433 3809 τέλους
3467 3763 3562 3800 πο-

1981 3820 2184 3874 λιτείαν
2206 3837 2221 3853 ο
2250 3823 2331 3876 ὄτι
2358 3824 2514 3888 τέλος
2539 3824 2665 3895 ἔσχε
2686 3826 2925 3897 χρηστὸν
2947 3826 3128 3880 αὐτῶν
3155 3828 3187 3897 ἠ
3216 3827 3558 3900 ἀναστροφή.

1995 3904 2269 3973 Ἰησοῦς,
2293 3907 2456 3978 φησὶ,
2485 3907 2742 3975 Χριστὸς
2766 3908 2910 3978 χθὲς
2940 3908 3038 3962 καὶ
3069 3908 3367 3978 σήμερον,
3395 3915 3428 3965 ὁ
3456 3916 3561 3965 af:-

1981 3988 2084 4054 τὸς
2107 3988 2203 4040 καί
2235 3990 2321 4053 είς
2350 3988 2494 4056 τοὺς
2522 3987 2764 4056 αἰῶνας.
2805 3992 2870 4043 Ὃ
2901 3990 3082 4060 λέγει,
3106 3991 3265 4045 τοῦτό
3287 3995 3402 4047 ἐστι
3422 4011 3435 4026 ·
3468 3995 3561 4068 Μὴ

1982 4070 2241 4143 νομίσητε
2284 4072 2364 4125 ὅτι
2400 4073 2523 4126 τότε
2554 4072 3043 4144 ἐθαυματούργησε
3063 4112 3078 4137 ,
3115 4073 3208 4128 νῦν
3236 4076 3291 4129 δὲ
3319 4078 3379 4129 οὐ
3428 4078 3560 4132 θαυ-

1980 4157 2317 4227 ματουργεῖ·
2359 4158 2387 4209 ὁ
2427 4156 2590 4221 αὑτός
2631 4159 2779 4219 ἐστι,
2812 4158 2907 4212 καὶ
2936 4157 3059 4210 ἐπεὶ
3103 4157 3132 4210 ό
3166 4159 3328 4221 αὐτός
3374 4163 3556 4227 ἐστιν,

1982 4237 2258 4292 οὐκέστιν
2290 4238 2378 4292 ὅτε
2425 4239 2499 4311 μὴ
2547 4240 2771 4294 δύναται
2808 4240 2875 4294 τὰ
2920 4240 3062 4293 αὐτὰ
3109 4243 3373 4313 ἐνεργεῖν.
3407 4245 3560 4315 Τάχα

1982 4323 2118 4392 πρὸς
2143 4323 2302 4377 τοῦτο
2328 4324 2548 4395 ἀφορῶν
2578 4320 2701 4377 εἷπε
2721 4366 2735 4390 ,
2768 4324 3185 4393 Μνημονεύετε
3223 4324 3341 4378 τῶν
3374 4326 3558 4394 ἡγου-

1976 4405 2178 4475 μένων
2219 4405 2407 4476 ὑμῶν,
2448 4395 2729 4476 Διδαχὶιῖς
2761 4407 3063 4470 ποικίλαις
3101 4405 3199 4459 καί
3235 4405 3437 4471 ξέναις
3469 4407 3557 4475 μὴ

1981 4490 2726 4559 παραφέρεσθε.-Ξέναις,
2757 4490 3024 4555 τουτέστι,
3052 4489 3188 4561 Παρ¹
3207 4490 3271 4552 ἃς
3290 4490 3559 4558 ἠκούσατε

1982 4576 2111 4645 παρ’
2144 4574 2299 4645 ἡμῶν
2326 4592 2339 4604 ⁸
2380 4577 2722 4641 Ποικίλαις,
2771 4574 3145 4635 παντοδαπαῖς
3167 4589 3183 4604 ’
3216 4573 3273 4625 αἰ
3311 4571 3558 4628 τοιαῦται

1981 4658 2091 4729 γὰρ
2128 4657 2278 4711 οὐδὲν
2323 4657 2538 4727 βέϐαιον
2573 4657 2788 4730 ἔχουσιν
2808 4699 2822 4722 ,
2860 4657 2976 4711 ἀλλ’
3006 4657 3114 4710 εἰσί.
3144 4655 3424 4725 διάφοροι,
3456 4656 3559 4724 μά-

1981 4740 2141 4795 λιστα
2169 4741 2227 4794 δὲ
2252 4741 2315 4795 τὸ
2359 4741 2471 4797 τῶν
2521 4741 2826 4814 βρωμάτων
2857 4741 3116 4811 διάφορον
3141 4757 3154 4770 ·
3188 4738 3268 4792 διὸ
3298 4738 3390 4791 καὶ
3422 4737 3559 4807 πρὸς

1979 4824 2137 4878 τοῦτο
2193 4825 2482 4894 ἱστάμενος
2520 4826 2750 4894 ἐπάγει,
2810 4825 3015 4878 Καλόν
3061 4823 3173 4893 γὰρ
3217 4821 3413 4892 χάριτι
3451 4823 3559 4901 βε-

1980 4908 2290 4963 ϐαιοῦσθαι
2314 4908 2428 4976 τὴν
2452 4908 2728 4974 καρδίαν,
2754 4910 2827 4962 οὐ
2841 4907 3178 4975 βρώμασιν.
3219 4906 3285 4957 Αἰ
3313 4904 3557 4958 ποικίλαι

1979 4984 2176 5055 αὗται,
2207 4992 2263 5044 αἰ
2298 4987 2447 5055 ξέναι
2488 4984 2672 5045 αὗται.
2735 4989 2999 5044 Ἐνταῦθα
3051 4990 3130 5052 είς
3170 4988 3557 5058 παρατήρησιν

1980 5073 2285 5146 βρωμάτων
2325 5073 2522 5136 αὐτοὺς
2556 5072 2844 5143 κωμῳδεῖ’
2893 5071 3132 5126 δείκνυσι
3176 5070 3285 5142 γὰρ
3317 5072 3402 5124 ὅτι
3448 5070 3559 5124 ἀπὸ

2104 5142 2210 5209 τῶν
2248 5155 2553 5228 βρωμάτων
2586 5142 3024 5228 παρατηρήσεως
3054 5157 3134 5219 εἰς
3160 5154 3219 5209 τὸ
3256 5154 3559 5225 ἑτεροδιδα-

1960 5240 2198 5309 ,σκαλεῖν
2240 5240 2498 5307 ἐξέπεσον
2519 5282 2533 5305 ,
2573 5242 2667 5296 καὶ
2697 5239 2803 5294 ἀπὸ
2835 5239 3042 5294 τούτων
3074 5239 3209 5310 πρὸς
3239 5237 3339 5303 τὰς
3374 5236 3555 5291 ποικί-

1954 5322 2075 5387 .λας
2107 5325 2201 5376 καὶ
2242 5322 2393 5396 [507]
2435 5324 2588 5387 ξένας
2620 5322 2841 5393 διδαχὰς
2885 5320 3272 5393 ἐξηνέχθησαν.
3314 5320 3424 5373 Καὶ
3452 5320 3555 5389 ὅρα

1953 5406 2140 5480 ,αὐτὸν
2168 5408 2228 5460 οὐ
2258 5405 2544 5477 τολμῶντα
2569 5405 2823 5480 φανερῶς
2851 5406 3022 5458 εἰπεῖν
3054 5405 3232 5468 τοῦτο,
3257 5403 3372 5456 ἀλλ’
3396 5402 3470 5465 ῶς
3495 5403 3554 5455 έν

1977 5477 2296 5559 αἰνίγματι*
2349 5489 2428 5560 τῷ
2456 5489 2564 5560 γὰρ
2605 5477 2813 5553 εἰπεῖν,
2868 5488 3177 5551 Ποικίλαις
3212 5486 3307 5538 καί
3351 5485 3555 5552 ξέναις

1976 5571 2250 5641 διδαχαῖς
2271 5571 2358 5642 μὴ
2386 5571 2824 5641 παραφέρεσθε,
2858 5571 2973 5635 καὶ,
3006 5570 3206 5624 Καλὸν
3226 5567 3417 5638 χάριτι
3442 5568 3554 5634 ,ϐε-

1977 5655 2289 5710 ϐαιοῦσθαι
2316 5656 2433 5726 τὴν
2461 5653 2732 5723 καρδίαν,
2761 5656 2833 5710 οὺ
2855 5651 3154 5724 βρώμασι,
3186 5652 3467 5723 μονονουχὶ
3492 5650 3556 5704 τὸ

1981 5737 2075 5791 τοῦ
2120 5738 2361 5808 Χριστοῦ
2389 5738 2559 5808 λέγει,
2598 5738 2656 5792 ἐν
2694 5735 2775 5803 οἷς
2813 5736 3001 5807 ἔλεγεν
3024 5750 3038 5767 ⁸
3075 5737 3159 5791 Οὐ
3187 5735 3255 5790 τὸ
3285 5736 3553 5804 εἰσερχό-
