4088 6208
293 347 399 404 2‘29
1021 340 1084 395 IN
1124 335 1337 394 EPIST.
1382 335 1471 390 AI)
1536 324 1878 386 HEBREOS

300 461 421 496 num
437 445 570 495 enim
583 451 653 496 est
669 444 834 513 gratia
854 443 1068 497 stabiliri
1088 460 1193 507 cor,
1214 460 1314 497 non
1342 445 1465 497 escis
1483 459 1503 508 ;
1519 442 1744 513 idipsum
1769 443 1877 499 fere

301 535 429 588 dicit
449 533 587 603 quod
601 533 863 598 Christus,
884 533 1001 587 Non
1022 535 1155 601 quod
1170 536 1322 587 intrat
1348 535 1576 603 inquinat
1601 535 1876 600 hominem,

300 630 385 675 sed
409 635 543 691 quoa
563 623 814 694 egreditur
838 621 1052 692 (Matth.
1080 625 1166 679 15.
1197 625 1319 693 11);
1347 624 1686 693 ostenditque
1709 632 1877 679 totum

302 729 420 768 esst:
447 714 603 767 ﬁdem
630 730 643 765 :
670 715 714 767 si
747 714 856 781 ipsa
884 729 983 766 nos
1009 714 1308 778 stabilierit,
1340 727 1436 767 cor
1463 723 1570 769 stat
1598 714 1648 767 iu
1676 722 1811 767 luto.

376 804 527 857 Fides
553 815 621 858 est
651 805 908 857 contraria
933 804 1219 858 ratiocinio.
1244 833 1318 845 —-
1342 803 1501 859 Fides
1527 819 1655 874 ergo
1677 804 1877 859 confir-

300 906 411 965 mat
439 908 493 951 et
534 896 758 959 stabilit,
803 899 1037 949 rationes
1066 910 1195 949 vero
1223 895 1578 960 labefaciunt;
1608 897 1879 949 contraria

301 988 442 1041 enim
470 994 555 1041 est
586 986 716 1040 fides
740 987 1039 1039 ratiocinio.
1068 986 1192 1053 Quae
1212 1003 1311 1039 non
1338 991 1657 1057 profuerunt,
1688 988 1877 1057 inquit,

304 1078 673 1132 sorbillantibus
715 1078 767 1131 in
796 1078 886 1130 eis.
917 1078 1053 1145 Quid
1082 1078 1223 1131 enim
1254 1079 1407 1142 lucri,
1436 1079 1523 1134 dic
1552 1096 1749 1149 quasso,
1785 1095 1878 1134 ca-

304 1172 445 1239 pitur
485 1186 551 1224 ex
582 1170 994 1223 observatione?
1023 1184 1201 1223 annon
1248 1170 1415 1239 magis
1446 1170 1661 1239 perdit?
1701 1185 1878 1225 annon

304 1277 420 1315 eum
448 1264 536 1330 qui
565 1270 648 1316 est
671 1260 973 1328 huiusmodi
999 1262 1186 1314 statuit
1207 1263 1305 1315 sub
1330 1262 1579 1329 peccato?
1604 1262 1659 1316 Si
1691 1261 1877 1318 obser-

303 1354 529 1406 vandum
556 1362 657 1417 est,
702 1353 1093 1407 observandum
1136 1363 1221 1407 est
1251 1355 1337 1408 ubi
1383 1354 1506 1410 hinc
1552 1355 1757 1411 Iucmm
1786 1356 1882 1408 oh-

300 1447 635 1501 servantibus
681 1447 916 1500 obvenit.
967 1447 1110 1500 Bona
1162 1447 1468 1502 observatio
1511 1457 1595 1502 est
1640 1448 1879 1502 amolitio

302 1540 577 1609 nequitize,
606 1554 700 1593 cor
740 1547 968 1604 rectum,
1004 1540 1172 1608 pictas
1217 1540 1268 1593 iu
1312 1539 1495 1603 Deum,
1529 1549 1673 1594 recta
1724 1538 1877 1593 fides.

300 1633 426 1697 Qut:
452 1648 553 1684 non
578 1634 905 1701 profuerunt,
947 1630 1138 1700 inquit,
1167 1630 1536 1684 ambulantibus
1561 1631 1614 1684 in
1639 1631 1744 1693 eis;
1777 1629 1879 1684 hoc

298 1731 397 1782 est,
433 1721 499 1775 iis
524 1722 611 1789 qui
639 1736 698 1774 ea
732 1729 988 1789 perpetuo
1014 1721 1338 1775 custodiunt.
1369 1721 1482 1776 Una
1511 1730 1593 1776 est
1620 1722 1880 1776 observa-

298 1815 369 1867 tio
395 1812 671 1866 abstincre
692 1829 721 1866 a
752 1822 990 1881 peccato.
1014 1813 1150 1879 Quid
1178 1813 1319 1867 enim
1352 1812 1592 1881 prodest,
1625 1830 1745 1867 cum
1772 1816 1877 1868 sint

297 1904 535 1958 nonnulli
554 1904 689 1957 adeo
716 1904 959 1958 scelerati
979 1914 1032 1959 et
1056 1904 1392 1970 exsecrandi,
1413 1914 1468 1959 ut
1496 1904 1876 1960 sacriﬁciorum

302 2011 402 2047 non
422 1995 628 2062 possint
648 2008 765 2047 esse
792 1994 1476 2064 participes?Quamobrem
1499 1995 1733 2049 nihileos
1753 1996 1876 2049 red-

300 2088 455 2142 debat
473 2087 673 2152 salvos,
690 2089 929 2156 quamvis
946 2088 1176 2143 studium
1202 2099 1460 2158 ponerent
1484 2090 1534 2144 in
1551 2092 1878 2145 observatio-

302 2178 483 2241 nibus;
519 2177 636 2241 scd,
657 2180 907 2245 quoniam
940 2178 1094 2232 fidem
1128 2195 1233 2234 non
1260 2179 1546 2247 habebant,
1571 2197 1636 2235 ne
1667 2182 1875 2251 sicqui-

300 2269 413 2322 dem
438 2270 517 2322 eis
538 2268 872 2337 profuerunt.
894 2269 1090 2324 Deinde
1107 2286 1167 2325 ex
1193 2273 1356 2339 ﬁgura
1379 2273 1512 2325 tollit
1533 2273 1869 2339 sacrificium,

300 2368 347 2411 et
368 2358 431 2411 ad
456 2359 735 2427 exemplar
751 2359 1072 2427 primitivum
1093 2360 1307 2414 deducit
1327 2362 1642 2428 orationem,
1659 2362 1871 2418 dicens:

300 2451 528 2513 Quorum
559 2452 691 2503 enim
719 2451 1019 2504 animalium
1052 2452 1268 2517 infertur
1295 2454 1501 2524 sanguis
1543 2471 1634 2519 pro
1676 2464 1875 2524 peccato

296 2543 346 2593 in
376 2552 557 2595 sancta
582 2558 671 2611 per
698 2545 1005 2611 ponti/irem,
1036 2544 1215 2595 horum
1241 2559 1453 2613 corpora
1480 2556 1764 2600 cremantur
1788 2564 1871 2602 ea:-

295 2642 372 2684 tra
400 2642 593 2686 castra.
632 2632 884 2699 Quncirca
907 2631 942 2685 J
948 2650 1058 2687 esus
1098 2645 1240 2687 extra
1267 2645 1466 2705 portam
1497 2653 1674 2707 passus
1700 2648 1791 2703 est,
1820 2650 1875 2693 ut

293 2725 636 2792 sanctiﬁcaret
666 2724 912 2792 pupulum
947 2726 1155 2793 praprio
1191 2729 1455 2796 sanguine.
1495 2727 1582 2782 Illa
1621 2745 1748 2799 ergo
1779 2732 1875 2785 ho-

287 2808 408 2870 rum
434 2824 593 2870 erant
618 2815 807 2884 ﬁgura,
827 2823 879 2869 et
896 2818 979 2872 sic
1001 2818 1185 2872 omnia
1209 2818 1453 2889 implevit
1474 2818 1726 2876 Christus
1751 2839 1881 2895 pas-

288 2929 387 2968 sus
414 2922 592 2967 extra.
627 2911 725 2966 Hic
757 2914 918 2967 etiam
951 2914 1221 2984 signiﬁcat
1250 2931 1374 2969 cum
1408 2932 1505 2971 sua
1535 2929 1730 2988 Sponte
1758 2936 1881 2977 esse

290 3020 645 3075 perpessum;
678 3006 977 3061 ostendens
1005 3006 1150 3077 quod
1179 3023 1353 3078 neque
1385 3009 1473 3062 illa
1508 3018 1711 3066 temere
1736 3010 1878 3070 facta

287 3114 431 3167 sunt,
453 3106 547 3159 sed
571 3105 735 3177 ﬁgura
758 3110 997 3177 quaedam
1021 3120 1246 3167 erantet
1269 3115 1377 3184 ipsa
1409 3116 1733 3185 dispensatio
1760 3132 1863 3173 non

288 3193 420 3249 foris
434 3199 701 3265 passionis
721 3209 855 3266 erat,
871 3201 964 3255 sed
987 3205 1202 3272 sanguis
1224 3205 1274 3257 in
1294 3206 1482 3260 emittm
1506 3218 1586 3262 cst
1604 3210 1864 3267 sublatus.

358 3286 413 3340 4.
461 3288 621 3341 Vides
648 3304 774 3359 ergo
800 3292 938 3361 quod
961 3308 1144 3349 smnus
1171 3296 1453 3367 participes
1479 3302 1750 3369 sanguinis
1777 3304 1867 3372 qui

290 3376 625 3433 inferebatur
676 3380 729 3434 in
777 3394 997 3447 sancta,
1044 3398 1223 3440 sancta
1264 3404 1427 3456 vera;
1476 3392 1720 3447 sacriﬁcii
1764 3409 1870 3463 quo

289 3469 403 3522 solo
437 3470 711 3527 fruebatur
738 3476 1006 3529 Sacerdos.
1041 3477 1148 3531 Nos
1195 3495 1324 3548 ergo
1380 3484 1618 3537 veritatis
1654 3485 1868 3551 partici-

288 3573 382 3627 pes
406 3562 675 3615 sumusSi
699 3579 825 3633 ergo
847 3581 949 3618 non
978 3568 1306 3637 impmperii,
1325 3570 1416 3625 sed
1438 3574 1871 3630 sanctificationis

285 3663 475 3702 sumus
507 3652 795 3729 participes
822 3694 837 3719 ,
880 3656 1263 3726 ituproperium
1292 3671 1407 3714 crat
1435 3676 1595 3715 causa
1628 3665 1866 3718 sanctifi-

283 3739 519 3793 eatiOuis
553 3756 567 3793 :
599 3757 718 3794 aatn
752 3754 806 3796 ιιι
841 3745 951 3813 ipse
994 3747 1091 3799 fuit
1139 3750 1333 3817 probro
1376 3751 1599 3806 affectus
1625 3794 1639 3818 ,
1673 3754 1741 3807 ita
1775 3769 1870 3808 nos

282 3842 521 3897 quoque.
556 3828 608 3883 Si
636 3834 1091 3902 ergo“exicrimus,
1112 3853 1230 3891 cum
1258 3854 1322 3893 eo
1343 3841 1539 3896 erimus
1562 3845 1867 3913 participes.

355 3921 576 3975 Crucem
604 3922 738 3991 ferre
763 3925 997 3981 debemus
1032 3940 1084 3982 ut
1114 3928 1342 3985 Christus
1374 3935 1507 3988 tulit.
1534 3966 1605 3975 —-
1627 3937 1760 4003 Qttid
1788 3947 1868 3991 est

279 4023 469 4068 autem
496 4054 512 4079 ,
559 4012 813 4072 Exeamus
850 4021 919 4073 ad
956 4023 1167 4088 ipsum?
1212 4022 1389 4080 Simus
1431 4030 1713 4099 participes
1754 4032 1870 4099 ejus

280 4104 722 4173 perpessionum,
752 4108 982 4166 feramus
1009 4112 1124 4182 ejus
1153 4114 1573 4186 imprOperiuut:
1600 4137 1702 4175 non
1727 4124 1869 4177 enim

279 4196 404 4248 sine
426 4209 592 4249 causa
626 4213 810 4267 passus
838 4211 913 4255 est
947 4214 1095 4257 extra
1126 4215 1353 4274 portam,
1377 4208 1470 4262 sed
1503 4220 1557 4263 ut
1586 4226 1682 4265 nos
1709 4215 1869 4268 etiam

280 4299 504 4339 crucem
562 4287 679 4355 ejus
727 4289 990 4359 feramus,
1045 4302 1099 4347 et
1155 4311 1463 4353 maneamus
1515 4311 1661 4355 extra
1714 4319 1871 4358 mun-

279 4375 413 4428 dum
440 4417 456 4441 ,
487 4386 542 4430 et
572 4376 641 4430 ibi
666 4393 979 4448 permanere
1004 4383 1334 4441 Studeamus.
1365 4388 1513 4443 Sicut
1544 4389 1633 4446 ille
1662 4394 1873 4462 probris

286 4468 647 4536 appetebatur
678 4479 942 4541 tamquam
971 4476 1379 4542 condemnatus,
1410 4480 1480 4533 ita
1512 4496 1609 4537 nos
1635 4500 1866 4555 quoque.

280 4558 355 4613 Et
408 4578 502 4627 per
552 4562 718 4630 ipsum
764 4562 1036 4629 oﬂ'eramus
1089 4567 1194 4621 Deo
1233 4571 1560 4639 sacri/icium.
1593 4574 1868 4640 Quodnam

282 4650 410 4703 dicit
440 4651 802 4707 Sacriﬁcium?
828 4654 944 4724 Ipse
967 4656 1346 4725 interpretatus
1367 4672 1450 4716 est
1472 4664 1678 4745 dicens,
1707 4665 1871 4721 Fruc-

283 4753 391 4796 tum
418 4742 671 4797 labiorum
700 4748 1045 4814 conﬁtentium
1075 4752 1269 4805 nomini
1297 4754 1408 4823 ejus
1434 4796 1448 4822 ,
1476 4742 1581 4811 hoc
1610 4767 1710 4824 est,
1745 4776 1869 4830 prc-

280 4849 377 4888 ccs
402 4876 417 4895 ,
471 4833 700 4905 hymnos
724 4878 741 4901 ,
788 4839 1075 4905 gratiarum
1107 4842 1373 4897 actionem
1400 4862 1414 4910 ;
1465 4846 1552 4900 illa
1580 4850 1720 4902 enim
1748 4860 1871 4906 sunt

282 4923 498 4983 fructus
530 4923 817 4980 labiorum.
859 4926 935 4981 Illi
959 4927 1255 4985 offerebant
1280 4950 1430 4997 oves,
1468 4936 1629 4990 boves
1656 4948 1709 4991 ct
1738 4940 1871 4993 vitu-

280 5012 401 5072 los.
448 5025 506 5067 et
542 5014 741 5069 dabant
768 5018 1076 5072 sacerdoti:
1125 5036 1224 5075 nos
1267 5033 1445 5078 autem
1490 5026 1623 5081 nihil
1675 5028 1863 5084 horum

281 5105 583 5160 offeramus
606 5147 621 5169 ,
652 5106 744 5160 sed
775 5108 1065 5175 gratiarum
1094 5115 1381 5181 actionem,
1415 5124 1467 5171 et
1495 5116 1549 5171 in
1580 5120 1825 5175 omnibus
1851 5165 1866 5188 ,

280 5197 469 5267 quoad
512 5197 626 5252 fieri
655 5207 867 5268 potest,
896 5200 1091 5256 Citriin
1124 5202 1469 5262 imitationem
1498 5225 1511 5263 :
1547 5208 1646 5265 hoc
1672 5215 1869 5281 germi-

281 5299 419 5343 nent
453 5287 601 5342 labra
629 5297 830 5344 nostra.
882 5291 1234 5362 Beneﬁcentiae
1270 5306 1315 5349 et
1344 5299 1748 5367 participationis
1774 5322 1869 5357 no-

279 5382 376 5433 lite
433 5378 662 5433 oblivisci
710 5398 730 5435 :
775 5382 960 5437 talibus
1015 5385 1148 5438 enim
1200 5387 1377 5442 hostiis
1432 5393 1662 5459 placatur
1707 5394 1866 5452 Deus.

281 5472 490 5525 Oenius
511 5471 558 5525 ei
577 5471 678 5526 hoc
704 5473 1046 5539 sacriﬁcium,
1075 5484 1133 5529 ut
1153 5476 1341 5533 offerat
1363 5480 1502 5535 Patri
1529 5500 1542 5537 :
1568 5483 1699 5538 alias
1726 5488 1865 5543 enim

279 5577 395 5615 non
424 5562 730 5618 oﬂ'eruntur
754 5606 769 5629 ,
805 5565 905 5620 nisi
932 5581 1026 5635 per
1055 5564 1249 5623 Filium
1274 5609 1291 5636 ,
1324 5570 1408 5625 vel
1442 5576 1618 5642 pot'us
1644 5591 1740 5647 per
1776 5593 1871 5634 cor

276 5656 606 5708 contritum.
659 5651 783 5711 limo
823 5657 1003 5711 omnia
1045 5658 1121 5714 sic
1165 5659 1305 5715 dixit
1332 5673 1551 5733 propter
1577 5667 1870 5725 imbecillos

282 5747 568 5800 auditores
590 5764 604 5797 :
627 5757 709 5800 est
730 5748 872 5801 enim
897 5750 1240 5820 perspicuum
1264 5754 1404 5822 quod
1428 5753 1545 5812 Filii
1577 5759 1645 5815 sit
1668 5763 1864 5831 gratia:

286 5836 529 5907 alioquin
564 5837 705 5891 enim
733 5839 1001 5908 quomodo
1028 5850 1109 5897 est
1130 5886 1136 5891 .
1154 5842 1329 5901 honor
1356 5847 1617 5916 :rqualis?
1662 5850 1730 5906 Ut
1756 5869 1867 5909 om-

578 5935 851 5997 l‘nnor.
895 5937 1011 6000 Gtt.
1050 5940 1271 6006 LXIII.

1890 370 1893 375 .
1939 323 2091 377 CAP.
2134 323 2278 378 XIII.
2317 322 2551 382 IIOMIL.
2595 320 2838 379 XXXIII.

3465 318 3568 377 370

1980 455 2090 505 nes,
2125 439 2300 509 inquit
2325 478 2339 498 ,
2373 439 2617 491 honorent
2652 435 2843 487 Filium
2872 474 2886 499 ,
2924 434 3050 485 sicut
3080 433 3332 485 honorant
3365 431 3570 484 Patrem

1980 534 1997 595 (
2022 528 2184 583 Joan.
2218 530 2271 584 5.
2304 529 2375 582 $23
2398 529 2437 597 ).
2489 527 2600 582 Nisi
2627 524 2927 597 gloriﬁcan
2973 524 3134 579 Patre
3162 522 3493 594 gloriﬁcetur
3514 533 3571 578 et

1981 620 2169 685 Filius,
2201 620 2292 674 ubi
2335 629 2417 674 est
2472 618 2645 673 honor
2683 616 2904 687 :equalis
2931 617 2952 669 ?
2976 616 3111 685 Quia
3164 615 3370 670 fructus
3403 614 3570 669 labio-

1981 728 2099 767 rum
2146 712 2515 767 conﬁtentium
2550 710 2753 765 nomini
2812 709 2929 779 ejus
2976 720 3061 765 est
3107 710 3400 781 gratiarum
3427 708 3568 774 actio

1981 816 2202 877 pr0ptcr
2217 806 2394 861 omnia
2414 815 2467 860 et
2495 819 2557 859 ca
2587 820 2706 874 qua:
2731 818 2827 873 pro
2848 803 3002 859 nobis
3021 818 3210 872 passus
3232 810 3315 858 est
3344 821 3358 857 :
3386 802 3564 857 omnia

1978 894 2210 951 feramus
2234 906 2386 967 grato
2415 896 2616 956 animo,
2660 894 2774 948 sive
2805 895 2874 948 sit
2906 903 3192 963 paupertas
3221 935 3237 960 ,
3284 896 3399 949 sive
3423 882 3567 948 mor-

1979 984 2079 1045 bus
2103 1029 2117 1054 ,
2154 989 2267 1042 sive
2309 986 2517 1058 quidvis
2563 986 2706 1040 aliud
2743 1004 2757 1039 :
2792 996 2911 1039 natu
2950 1001 3070 1055 qua:
3100 986 3251 1039 nobis
3281 984 3566 1039 Conferunt

1977 1077 2093 1150 ipse
2116 1081 2216 1135 scit
2243 1081 2410 1133 solus.
2444 1078 2582 1146 Quid
2611 1080 2742 1133 enim
2771 1095 2995 1143 oremus,
3029 1079 3223 1148 inquit,
3254 1078 3381 1132 sicut
3404 1094 3560 1147 apar-

1975 1182 2043 1229 tet
2073 1216 2087 1241 ,
2118 1174 2366 1229 nescimus
2398 1172 2417 1242 (
2453 1173 2602 1227 Rom.
2655 1173 2710 1227 8.
2759 1169 2893 1243 26).
2922 1171 3021 1239 Qui
3076 1185 3205 1240 ergo
3251 1186 3319 1226 ne
3366 1170 3564 1225 scimus

1973 1267 2186 1337 quidem
2233 1275 2415 1335 petere
2460 1264 2601 1333 quod
2649 1272 2861 1334 oportet
2889 1304 2903 1327 ,
2952 1263 3052 1317 nisi
3085 1263 3331 1332 Spiritum
3374 1277 3563 1332 appre-

1973 1360 2271 1416 Iieudamtts
2297 1402 2312 1424 ,
2363 1359 2639 1429 quomodo
2670 1374 2729 1411 ca
2759 1375 2875 1427 qua:
2906 1358 3058 1411 nobis
3088 1358 3373 1411 conferunt
3417 1355 3560 1412 scia-

1971 1451 2131 1505 mus?
2157 1450 2481 1505 Studeamus
2506 1465 2634 1520 crgo
2657 1466 2752 1519 pro
2770 1450 3018 1505 omnibus
3045 1449 3239 1503 olferre
3264 1448 3557 1519 gratiarum

1969 1544 2276 1608 actionem,
2306 1543 2594 1611 omniaque
2648 1541 2770 1596 forti
2819 1540 3000 1595 animo
3054 1540 3311 1595 feramus.
3363 1540 3559 1595 Sumus

1971 1633 2023 1687 in
2077 1642 2641 1705 paupertate,sumus
2692 1633 2743 1686 in
2803 1632 3012 1697 morbo,
3066 1632 3267 1700 gratias
3304 1646 3554 1701 agamus:

1968 1741 2088 1781 cum
2133 1727 2416 1780 calumniis
2460 1724 2800 1795 appetimur,
2842 1722 3057 1793 quando
3102 1722 3243 1777 male
3285 1723 3554 1792 patimur,

1969 1833 2189 1888 agamus
2234 1818 2434 1887 gratias
2474 1833 2487 1869 :
2518 1815 2621 1872 hoc
2650 1815 2793 1870 enim
2837 1813 2963 1868 facit
2989 1822 3047 1868 ut
3093 1812 3259 1867 simus
3293 1813 3405 1901 Deo
3430 1828 3557 1883 pro-

1971 1911 2146 1980 pinqui
2183 1950 2199 1975 ,
2257 1920 2383 1963 tunc
2448 1909 2610 1962 etiam
2680 1908 2845 1962 Deum
2915 1905 3176 1959 habemus
3234 1904 3552 1959 debitorem.

1968 2000 2195 2068 Quando
2237 2011 2412 2054 autem
2440 2008 2564 2053 sunt
2610 1998 2761 2053 nobis
2805 2010 2891 2052 res
2922 1995 3175 2050 secundae
3202 2004 3254 2047 ct
3283 1992 3556 2047 beneﬁciis

1966 2095 2249 2157 afﬁciatur,
2282 2095 2392 2148 Deo
2416 2106 2603 2146 sumus
2630 2091 2907 2146 debitores
2940 2106 2955 2142 :
2983 2087 3221 2153 alioquin
3250 2087 3409 2140 etiam
3440 2085 3556 2140 haec

1966 2202 2109 2253 s:vpc
2139 2198 2259 2240 sunt
2292 2187 2444 2238 nobis
2475 2186 2524 2237 iit
2564 2182 2825 2253 judicium
2856 2222 2870 2242 .
2919 2181 3005 2234 illa
3045 2194 3173 2232 vero
3200 2178 3264 2231 ad
3297 2178 3555 2232 eluendas

1969 2293 2152 2347 pinnas
2194 2285 2556 2347 peccatorum.
2623 2273 2712 2328 Illa
2764 2271 3042 2326 attrahunt
3085 2267 3508 2324 misericordiam
3536 2310 3551 2332 ,

1969 2368 2054 2422 illa
2084 2369 2465 2438 benignitatem
2508 2377 2562 2422 et
2588 2364 2929 2420 clementiam
2973 2381 2987 2417 :
3033 2361 3147 2416 hinc
3172 2370 3351 2415 autem
3379 2362 3555 2415 extol-

1966 2457 2081 2515 lunt
2105 2460 2266 2513 etiam
2295 2460 2359 2513 ad
2390 2458 2749 2528 arrogantiam
2778 2498 2792 2521 ,
2826 2454 3101 2509 deducunt
3127 2455 3190 2506 ad
3220 2453 3552 2515 socordiam,

1967 2563 2025 2611 et
2067 2552 2303 2607 efﬁciunt
2337 2564 2389 2606 ut
2422 2567 2488 2607 ex
2521 2550 2796 2621 phantasia
2828 2546 2894 2602 lle
2924 2547 3080 2600 nobis
3131 2558 3321 2617 magna
3361 2560 3555 2616 appre-

1968 2646 2264 2702 ltcudamus
2316 2662 2329 2696 :
2382 2644 2496 2698 hate
2535 2657 2632 2696 nos
2677 2647 2957 2695 enervant.
3006 2640 3293 2706 Propterea
3342 2636 3556 2691 dicebat

1967 2738 2129 2793 etiam
2164 2734 2426 2803 Propheta
2453 2752 2464 2788 :
2497 2731 2698 2786 Bonum
2730 2730 2854 2784 milii
2884 2732 3003 2797 quia
3031 2729 3314 2782 Immiliasti
3339 2744 3418 2780 me
3444 2769 3459 2793 ,
3480 2724 3551 2781 ἀι

1965 2827 2565 2898 diseamjusti/icationes
2593 2836 2704 2879 tuas
2722 2823 2890 2897 (Psal.
2920 2822 3041 2878 H8.
3073 2824 3185 2891 7|).
3213 2822 3440 2891 Quando
3463 2824 3555 2878 be-

1968 2921 2159 2975 neﬁcio
2189 2918 2411 2972 allectus
2433 2927 2485 2972 et
2506 2932 2534 2970 a
2576 2915 2730 2970 malis
2759 2915 3014 2969 liberatus
3045 2913 3141 2967 fuit
3169 2913 3424 2969 Ezechias
3449 2956 3463 2979 ,
3499 2915 3551 2969 iu

1966 3012 2129 3064 altum
2160 3010 2358 3064 elatum
2410 3018 2491 3062 est
2534 3022 2629 3062 cor
2652 3006 2769 3075 ejus
2808 3022 2823 3058 :
2865 3004 3078 3074 quando
3121 3012 3297 3060 autem
3325 3014 3552 3075 mgrota-

1966 3105 2037 3157 vit
2064 3147 2078 3164 ,
2112 3116 2237 3157 tunc
2273 3114 2353 3157 est
2376 3100 2687 3155 humiliatus
2712 3139 2725 3162 ,
2759 3107 2886 3153 tunc
2910 3098 3009 3151 fuit
3042 3097 3153 3153 Deo
3194 3099 3547 3168 propinquus.

1968 3197 2184 3261 Quando
2210 3237 2224 3261 ,
2260 3196 2426 3264 inquit
2454 3235 2468 3259 ,
2498 3193 2752 3247 occidebat
2778 3207 2862 3247 eos
2886 3234 2901 3259 ,
2931 3205 3053 3245 tunc
3081 3196 3369 3262 quieti-bant
3400 3205 3541 3251 eum,

1957 3296 2003 3340 et
2049 3284 2463 3339 convertebautur
2509 3294 2555 3337 et
2605 3301 2752 3337 mane
2794 3284 3059 3337 veniebant
3100 3282 3169 3334 ad
3198 3298 3313 3334 eum
3362 3278 3540 3348 (Psal.

1959 3379 2045 3432 77.
2079 3379 2148 3432 54
2168 3379 2222 3445 );
2255 3386 2311 3431 ct
2337 3391 2522 3430 rursus
2548 3416 2562 3441 ,
2597 3376 2814 3441 Quando
2848 3385 2921 3429 est
2942 3376 3249 3427 inet-astutus
3272 3382 3317 3426 et
3343 3374 3536 3441 impin-

1955 3478 2157 3541 guatus,
2192 3468 2528 3522 recalcitravit
2560 3467 2774 3519 dilectus
2806 3466 2824 3536 (
2853 3464 3004 3518 Deut.
3038 3465 3128 3519 39..
3166 3465 3233 3519 15
3263 3464 3303 3533 ).
3334 3448 3541 3534 Cogno-

1957 3562 2113 3615 scitur
2143 3561 2275 3614 enim
2304 3558 2553 3612 Dominus
2574 3557 2775 3627 judicia
2807 3557 3020 3625 faciens.
3056 3556 3301 3626 Magnum
3337 3556 3539 3610 bonum

1956 3664 2034 3709 est
2065 3654 2300 3707 afﬂictio.
2324 3653 2483 3707 Arcta
2513 3653 2654 3706 enim
2686 3658 2770 3705 est
2798 3651 2883 3704 via
2908 3667 2922 3706 :
2950 3651 3297 3721 quamobrem
3320 3649 3546 3705 afﬂictio

1958 3758 2056 3798 nos
2087 3744 2247 3798 tradit
2278 3744 2328 3797 in
2377 3751 2601 3797 arctam.
2635 3742 2733 3810 Qui
2767 3756 2873 3795 non
2922 3741 3193 3809 affligitur,
3229 3756 3334 3795 non
3366 3751 3547 3811 potest

1926 3836 2175 3889 ‘intrare.
2195 3834 2292 3902 Qui
2312 3834 2455 3889 enim
2476 3834 2525 3887 iu
2550 3844 2697 3888 arcta
2726 3833 2960 3903 seipsqu
2992 3833 3246 3902 affligitet
3268 3834 3481 3903 premit,
3502 3835 3547 3889 is

1958 3935 2039 3980 cst
2058 3926 2219 3979 etiaut
2244 3925 2332 3993 qui
2357 3925 2549 3978 fruitur
2575 3925 2759 3994 requie
2786 3940 2799 3976 :
2825 3925 2913 3994 qui
2940 3935 3116 3978 autem
3145 3926 3379 3992 seip'sum
3407 3925 3543 3979 dila—

1960 4030 2053 4086 tat,
2077 4035 2247 4090 neque
2276 4017 2588 4088 ingreditur,
2606 4027 2657 4072 et
2677 4020 2940 4086 premitur
2960 4027 3225 4086 tamquam
3244 4022 3466 4081 cuneus,
3490 4030 3545 4073 ut

1960 4112 2033 4167 ita
2060 4113 2254 4176 dicam,
2282 4112 2487 4180 pulsus.
2522 4109 2661 4164 Audi
2694 4108 2967 4179 quomodo
3001 4110 3137 4164 hanc
3166 4120 3370 4164 arctam
3405 4113 3541 4166 viam

1959 4203 2233 4275 ingressus
2279 4210 2361 4257 cst
2393 4201 2612 4256 Paulus.
2658 4200 2864 4269 Castigo
2894 4216 3082 4270 corpus
3113 4218 3274 4255 meum
3296 4243 3311 4265 ,
3337 4201 3546 4271 inquit,

1959 4307 2006 4350 et
2046 4297 2098 4349 in
2142 4294 2426 4349 servitutem
2474 4292 2650 4363 redigo
2677 4292 2695 4362 (
2722 4294 2772 4346 I.
2807 4291 2925 4346 Cor.
2976 4292 3030 4347 9.
3074 4291 3143 4345 27
3165 4294 3208 4362 ).
3243 4294 3550 4366 Castigabat

1959 4404 2189 4459 corpus,
2243 4396 2300 4441 ut
2330 4397 2510 4457 posset
2555 4386 2757 4439 intrare
2810 4403 2823 4437 :
2878 4392 3157 4453 propterea
3201 4385 3250 4437 itt
3299 4385 3549 4439 omnibus

1959 4481 2337 4536 afflictionibus
2369 4479 2478 4532 Deo
2510 4485 2771 4547 perpetuo
2812 4476 3003 4545 agebat
3034 4476 3250 4544 gratias.
3299 4476 3548 4531 Pecuniis

1960 4590 2019 4629 es
2068 4570 2362 4627 multatus?
2410 4569 2511 4623 hoc
2544 4568 2844 4621 latitudinis
2876 4567 3100 4620 multum
3134 4567 3225 4619 tibi
3265 4568 3462 4621 attulit.
3503 4577 3545 4622 A

1958 4665 2125 4736 gloria
2157 4662 2445 4719 excidisti?
2474 4662 2575 4715 alia
2606 4663 2718 4716 haec
2770 4661 3017 4715 latitudo.
3040 4660 3337 4715 Calutuniis
3366 4678 3425 4717 es
3451 4677 3548 4733 ap-

1962 4757 2192 4829 petitus?
2215 4756 2412 4812 credita
2433 4755 2582 4810 fuere
2599 4771 2717 4825 qua:
2741 4754 2996 4809 adversus
3020 4764 3070 4809 te
3094 4763 3215 4810 sunt
3233 4754 3395 4822 dicta,
3413 4772 3549 4824 quo-

1962 4868 2080 4907 rum
2130 4864 2235 4904 non
2266 4863 2384 4903 cras
2425 4848 2515 4903 tibi
2547 4846 2821 4901 conscius?
2853 4848 3031 4901 laetare
3057 4856 3112 4902 et
3141 4848 3369 4908 exsulta.
3403 4846 3550 4900 Beati

1960 4946 2125 5007 enim,
2155 4943 2344 5011 inquit,
2375 4942 2513 5005 estis,
2546 4940 2750 5009 quando
2771 4955 2857 4993 vos
2890 4942 3084 5009 probris
3101 4939 3359 5006 a/fecerint
3385 4941 3551 5005 Immi-

1962 5051 2067 5099 nes,
2093 5043 2137 5086 et
2159 5031 2375 5085 dixerint
2398 5047 2544 5084 onme
2564 5031 2754 5083 malum
2776 5040 2951 5083 contra
2978 5046 3083 5093 vos,
3106 5032 3397 5085 mentientes
3425 5050 3545 5102 pro.-

1963 5137 2073 5197 pter
2106 5141 2203 5177 me.
2236 5122 2464 5177 Gaudete
2487 5131 2533 5174 et
2557 5121 2804 5175 exsultate
2827 5162 2842 5185 ,
2869 5120 3107 5189 quoniam
3152 5137 3340 5176 merces
3386 5134 3551 5177 vestra

1962 5221 2167 5291 capiosa
2192 5229 2263 5273 est
2293 5217 2345 5269 in
2368 5217 2505 5271 caelis
2531 5214 2743 5285 (Matth.
2762 5214 2814 5269 5.
2836 5213 2921 5268 11.
2952 5212 3065 5283 12).
3099 5213 3237 5280 Quid
3267 5216 3479 5270 miraris
3507 5220 3552 5270 si

1967 5314 2179 5368 tristitia
2228 5308 2462 5365 afﬁceris
2490 5349 2504 5373 ,
2555 5317 2609 5363 et
2653 5308 2734 5362 vis
2782 5306 2991 5361 liberari
3037 5322 3067 5361 a
3128 5309 3556 5368 tentationibus?

1966 5404 2159 5459 Paulus
2191 5402 2357 5456 voluit
2385 5399 2634 5465 liberari,
2685 5408 2741 5453 et
2769 5413 2912 5469 smpe
2942 5398 3113 5453 Deum
3156 5400 3402 5469 rogavit,
3450 5414 3550 5455 nec

1966 5494 2271 5564 impetravit
2304 5510 2316 5546 :
2351 5491 2478 5546 illud
2506 5490 2649 5545 enim
2671 5531 2686 5557 ,
2719 5499 2813 5554 ter,
2844 5504 2987 5557 saepe
3012 5488 3298 5560 signiﬁcat.
3336 5490 3559 5556 Promer

1965 5587 2102 5659 quod
2129 5596 2203 5641 ter
2226 5583 2526 5650 Dominum,
2550 5582 2741 5653 inquit,
2773 5584 2946 5655 rogavi
2974 5598 2993 5637 :
3023 5592 3073 5637 et
3093 5583 3223 5637 dixit
3251 5584 3397 5650 mihi,
3425 5584 3552 5657 Suf-

1969 5681 2076 5750 ficit
2108 5679 2197 5733 tibi
2227 5676 2394 5749 gratia
2420 5692 2532 5730 mea
2580 5689 2599 5729 :
2642 5675 2800 5729 virtus
2844 5675 2975 5729 enim
3021 5691 3132 5729 mea
3169 5675 3221 5729 in
3257 5675 3554 5744 inﬁrmitate

1971 5778 2230 5850 perﬁcitur
2259 5774 2356 5847 (2.
2392 5772 2512 5829 Cor.
2546 5771 2633 5827 12.
2666 5771 2718 5826 8.
2750 5770 2844 5840 9).
2878 5770 3248 5827 Inﬁrmitatem
3296 5771 3384 5827 hic
3430 5772 3562 5829 dicit

1970 5870 2307 5926 afﬁictioaes.
2336 5866 2471 5937 Quid
2504 5880 2569 5920 vc
2583 5864 2681 5921 ro?
2707 5864 2967 5932 Quoniam
2999 5865 3113 5920 hrec
3142 5865 3365 5933 audivit,
3397 5874 3554 5937 grato

3116 5957 3186 6019 l5
