4088 6208
480 305 596 359 ΞΞΙν

483 400 664 454 animo
710 395 824 451 hrrc
860 395 993 450 'lulit
1019 438 1033 459 ,
1078 402 1129 448 ct
1169 394 1338 448 dicit:
1378 394 1653 463 Propterea
1697 395 1888 466 glorior
1915 397 1966 448 in
1987 396 2068 449 iu-

487 491 814 564 firmitatibus
844 489 965 542 meis
997 486 1118 557 (Jb.
1144 503 1203 540 ~v.
1253 487 1358 554 +0)
1385 505 1399 552 ;
1441 489 1541 542 hoc
1567 497 1643 541 cst
1669 529 1683 549 ,
1719 482 1848 541 mihi
1881 487 2066 557 placeo

481 597 537 639 et
565 584 781 654 quiesco
809 582 860 635 in
890 579 1297 634 afﬂictionibus.
1349 579 1451 634 Pro
1493 581 1742 633 omnibus
1767 595 1895 650 ergo
1935 595 2064 649 aga-

483 691 603 730 mus
627 672 844 744 gratias,
871 685 968 738 pro
993 669 1152 723 rebus
1173 669 1426 724 secundis
1451 680 1505 723 et
1529 685 1625 739 pro
1653 669 2062 724 afflictionibus:

483 780 550 820 ne
582 757 998 825 niuriimrcmus,
1024 775 1092 815 ne
1115 761 1283 815 simus
1303 761 1516 830 ingrati.
1551 761 1644 814 Dic
1665 771 1718 816 ει
1749 770 1806 814 ιιι
1832 777 1848 814 :
1876 759 2065 814 Nudus

482 857 612 909 exivi
642 857 702 907 de
723 865 892 906 ventre
935 853 1120 906 matris»
1139 868 1264 907 mete
1287 895 1302 919 ,
1343 865 1387 906 et
1432 853 1599 908 nudus
1638 853 1872 908 excedam
1900 855 1916 916 (
1941 852 2060 906 Job.

483 947 534 1000 1.
556 945 672 1016 21).
708 944 820 999 Non
851 944 1141 1013 provenisti
1164 944 1332 1013 gloria
1363 943 1606 1014 insignis;
1639 960 1705 998 ne
1725 959 1934 1014 qumras
1950 945 2064 1013 glo-

483 1037 640 1092 riam.
691 1036 874 1091 Nudus
905 1051 1009 1091 non
1043 1036 1216 1088 Solum
1251 1036 1488 1103 pecuniis
1512 1077 1526 1098 ,
1577 1035 1669 1092 sed
1703 1036 1863 1089 etiam
1894 1035 2064 1101 gloria

488 1137 545 1184 et
578 1131 715 1183 bona
747 1128 1141 1182 existimatione
1170 1131 1441 1196 ingressus
1469 1141 1529 1181 es
1558 1127 1608 1180 in
1640 1127 1777 1181 hanc
1801 1128 1988 1181 vitam.

554 1219 759 1276 Divitiw
794 1221 1209 1289 impedimentum
1250 1218 1318 1271 ad
1357 1220 1591 1271 salutem.
1620 1247 1690 1260 -—-
1716 1219 1902 1287 Cogita
1933 1227 2066 1288 quot.

483 1312 623 1366 mala
665 1326 810 1380 saepe
853 1320 972 1364 orta
1014 1320 1141 1364 sunt
1183 1325 1246 1364 ex
1291 1311 1567 1378 pecuniis;
1600 1311 1706 1364 imo
1738 1312 1914 1380 potius
1941 1309 2063 1364 audi

483 1403 610 1474 quid
636 1404 778 1458 diem
802 1403 1046 1459 Christus
1069 1419 1082 1456 :
1109 1401 1340 1456 Facilius
1365 1413 1458 1468 est,
1493 1403 1683 1472 inquit,
1715 1405 1960 1457 cautelam
1987 1405 2066 1458 in-

484 1509 621 1552 trare
647 1514 732 1565 per
757 1499 985 1568 foramen
1010 1511 1152 1559 acus,
1174 1513 1325 1563 quant
1347 1495 1548 1548 diritem
1567 1496 1762 1550 intrare
1781 1497 1835 1549 in
1855 1513 2064 1565 regnum

481 1588 722 1642 cwlornm
751 1586 964 1658 (Matth.
1003 1587 1087 1640 l9.
1113 1586 1227 1653 24).
1257 1586 1419 1640 V'idcs
1449 1595 1578 1656 quot
1609 1588 1869 1641 bonorum
1898 1589 2066 1657 impe-

484 1680 779 1734 dimentum
825 1688 950 1733 sunt
979 1679 1178 1733 divitiae
1199 1721 1212 1744 ,
1246 1691 1299 1734 et
1329 1687 1380 1732 tu
1413 1684 1610 1750 quarris
1642 1680 1905 1736 ditescere
1929 1698 1942 1732 :
1967 1696 2066 1736 nec

481 1774 536 1829 in
568 1780 878 1842 paupertate
907 1771 1136 1842 gaudes,
1170 1771 1308 1841 quod
1341 1772 1409 1825 sit
1435 1787 1680 1827 eversum
1712 1772 2064 1842 impedimeno

481 1867 630 1919 tum?
662 1865 811 1920 Adeo
837 1875 918 1919 est
947 1874 1169 1934 angusta
1209 1866 1290 1918 via
1337 1882 1455 1934 qua:
1501 1863 1651 1919 ducit
1693 1865 1759 1920 ad
1800 1881 2061 1935 regnum:

479 1959 613 2010 adeo
653 1958 773 2010 latae
815 1967 940 2011 sunt
969 1956 1169 2012 divitiae
1193 1999 1208 2024 ,
1242 1957 1492 2027 moleque
1532 1957 1704 2027 plena:
1735 1971 1799 2013 ac
1833 1968 2062 2014 tumore.

1210 301 1262 352 ς,
1308 293 1583 352 JO\NNIS
1619 293 2089 351 CHRYSOSTOM‘I
2131 291 2441 351 AﬂCilIEP.
2483 291 3022 351 CONSTANTlNOP.

3697 292 3769 350 τρὶ

2174 395 2460 466 Propterea
2487 395 2635 463 dicit,
2669 396 2838 452 Vende
2849 391 2962 466 qiue
2975 399 3129 453 habes
3143 399 3346 468 (Matth.
3367 401 3446 458 l9.
3459 401 3635 473 2i),nt
3656 406 3746 462 illa

2172 489 2254 542 via
2292 497 2344 543 te
2371 489 2650 559 suscipiat.
2683 489 2792 543 Cur
2817 491 2969 558 cupis
3015 493 3310 560 pecunias?
3342 502 3621 563 propterea
3655 511 3748 553 eas

2174 579 2265 633 tibi
2290 580 2532 646 abstulit,
2561 591 2618 634 ut
2649 590 2700 634 te
2731 581 2920 634 liberet
2947 597 2974 632 a
3007 583 3284 636 servitute.
3315 582 3446 638 Nam
3477 586 3589 639 veri
3616 601 3748 653 quo.

2170 688 2275 742 que
2303 683 2517 740 patres,
2548 689 2670 727 cum
2724 674 2864 729 ﬁlius
2920 674 3082 728 fuerit
3127 686 3410 744 corruptus
3460 691 3748 734 consuetth

2170 762 2296 816 dine
2340 763 2564 832 alicujus
2611 766 2926 827 meretricis,
2959 777 3011 820 ει
3060 767 3106 821 ei
3137 782 3278 835 smpe
3323 768 3598 823 admonito
3645 788 3748 825 non

2169 865 2499 923 persuaserit
2539 865 2594 908 ut
2636 857 2703 909 ab
2745 872 2807 910 ea
2857 857 3126 921 discedat,
3189 861 3521 915 meretricem
3569 864 3748 930 procul

2169 947 2477 1001 amandant.
2523 947 2670 1001 Talis
2717 959 2799 1001 est
2837 950 2995 1001 etiam
3050 949 3202 1019 copia
3257 951 3520 1018 pecunias.
3573 951 3751 1008 Nostri

2171 1039 2348 1109 itaque
2400 1055 2581 1093 curam
2635 1055 2826 1109 gerens
2857 1040 3114 1094 Dominus
3133 1082 3147 1104 ,
3181 1050 3235 1094 et
3263 1056 3292 1095 a
3319 1057 3456 1096 noxa
3481 1059 3598 1113 qua!
3627 1045 3660 1098 ii
3683 1044 3754 1098 de

2168 1131 2428 1201 accipitur
2463 1145 2561 1184 nos
2608 1131 2838 1186 liberans
2864 1173 2878 1197 ,
2913 1132 3090 1185 aufert
3132 1140 3345 1187 nostras
3373 1135 3644 1203 pecunias.
3677 1135 3754 1188 Νι·

2168 1225 2536 1277 existimemus
2561 1238 2690 1296 ergo
2718 1233 3084 1292 paupertatem
3122 1238 3242 1278 esse
3282 1225 3479 1278 malum
3510 1242 3522 1277 :
3558 1240 3749 1296 pecco.

2171 1321 2278 1366 tmn
2303 1313 2473 1366 solum
2495 1321 2579 1367 est
2599 1315 2819 1371 malum.
2843 1312 3023 1383 Neque
3045 1314 3185 1367 enim
3207 1313 3406 1368 divitia:
3431 1326 3526 1384 per
3547 1330 3603 1369 se
3628 1327 3753 1371 sum

2170 1403 2367 1458 bonum
2395 1421 2406 1455 :
2431 1403 2603 1458 solum
2636 1403 2747 1458 Deo
2779 1403 2994 1473 placere
3019 1413 3100 1458 est
3129 1404 3348 1459 bonum.
3378 1403 3754 1473 Paupertatem

2169 1511 2298 1566 ergo
2318 1510 2645 1566 qumramus,
2667 1495 2804 1549 hanc
2824 1505 3093 1551 sectemur
3115 1513 3129 1550 :
3151 1497 3220 1549 ita
3243 1496 3432 1551 caelum
3453 1498 3756 1566 apprehen-

2171 1589 2381 1653 demns,
2431 1589 2501 1642 ita
2544 1588 2778 1642 czelcstia
2821 1588 2958 1642 bona
3000 1603 3572 1660 consequemurzqnaz
3600 1589 3758 1644 detur

2169 1681 2325 1735 nobis
2351 1680 2602 1734 omnibus
2623 1680 2902 1750 consequi,
2927 1681 3094 1750 gratia
3119 1691 3172 1735 et
3196 1668 3520 1751 benignitate
3543 1681 3756 1736 Domini

2172 1772 2337 1825 nostri
2367 1770 2493 1825 Jesu
2533 1771 2729 1825 Christi
2758 1809 2773 1834 ,
2805 1786 2926 1825 cum
2966 1787 3072 1841 quo
3102 1771 3246 1826 Patri
3279 1787 3382 1826 una
3413 1787 3534 1826 cum
3566 1783 3757 1826 sancte

2170 1862 2372 1931 Spiritu
2404 1861 2683 1931 sitgloria,
2718 1862 3021 1931 imperiunm,
3053 1861 3244 1929 honor,
3276 1878 3416 1918 nunc
3441 1873 3495 1918 et
3519 1877 3753 1932 semper,

2174 1955 2304 2010 etin
2330 1955 2525 2009 sa'cula
2550 1954 2893 2009 saeculorum.
2924 1954 3118 2008 Amen.

3647 2071 3716 2079 --.

1783 2102 2128 2163 HOMILIA
2177 2104 2475 2164 XXXIV.

475 2205 602 2262 (ιλιι.
634 2205 720 2261 l3.
749 2220 808 2258 ν.
839 2205 925 2259 l7.
958 2203 1164 2259 Oberlite
1194 2203 1476 2275 praepositis
1504 2203 1702 2268 vestris,
1735 2213 1778 2256 et
1804 2205 2055 2273 subjocete

548 2296 620 2352 eis
649 2296 786 2366 :ipsi
810 2297 942 2350 enim
971 2295 1271 2365 pervigilant
1294 2295 1439 2365 quasi
1463 2295 1712 2347 rationem
1739 2311 1830 2364 pro
1864 2295 2060 2347 aninm-

549 2390 640 2444 bus
674 2390 849 2444 vestris
876 2389 1125 2442 reddituri
1145 2397 1232 2442 :ut
1259 2404 1372 2440 cum
1402 2387 1588 2457 gaudio
1633 2387 1726 2439 hoc
1764 2387 1987 2457 faciant,
2016 2395 2059 2438 et

543 2498 644 2535 non
670 2489 920 2551 gementes
944 2496 960 2532 .'
982 2480 1076 2534 Itoc
1103 2481 1235 2532 enim
1262 2495 1360 2532 non
1388 2478 1592 2547 expedit
1620 2478 1774 2532 vobis.

549 2577 601 2630 1.
630 2575 994 2645 Magistratum
1023 2583 1078 2630 et
1097 2587 1362 2630 rectorem
1393 2590 1496 2629 non
1519 2574 1717 2629 habere
1735 2573 1928 2627 malum
1956 2582 2058 2642 est,

471 2675 526 2721 ct
543 2674 913 2736 argumentum
943 2667 1228 2720 multarum
1257 2667 1641 2731 calamitatum,
1661 2680 1724 2719 ac
1741 2666 2056 2734 principium

471 2757 889 2825 perturbationis
930 2771 993 2811 ac
1043 2757 1371 2812 confusionis
1402 2775 1417 2812 :
1449 2758 1680 2812 maxime
1711 2773 1838 2811 vero
1870 2757 1920 2810 in
1962 2760 2063 2810 Ec-

467 2845 636 2906 clcsia,
658 2846 708 2900 id
741 2854 889 2900 tanto
929 2847 1282 2916 perniciosius
1333 2856 1451 2914 est,
1480 2857 1681 2918 quanto
1739 2847 2065 2918 principatus

469 2937 586 3006 ejus
615 2940 784 3006 major
809 2945 892 2992 est
915 2946 972 2992 et
998 2937 1297 2993 sublimior.
1325 2939 1456 2994 Nam
1484 2940 1622 2994 sicut
1647 2938 1690 2992 si
1719 2937 1870 2992 chori
1901 2952 2058 3008 cory-

472 3035 682 3100 phaeum
712 3042 764 3086 et
792 3033 984 3087 ducem
1015 3032 1312 3094 sustuleris,
1342 3048 1446 3085 non
1473 3032 1575 3086 erit
1595 3032 1822 3102 amplius
1864 3031 2058 3085 chorus

470 3136 736 3192 congruus
751 3133 802 3176 et
825 3123 1094 3176 ordinatus
1113 3139 1126 3184 ;
1147 3132 1199 3175 et
1220 3123 1308 3175 sia
1335 3121 1596 3192 phalange
1619 3122 1884 3176 exercitus
1907 3139 2053 3174 amo-

472 3216 612 3270 veris
629 3217 1024 3284 imperatorem.
1049 3231 1151 3268 non
1169 3217 1269 3268 erit
1291 3215 1519 3284 ampiius
1539 3214 1782 3268 ordinata
1809 3215 1986 3278 acies;
2008 3227 2053 3266 ct

469 3309 512 3363 si
537 3309 746 3378 navigio
777 3309 1044 3361 ademeris
1065 3309 1498 3374 gubernatorem,
1521 3323 1708 3360 navem
1737 3306 2016 3376 demerges
2043 3326 2054 3360 :

477 3401 542 3453 ita
571 3399 752 3462 etiam,
773 3400 816 3451 si
841 3415 870 3452 a
892 3414 1049 3468 grege
1074 3408 1338 3466 pastorem
1363 3398 1670 3461 abstuleris,
1695 3397 1869 3451 omnia
1902 3413 2028 3453 evi-r

475 3489 601 3544 iisti.
627 3490 796 3557 Atque
825 3488 1020 3541 malum
1048 3487 1260 3554 quidem
1292 3496 1373 3541 cst
1396 3487 1738 3556 magistratus
1760 3494 1815 3540 et
1837 3487 2058 3540 rectoris

472 3581 744 3640 deiectus.
779 3590 831 3632 et
863 3579 1075 3634 occasio
1120 3578 1448 3641 eversionis;
1495 3593 1600 3630 non
1650 3577 1825 3630 minus
1874 3590 2052 3632 autem

473 3671 673 3726 malum
705 3680 786 3726 est
831 3669 992 3724 etiam
1039 3669 1402 3724 inobedientia
1446 3683 1631 3722 eorum
1672 3669 1761 3737 qui
1811 3669 1893 3722 eis
1935 3680 2058 3722 sant

474 3761 699 3830 subjecti
727 3777 739 3814 :
766 3777 886 3814 nam
910 3759 1048 3814 idem
1079 3773 1263 3813 rursus
1285 3757 1497 3813 accidit.
1523 3757 1756 3827 Populus
1779 3758 1919 3813 enim
1952 3773 2056 3812 non

478 3871 667 3912 carens
683 3858 878 3912 rectori
895 3873 958 3914 ac
974 3857 1324 3928 magistratui,
1344 3865 1426 3909 est
1443 3856 1631 3909 similis
1646 3855 1694 3909 ei
1721 3854 1811 3924 qui
1839 3868 1942 3906 non
1961 3852 2056 3904 ha-

478 3955 582 4013 bet,
597 3957 651 4003 et
667 3947 802 4004 forte
817 3950 977 4016 etiam
999 3949 1264 4005 deterior:
1291 3963 1410 4001 nam
1430 3947 1537 4000 illic
1555 3944 1768 4014 quidem
1792 3943 1951 3998 etiam
1975 3941 2054 3996 eis

472 4043 629 4094 datur
658 4028 831 4103 venia,
852 4042 896 4094 si
918 4041 1050 4099 ordo
1073 4052 1123 4096 et
1142 4040 1440 4096 moderatio
1467 4053 1570 4090 non
1592 4037 1943 4093 observetur:
1967 4032 2054 4087 hic

471 4141 647 4186 autem
673 4147 776 4186 non
797 4133 894 4195 ita,
922 4131 1018 4187 sed
1044 4133 1202 4186 etiam
1233 4136 1540 4200 puniuntur.
1565 4128 1633 4182 At
1659 4127 1801 4181 dicet
1829 4133 2053 4178 l‘ortassc

469 4223 755 4293 quiSpiam,
791 4224 1006 4276 tertium
1040 4236 1159 4276 esse
1190 4220 1408 4286 malum,
1429 4234 1550 4272 cum
1583 4219 1754 4272 malus
1769 4219 2049 4272 sitrector.

472 4315 584 4383 Ego
609 4328 821 4384 quoque
853 4314 902 4367 id
931 4313 1064 4376 scio,
1096 4321 1152 4367 et
1182 4327 1286 4366 non
1314 4326 1534 4381 parvum
1567 4309 1671 4364 hoc
1694 4308 1891 4362 malum
1911 4349 1926 4373 ,
1957 4308 2050 4361 Sed

471 4407 632 4462 etiam
653 4406 806 4476 longe
822 4405 974 4475 pejus
994 4402 1204 4459 deiectu
1224 4403 1446 4458 rectoris
1469 4416 1530 4456 ac
1549 4401 1886 4470 magistratus
1907 4416 1920 4453 :
1941 4413 2054 4453 me-

475 4501 576 4553 lius
597 4508 677 4554 est
694 4499 837 4553 enim
868 4513 895 4550 a
927 4497 1072 4550 nullo
1089 4497 1404 4566 duci,qttam
1424 4493 1545 4549 duci
1575 4510 1603 4546 τι
1633 4494 1795 4548 malo.
1813 4493 1943 4546 Nam
1963 4491 2052 4569 ille

467 4590 683 4661 ciiiidcm
713 4605 855 4659 sa-pe
883 4591 1050 4642 evasit
1077 4588 1273 4654 salvus,
1294 4601 1438 4656 sa-pe
1457 4586 1618 4639 etiam
1652 4586 1796 4638 venit
1827 4585 1877 4638 in
1912 4584 2052 4653 peri-

467 4682 644 4734 eulum
667 4699 680 4744 ;
703 4680 786 4735 hic
816 4688 992 4733 autrm
1022 4679 1241 4736 omnino
1269 4677 1446 4732 veniet
1465 4676 1515 4730 in
1540 4674 1852 4746 periculum,
1874 4689 1940 4728 ne
1959 4674 2054 4728 ab-

467 4775 694 4828 ducatur
715 4775 766 4828 in
783 4773 1090 4827 barathrum
1109 4778 1314 4841 agetur.
1327 4769 1606 4840 Quomodo
1617 4784 1750 4838 ergo
1767 4768 1894 4822 dicit
1916 4768 2053 4822 Pan-

469 4868 554 4920 lus
571 4884 584 4918 :
607 4865 818 4920 Ubedite
837 4865 1119 4936 praepositis
1136 4865 1327 4926 vestris,
1349 4873 1396 4916 et
1413 4862 1661 4934 subjacete
1677 4869 1747 4915 eis
1761 4860 1786 4915 ἲ
1798 4858 1930 4914 Cum
1961 4875 2052 4913 su-

471 4955 650 5023 peritis
666 4956 888 5010 dixerit:
910 4955 1136 5022 Quorum
1162 4955 1409 5008 intuentes
1431 4953 1620 5006 exitum
1634 4953 2047 5016 conversationis,

467 5047 735 5100 imitamini
759 5045 949 5114 fidem;
980 5055 1104 5100 tunc
1119 5045 1272 5108 dixit,
1300 5043 1507 5098 Ultedite
1536 5044 1821 5115 pra'posilis
1850 5049 2046 5108 vestris,

470 5149 518 5192 et
540 5138 810 5206 subjaeete.
841 5137 976 5202 Quid
1003 5152 1153 5206 ergo,
1169 5137 1360 5207 inquit,
1376 5133 1587 5206 quando
1605 5134 1764 5189 fuerit
1789 5133 1979 5195 malus,
1997 5141 2052 5186 et

468 5248 575 5288 non
604 5228 918 5286 obediemus
941 5228 1030 5284 ei?
1050 5229 1238 5293 Malus,
1267 5225 1538 5298 quomodo
1562 5225 1738 5282 dicis?
1759 5226 1804 5279 si
1835 5234 2050 5293 propter

469 5321 627 5378 iidem
659 5321 875 5393 quidem
897 5361 912 5382 .
956 5317 1082 5390 iuge
1109 5335 1231 5374 eum
1257 5327 1313 5375 et
1337 5318 1476 5374 evita
1498 5358 1513 5383 ,
1552 5332 1657 5372 non
1703 5316 1876 5372 Solum
1905 5317 1948 5370 si
1981 5317 2051 5369 sit

469 5413 631 5469 homo
654 5453 670 5480 ,
703 5410 799 5467 sed
843 5412 1003 5466 etiam
1031 5411 1076 5465 si
1106 5409 1328 5481 angelus
1358 5408 1692 5465 descendens
1713 5425 1745 5464 ε
1768 5408 1902 5464 ett-lo
1927 5426 1938 5460 :
1963 5422 2049 5462 sin

466 5517 644 5560 autem
675 5514 894 5573 propter
921 5499 1105 5566 vitam,
1137 5514 1204 5556 nc
1229 5500 1303 5556 sis
1331 5500 1491 5565 nimis
1517 5500 1785 5554 curiosus.
1814 5498 1922 5552 Nec
1950 5495 2050 5552 hoc

467 5596 768 5666 exeniplntn
791 5611 858 5652 ex
876 5612 960 5651 me
973 5597 1192 5652 allatum
1221 5593 1472 5661 dico,sed
1498 5611 1527 5648 a
1558 5594 1734 5650 divina
1749 5591 2044 5663 Scriptura.

468 5687 603 5742 Audi
624 5688 766 5741 enim
776 5683 1045 5742 Christum
1068 5687 1334 5741 dicentem
1355 5703 1369 5742 :
1393 5685 1564 5757 Super
1583 5684 1874 5740 cathedram
1900 5683 2051 5755 Moy-

464 5777 533 5835 sis
554 5775 792 5831 sederunt
815 5776 993 5833 scriba
1014 5787 1065 5832 et
1093 5775 1345 5833 Phariam
1367 5774 1579 5848 (Matth.
1608 5775 1699 5832 25.
1727 5774 1780 5830 2.
1810 5772 1888 5842 3).
1910 5771 2043 5830 Cum

2159 2203 2224 2257 dc
2255 2204 2317 2256 iis
2343 2207 2489 2272 prius
2515 2203 2676 2256 tnulta
2708 2203 2928 2257 dixisset
2959 2207 3161 2274 gravia,
3204 2213 3328 2259 tunc
3367 2206 3496 2259 dicit
3526 2223 3538 2257 :
3569 2206 3742 2276 Super

2161 2295 2452 2349 cathedram
2476 2294 2670 2366 Moysis
2696 2298 2950 2350 sederunt.
2972 2297 3311 2366 Qua'cumque
3339 2297 3476 2351 vobis
3495 2296 3737 2363 dixerint,

2158 2387 2347 2457 facite:
2365 2403 2689 2458 quwcnmque
2705 2399 2872 2442 autent
2891 2389 3120 2460 fecerint,
3139 2389 3294 2444 nolite
3309 2393 3494 2462 facere.
3510 2391 3739 2462 i'labcnt,

2162 2477 2366 2546 inquit,
2399 2476 2710 2547 dignitatem
2735 2521 2749 2546 ,
2778 2480 2872 2534 sed
2904 2482 3024 2535 vita:
3047 2489 3171 2535 sunt
3199 2481 3504 2538 immundae.
3533 2484 3602 2538 At
3632 2500 3738 2540 non

2162 2569 2344 2634 vitam,
2377 2569 2473 2624 sed
2503 2570 2664 2625 verba
2696 2572 2954 2626 attendite
2979 2591 2992 2626 :
3019 2589 3139 2628 nam
3171 2582 3393 2645 propter
3420 2590 3598 2633 mores
3621 2579 3742 2648 qui-

2156 2658 2277 2715 dem
2305 2661 2483 2716 nullus
2502 2660 2755 2716 damnum
2786 2667 3074 2734 aecepcrit.
3093 2665 3308 2731 Quare?
3331 2666 3590 2733 Quoniam
3618 2679 3674 2724 et
3703 2671 3739 2726 ii

2155 2761 2281 2807 sntit
2306 2753 2558 2808 omnibus
2589 2753 2855 2809 manifesti
2878 2771 2893 2820 ;
2916 2765 2972 2810 et
3001 2772 3099 2810 nec
3130 2758 3244 2827 ipse
3263 2797 3278 2823 ,
3303 2758 3512 2813 etiamsi
3543 2761 3739 2816 millies

2156 2845 2224 2900 sit
2250 2846 2421 2900 malus
2441 2887 2454 2911 ,
2488 2846 2628 2900 mala
2651 2862 2901 2916 umquam
2932 2847 3166 2903 docebit.
3197 2848 3300 2904 Sed
3320 2860 3535 2920 propter
3556 2852 3737 2909 iidem.

2157 2935 2342 3006 Neque
2371 2938 2514 2993 enim
2539 2946 2621 2993 est
2653 2937 2704 2991 id
2726 2939 2973 2993 omnilnts
3017 2939 3389 3007 manifestum;
3418 2957 3591 3014 neque
3622 2961 3738 2998 ma-

2156 3021 2242 3078 lus
2271 3023 2858 3082 recusabitdoctrinam
2880 3027 3075 3083 docere
3098 3045 3429 3100 perversam.
3454 3032 3581 3088 Nam
3605 3037 3729 3088 illud

2152 3129 2386 3184 quoque,
2409 3114 2582 3170 Nolite
2591 3117 2852 3189 judicare,
2869 3129 2923 3173 ut
2944 3137 3042 3173 non
3055 3122 3359 3192 judicemiui
3373 3121 3642 3194 (MattliJ.
3659 3127 3673 3178 l
3689 3128 3732 3196 ),

2153 3204 2222 3259 de
2244 3205 2348 3260 vita
2373 3205 2571 3262 dictum
2595 3218 2698 3274 est,
2718 3225 2821 3263 non
2854 3210 2919 3264 de
2942 3210 3078 3267 lide:
3104 3211 3156 3268 id
3179 3213 3392 3284 quidem
3413 3224 3561 3270 certe
3587 3217 3730 3287 quod

2153 3297 2512 3366 subjungitnr,
2547 3299 2646 3353 hoc
2668 3301 2922 3356 ostendit.
2949 3301 3086 3370 Quid
3107 3304 3238 3358 enim
3268 3305 3423 3374 vides,
3449 3307 3636 3378 inquit,
3657 3312 3736 3380 fe-

2152 3401 2341 3442 stucam
2359 3391 2409 3442 in
2431 3391 2576 3445 oculo
2606 3392 2884 3460 f'ratristui,
2902 3395 3089 3449 trabem
3099 3407 3266 3451 autent
3289 3399 3341 3453 in
3353 3401 3498 3455 oculo
3519 3412 3604 3455 tuo
3628 3421 3730 3459 non

2151 3481 2510 3535 animadvertis
2530 3481 2688 3553 (Ibid.
2702 3501 2749 3539 ιν.
2768 3486 3339 3563 5)?Qutecumqueergo
3349 3492 3566 3548 dixerint
3593 3496 3731 3550 vobis

2155 3583 2206 3622 ut
2232 3572 2454 3640 faciatis,
2482 3573 3044 3644 facite(facereautem
3064 3593 3138 3634 εει
3159 3581 3372 3650 operis,
3399 3599 3505 3638 non
3539 3586 3683 3650 iidei)
3713 3602 3730 3650 ;

2149 3661 2424 3715 secundum
2445 3673 2611 3717 autem
2633 3682 2786 3735 opera
2810 3683 2982 3722 eorum
3007 3671 3163 3726 nolite
3188 3673 3375 3740 facere.
3405 3673 3566 3730 Vides
3587 3678 3728 3744 quod

2150 3766 2254 3804 non
2283 3763 2405 3823 agat
2429 3754 2496 3809 de
2521 3754 2880 3826 dogmatibus,
2904 3759 2998 3814 sed
3025 3760 3092 3817 de
3115 3763 3218 3818 vita
3243 3773 3294 3818 et
3315 3765 3604 3834 operibus?
3626 3770 3729 3824 Sed

2152 3843 2343 3898 l‘aulns
2373 3861 2467 3900 cos
2495 3848 2720 3916 primum
2744 3850 3159 3916 commendzwit,
3185 3868 3236 3909 et
3261 3865 3385 3910 tunc
3407 3857 3533 3911 dicit
3559 3875 3571 3910 :
3601 3857 3734 3912 Obe-

2150 3935 2252 3990 dite
2277 3940 2563 4008 prtepos'tis
2594 3941 2788 4006 vestris,
2823 3951 2870 3994 et
2901 3943 3114 4013 subjecti
3144 3955 3297 4000 estote
3321 3962 3341 4002 :
3366 3948 3466 4018 ipsi
3493 3949 3622 4002 enim
3656 3951 3733 4003 ri-

2149 4029 2308 4097 gilont
2330 4046 2424 4098 pro
2445 4031 2706 4085 aniinnbus
2729 4035 2903 4086 vestris
2927 4045 3181 4106 tamquam
3199 4038 3443 4092 rationem
3460 4041 3733 4095 reddituri.

2149 4118 2383 4173 Audiaut
2403 4121 2564 4174 etiam
2597 4123 2685 4191 qui
2707 4134 2915 4193 regunt,
2943 4141 3045 4178 non
3070 4127 3241 4181 solum
3274 4129 3309 4183 ii
3331 4130 3422 4199 qui
3453 4141 3732 4200 reguntur,

2147 4210 2288 4276 quod
2321 4213 2771 4280 quemadmodum
2804 4215 2959 4270 decet
2987 4217 3229 4273 subditos
3249 4234 3374 4275 esse
3393 4221 3731 4290 ubedientes,

2149 4301 2220 4354 ita
2243 4313 2456 4373 oportet
2490 4305 2784 4374 principes,
2817 4323 2936 4362 cs>e
2963 4309 3241 4380 vigilantes
3265 4321 3318 4365 ct
3339 4312 3567 4368 sobrios.
3594 4314 3733 4381 Quid

2147 4393 2318 4448 dicis?
2345 4395 2546 4465 vigilat,
2569 4397 2809 4452 imminet
2833 4401 3128 4468 periculum
3161 4401 3276 4470 ejus
3304 4403 3483 4472 capiti.
3515 4405 3734 4473 subjici~

2148 4493 2236 4538 tur
2275 4484 2454 4554 pinnis
2503 4496 2849 4557 peccatorum
2905 4498 3143 4555 tuorum,
3190 4502 3245 4546 et
3286 4505 3506 4562 pr0pter
3553 4505 3606 4550 te
3653 4507 3735 4552 cst

2152 4585 2298 4629 tanto
2328 4576 2591 4633 obnoxius
2617 4578 2832 4646 timori,
2861 4588 2916 4634 et
2949 4589 3002 4632 tu
3026 4595 3085 4634 cs
3111 4581 3258 4652 piger
3281 4591 3339 4636 et
3363 4583 3600 4654 ignavus.
3629 4599 3735 4640 tor-

2148 4683 2351 4738 pcsque
2377 4678 2430 4722 et
2453 4685 2511 4724 es
2537 4668 2806 4734 sordidus,
2835 4687 2933 4725 nec
2959 4673 3039 4726 vis
3065 4673 3329 4742 obsequi?
3359 4673 3482 4730 ideo
3509 4679 3736 4748 subjun-

2146 4763 2222 4832 git
2241 4762 2454 4816 dicens:
2475 4760 2539 4817 Ut
2557 4778 2670 4815 eum
2689 4763 2879 4833 gaudio
2903 4763 2999 4816 hoc
3022 4765 3235 4836 faciant,
3257 4777 3301 4820 et
3323 4782 3425 4820 non
3445 4781 3696 4837 gementes
3714 4784 3735 4824 :

2145 4855 2243 4908 ltoc
2278 4855 2410 4907 enim
2448 4871 2548 4908 non
2589 4855 2788 4925 expedit
2831 4855 2990 4909 vobis.
3023 4855 3189 4912 Vides
3219 4857 3360 4928 quod
3409 4859 3658 4930 princeps
3686 4861 3733 4916 si

2140 4955 2554 5011 contcnmatnr,
2585 4961 2690 4999 non
2731 4956 2978 5015 Oporteat
3021 4961 3081 5002 se
3124 4949 3346 5016 ulciSci;
3373 4951 3468 5006 sed
3499 4956 3731 5008 maxima

2147 5037 2279 5092 ultio
2299 5039 2368 5090 sit
2391 5036 2522 5091 [lere
2549 5045 2601 5090 et
2634 5037 3022 5106 ingemiscere?
3047 5048 3102 5094 et
3129 5042 3342 5095 merito.
3369 5040 3503 5098 Nam
3534 5054 3589 5098 ει
3613 5060 3729 5100 me-

2142 5127 2289 5190 dico,
2319 5129 2361 5182 si
2385 5137 2766 5183 contemnatur
2794 5130 2862 5183 ab
2894 5140 3118 5201 εδει-οιο,
3142 5148 3248 5186 non
3280 5133 3404 5189 licet
3434 5149 3493 5189 se
3523 5136 3728 5203 ulcisci,

2147 5221 2241 5275 sed
2274 5221 2401 5273 tlrre
2427 5228 2483 5274 et
2509 5220 2879 5290 ingemiscere.
2909 5221 3005 5278 Sin
3051 5234 3233 5278 autem
3262 5225 3351 5281 ille
3393 5224 3729 5297 ingemiscat,

2141 5321 2198 5367 te
2241 5312 2529 5366 ulciscetur
2560 5312 2722 5368 Deus.
2755 5313 2810 5370 Si
2841 5314 2984 5369 enim
3024 5330 3122 5386 pro
3149 5317 3384 5388 peccatis
3413 5324 3612 5376 nostris
3641 5324 3729 5376 in-

2144 5404 2501 5475 gemiscentes
2555 5406 2720 5460 Deum
2769 5406 3125 5476 curabimus,
3173 5425 3269 5480 pro
3310 5410 3538 5466 aliorum
3572 5427 3728 5468 arro-

2142 5497 2321 5567 gantia
2352 5506 2406 5550 et
2435 5503 2745 5566 contemptu
2786 5496 2833 5552 si
2879 5497 3318 5568 ingemiscimus,
3347 5517 3530 5558 auium
3558 5506 3731 5560 multo

2146 5588 2349 5663 magis?
2369 5584 2530 5646 Vides
2549 5590 2692 5660 quod
2715 5607 2821 5646 non
2841 5592 2967 5647 sinit
2987 5608 3110 5648 eum
3136 5609 3422 5666 erumpere
3441 5595 3508 5651 ad
3531 5598 3730 5667 probra

2147 5694 2200 5739 et
2221 5679 2607 5747 contumelias?
2631 5683 2784 5738 vides
2802 5695 3001 5756 quanta
3017 5687 3088 5741 sit
3109 5687 3299 5757 philosi
3323 5688 3482 5760 pbial
3503 5689 3732 5758 Oportet

2145 5791 2270 5833 eum
2303 5774 2654 5847 ingemiscere
2677 5776 2766 5846 qui
2791 5775 3105 5850 despicitur,
3127 5780 3219 5855 qui
3244 5781 3612 5848 conculcatur,
3637 5780 3730 5851 qui
