4088 6208
357 335 457 394 255

341 428 676 499 conspuitur.
712 424 786 479 Ne
815 424 1056 479 confidas
1084 425 1224 490 quod
1259 435 1309 479 te
1340 440 1445 478 non
1476 425 1790 479 ulciscitur:
1813 438 1910 495 ge-

346 539 507 579 mitus
534 519 679 574 enim
707 527 792 573 est
818 516 1005 586 quavis
1036 518 1238 569 ultione
1264 516 1520 571 deterior.
1555 515 1688 572 Nam
1713 515 1928 587 quando

348 617 462 684 ipse
489 609 621 667 nihil
654 608 862 679 prolicit
890 622 1132 676 gemens,
1164 618 1320 661 vocat
1352 607 1641 661 Dominum
1664 624 1677 660 :
1703 618 1759 663 et
1787 608 1928 662 sicut

342 706 557 777 quando
581 710 970 773 praeceptorem
996 714 1129 767 puer
1153 715 1260 752 non
1284 699 1571 764 audiverit,
1600 708 1819 754 vocatur
1836 698 1926 769 qui

342 799 394 851 ia
421 810 544 851 eum
570 808 630 848 se
656 800 807 862 gerat
833 790 1100 843 austerius
1126 806 1139 840 :
1164 789 1236 842 ita
1263 788 1348 842 hic
1376 804 1612 859 quoque.

416 886 518 955 Qui
543 896 720 955 regunt
753 881 1052 945 Ecclesium,
1083 889 1271 950 quanto
1307 881 1361 933 in
1403 881 1624 951 periculo
1648 889 1926 936 versentur.

347 979 626 1050 Dignitates
654 973 929 1046 fugiendae,
955 988 1053 1025 non
1069 973 1369 1042 quaerenda.
1388 1002 1457 1013 --
1475 972 1651 1041 Papa,
1670 984 1925 1044 quantum

342 1083 427 1129 est
456 1068 780 1141 periculum!
803 1065 928 1136 quid
963 1066 1170 1119 miseris
1196 1065 1299 1119 illis
1335 1065 1535 1121 dixeris
1560 1065 1650 1136 qui
1678 1080 1741 1121 se
1760 1067 1928 1136 conji-

342 1165 491 1220 ciunt
516 1163 568 1216 in
592 1170 790 1215 tantam
821 1158 1071 1228 abyssum
1088 1156 1507 1225 suppliciorum?
1530 1156 1775 1211 Omnium
1792 1172 1928 1226 quos

345 1256 508 1325 regis,
557 1232 859 1305 mulierum
885 1257 939 1303 et
982 1249 1221 1301 virorum
1252 1256 1307 1300 et
1336 1261 1645 1316 puerorum,
1668 1261 1698 1300 a
1726 1259 1776 1301 te
1804 1248 1925 1301 red-

341 1344 517 1401 denda
546 1354 629 1399 est
659 1342 830 1396 ratio:
852 1348 1000 1393 tanto
1022 1337 1127 1407 igni
1149 1346 1311 1405 caput
1330 1347 1477 1389 tuum
1500 1335 1740 1405 subjicis.
1763 1336 1926 1392 Miror

340 1458 409 1494 an
428 1440 543 1494 fieri
572 1436 737 1506 ροςεῘι
764 1444 821 1489 ιιι
849 1433 1042 1501 aliquis
1061 1446 1127 1485 ex
1162 1430 1457 1485 rectoribus
1483 1430 1551 1484 sit
1578 1431 1780 1497 salvus,
1803 1445 1925 1485 cum

340 1532 554 1584 videam
598 1535 720 1598 post
747 1525 917 1578 minas
945 1532 1001 1579 et
1029 1532 1344 1591 praesentem
1386 1522 1685 1576 socordiam
1717 1522 1926 1593 aliquos

339 1622 521 1675 adhuc
550 1626 918 1679 accurrcutcs,
942 1624 997 1668 et
1022 1630 1080 1669 se
1110 1612 1460 1682 conjicieutes
1492 1614 1543 1667 iit
1579 1622 1778 1667 laniant
1809 1630 1924 1667 mo-

335 1715 447 1769 lem
473 1707 976 1766 administrationis.
1008 1705 1140 1761 Nam
1162 1706 1204 1759 si
1235 1705 1292 1768 ii,
1325 1706 1411 1772 qui
1461 1704 1782 1759 necessitate
1810 1714 1924 1759 tra-

336 1808 565 1866 huntur,
595 1820 699 1857 noti
728 1802 924 1856 habent
954 1798 1352 1855 excusationem
1380 1807 1471 1849 aut
1489 1797 1720 1861 veniam,
1747 1797 1791 1851 si
1810 1810 1922 1852 retu

338 1901 485 1954 male
510 1895 884 1951 administrent
914 1902 969 1947 et
989 1891 1483 1959 siutttcgligcnles;
1511 1905 1631 1941 nam
1660 1898 1716 1943 et
1744 1889 1923 1943 Aaron

335 2001 547 2045 traeius
575 1996 659 2041 est
685 1985 1001 2040 neci-ssitate
1019 1994 1071 2037 et
1099 1983 1241 2037 venit
1270 1982 1320 2034 in
1347 1980 1641 2050 perii-olunt
1664 1996 1677 2044 ;
1702 1989 1755 2033 ct
1778 1979 1925 2051 Moy-

334 2097 430 2136 ses
455 2079 640 2142 etiam,
655 2092 775 2132 cum
803 2090 947 2145 saipe
978 2084 1307 2134 recusasset;
1331 2072 1542 2133 etSauI.
1558 2072 1642 2126 cui
1660 2071 1921 2127 creditum

331 2172 479 2229 aliud
523 2170 699 2225 fuerat
746 2167 1050 2236 imperium,
1083 2175 1361 2234 postquam
1392 2165 1676 2224 recusavit,
1705 2172 1923 2219 vocatus

331 2279 416 2322 est
446 2266 501 2318 in
527 2262 844 2333 periculum,
862 2259 1115 2329 quoniam
1139 2258 1309 2328 ipsum
1329 2257 1467 2311 male
1487 2256 1919 2313 administrarat:

332 2366 542 2429 quanto
563 2351 952 2421 magisiiquiiu
967 2349 1069 2405 hoc
1087 2350 1317 2405 studium
1347 2360 1548 2419 ponunt
1569 2391 1582 2410 ,
1624 2358 1676 2404 et
1708 2349 1757 2402 itt
1788 2348 1839 2401 id
1864 2364 1923 2404 se

328 2445 722 2517 eoujeccrunt?
748 2442 836 2513 qui
863 2450 949 2498 est
970 2448 1111 2496 enim
1141 2442 1285 2508 talis,
1315 2441 1471 2512 lottge
1501 2441 1669 2511 magis
1695 2458 1755 2496 se
1775 2441 1921 2497 omni

330 2538 568 2610 privabit
604 2535 780 2590 venia.
813 2535 1027 2590 Timere
1054 2535 1196 2590 enim
1227 2544 1442 2604 oportet
1461 2542 1515 2588 ct
1539 2535 1923 2590 contretnisce-

329 2649 416 2697 re.
444 2641 502 2687 et
532 2641 754 2702 propter
781 2629 1166 2686 conscientiam
1186 2636 1242 2683 et
1279 2638 1495 2697 propter
1524 2628 1718 2683 molem
1748 2627 1918 2698 impe-

323 2726 427 2787 rii;
460 2733 517 2779 et
559 2737 735 2792 neque
761 2722 809 2777 si
838 2721 1005 2776 semel
1038 2720 1319 2775 trahantur
1360 2734 1629 2785 recusare,
1663 2734 1839 2788 neque
1873 2718 1922 2775 si

327 2831 438 2870 non
466 2813 753 2869 trahantur
777 2822 969 2882 sponte
992 2812 1043 2865 in
1070 2811 1122 2865 id
1146 2812 1456 2874 incurrere;
1481 2810 1589 2864 imo
1615 2824 1744 2864 vero
1758 2810 1919 2864 etiam

327 2906 545 2977 fugere,
575 2904 929 2975 prtevidentcs
958 2902 1376 2973 magnitudinem
1406 2902 1696 2972 dignitatis.
1720 2903 1921 2958 Rursus

327 3008 516 3052 autem
543 3012 637 3051 eos
652 2997 741 3066 qtti
766 2996 959 3050 fuerint
981 2995 1356 3066 comprehensi
1397 3004 1611 3063 Oportet
1633 3012 1753 3049 esse
1789 3012 1920 3050 catt-

328 3102 419 3146 συθ
445 3101 502 3145 et
529 3091 667 3158 pios.
701 3090 840 3143 Nihil
873 3088 1282 3144 immoderatum
1311 3089 1399 3153 sit,
1424 3090 1601 3141 omnia
1639 3105 1702 3142 ex
1733 3087 1923 3143 ordine

329 3184 489 3237 fiant.
518 3180 576 3237 Si
624 3181 929 3251 priusquam
970 3181 1333 3247 promovearis
1372 3181 1421 3232 id
1470 3181 1804 3249 praesentias,
1832 3196 1921 3234 re~

329 3275 492 3340 cede,
544 3289 833 3343 persuasus
884 3282 936 3328 te
987 3289 1047 3328 ea
1080 3289 1136 3328 re
1177 3287 1295 3327 esse
1324 3273 1595 3342 indignum
1622 3291 1634 3326 :
1659 3272 1704 3326 si
1737 3287 1925 3328 rursus

330 3368 508 3422 fueris
555 3364 996 3434 comprehensus,
1039 3365 1284 3420 similiter
1319 3366 1618 3419 cautionem
1647 3364 1841 3419 adhibe
1871 3373 1927 3418 et

332 3460 723 3521 reverentiam,
741 3457 937 3525 ubique
958 3456 1245 3511 ostendens
1265 3456 1522 3511 aniuntnt.
1543 3457 1628 3510 l8.
1653 3454 1829 3519 Orate,
1846 3455 1926 3507 itt-

329 3552 475 3619 quit,
499 3550 653 3603 etiam
673 3566 764 3621 pro
781 3550 922 3603 nobis
940 3565 956 3601 :
977 3549 1279 3615 conﬁdimus
1299 3549 1429 3601 enim
1445 3549 1582 3615 quod
1597 3549 1779 3601 bonam
1798 3563 1923 3600 cou-

327 3642 601 3694 srieutiam
617 3642 879 3703 habemus,
896 3640 948 3691 in
975 3639 1205 3692 omnibus
1230 3638 1354 3692 bene
1373 3640 1593 3692 volentes
1615 3639 1925 3693 conversari.

406 3733 469 3787 2.
515 3731 680 3785 Vides
707 3730 851 3801 quod
881 3732 932 3784 iu
965 3730 1047 3784 Itis
1072 3746 1131 3785 se
1155 3738 1342 3799 purget
1385 3740 1439 3785 et
1487 3738 1730 3795 excuset,
1755 3737 1813 3783 ut
1840 3729 1929 3798 qui

329 3826 545 3879 seriliat
580 3821 648 3876 ad
687 3836 782 3876 eos
818 3831 1085 3891 tamquam
1127 3822 1193 3875 atl
1242 3821 1484 3889 molestia
1509 3816 1755 3885 affectos,
1792 3828 1929 3873 tam-

328 3932 502 3985 quam
548 3914 615 3967 ad
653 3923 987 3979 aversantes,
1027 3923 1295 3983 tamquam
1342 3913 1407 3967 ad
1448 3928 1543 3967 eos
1585 3913 1676 3984 qui
1703 3915 1755 3967 in
1806 3927 1928 3966 eum

326 4015 499 4069 erant
517 4004 693 4060 affecti
717 4014 773 4058 ut
800 4005 1374 4074 transgressorem,qui
1396 4021 1462 4060 ne
1489 4020 1686 4059 nomen
1712 4004 1929 4075 quidem

328 4101 461 4168 ejus
487 4095 676 4150 audire
703 4095 967 4151 terebant.
986 4085 1249 4160 Qiimiiant
1270 4110 1397 4162 ergo
1418 4111 1479 4149 ea
1503 4096 1751 4164 exigebat
1776 4094 1845 4149 ab
1867 4095 1933 4150 iis

328 4192 427 4259 qui
466 4189 638 4257 ipsum
668 4187 913 4250 oderant,
943 4202 1064 4254 qutc
1092 4186 1273 4240 ueteri
1304 4198 1491 4240 omnes
1522 4186 1590 4245 ab
1618 4186 1681 4238 iis
1702 4183 1789 4254 qui
1815 4184 1934 4240 dili-

330 4291 499 4354 gunt,
533 4298 599 4335 ea
623 4280 692 4334 de
716 4295 875 4335 causa
907 4282 1055 4349 ponit
1081 4279 1188 4343 hic,
1219 4278 1438 4334 dicens:
1462 4276 1782 4347 Couﬁdimus
1798 4277 1935 4346 quod

330 4377 529 4431 bonum
560 4375 923 4428 conscientiam
951 4372 1211 4427 habemus.
1243 4371 1319 4427 Ne
1364 4371 1495 4426 mihi
1538 4371 1705 4436 enim,
1740 4371 1931 4441 inquit,

331 4468 551 4523 dixeris
595 4466 965 4521 accusationes
996 4482 1010 4519 :
1046 4474 1246 4528 nostra,
1279 4463 1470 4535 inquit.
1515 4463 1644 4517 nihil
1678 4479 1776 4517 nos
1832 4463 1933 4516 itu-

332 4563 537 4633 probat
568 4560 917 4623 conscientia,
948 4574 1118 4627 neque
1148 4558 1303 4612 nobis
1340 4557 1539 4612 conscii
1567 4571 1756 4611 sumus
1793 4555 1934 4625 quod

330 4654 501 4708 vobis
533 4651 792 4705 fuerimus
812 4650 1066 4704 insidiati.
1088 4647 1404 4717 Couﬁdimus
1419 4649 1569 4710 enim,
1594 4647 1781 4717 inquit.
1802 4645 1937 4717 quod

332 4747 531 4799 bonam
554 4741 913 4795 conscientiam
944 4740 1203 4793 habemus.
1242 4737 1307 4792 In
1335 4738 1566 4792 omnibus
1593 4736 1933 4792 benevolenm

330 4832 657 4886 conversari.
690 4830 833 4902 Ergo
862 4847 968 4886 non
998 4831 1172 4887 solum
1205 4831 1345 4886 inter
1368 4830 1633 4895 ethnicos,
1652 4829 1747 4885 sed
1771 4828 1932 4885 etiam

334 4924 491 4977 inter
518 4939 639 4976 vos.
668 4921 810 4977 Nihil
839 4940 960 4979 cum
994 4923 1179 4978 fraude
1208 4922 1452 4987 fecimus,
1480 4938 1577 4978 uec
1600 4938 1723 4978 cum
1756 4922 1931 4994 hypoo

331 5014 470 5069 crisi
494 5032 508 5067 :
533 5021 618 5066 est
638 5028 783 5067 enim
816 5014 1107 5070 verisimile
1132 5015 1227 5068 has
1254 5014 1305 5067 iu
1324 5029 1446 5069 eum
1464 5013 1760 5068 calumnias
1777 5012 1940 5067 fuisse

334 5106 664 5159 intentalas.
690 5103 821 5159 Nam
850 5105 991 5174 quod
1018 5106 1150 5159 falso
1180 5116 1462 5160 accusatus
1492 5104 1673 5168 fuerit,
1701 5103 1825 5158 audi
1850 5102 1940 5158 Ja-

335 5195 545 5250 cobttm
569 5193 835 5249 dicenti-tn
859 5212 871 5247 :
903 5197 1187 5250 Audierant
1211 5196 1377 5261 enim,
1402 5196 1594 5265 inquit,
1621 5195 1683 5247 de
1708 5203 1774 5261 te,
1805 5192 1941 5263 quod

336 5290 709 5345 discessionem
733 5291 913 5343 doceas
941 5308 974 5343 a
1010 5290 1117 5360 lege
1146 5291 1283 5357 (’Act.
1325 5290 1417 5343 21.
1446 5290 1561 5360 21).
1605 5288 1721 5343 Non
1752 5287 1939 5351 utjui-

338 5382 546 5445 tuticus,
572 5380 763 5452 inquit,
796 5397 896 5437 nec
925 5396 981 5436 ut
1012 5384 1181 5437 hostis
1209 5383 1323 5437 haec
1364 5383 1563 5445 scribo,
1591 5382 1684 5435 sed
1715 5390 1773 5434 ut
1801 5380 1939 5434 ami—

337 5486 471 5525 cus.
506 5471 572 5526 Et
604 5472 704 5527 hoc
742 5473 979 5528 ostendit
1024 5489 1090 5528 ex
1131 5489 1198 5527 eo
1222 5472 1368 5543 quod
1396 5474 1650 5542 deinceps
1677 5474 1936 5542 sequitur.

343 5563 445 5617 19.
480 5562 710 5632 Amplius
734 5574 902 5618 autem
930 5564 1173 5633 deprecor
1202 5580 1286 5617 uos
1333 5564 1426 5617 hoc
1457 5566 1643 5635 facere,
1675 5580 1774 5632 quo
1808 5562 1939 5616 cclc-

345 5652 463 5707 ii'us
487 5655 715 5708 restituat
743 5654 903 5708 vobis.
931 5654 1044 5710 lloc
1069 5664 1181 5711 erat
1211 5655 1327 5725 ejus
1352 5656 1443 5726 qui
1474 5656 1818 5710 vehementer
1846 5670 1941 5711 eos

344 5744 589 5808 amabat,
626 5747 697 5799 ita
728 5746 953 5814 precari.
991 5746 1058 5801 Et
1110 5763 1216 5802 non
1249 5748 1448 5811 solum,
1484 5748 1673 5817 inquit,
1710 5747 1939 5817 precari,

343 5835 455 5891 sed
502 5851 627 5893 cum
672 5836 818 5893 omni
860 5837 1039 5894 studio
1078 5855 1091 5895 :
1126 5850 1183 5895 ut
1210 5855 1309 5912 ego
1340 5840 1447 5896 cito
1490 5840 1698 5896 veniant
1726 5838 1794 5895 ad
1823 5855 1938 5895 vos.

1087 324 1152 382 tN
1192 321 1407 379 EPIST.
1451 319 1542 376 AD
1581 312 1938 373 uacuos.
1980 311 2134 367 utr.
2177 312 2310 368 sui.
2356 314 2591 371 nouis.
2635 313 2879 371 xxxiv.

3511 316 3613 376 Bs

2029 417 2138 473 lloc
2165 428 2245 473 est
2275 417 2393 486 ejus
2421 419 2508 487 qui
2538 418 2636 473 sibi
2670 418 2799 472 nihil
2830 428 2908 473 est
2948 417 3217 483 consents.
3249 421 3481 476 studium
3512 437 3609 492 po-

2027 527 2155 565 nere
2187 518 2243 563 ut
2266 511 2331 563 ad
2357 526 2450 564 eos
2483 515 2778 579 perveniat,
2822 522 2875 564 et
2904 526 3093 582 rogare
3132 511 3275 581 ipsos
3303 522 3360 566 ut
3409 529 3505 582 pro
3552 531 3612 570 se

2026 614 2200 659 orent.
2254 603 2326 658 Ea
2357 604 2425 658 de
2453 618 2608 658 causa
2641 619 2762 659 cum
2792 604 2941 674 prius
2968 604 3035 658 ab
3066 605 3195 674 ipsis
3226 606 3467 675 petiisset
3492 623 3615 663 ora-

2029 696 2221 761 tiones,
2240 705 2365 749 tunc
2390 696 2468 750 eis
2492 710 2707 765 quoque
2729 706 2976 763 precatur
2990 696 3168 750 omnia
3194 696 3457 753 bona.20.
3475 695 3614 751 Deus

2025 797 2222 853 autem,
2247 786 2434 855 inquit,
2464 788 2621 855 pacis.
2651 786 2761 839 Hoc
2793 786 2925 840 dicit
2952 803 3018 841 eo
3042 788 3183 858 quod
3214 787 3354 843 inter
3375 802 3472 843 eos
3498 788 3629 841 dis.-

2024 879 2306 932 sensioues
2334 877 2622 932 orirentur.
2652 878 2706 933 Si
2734 893 2883 947 ergo,
2914 880 3103 945 inquit,
3141 880 3278 933 Deus
3303 881 3446 948 pacis
3474 880 3614 934 Deus

2024 981 2126 1033 est,
2147 986 2213 1024 ne
2253 972 2325 1025 sit
2354 970 2502 1025 vobis
2547 970 2826 1025 nobiscum
2868 970 3168 1026 dissidium.
3197 973 3296 1041 Qui
3334 975 3508 1029 eduxit
3548 977 3614 1028 tle

2027 1070 2161 1112 terra
2196 1058 2461 1114 Pastorem
2489 1062 2680 1114 ovium.
2706 1061 2819 1116 lloc
2843 1063 3042 1117 dictum
3067 1074 3147 1117 est
3170 1065 3235 1117 de
3264 1069 3612 1120 resurrectio-

2031 1168 2121 1207 ne.
2154 1152 2421 1224 Magnam.
2450 1153 2605 1208 Aliud
2636 1156 3078 1209 additamentum.
3106 1155 3202 1210 llic
3231 1173 3413 1211 rursus
3443 1175 3611 1228 usque

2028 1245 2093 1299 ad
2119 1245 2277 1299 liuent
2300 1245 2378 1299 eis
2400 1244 2683 1299 confirmat
2709 1245 2853 1316 quod
2878 1247 3072 1301 dicitur
3096 1246 3164 1302 de
3194 1253 3608 1306 resurrectione.

2030 1337 2096 1392 lit
2110 1340 2356 1410 sanguine
2383 1339 2662 1392 testamenti
2684 1340 2883 1404 teterui,
2906 1338 3176 1393 Doiitiiium
3192 1341 3613 1397 nostrumlesum

2030 1432 2305 1498 Christum,
2334 1432 2424 1485 21.
2448 1441 2584 1501 aptet
2615 1447 2700 1486 vos
2726 1433 2778 1485 in
2817 1435 2951 1485 omni
2981 1434 3109 1486 bona
3130 1451 3299 1503 opere,
3329 1446 3381 1486 ut
3410 1436 3614 1505 faeiatis

2027 1524 2136 1594 ejus
2158 1524 2459 1578 uoluntatem
2479 1544 2497 1578 ε
2526 1525 2717 1596 faciens
2740 1527 2790 1578 in
2810 1525 2947 1579 vobis
2968 1526 3103 1595 quod
3121 1526 3317 1595 placeat
3340 1545 3511 1584 coram
3537 1546 3609 1584 se.

2028 1616 2233 1671 Rursus
2277 1616 2382 1671 eis
2406 1631 2593 1685 magna
2622 1632 2723 1671 suo
2762 1617 2946 1671 tribuit
2974 1618 3312 1673 testimonio:
3344 1619 3613 1691 lntcgrum

2026 1708 2169 1763 enim
2214 1706 2363 1761 reddi
2396 1708 2590 1761 dicitur
2620 1709 2669 1761 id
2695 1708 2835 1778 quod
2890 1708 3051 1764 habet
3074 1710 3303 1773 initium,
3336 1720 3392 1767 et
3420 1711 3615 1768 deinde

2031 1798 2300 1868 impletur.
2336 1799 2399 1853 Et
2428 1800 2506 1853 eis
2539 1809 2823 1869 precatur:
2854 1801 2995 1868 qttod
3029 1810 3111 1856 est
3137 1801 3517 1860 desiderantis.
3550 1805 3617 1859 Et

2033 1890 2186 1946 vide:
2222 1891 2276 1945 iit
2299 1892 2416 1945 aliis
2441 1891 2655 1960 quidem
2682 1892 2923 1961 epistolis
2956 1903 3201 1962 precatur
3233 1896 3284 1949 itt
3318 1896 3491 1962 initio,
3531 1894 3617 1952 hic

2024 1990 2201 2034 autem
2230 1982 2281 2035 itt
2312 1984 2435 2038 line.
2482 1983 2720 2049 l’acieits,
2754 1986 2944 2055 inquit,
2976 1987 3027 2040 in
3059 1988 3195 2041 vobis
3240 1989 3376 2058 quod
3414 1990 3613 2057 placeat

2024 2088 2196 2126 coram
2221 2090 2275 2128 se
2303 2092 2388 2144 per
2407 2076 2589 2129 Iesum
2614 2077 2871 2130 Christum
2889 2094 2908 2133 :
2936 2079 3018 2131 cui
3043 2090 3116 2133 est
3144 2080 3309 2150 gloria
3336 2081 3388 2134 in
3421 2081 3603 2155 uacula

2025 2167 2343 2219 seculorum.
2364 2168 2539 2222 Amen.
2557 2168 2648 2223 22.
2678 2169 2821 2241 litigo
2851 2181 3016 2224 autent
3046 2187 3154 2237 vos,
3182 2174 3385 2245 fratres,
3414 2182 3468 2226 itt
3493 2171 3605 2240 suf-

2027 2256 2202 2325 feratis
2245 2258 2446 2311 verbum
2475 2261 2680 2333 solatii:
2705 2262 2889 2316 ctenim
2919 2264 3188 2333 perpaucis
3228 2264 3412 2332 scripsi
3452 2264 3606 2318 robii.

2029 2348 2188 2403 Vides
2214 2354 2466 2418 quoniam
2492 2355 2633 2424 quod
2658 2355 2722 2409 ad
2750 2355 3017 2410 nemiuem
3044 2357 3275 2425 scripsit,
3299 2356 3401 2412 hoc
3424 2356 3490 2411 ad
3514 2371 3608 2412 eos

2026 2441 2247 2496 scribit?
2273 2442 2482 2499 Etenim
2528 2448 2818 2518 pcip'aucis,
2854 2447 3045 2517 inquit,
3077 2449 3261 2519 scripsi
3289 2447 3463 2513 vobis;
3509 2449 3610 2503 huc

2024 2541 2128 2596 est,
2158 2531 2267 2588 Nec
2294 2548 2415 2588 sum
2447 2536 2705 2590 molestus
2748 2538 2899 2592 vobis
2942 2540 3233 2593 verborum
3282 2538 3608 2608 prolixitate.

2026 2621 2288 2681 Existimo
2306 2640 2400 2681 eos
2424 2642 2528 2682 non
2551 2626 2716 2683 fuisse
2733 2628 3019 2683 admodum
3049 2630 3288 2685 infensos
3303 2630 3607 2686 Timotheo:

2026 2715 2169 2770 unde
2192 2716 2355 2772 etiam
2383 2734 2506 2772 cum
2541 2720 2853 2789 prtepnsuit.
2885 2721 2973 2774 25.
3008 2720 3306 2792 Cognoscite
3334 2722 3500 2785 enim.
3531 2722 3609 2777 iit-

2025 2807 2158 2877 quil,
2187 2812 2398 2880 fratrem
2427 2809 2744 2866 Timotheum
2766 2812 3031 2865 diutissum
3057 2830 3074 2867 :
3104 2830 3218 2867 cum
3245 2829 3364 2884 quo,
3393 2814 3438 2866 si
3462 2814 3611 2867 citius

2027 2901 2233 2963 venerit,
2263 2900 2437 2955 videbo
2459 2916 2561 2954 vos.
2592 2900 2891 2965 Dimissum,
2921 2900 3010 2972 inq
3035 2906 3094 2955 iit
3120 2918 3135 2953 :
3160 2902 3611 2958 unde?Existinio

2026 3005 2150 3044 eum
2199 2990 2362 3046 fuisse
2399 2991 2702 3060 conjectum
2736 2993 2786 3045 iu
2819 3009 3125 3046 carcerem:
3159 3002 3269 3056 aut,
3303 2993 3347 3048 si
3390 3010 3497 3049 non
3541 2995 3611 3049 ita

2028 3084 2117 3147 sit,
2147 3082 2424 3137 dimissutn
2456 3082 2709 3149 Athenis;
2741 3101 2861 3138 nam
2895 3084 2997 3139 hoc
3022 3099 3235 3155 quoque
3265 3084 3425 3140 situm
3453 3100 3530 3141 est
3555 3089 3621 3139 in‘

2029 3174 2271 3230 Actibus.
2302 3174 2394 3230 24.
2427 3175 2662 3230 Salutate
2696 3192 2867 3230 omnes
2896 3179 3192 3245 prwpositos
3219 3187 3406 3233 vestros
3428 3189 3473 3232 et
3498 3196 3605 3233 oui-

2030 3282 2117 3319 nes
2136 3275 2357 3320 sanctos.
2394 3266 2637 3321 Salutant
2674 3282 2760 3321 vos
2787 3267 2850 3321 tle
2880 3266 3035 3320 Italia
3062 3268 3265 3336 fratres.
3306 3270 3399 3324 25.
3432 3269 3614 3324 Gratia

2029 3374 2144 3411 cum
2188 3358 2417 3412 omnibus
2455 3359 2612 3413 vobis.
2647 3358 2824 3414 Amen.
2870 3359 3031 3416 Vides
3068 3362 3337 3430 quomodo
3367 3364 3616 3418 ostendat

2030 3455 2277 3508 virtutem
2302 3468 2474 3523 neque
2500 3469 2564 3509 ex
2592 3455 2701 3509 Deo
2719 3455 2956 3513 omnino.
2984 3470 3153 3524 neque
3170 3471 3234 3510 ex
3261 3457 3415 3511 nobis
3440 3457 3611 3511 solum

2028 3559 2152 3600 esse
2176 3544 2384 3599 ortam?
2404 3544 2633 3600 dicendo
2653 3546 2819 3611 enim,
2846 3545 3079 3616 Integros
3110 3562 3193 3601 vos
3226 3550 3380 3618 faciat
3407 3550 3458 3601 in
3479 3552 3615 3602 omni

2029 3636 2160 3689 bono
2191 3652 2360 3705 opere,
2393 3644 2448 3690 et
2474 3644 2692 3702 caetera,
2723 3635 2825 3691 hoc
2863 3637 3146 3707 significat,
3180 3654 3243 3693 ac
3286 3640 3329 3694 si
3376 3640 3579 3696 diceret
3606 3660 3615 3692 :

2033 3726 2251 3782 Habetis
2281 3725 2497 3796 quidem
2543 3728 2826 3792 virtutem;
2859 3745 2993 3799 opus
3024 3741 3201 3786 autem
3235 3729 3441 3787 habetis
3467 3747 3615 3786 cotu-

2031 3820 2324 3891 plemeuto.
2352 3817 2485 3873 Cum
2515 3817 2647 3872 dicit
2689 3830 2867 3874 autem
2902 3836 2915 3873 :
2945 3822 3120 3890 Opere
3161 3831 3214 3876 et
3259 3823 3423 3876 verbo
3454 3823 3615 3888 bono.

2029 3911 2427 3982 significavitet
2457 3912 2618 3965 vitam
2650 3922 2703 3967 et
2745 3912 2993 3984 dogmata
3040 3923 3183 3968 recta
3230 3931 3351 3971 (’Sse
3394 3916 3614 3972 debere.

2034 4002 2200 4058 Recte
2225 4003 2386 4057 etiam
2419 4002 2519 4057 hoc
2534 4003 2739 4057 addidit
2761 4022 2774 4058 :
2796 4003 3013 4059 Faciem
3036 4008 3087 4059 in
3108 4006 3243 4061 vobis
3265 4010 3410 4078 (μιοὼ
3421 4010 3631 4082 placeat

2032 4111 2204 4150 coram
2228 4110 2299 4150 se.
2329 4092 2514 4150 Coram
2542 4111 2596 4149 se
2618 4111 2635 4148 :
2658 4095 2774 4151 Ιιιιξο
2800 4097 2944 4152 enim
2967 4106 3050 4152 cst
3077 4099 3245 4155 virtus
3276 4104 3512 4157 maxima
3537 4104 3621 4158 fac

2034 4201 2161 4243 cere
2184 4185 2328 4257 quod
2362 4186 2570 4257 placeat
2596 4201 2780 4243 coram
2806 4188 2947 4244 Deo:
2973 4190 3115 4245 sicut
3138 4191 3300 4247 etiam
3337 4193 3464 4249 dicit
3486 4194 3620 4250 Pro~

2035 4281 2195 4351 pheta
2221 4295 2235 4334 :
2267 4278 2560 4335 Secundum
2587 4282 2854 4350 puritatem
2898 4298 3140 4335 manuum
3167 4299 3393 4337 mearunt
3414 4285 3467 4339 in
3494 4302 3619 4341 cou-

2035 4383 2209 4445 spectu
2256 4370 2520 4427 oculorum
2552 4374 2675 4442 eius
2723 4372 2897 4443 (Psal.
2948 4376 3035 4429 l7.
3064 4373 3156 4429 21.
3201 4374 3318 4447 25).
3349 4377 3483 4432 Cum
3515 4387 3621 4437 tam

2038 4468 2203 4522 multa
2227 4476 2407 4521 autem
2440 4465 2767 4535 scripsisset,
2792 4482 2955 4536 pauca
2983 4483 3043 4522 ca
3069 4483 3193 4525 esse
3221 4469 3374 4534 dixit,
3406 4472 3450 4526 si
3477 4471 3625 4528 vide-

2041 4561 2166 4615 licet
2211 4558 2559 4614 conferantur
2598 4574 2721 4612 eum
2756 4559 2818 4611 iis
2864 4576 2983 4627 quas
3023 4571 3139 4614 crat
3184 4561 3458 4617 dicturus:
3492 4566 3630 4620 sicut

2043 4652 2206 4708 etiam
2237 4649 2362 4705 alibi
2390 4649 2552 4704 dicit:
2579 4649 2725 4704 Sicut
2749 4650 2931 4719 scripsi
2952 4651 3088 4707 vobis
3107 4653 3159 4708 in
3177 4653 3313 4708 brevi
3332 4663 3515 4721 :prout
3534 4671 3629 4724 po-

2044 4744 2181 4797 testis
2207 4743 2422 4813 legentes
2451 4740 2734 4812 intelligere
2758 4741 3082 4811 prudentiam
3110 4761 3273 4798 meam
3300 4746 3354 4799 in
3383 4747 3625 4815 mysterio

2043 4835 2232 4889 Christi
2258 4832 2472 4904 (Ephes.
2509 4834 2563 4888 ’5.
2591 4834 2644 4888 5.
2671 4830 2749 4903 4).
2771 4833 2903 4890 Vide
2930 4844 3109 4890 autem
3136 4836 3251 4906 ejus
3282 4837 3623 4906 sapientiam.

2043 4924 2155 4982 Non
2184 4926 2337 4987 dixit,
2371 4924 2512 4994 Rogo
2536 4938 2621 4978 vos
2644 4932 2697 4975 ut
2713 4923 2971 4989 stt/feratis
2996 4924 3197 4979 verbum
3221 4926 3623 4991 admonitionis.

2043 5017 2159 5082 sed,
2177 5015 2385 5078 Solatii,
2406 5014 2508 5069 hoc
2527 5023 2630 5078 est,
2655 5016 3059 5080 eonmlationis,
3081 5016 3493 5074 adhortationis.
3510 5020 3624 5074 Non

2044 5117 2241 5179 potest,
2268 5106 2457 5176 inquit,
2479 5106 2757 5177 quisquam
2775 5106 3050 5175 defatigari
3068 5109 3138 5162 ob
3158 5109 3517 5177 prolixitatem
3544 5128 3629 5164 cu-

2043 5214 2159 5253 rum
2181 5212 2299 5267 quae
2320 5196 2460 5252 dicta
2483 5206 2629 5253 sunt.
2658 5199 2795 5263 Quid
2826 5200 2990 5269 ergo?
3019 5201 3240 5255 hoccine
3256 5202 3379 5255 erat
3400 5201 3541 5271 quod
3573 5213 3629 5255 ttt

2043 5299 2422 5345 aversarentur
2467 5288 2732 5344 faciebat?
2757 5291 3013 5347 Minime:
3046 5307 3151 5347 non
3186 5302 3360 5348 tamen
3404 5297 3485 5349 eis
3515 5296 3628 5348 vult

2040 5381 2326 5437 ostendere
2344 5396 2441 5437 nec
2469 5381 2670 5446 dicere,
2688 5382 2887 5437 Pusillo
2906 5383 3037 5438 estis
3051 5385 3231 5440 animo
3253 5402 3265 5439 :
3291 5400 3412 5440 nam
3435 5402 3623 5442 cormn

2039 5475 2128 5544 qui
2147 5484 2271 5528 sunt
2291 5473 2555 5543 ejusmodi
2574 5484 2657 5528 est
2673 5474 2952 5545 proprium
2978 5486 3087 5530 non
3105 5478 3243 5532 ferre
3266 5477 3476 5550 longam
3502 5495 3624 5534 ora-

2040 5568 2265 5621 tionem.
2298 5564 2595 5637 Cognoscite
2620 5570 2831 5638 fratrem
2858 5565 3174 5622 Timotheum
3201 5570 3488 5636 dimissum,
3506 5588 3620 5626 cum

2035 5676 2154 5727 quo,
2184 5658 2227 5710 si
2252 5658 2463 5712 celerius
2493 5660 2697 5725 venerit,
2728 5658 2897 5712 ridebo
2927 5675 3032 5715 ros.
3065 5662 3173 5715 lloc
3195 5662 3323 5715 satis
3346 5675 3427 5717 est
3450 5662 3515 5717 ad
3543 5663 3620 5718 eis

2037 5749 2463 5818 persuadendum
2488 5763 2545 5804 ut
2573 5766 2631 5805 se
2663 5751 2965 5816 demittant,
2995 5752 3037 5806 si
3083 5762 3296 5821 paratus
3325 5763 3407 5808 est
3436 5770 3618 5809 ventre

2035 5857 2156 5898 cum
2203 5842 2484 5917 discipule.
2524 5841 2761 5901 Salutate
2802 5860 2974 5901 omnes
3018 5846 3314 5916 praepositos
3342 5856 3529 5902 rcstros
3570 5856 3617 5901 et
