  <div class='ocr_page' id='page_1' title='image "/cluster/home/n/w/nwhite01/storage/ocr_20150623/63/hvd.32044054112164/241.png"; bbox 0 0 4088 6208; ppageno 0'>
   <div class='ocr_carea' id='block_1_1' title="bbox 449 328 556 390">
    <p class='ocr_par' dir='ltr' id='par_1_1' title="bbox 449 328 556 390">
     <span class='ocr_line' id='line_1_1' title="bbox 449 328 556 390; baseline 0 -2"><span class='ocrx_word' id='word_1_1' title='bbox 449 328 556 390; x_wconf 69' lang='lat' dir='ltr'><strong>I38</strong></span> 
     </span>
    </p>
   </div>
   <div class='ocr_carea' id='block_1_2' title="bbox 461 419 2044 492">
    <p class='ocr_par' dir='ltr' id='par_1_2' title="bbox 461 419 2044 492">
     <span class='ocr_line' id='line_1_2' title="bbox 461 419 2044 492; baseline -0.003 -13"><span class='ocrx_word' id='word_1_2' title='bbox 461 440 634 484; x_wconf 77' lang='lat' dir='ltr'><strong>omnes</strong></span> <span class='ocrx_word' id='word_1_3' title='bbox 651 420 1015 478; x_wconf 69' lang='lat' dir='ltr'><strong>sanctos.&quot;ide</strong></span> <span class='ocrx_word' id='word_1_4' title='bbox 1032 422 1302 492; x_wconf 85' lang='lat' dir='ltr'><strong>quomodo</strong></span> <span class='ocrx_word' id='word_1_5' title='bbox 1325 423 1467 490; x_wconf 89' lang='lat' dir='ltr'><strong>ipsos</strong></span> <span class='ocrx_word' id='word_1_6' title='bbox 1494 419 1692 476; x_wconf 85' lang='lat' dir='ltr'><strong>honora</strong></span> <span class='ocrx_word' id='word_1_7' title='bbox 1704 428 1834 478; x_wconf 84' lang='lat' dir='ltr'><strong>verit</strong></span> <span class='ocrx_word' id='word_1_8' title='bbox 1847 465 1860 485; x_wconf 88' lang='lat'><strong>.</strong></span> <span class='ocrx_word' id='word_1_9' title='bbox 1879 424 2044 491; x_wconf 80' lang='lat' dir='ltr'><strong>siqui-</strong></span> 
     </span>
    </p>
   </div>
   <div class='ocr_carea' id='block_1_3' title="bbox 459 512 2044 584">
    <p class='ocr_par' dir='ltr' id='par_1_3' title="bbox 459 512 2044 584">
     <span class='ocr_line' id='line_1_3' title="bbox 459 512 2044 584; baseline -0.003 -14"><span class='ocrx_word' id='word_1_10' title='bbox 459 516 583 573; x_wconf 88' lang='lat' dir='ltr'><strong>dem</strong></span> <span class='ocrx_word' id='word_1_11' title='bbox 601 514 667 569; x_wconf 91' lang='lat' dir='ltr'><strong>ad</strong></span> <span class='ocrx_word' id='word_1_12' title='bbox 692 515 810 570; x_wconf 88' lang='lat' dir='ltr'><strong>illos</strong></span> <span class='ocrx_word' id='word_1_13' title='bbox 827 529 925 584; x_wconf 90' lang='lat' dir='ltr'><strong>pro</strong></span> <span class='ocrx_word' id='word_1_14' title='bbox 942 515 1056 568; x_wconf 87' lang='lat' dir='ltr'><strong>istis</strong></span> <span class='ocrx_word' id='word_1_15' title='bbox 1073 512 1306 582; x_wconf 93' lang='lat' dir='ltr'><strong>scripsit.</strong></span> <span class='ocrx_word' id='word_1_16' title='bbox 1322 512 1562 568; x_wconf 82' lang='lat' dir='ltr'><strong>Salutant</strong></span> <span class='ocrx_word' id='word_1_17' title='bbox 1582 529 1667 566; x_wconf 80' lang='lat' dir='ltr'><strong>vos</strong></span> <span class='ocrx_word' id='word_1_18' title='bbox 1684 512 1748 568; x_wconf 87' lang='lat' dir='ltr'><strong>de</strong></span> <span class='ocrx_word' id='word_1_19' title='bbox 1764 512 1922 566; x_wconf 84' lang='lat' dir='ltr'><strong>Italia</strong></span> <span class='ocrx_word' id='word_1_20' title='bbox 1941 517 2044 583; x_wconf 79' lang='lat' dir='ltr'><strong>fra-</strong></span> 
     </span>
    </p>
   </div>
   <div class='ocr_carea' id='block_1_4' title="bbox 459 603 2042 674">
    <p class='ocr_par' dir='ltr' id='par_1_4' title="bbox 459 603 2042 674">
     <span class='ocr_line' id='line_1_4' title="bbox 459 603 2042 674; baseline 0.001 -13"><span class='ocrx_word' id='word_1_21' title='bbox 459 619 580 662; x_wconf 84' lang='lat' dir='ltr'><strong>tres.</strong></span> <span class='ocrx_word' id='word_1_22' title='bbox 613 606 792 662; x_wconf 75' lang='lat' dir='ltr'><strong>Gratia</strong></span> <span class='ocrx_word' id='word_1_23' title='bbox 820 622 934 659; x_wconf 84' lang='lat' dir='ltr'><strong>cum</strong></span> <span class='ocrx_word' id='word_1_24' title='bbox 955 603 1186 658; x_wconf 81' lang='lat' dir='ltr'><strong>ontnibus</strong></span> <span class='ocrx_word' id='word_1_25' title='bbox 1211 603 1368 659; x_wconf 76' lang='lat' dir='ltr'><strong>vobis.</strong></span> <span class='ocrx_word' id='word_1_26' title='bbox 1387 605 1568 660; x_wconf 81' lang='lat' dir='ltr'><strong>Amen.</strong></span> <span class='ocrx_word' id='word_1_27' title='bbox 1591 606 1741 674; x_wconf 82' lang='lat' dir='ltr'><strong>Quod</strong></span> <span class='ocrx_word' id='word_1_28' title='bbox 1760 617 2042 662; x_wconf 64' lang='lat' dir='ltr'><strong>eratc«=m«</strong></span> 
     </span>
    </p>
   </div>
   <div class='ocr_carea' id='block_1_5' title="bbox 459 695 2039 764">
    <p class='ocr_par' dir='ltr' id='par_1_5' title="bbox 459 695 2039 764">
     <span class='ocr_line' id='line_1_5' title="bbox 459 695 2039 764; baseline -0.001 -11"><span class='ocrx_word' id='word_1_29' title='bbox 459 715 620 757; x_wconf 85' lang='lat' dir='ltr'><strong>mnne</strong></span> <span class='ocrx_word' id='word_1_30' title='bbox 647 697 909 760; x_wconf 85' lang='lat' dir='ltr'><strong>omnium,</strong></span> <span class='ocrx_word' id='word_1_31' title='bbox 940 695 1039 749; x_wconf 92' lang='lat' dir='ltr'><strong>hoc</strong></span> <span class='ocrx_word' id='word_1_32' title='bbox 1069 696 1314 749; x_wconf 90' lang='lat' dir='ltr'><strong>ultimum</strong></span> <span class='ocrx_word' id='word_1_33' title='bbox 1337 697 1534 764; x_wconf 85' lang='lat' dir='ltr'><strong>posuit.</strong></span> <span class='ocrx_word' id='word_1_34' title='bbox 1560 697 1840 762; x_wconf 76' lang='lat' dir='ltr'><strong>Quomodo</strong></span> <span class='ocrx_word' id='word_1_35' title='bbox 1861 707 2039 752; x_wconf 89' lang='lat' dir='ltr'><strong>autem</strong></span> 
     </span>
    </p>
   </div>
   <div class='ocr_carea' id='block_1_6' title="bbox 458 785 2038 857">
    <p class='ocr_par' dir='ltr' id='par_1_6' title="bbox 458 785 2038 857">
     <span class='ocr_line' id='line_1_6' title="bbox 458 785 2038 857; baseline 0 -14"><span class='ocrx_word' id='word_1_36' title='bbox 458 800 542 844; x_wconf 88' lang='lat' dir='ltr'><strong>est</strong></span> <span class='ocrx_word' id='word_1_37' title='bbox 569 791 737 857; x_wconf 84' lang='lat' dir='ltr'><strong>gratia</strong></span> <span class='ocrx_word' id='word_1_38' title='bbox 768 787 1085 842; x_wconf 86' lang='lat' dir='ltr'><strong>nobiscum?</strong></span> <span class='ocrx_word' id='word_1_39' title='bbox 1132 786 1188 841; x_wconf 89' lang='lat' dir='ltr'><strong>Si</strong></span> <span class='ocrx_word' id='word_1_40' title='bbox 1231 801 1338 840; x_wconf 91' lang='lat' dir='ltr'><strong>non</strong></span> <span class='ocrx_word' id='word_1_41' title='bbox 1373 785 1571 855; x_wconf 88' lang='lat' dir='ltr'><strong>probro</strong></span> <span class='ocrx_word' id='word_1_42' title='bbox 1617 796 1672 840; x_wconf 88' lang='lat' dir='ltr'><strong>et</strong></span> <span class='ocrx_word' id='word_1_43' title='bbox 1712 789 2038 843; x_wconf 87' lang='lat' dir='ltr'><strong>contumelia</strong></span> 
     </span>
    </p>
   </div>
   <div class='ocr_carea' id='block_1_7' title="bbox 457 876 2044 944">
    <p class='ocr_par' dir='ltr' id='par_1_7' title="bbox 457 876 2044 944">
     <span class='ocr_line' id='line_1_7' title="bbox 457 876 2044 944; baseline 0 -10"><span class='ocrx_word' id='word_1_44' title='bbox 457 881 755 934; x_wconf 72' lang='lat' dir='ltr'><strong>afﬁciamus</strong></span> <span class='ocrx_word' id='word_1_45' title='bbox 786 878 1138 934; x_wconf 80' lang='lat' dir='ltr'><strong>beneficium:</strong></span> <span class='ocrx_word' id='word_1_46' title='bbox 1171 877 1218 931; x_wconf 92' lang='lat' dir='ltr'><strong>si</strong></span> <span class='ocrx_word' id='word_1_47' title='bbox 1247 893 1350 932; x_wconf 90' lang='lat' dir='ltr'><strong>non</strong></span> <span class='ocrx_word' id='word_1_48' title='bbox 1380 876 1550 944; x_wconf 72' lang='lat' dir='ltr'><strong>simus</strong></span> <span class='ocrx_word' id='word_1_49' title='bbox 1577 878 1832 934; x_wconf 83' lang='lat' dir='ltr'><strong>socordes</strong></span> <span class='ocrx_word' id='word_1_50' title='bbox 1851 879 2044 934; x_wconf 86' lang='lat' dir='ltr'><strong>adver-</strong></span> 
     </span>
    </p>
   </div>
   <div class='ocr_carea' id='block_1_8' title="bbox 455 968 2036 1039">
    <p class='ocr_par' dir='ltr' id='par_1_8' title="bbox 455 968 2036 1039">
     <span class='ocr_line' id='line_1_8' title="bbox 455 968 2036 1039; baseline -0.002 -12"><span class='ocrx_word' id='word_1_51' title='bbox 455 988 548 1027; x_wconf 85' lang='lat' dir='ltr'><strong>sus</strong></span> <span class='ocrx_word' id='word_1_52' title='bbox 577 972 799 1026; x_wconf 90' lang='lat' dir='ltr'><strong>donum.</strong></span> <span class='ocrx_word' id='word_1_53' title='bbox 832 970 968 1038; x_wconf 83' lang='lat' dir='ltr'><strong>Quid</strong></span> <span class='ocrx_word' id='word_1_54' title='bbox 1001 981 1083 1023; x_wconf 86' lang='lat' dir='ltr'><strong>est</strong></span> <span class='ocrx_word' id='word_1_55' title='bbox 1128 970 1332 1038; x_wconf 83' lang='lat' dir='ltr'><strong>gratia?</strong></span> <span class='ocrx_word' id='word_1_56' title='bbox 1363 968 1634 1022; x_wconf 67' lang='lat' dir='ltr'><strong>RCIIIiSSiO</strong></span> <span class='ocrx_word' id='word_1_57' title='bbox 1673 979 2036 1039; x_wconf 89' lang='lat' dir='ltr'><strong>peccatorum,</strong></span> 
     </span>
    </p>
   </div>
   <div class='ocr_carea' id='block_1_9' title="bbox 458 1060 2034 1136">
    <p class='ocr_par' dir='ltr' id='par_1_9' title="bbox 458 1060 2034 1136">
     <span class='ocr_line' id='line_1_9' title="bbox 458 1060 2034 1136; baseline 0.001 -21"><span class='ocrx_word' id='word_1_58' title='bbox 458 1065 738 1136; x_wconf 74' lang='lat' dir='ltr'><strong>purgatio:</strong></span> <span class='ocrx_word' id='word_1_59' title='bbox 775 1063 889 1117; x_wconf 80' lang='lat' dir='ltr'><strong>lia-c</strong></span> <span class='ocrx_word' id='word_1_60' title='bbox 915 1061 1059 1116; x_wconf 90' lang='lat' dir='ltr'><strong>enim</strong></span> <span class='ocrx_word' id='word_1_61' title='bbox 1103 1060 1380 1114; x_wconf 89' lang='lat' dir='ltr'><strong>nobiscum</strong></span> <span class='ocrx_word' id='word_1_62' title='bbox 1412 1069 1514 1114; x_wconf 89' lang='lat' dir='ltr'><strong>est.</strong></span> <span class='ocrx_word' id='word_1_63' title='bbox 1557 1061 1688 1128; x_wconf 86' lang='lat' dir='ltr'><strong>Quis</strong></span> <span class='ocrx_word' id='word_1_64' title='bbox 1728 1063 1895 1124; x_wconf 91' lang='lat' dir='ltr'><strong>enim,</strong></span> <span class='ocrx_word' id='word_1_65' title='bbox 1945 1066 2034 1132; x_wconf 90' lang='lat' dir='ltr'><strong>qui</strong></span> 
     </span>
    </p>
   </div>
   <div class='ocr_carea' id='block_1_10' title="bbox 458 1154 2035 1226">
    <p class='ocr_par' dir='ltr' id='par_1_10' title="bbox 458 1154 2035 1226">
     <span class='ocr_line' id='line_1_10' title="bbox 458 1154 2035 1226; baseline 0.001 -17"><span class='ocrx_word' id='word_1_66' title='bbox 458 1158 652 1226; x_wconf 89' lang='lat' dir='ltr'><strong>probro</strong></span> <span class='ocrx_word' id='word_1_67' title='bbox 678 1155 856 1210; x_wconf 78' lang='lat' dir='ltr'><strong>all&#39;ecit</strong></span> <span class='ocrx_word' id='word_1_68' title='bbox 883 1163 936 1208; x_wconf 90' lang='lat' dir='ltr'><strong>et</strong></span> <span class='ocrx_word' id='word_1_69' title='bbox 964 1154 1311 1218; x_wconf 88' lang='lat' dir='ltr'><strong>contumelia,</strong></span> <span class='ocrx_word' id='word_1_70' title='bbox 1372 1163 1546 1221; x_wconf 78' lang='lat' dir='ltr'><strong>potest</strong></span> <span class='ocrx_word' id='word_1_71' title='bbox 1597 1155 1867 1210; x_wconf 89' lang='lat' dir='ltr'><strong>custodire</strong></span> <span class='ocrx_word' id='word_1_72' title='bbox 1913 1171 2035 1225; x_wconf 82' lang='lat' dir='ltr'><strong>gra-</strong></span> 
     </span>
    </p>
   </div>
   <div class='ocr_carea' id='block_1_11' title="bbox 457 1244 2037 1315">
    <p class='ocr_par' dir='ltr' id='par_1_11' title="bbox 457 1244 2037 1315">
     <span class='ocr_line' id='line_1_11' title="bbox 457 1244 2037 1315; baseline 0.002 -14"><span class='ocrx_word' id='word_1_73' title='bbox 457 1250 606 1315; x_wconf 79' lang='lat' dir='ltr'><strong>tiam,</strong></span> <span class='ocrx_word' id='word_1_74' title='bbox 655 1257 708 1301; x_wconf 90' lang='lat' dir='ltr'><strong>et</strong></span> <span class='ocrx_word' id='word_1_75' title='bbox 754 1261 873 1300; x_wconf 83' lang='lat' dir='ltr'><strong>eam</strong></span> <span class='ocrx_word' id='word_1_76' title='bbox 923 1261 1030 1300; x_wconf 85' lang='lat' dir='ltr'><strong>non</strong></span> <span class='ocrx_word' id='word_1_77' title='bbox 1079 1245 1286 1315; x_wconf 85' lang='lat' dir='ltr'><strong>perdit?</strong></span> <span class='ocrx_word' id='word_1_78' title='bbox 1339 1244 1532 1315; x_wconf 88' lang='lat' dir='ltr'><strong>Utputa</strong></span> <span class='ocrx_word' id='word_1_79' title='bbox 1578 1246 1899 1302; x_wconf 87' lang='lat' dir='ltr'><strong>condonavit</strong></span> <span class='ocrx_word' id='word_1_80' title='bbox 1943 1249 2037 1304; x_wconf 91' lang='lat' dir='ltr'><strong>tibi</strong></span> 
     </span>
    </p>
   </div>
   <div class='ocr_carea' id='block_1_12' title="bbox 457 1338 2040 1410">
    <p class='ocr_par' dir='ltr' id='par_1_12' title="bbox 457 1338 2040 1410">
     <span class='ocr_line' id='line_1_12' title="bbox 457 1338 2040 1410; baseline -0.001 -14"><span class='ocrx_word' id='word_1_81' title='bbox 457 1351 707 1410; x_wconf 68' lang='lat' dir='ltr'><strong>peccata:</strong></span> <span class='ocrx_word' id='word_1_82' title='bbox 737 1338 1002 1410; x_wconf 87' lang='lat' dir='ltr'><strong>quomodo</strong></span> <span class='ocrx_word' id='word_1_83' title='bbox 1027 1339 1123 1392; x_wconf 85' lang='lat' dir='ltr'><strong>erit</strong></span> <span class='ocrx_word' id='word_1_84' title='bbox 1156 1346 1328 1392; x_wconf 87' lang='lat' dir='ltr'><strong>tecum</strong></span> <span class='ocrx_word' id='word_1_85' title='bbox 1356 1338 1546 1405; x_wconf 83' lang='lat' dir='ltr'><strong>gratia,</strong></span> <span class='ocrx_word' id='word_1_86' title='bbox 1577 1349 1666 1392; x_wconf 88' lang='lat' dir='ltr'><strong>aut</strong></span> <span class='ocrx_word' id='word_1_87' title='bbox 1696 1339 1831 1394; x_wconf 85' lang='lat' dir='ltr'><strong>bona</strong></span> <span class='ocrx_word' id='word_1_88' title='bbox 1855 1339 2040 1394; x_wconf 81' lang='lat' dir='ltr'><strong>existi-</strong></span> 
     </span>
    </p>
   </div>
   <div class='ocr_carea' id='block_1_13' title="bbox 457 1431 2038 1502">
    <p class='ocr_par' dir='ltr' id='par_1_13' title="bbox 457 1431 2038 1502">
     <span class='ocr_line' id='line_1_13' title="bbox 457 1431 2038 1502; baseline 0 -14"><span class='ocrx_word' id='word_1_89' title='bbox 457 1436 640 1498; x_wconf 89' lang='lat' dir='ltr'><strong>matio,</strong></span> <span class='ocrx_word' id='word_1_90' title='bbox 673 1431 1016 1502; x_wconf 84' lang='lat' dir='ltr'><strong>antSpiritns</strong></span> <span class='ocrx_word' id='word_1_91' title='bbox 1039 1433 1304 1500; x_wconf 78' lang='lat' dir='ltr'><strong>operatio,</strong></span> <span class='ocrx_word' id='word_1_92' title='bbox 1339 1431 1439 1485; x_wconf 74' lang='lat' dir='ltr'><strong>ni~i</strong></span> <span class='ocrx_word' id='word_1_93' title='bbox 1472 1446 1567 1499; x_wconf 91' lang='lat' dir='ltr'><strong>per</strong></span> <span class='ocrx_word' id='word_1_94' title='bbox 1601 1432 1767 1486; x_wconf 84' lang='lat' dir='ltr'><strong>bonas</strong></span> <span class='ocrx_word' id='word_1_95' title='bbox 1795 1434 2038 1488; x_wconf 83' lang='lat' dir='ltr'><strong>actiones</strong></span> 
     </span>
    </p>
   </div>
   <div class='ocr_carea' id='block_1_14' title="bbox 455 1523 2036 1583">
    <p class='ocr_par' dir='ltr' id='par_1_14' title="bbox 455 1523 2036 1583">
     <span class='ocr_line' id='line_1_14' title="bbox 455 1523 2036 1583; baseline -0.001 0"><span class='ocrx_word' id='word_1_96' title='bbox 455 1543 574 1583; x_wconf 86' lang='lat' dir='ltr'><strong>eam</strong></span> <span class='ocrx_word' id='word_1_97' title='bbox 597 1525 914 1581; x_wconf 83' lang='lat' dir='ltr'><strong>attraxeris?</strong></span> <span class='ocrx_word' id='word_1_98' title='bbox 958 1525 1068 1578; x_wconf 90' lang='lat' dir='ltr'><strong>lloc</strong></span> <span class='ocrx_word' id='word_1_99' title='bbox 1094 1523 1236 1577; x_wconf 90' lang='lat' dir='ltr'><strong>enim</strong></span> <span class='ocrx_word' id='word_1_100' title='bbox 1277 1534 1359 1578; x_wconf 73' lang='lat' dir='ltr'><strong>est</strong></span> <span class='ocrx_word' id='word_1_101' title='bbox 1401 1539 1559 1576; x_wconf 82' lang='lat' dir='ltr'><strong>causa</strong></span> <span class='ocrx_word' id='word_1_102' title='bbox 1599 1525 1836 1577; x_wconf 80' lang='lat' dir='ltr'><strong>ninnium</strong></span> <span class='ocrx_word' id='word_1_103' title='bbox 1863 1524 2036 1581; x_wconf 83' lang='lat' dir='ltr'><strong>bono-</strong></span> 
     </span>
    </p>
   </div>
   <div class='ocr_carea' id='block_1_15' title="bbox 456 1615 2034 1686">
    <p class='ocr_par' dir='ltr' id='par_1_15' title="bbox 456 1615 2034 1686">
     <span class='ocr_line' id='line_1_15' title="bbox 456 1615 2034 1686; baseline 0 -12"><span class='ocrx_word' id='word_1_104' title='bbox 456 1635 596 1682; x_wconf 85' lang='lat' dir='ltr'><strong>t&#39;ttm,</strong></span> <span class='ocrx_word' id='word_1_105' title='bbox 631 1616 773 1686; x_wconf 91' lang='lat' dir='ltr'><strong>quod</strong></span> <span class='ocrx_word' id='word_1_106' title='bbox 805 1617 860 1669; x_wconf 90' lang='lat' dir='ltr'><strong>in</strong></span> <span class='ocrx_word' id='word_1_107' title='bbox 891 1615 1045 1670; x_wconf 86' lang='lat' dir='ltr'><strong>nobis</strong></span> <span class='ocrx_word' id='word_1_108' title='bbox 1087 1630 1301 1684; x_wconf 82' lang='lat' dir='ltr'><strong>semper</strong></span> <span class='ocrx_word' id='word_1_109' title='bbox 1330 1623 1543 1669; x_wconf 84' lang='lat' dir='ltr'><strong>maneat</strong></span> <span class='ocrx_word' id='word_1_110' title='bbox 1567 1615 1738 1684; x_wconf 86' lang='lat' dir='ltr'><strong>gratia</strong></span> <span class='ocrx_word' id='word_1_111' title='bbox 1763 1616 2034 1685; x_wconf 85' lang='lat' dir='ltr'><strong>Spiritus:</strong></span> 
     </span>
    </p>
   </div>
   <div class='ocr_carea' id='block_1_16' title="bbox 455 1707 2037 1779">
    <p class='ocr_par' dir='ltr' id='par_1_16' title="bbox 455 1707 2037 1779">
     <span class='ocr_line' id='line_1_16' title="bbox 455 1707 2037 1779; baseline 0.001 -13"><span class='ocrx_word' id='word_1_112' title='bbox 455 1728 517 1766; x_wconf 76' lang='lat' dir='ltr'><strong>ea</strong></span> <span class='ocrx_word' id='word_1_113' title='bbox 549 1711 694 1768; x_wconf 89' lang='lat' dir='ltr'><strong>enim</strong></span> <span class='ocrx_word' id='word_1_114' title='bbox 722 1718 806 1765; x_wconf 88' lang='lat' dir='ltr'><strong>est</strong></span> <span class='ocrx_word' id='word_1_115' title='bbox 833 1709 988 1764; x_wconf 90' lang='lat' dir='ltr'><strong>nobis</strong></span> <span class='ocrx_word' id='word_1_116' title='bbox 1016 1708 1120 1762; x_wconf 83' lang='lat' dir='ltr'><strong>dux</strong></span> <span class='ocrx_word' id='word_1_117' title='bbox 1173 1708 1240 1762; x_wconf 86' lang='lat' dir='ltr'><strong>ad</strong></span> <span class='ocrx_word' id='word_1_118' title='bbox 1288 1708 1465 1761; x_wconf 83' lang='lat' dir='ltr'><strong>omnia</strong></span> <span class='ocrx_word' id='word_1_119' title='bbox 1489 1750 1506 1772; x_wconf 93' lang='lat'><strong>,</strong></span> <span class='ocrx_word' id='word_1_120' title='bbox 1535 1707 1674 1762; x_wconf 77' lang='lat' dir='ltr'><strong>sicut</strong></span> <span class='ocrx_word' id='word_1_121' title='bbox 1713 1709 1928 1779; x_wconf 82' lang='lat' dir='ltr'><strong>quando</strong></span> <span class='ocrx_word' id='word_1_122' title='bbox 1971 1726 2037 1768; x_wconf 82' lang='lat' dir='ltr'><strong>ea</strong></span> 
     </span>
    </p>
   </div>
   <div class='ocr_carea' id='block_1_17' title="bbox 455 1798 2039 1870">
    <p class='ocr_par' dir='ltr' id='par_1_17' title="bbox 455 1798 2039 1870">
     <span class='ocr_line' id='line_1_17' title="bbox 455 1798 2039 1870; baseline -0.004 -10"><span class='ocrx_word' id='word_1_123' title='bbox 455 1821 489 1860; x_wconf 71' lang='grc' dir='ltr'>τι</span> <span class='ocrx_word' id='word_1_124' title='bbox 537 1807 689 1859; x_wconf 88' lang='lat' dir='ltr'><strong>nobis</strong></span> <span class='ocrx_word' id='word_1_125' title='bbox 737 1803 1045 1867; x_wconf 85' lang='lat' dir='ltr'><strong>nvolaverit,</strong></span> <span class='ocrx_word' id='word_1_126' title='bbox 1080 1817 1178 1856; x_wconf 92' lang='lat' dir='ltr'><strong>nos</strong></span> <span class='ocrx_word' id='word_1_127' title='bbox 1228 1803 1401 1870; x_wconf 80' lang='lat' dir='ltr'><strong>perdit</strong></span> <span class='ocrx_word' id='word_1_128' title='bbox 1445 1811 1500 1858; x_wconf 93' lang='lat' dir='ltr'><strong>et</strong></span> <span class='ocrx_word' id='word_1_129' title='bbox 1551 1803 1792 1856; x_wconf 88' lang='lat' dir='ltr'><strong>desertos</strong></span> <span class='ocrx_word' id='word_1_130' title='bbox 1845 1798 2039 1854; x_wconf 84' lang='lat' dir='ltr'><strong>reddit.</strong></span> 
     </span>
    </p>
   </div>
   <div class='ocr_carea' id='block_1_18' title="bbox 529 1893 2040 1964">
    <p class='ocr_par' dir='ltr' id='par_1_18' title="bbox 529 1893 2040 1964">
     <span class='ocr_line' id='line_1_18' title="bbox 529 1893 2040 1964; baseline -0.005 -11"><span class='ocrx_word' id='word_1_131' title='bbox 529 1899 582 1954; x_wconf 76' lang='grc'><strong>5.</strong></span> <span class='ocrx_word' id='word_1_132' title='bbox 629 1897 706 1952; x_wconf 85' lang='grc' dir='ltr'>Νε</span> <span class='ocrx_word' id='word_1_133' title='bbox 747 1912 866 1951; x_wconf 87' lang='lat' dir='ltr'><strong>eam</strong></span> <span class='ocrx_word' id='word_1_134' title='bbox 897 1911 1025 1964; x_wconf 83' lang='lat' dir='ltr'><strong>ergo</strong></span> <span class='ocrx_word' id='word_1_135' title='bbox 1069 1895 1430 1963; x_wconf 81' lang='lat' dir='ltr'><strong>repellamus;</strong></span> <span class='ocrx_word' id='word_1_136' title='bbox 1460 1903 1544 1949; x_wconf 89' lang='lat' dir='ltr'><strong>est</strong></span> <span class='ocrx_word' id='word_1_137' title='bbox 1583 1895 1725 1949; x_wconf 90' lang='lat' dir='ltr'><strong>enim</strong></span> <span class='ocrx_word' id='word_1_138' title='bbox 1764 1893 1815 1947; x_wconf 90' lang='lat' dir='ltr'><strong>in</strong></span> <span class='ocrx_word' id='word_1_139' title='bbox 1856 1899 2040 1947; x_wconf 79' lang='lat' dir='ltr'><strong>nostra</strong></span> 
     </span>
    </p>
   </div>
   <div class='ocr_carea' id='block_1_19' title="bbox 461 1981 2038 2057">
    <p class='ocr_par' dir='ltr' id='par_1_19' title="bbox 461 1981 2038 2057">
     <span class='ocr_line' id='line_1_19' title="bbox 461 1981 2038 2057; baseline -0.005 -15"><span class='ocrx_word' id='word_1_140' title='bbox 461 1996 728 2057; x_wconf 81' lang='lat' dir='ltr'><strong>potestate</strong></span> <span class='ocrx_word' id='word_1_141' title='bbox 757 1997 813 2041; x_wconf 94' lang='grc' dir='ltr'><strong>ιιι</strong></span> <span class='ocrx_word' id='word_1_142' title='bbox 843 2003 903 2041; x_wconf 86' lang='lat' dir='ltr'><strong>ea</strong></span> <span class='ocrx_word' id='word_1_143' title='bbox 928 1996 983 2040; x_wconf 88' lang='lat' dir='ltr'><strong>et</strong></span> <span class='ocrx_word' id='word_1_144' title='bbox 1014 1995 1247 2053; x_wconf 85' lang='lat' dir='ltr'><strong>maneat,</strong></span> <span class='ocrx_word' id='word_1_145' title='bbox 1277 1995 1332 2040; x_wconf 88' lang='lat' dir='ltr'><strong>et</strong></span> <span class='ocrx_word' id='word_1_146' title='bbox 1360 1985 1597 2040; x_wconf 86' lang='lat' dir='ltr'><strong>recedat.</strong></span> <span class='ocrx_word' id='word_1_147' title='bbox 1624 1983 1754 2038; x_wconf 88' lang='lat' dir='ltr'><strong>Illud</strong></span> <span class='ocrx_word' id='word_1_148' title='bbox 1783 1983 1925 2038; x_wconf 90' lang='lat' dir='ltr'><strong>enim</strong></span> <span class='ocrx_word' id='word_1_149' title='bbox 1955 1981 2038 2047; x_wconf 83' lang='lat' dir='ltr'><strong>ﬁt,</strong></span> 
     </span>
    </p>
   </div>
   <div class='ocr_carea' id='block_1_20' title="bbox 459 2074 2042 2147">
    <p class='ocr_par' dir='ltr' id='par_1_20' title="bbox 459 2074 2042 2147">
     <span class='ocr_line' id='line_1_20' title="bbox 459 2074 2042 2147; baseline -0.002 -17"><span class='ocrx_word' id='word_1_150' title='bbox 459 2080 672 2147; x_wconf 90' lang='lat' dir='ltr'><strong>quando</strong></span> <span class='ocrx_word' id='word_1_151' title='bbox 698 2080 996 2147; x_wconf 84' lang='lat' dir='ltr'><strong>cogitamus</strong></span> <span class='ocrx_word' id='word_1_152' title='bbox 1019 2077 1286 2141; x_wconf 68' lang='lat' dir='ltr'><strong>cmleslia;</strong></span> <span class='ocrx_word' id='word_1_153' title='bbox 1307 2079 1409 2132; x_wconf 88' lang='lat' dir='ltr'><strong>hoc</strong></span> <span class='ocrx_word' id='word_1_154' title='bbox 1432 2091 1580 2140; x_wconf 87' lang='lat' dir='ltr'><strong>vero,</strong></span> <span class='ocrx_word' id='word_1_155' title='bbox 1605 2074 1816 2145; x_wconf 82' lang='lat' dir='ltr'><strong>quando</strong></span> <span class='ocrx_word' id='word_1_156' title='bbox 1842 2089 1903 2128; x_wconf 88' lang='lat' dir='ltr'><strong>ea</strong></span> <span class='ocrx_word' id='word_1_157' title='bbox 1922 2087 2042 2144; x_wconf 66' lang='lat' dir='ltr'><strong>quas</strong></span> 
     </span>
    </p>
   </div>
   <div class='ocr_carea' id='block_1_21' title="bbox 460 2165 2041 2238">
    <p class='ocr_par' dir='ltr' id='par_1_21' title="bbox 460 2165 2041 2238">
     <span class='ocr_line' id='line_1_21' title="bbox 460 2165 2041 2238; baseline -0.003 -15"><span class='ocrx_word' id='word_1_158' title='bbox 460 2169 528 2225; x_wconf 86' lang='lat' dir='ltr'><strong>ad</strong></span> <span class='ocrx_word' id='word_1_159' title='bbox 563 2170 698 2224; x_wconf 85' lang='lat' dir='ltr'><strong>hanc</strong></span> <span class='ocrx_word' id='word_1_160' title='bbox 728 2169 889 2222; x_wconf 84' lang='lat' dir='ltr'><strong>vitam</strong></span> <span class='ocrx_word' id='word_1_161' title='bbox 919 2169 1202 2238; x_wconf 83' lang='lat' dir='ltr'><strong>pertinent.</strong></span> <span class='ocrx_word' id='word_1_162' title='bbox 1238 2168 1399 2234; x_wconf 83' lang='lat' dir='ltr'><strong>Quem</strong></span> <span class='ocrx_word' id='word_1_163' title='bbox 1429 2167 1647 2221; x_wconf 82' lang='lat' dir='ltr'><strong>mundus</strong></span> <span class='ocrx_word' id='word_1_164' title='bbox 1670 2207 1685 2228; x_wconf 88' lang='lat'><strong>,</strong></span> <span class='ocrx_word' id='word_1_165' title='bbox 1719 2165 1909 2236; x_wconf 86' lang='lat' dir='ltr'><strong>inquit,</strong></span> <span class='ocrx_word' id='word_1_166' title='bbox 1938 2180 2041 2218; x_wconf 70' lang='lat' dir='ltr'><strong>non</strong></span> 
     </span>
    </p>
   </div>
   <div class='ocr_carea' id='block_1_22' title="bbox 463 2255 2041 2330">
    <p class='ocr_par' dir='ltr' id='par_1_22' title="bbox 463 2255 2041 2330">
     <span class='ocr_line' id='line_1_22' title="bbox 463 2255 2041 2330; baseline -0.005 -15"><span class='ocrx_word' id='word_1_167' title='bbox 463 2269 623 2330; x_wconf 78' lang='lat' dir='ltr'><strong>potest</strong></span> <span class='ocrx_word' id='word_1_168' title='bbox 649 2264 895 2328; x_wconf 83' lang='lat' dir='ltr'><strong>accipere,</strong></span> <span class='ocrx_word' id='word_1_169' title='bbox 913 2260 1031 2330; x_wconf 84' lang='lat' dir='ltr'><strong>quia</strong></span> <span class='ocrx_word' id='word_1_170' title='bbox 1053 2276 1154 2313; x_wconf 87' lang='lat' dir='ltr'><strong>non</strong></span> <span class='ocrx_word' id='word_1_171' title='bbox 1179 2260 1306 2312; x_wconf 82' lang='lat' dir='ltr'><strong>videt</strong></span> <span class='ocrx_word' id='word_1_172' title='bbox 1335 2275 1394 2313; x_wconf 86' lang='lat' dir='ltr'><strong>eu</strong></span> <span class='ocrx_word' id='word_1_173' title='bbox 1404 2275 1470 2324; x_wconf 79' lang='lat' dir='ltr'><strong>at,</strong></span> <span class='ocrx_word' id='word_1_174' title='bbox 1491 2274 1581 2312; x_wconf 88' lang='lat' dir='ltr'><strong>nec</strong></span> <span class='ocrx_word' id='word_1_175' title='bbox 1603 2258 1696 2312; x_wconf 88' lang='lat' dir='ltr'><strong>scit</strong></span> <span class='ocrx_word' id='word_1_176' title='bbox 1723 2273 1834 2311; x_wconf 83' lang='lat' dir='ltr'><strong>eum</strong></span> <span class='ocrx_word' id='word_1_177' title='bbox 1857 2255 1911 2328; x_wconf 78' lang='lat' dir='ltr'><strong>(J</strong></span> <span class='ocrx_word' id='word_1_178' title='bbox 1917 2271 2041 2308; x_wconf 83' lang='lat' dir='ltr'><strong>oms.</strong></span> 
     </span>
    </p>
   </div>
   <div class='ocr_carea' id='block_1_23' title="bbox 465 2335 2042 2424">
    <p class='ocr_par' dir='ltr' id='par_1_23' title="bbox 465 2335 2042 2424">
     <span class='ocr_line' id='line_1_23' title="bbox 465 2335 2042 2424; baseline -0.004 -16"><span class='ocrx_word' id='word_1_179' title='bbox 465 2353 549 2408; x_wconf 72' lang='lat' dir='ltr'><strong>M.</strong></span> <span class='ocrx_word' id='word_1_180' title='bbox 566 2353 675 2424; x_wconf 80' lang='lat' dir='ltr'><strong>l7).</strong></span> <span class='ocrx_word' id='word_1_181' title='bbox 697 2351 952 2410; x_wconf 80' lang='lat' dir='ltr'><strong>Mundam</strong></span> <span class='ocrx_word' id='word_1_182' title='bbox 971 2361 1121 2404; x_wconf 82' lang='lat' dir='ltr'><strong>vocat</strong></span> <span class='ocrx_word' id='word_1_183' title='bbox 1139 2350 1298 2405; x_wconf 85' lang='lat' dir='ltr'><strong>vitam</strong></span> <span class='ocrx_word' id='word_1_184' title='bbox 1323 2335 1618 2418; x_wconf 84' lang='lat' dir='ltr'><strong>improbam</strong></span> <span class='ocrx_word' id='word_1_185' title='bbox 1637 2359 1689 2405; x_wconf 92' lang='lat' dir='ltr'><strong>et</strong></span> <span class='ocrx_word' id='word_1_186' title='bbox 1711 2346 2042 2417; x_wconf 65' lang='lat' dir='ltr'><strong>tnrpem.Vio</strong></span> 
     </span>
    </p>
   </div>
   <div class='ocr_carea' id='block_1_24' title="bbox 461 2439 2047 2507">
    <p class='ocr_par' dir='ltr' id='par_1_24' title="bbox 461 2439 2047 2507">
     <span class='ocr_line' id='line_1_24' title="bbox 461 2439 2047 2507; baseline -0.005 -7"><span class='ocrx_word' id='word_1_187' title='bbox 461 2444 559 2500; x_wconf 89' lang='lat' dir='ltr'><strong>des</strong></span> <span class='ocrx_word' id='word_1_188' title='bbox 577 2459 680 2498; x_wconf 88' lang='lat' dir='ltr'><strong>non</strong></span> <span class='ocrx_word' id='word_1_189' title='bbox 699 2459 820 2498; x_wconf 84' lang='lat' dir='ltr'><strong>esse</strong></span> <span class='ocrx_word' id='word_1_190' title='bbox 839 2441 1120 2496; x_wconf 78' lang='lat' dir='ltr'><strong>mtnnlana:</strong></span> <span class='ocrx_word' id='word_1_191' title='bbox 1137 2443 1329 2495; x_wconf 77' lang='lat' dir='ltr'><strong>anima:</strong></span> <span class='ocrx_word' id='word_1_192' title='bbox 1349 2452 1404 2494; x_wconf 94' lang='lat' dir='ltr'><strong>ut</strong></span> <span class='ocrx_word' id='word_1_193' title='bbox 1425 2441 1476 2495; x_wconf 92' lang='lat' dir='ltr'><strong>id</strong></span> <span class='ocrx_word' id='word_1_194' title='bbox 1503 2440 1718 2496; x_wconf 78' lang='lat' dir='ltr'><strong>habeat?</strong></span> <span class='ocrx_word' id='word_1_195' title='bbox 1735 2439 1901 2494; x_wconf 79' lang='lat' dir='ltr'><strong>Multo</strong></span> <span class='ocrx_word' id='word_1_196' title='bbox 1915 2451 2047 2507; x_wconf 72' lang='lat' dir='ltr'><strong>ergo</strong></span> 
     </span>
    </p>
   </div>
   <div class='ocr_carea' id='block_1_25' title="bbox 467 2531 2044 2604">
    <p class='ocr_par' dir='ltr' id='par_1_25' title="bbox 467 2531 2044 2604">
     <span class='ocr_line' id='line_1_25' title="bbox 467 2531 2044 2604; baseline -0.001 -19"><span class='ocrx_word' id='word_1_197' title='bbox 467 2535 623 2590; x_wconf 89' lang='lat' dir='ltr'><strong>nobis</strong></span> <span class='ocrx_word' id='word_1_198' title='bbox 638 2535 813 2588; x_wconf 87' lang='lat' dir='ltr'><strong>studio</strong></span> <span class='ocrx_word' id='word_1_199' title='bbox 833 2548 968 2604; x_wconf 85' lang='lat' dir='ltr'><strong>Opus</strong></span> <span class='ocrx_word' id='word_1_200' title='bbox 987 2543 1089 2598; x_wconf 90' lang='lat' dir='ltr'><strong>est,</strong></span> <span class='ocrx_word' id='word_1_201' title='bbox 1111 2542 1166 2590; x_wconf 88' lang='lat' dir='ltr'><strong>ut</strong></span> <span class='ocrx_word' id='word_1_202' title='bbox 1188 2532 1236 2586; x_wconf 89' lang='lat' dir='ltr'><strong>id</strong></span> <span class='ocrx_word' id='word_1_203' title='bbox 1265 2548 1296 2586; x_wconf 90' lang='lat' dir='ltr'><strong>a</strong></span> <span class='ocrx_word' id='word_1_204' title='bbox 1319 2532 1470 2586; x_wconf 89' lang='lat' dir='ltr'><strong>nobis</strong></span> <span class='ocrx_word' id='word_1_205' title='bbox 1498 2531 1812 2595; x_wconf 83' lang='lat' dir='ltr'><strong>retineatur,</strong></span> <span class='ocrx_word' id='word_1_206' title='bbox 1830 2537 2044 2585; x_wconf 83' lang='lat' dir='ltr'><strong>nostra-</strong></span> 
     </span>
    </p>
   </div>
   <div class='ocr_carea' id='block_1_26' title="bbox 463 2621 2044 2702">
    <p class='ocr_par' dir='ltr' id='par_1_26' title="bbox 463 2621 2044 2702">
     <span class='ocr_line' id='line_1_26' title="bbox 463 2621 2044 2702; baseline -0.005 -22"><span class='ocrx_word' id='word_1_207' title='bbox 463 2641 567 2696; x_wconf 84' lang='lat' dir='ltr'><strong>que</strong></span> <span class='ocrx_word' id='word_1_208' title='bbox 610 2627 788 2681; x_wconf 80' lang='lat' dir='ltr'><strong>omnia</strong></span> <span class='ocrx_word' id='word_1_209' title='bbox 832 2625 1105 2702; x_wconf 78' lang='lat' dir='ltr'><strong>dispenset</strong></span> <span class='ocrx_word' id='word_1_210' title='bbox 1147 2636 1203 2679; x_wconf 90' lang='lat' dir='ltr'><strong>et</strong></span> <span class='ocrx_word' id='word_1_211' title='bbox 1249 2622 1585 2679; x_wconf 89' lang='lat' dir='ltr'><strong>administret</strong></span> <span class='ocrx_word' id='word_1_212' title='bbox 1615 2636 1786 2691; x_wconf 86' lang='lat' dir='ltr'><strong>eaque</strong></span> <span class='ocrx_word' id='word_1_213' title='bbox 1821 2621 1874 2676; x_wconf 89' lang='lat' dir='ltr'><strong>in</strong></span> <span class='ocrx_word' id='word_1_214' title='bbox 1907 2629 2044 2683; x_wconf 80' lang='lat' dir='ltr'><strong>tuto,</strong></span> 
     </span>
    </p>
   </div>
   <div class='ocr_carea' id='block_1_27' title="bbox 465 2714 2050 2786">
    <p class='ocr_par' dir='ltr' id='par_1_27' title="bbox 465 2714 2050 2786">
     <span class='ocr_line' id='line_1_27' title="bbox 465 2714 2050 2786; baseline -0.004 -13"><span class='ocrx_word' id='word_1_215' title='bbox 465 2727 520 2773; x_wconf 88' lang='lat' dir='ltr'><strong>et</strong></span> <span class='ocrx_word' id='word_1_216' title='bbox 540 2719 702 2772; x_wconf 89' lang='lat' dir='ltr'><strong>multa</strong></span> <span class='ocrx_word' id='word_1_217' title='bbox 735 2731 865 2786; x_wconf 91' lang='lat' dir='ltr'><strong>pace</strong></span> <span class='ocrx_word' id='word_1_218' title='bbox 885 2717 1130 2771; x_wconf 90' lang='lat' dir='ltr'><strong>collocct.</strong></span> <span class='ocrx_word' id='word_1_219' title='bbox 1159 2715 1308 2771; x_wconf 89' lang='lat' dir='ltr'><strong>Sicut</strong></span> <span class='ocrx_word' id='word_1_220' title='bbox 1335 2716 1477 2768; x_wconf 87' lang='lat' dir='ltr'><strong>enim</strong></span> <span class='ocrx_word' id='word_1_221' title='bbox 1508 2714 1627 2770; x_wconf 81' lang='lat' dir='ltr'><strong>ﬁeri</strong></span> <span class='ocrx_word' id='word_1_222' title='bbox 1655 2730 1760 2768; x_wconf 89' lang='lat' dir='ltr'><strong>non</strong></span> <span class='ocrx_word' id='word_1_223' title='bbox 1789 2720 1964 2782; x_wconf 85' lang='lat' dir='ltr'><strong>potest</strong></span> <span class='ocrx_word' id='word_1_224' title='bbox 1989 2720 2050 2766; x_wconf 89' lang='lat' dir='ltr'><strong>ut</strong></span> 
     </span>
    </p>
   </div>
   <div class='ocr_carea' id='block_1_28' title="bbox 467 2804 2048 2876">
    <p class='ocr_par' dir='ltr' id='par_1_28' title="bbox 467 2804 2048 2876">
     <span class='ocr_line' id='line_1_28' title="bbox 467 2804 2048 2876; baseline -0.004 -12"><span class='ocrx_word' id='word_1_225' title='bbox 467 2809 635 2874; x_wconf 85' lang='lat' dir='ltr'><strong>navis,</strong></span> <span class='ocrx_word' id='word_1_226' title='bbox 668 2823 786 2876; x_wconf 69' lang='lat' dir='ltr'><strong>quae</strong></span> <span class='ocrx_word' id='word_1_227' title='bbox 818 2817 976 2862; x_wconf 77' lang='lat' dir='ltr'><strong>vento</strong></span> <span class='ocrx_word' id='word_1_228' title='bbox 1007 2806 1243 2861; x_wconf 90' lang='lat' dir='ltr'><strong>secundo</strong></span> <span class='ocrx_word' id='word_1_229' title='bbox 1271 2804 1462 2870; x_wconf 78' lang='lat' dir='ltr'><strong>fertur,</strong></span> <span class='ocrx_word' id='word_1_230' title='bbox 1497 2805 1836 2874; x_wconf 79' lang='lat' dir='ltr'><strong>impediatur,</strong></span> <span class='ocrx_word' id='word_1_231' title='bbox 1869 2816 2048 2874; x_wconf 86' lang='lat' dir='ltr'><strong>neque</strong></span> 
     </span>
    </p>
   </div>
   <div class='ocr_carea' id='block_1_29' title="bbox 466 2897 2048 2968">
    <p class='ocr_par' dir='ltr' id='par_1_29' title="bbox 466 2897 2048 2968">
     <span class='ocr_line' id='line_1_29' title="bbox 466 2897 2048 2968; baseline -0.005 -12"><span class='ocrx_word' id='word_1_232' title='bbox 466 2912 526 2957; x_wconf 82' lang='lat' dir='ltr'><strong>ut</strong></span> <span class='ocrx_word' id='word_1_233' title='bbox 554 2901 914 2968; x_wconf 74' lang='lat' dir='ltr'><strong>demergatur,</strong></span> <span class='ocrx_word' id='word_1_234' title='bbox 938 2899 1109 2952; x_wconf 88' lang='lat' dir='ltr'><strong>donec</strong></span> <span class='ocrx_word' id='word_1_235' title='bbox 1153 2910 1308 2952; x_wconf 88' lang='lat' dir='ltr'><strong>vento</strong></span> <span class='ocrx_word' id='word_1_236' title='bbox 1337 2897 1532 2952; x_wconf 80' lang='lat' dir='ltr'><strong>fruitur</strong></span> <span class='ocrx_word' id='word_1_237' title='bbox 1555 2909 1815 2965; x_wconf 89' lang='lat' dir='ltr'><strong>prospero</strong></span> <span class='ocrx_word' id='word_1_238' title='bbox 1842 2903 1895 2950; x_wconf 86' lang='lat' dir='ltr'><strong>et</strong></span> <span class='ocrx_word' id='word_1_239' title='bbox 1921 2909 2048 2964; x_wconf 90' lang='lat' dir='ltr'><strong>per-</strong></span> 
     </span>
    </p>
   </div>
   <div class='ocr_carea' id='block_1_30' title="bbox 469 2988 2048 3061">
    <p class='ocr_par' dir='ltr' id='par_1_30' title="bbox 469 2988 2048 3061">
     <span class='ocr_line' id='line_1_30' title="bbox 469 2988 2048 3061; baseline -0.004 -14"><span class='ocrx_word' id='word_1_240' title='bbox 469 3005 657 3061; x_wconf 80' lang='lat' dir='ltr'><strong>petuo;</strong></span> <span class='ocrx_word' id='word_1_241' title='bbox 681 2993 773 3044; x_wconf 81' lang='lat' dir='ltr'><strong>sed</strong></span> <span class='ocrx_word' id='word_1_242' title='bbox 800 3001 854 3044; x_wconf 91' lang='lat' dir='ltr'><strong>ct</strong></span> <span class='ocrx_word' id='word_1_243' title='bbox 882 3001 1160 3060; x_wconf 75' lang='lat' dir='ltr'><strong>postquam</strong></span> <span class='ocrx_word' id='word_1_244' title='bbox 1184 2988 1421 3051; x_wconf 87' lang='lat' dir='ltr'><strong>redierit.</strong></span> <span class='ocrx_word' id='word_1_245' title='bbox 1457 3004 1701 3059; x_wconf 84' lang='lat' dir='ltr'><strong>magnam</strong></span> <span class='ocrx_word' id='word_1_246' title='bbox 1728 2988 1810 3043; x_wconf 89' lang='lat' dir='ltr'><strong>sui</strong></span> <span class='ocrx_word' id='word_1_247' title='bbox 1831 3001 2048 3042; x_wconf 82' lang='lat' dir='ltr'><strong>succes-</strong></span> 
     </span>
    </p>
   </div>
   <div class='ocr_carea' id='block_1_31' title="bbox 467 3080 2048 3155">
    <p class='ocr_par' dir='ltr' id='par_1_31' title="bbox 467 3080 2048 3155">
     <span class='ocr_line' id='line_1_31' title="bbox 467 3080 2048 3155; baseline -0.006 -13"><span class='ocrx_word' id='word_1_248' title='bbox 467 3102 560 3142; x_wconf 87' lang='lat' dir='ltr'><strong>sus</strong></span> <span class='ocrx_word' id='word_1_249' title='bbox 578 3085 777 3155; x_wconf 68' lang='lat' dir='ltr'><strong>prccbet</strong></span> <span class='ocrx_word' id='word_1_250' title='bbox 795 3085 1020 3155; x_wconf 80' lang='lat' dir='ltr'><strong>gloriam</strong></span> <span class='ocrx_word' id='word_1_251' title='bbox 1033 3093 1086 3138; x_wconf 86' lang='lat' dir='ltr'><strong>et</strong></span> <span class='ocrx_word' id='word_1_252' title='bbox 1104 3084 1278 3139; x_wconf 87' lang='lat' dir='ltr'><strong>nautis</strong></span> <span class='ocrx_word' id='word_1_253' title='bbox 1299 3092 1354 3138; x_wconf 89' lang='lat' dir='ltr'><strong>et</strong></span> <span class='ocrx_word' id='word_1_254' title='bbox 1369 3083 1692 3138; x_wconf 82' lang='lat' dir='ltr'><strong>vectoribus:</strong></span> <span class='ocrx_word' id='word_1_255' title='bbox 1715 3082 1820 3137; x_wconf 84' lang='lat' dir='ltr'><strong>illis</strong></span> <span class='ocrx_word' id='word_1_256' title='bbox 1834 3080 2048 3150; x_wconf 88' lang='lat' dir='ltr'><strong>quidem</strong></span> 
     </span>
    </p>
   </div>
   <div class='ocr_carea' id='block_1_32' title="bbox 467 3172 2052 3244">
    <p class='ocr_par' dir='ltr' id='par_1_32' title="bbox 467 3172 2052 3244">
     <span class='ocr_line' id='line_1_32' title="bbox 467 3172 2052 3244; baseline -0.002 -15"><span class='ocrx_word' id='word_1_257' title='bbox 467 3179 600 3231; x_wconf 88' lang='lat' dir='ltr'><strong>dans</strong></span> <span class='ocrx_word' id='word_1_258' title='bbox 625 3177 882 3244; x_wconf 75' lang='lat' dir='ltr'><strong>quietem,</strong></span> <span class='ocrx_word' id='word_1_259' title='bbox 903 3183 959 3230; x_wconf 91' lang='lat' dir='ltr'><strong>et</strong></span> <span class='ocrx_word' id='word_1_260' title='bbox 985 3192 1091 3229; x_wconf 88' lang='lat' dir='ltr'><strong>non</strong></span> <span class='ocrx_word' id='word_1_261' title='bbox 1115 3176 1296 3230; x_wconf 83' lang='lat' dir='ltr'><strong>sineus</strong></span> <span class='ocrx_word' id='word_1_262' title='bbox 1325 3183 1380 3230; x_wconf 94' lang='lat' dir='ltr'><strong>ut</strong></span> <span class='ocrx_word' id='word_1_263' title='bbox 1405 3175 1566 3229; x_wconf 88' lang='lat' dir='ltr'><strong>remis</strong></span> <span class='ocrx_word' id='word_1_264' title='bbox 1585 3173 1931 3238; x_wconf 87' lang='lat' dir='ltr'><strong>adlaborent;</strong></span> <span class='ocrx_word' id='word_1_265' title='bbox 1953 3172 2052 3227; x_wconf 86' lang='lat' dir='ltr'><strong>bos</strong></span> 
     </span>
    </p>
   </div>
   <div class='ocr_carea' id='block_1_33' title="bbox 466 3265 2050 3335">
    <p class='ocr_par' dir='ltr' id='par_1_33' title="bbox 466 3265 2050 3335">
     <span class='ocr_line' id='line_1_33' title="bbox 466 3265 2050 3335; baseline -0.002 -14"><span class='ocrx_word' id='word_1_266' title='bbox 466 3281 642 3323; x_wconf 84' lang='lat' dir='ltr'><strong>autem</strong></span> <span class='ocrx_word' id='word_1_267' title='bbox 669 3269 737 3323; x_wconf 90' lang='lat' dir='ltr'><strong>ab</strong></span> <span class='ocrx_word' id='word_1_268' title='bbox 757 3268 903 3322; x_wconf 80' lang='lat' dir='ltr'><strong>ouuii</strong></span> <span class='ocrx_word' id='word_1_269' title='bbox 936 3275 1083 3322; x_wconf 91' lang='lat' dir='ltr'><strong>metu</strong></span> <span class='ocrx_word' id='word_1_270' title='bbox 1115 3265 1905 3335; x_wconf 87' lang='lat' dir='ltr'><strong>liberans,etjucnndissimum</strong></span> <span class='ocrx_word' id='word_1_271' title='bbox 1924 3278 2050 3334; x_wconf 82' lang='lat' dir='ltr'><strong>spe-</strong></span> 
     </span>
    </p>
   </div>
   <div class='ocr_carea' id='block_1_34' title="bbox 465 3357 2053 3430">
    <p class='ocr_par' dir='ltr' id='par_1_34' title="bbox 465 3357 2053 3430">
     <span class='ocr_line' id='line_1_34' title="bbox 465 3357 2053 3430; baseline -0.003 -13"><span class='ocrx_word' id='word_1_272' title='bbox 465 3362 730 3417; x_wconf 85' lang='lat' dir='ltr'><strong>ctaculum</strong></span> <span class='ocrx_word' id='word_1_273' title='bbox 759 3361 840 3416; x_wconf 87' lang='lat' dir='ltr'><strong>eis</strong></span> <span class='ocrx_word' id='word_1_274' title='bbox 862 3376 1016 3414; x_wconf 83' lang='lat' dir='ltr'><strong>suum</strong></span> <span class='ocrx_word' id='word_1_275' title='bbox 1049 3360 1291 3430; x_wconf 75' lang='lat' dir='ltr'><strong>pradicas</strong></span> <span class='ocrx_word' id='word_1_276' title='bbox 1312 3375 1527 3416; x_wconf 85' lang='lat' dir='ltr'><strong>cursum</strong></span> <span class='ocrx_word' id='word_1_277' title='bbox 1554 3375 1568 3411; x_wconf 90' lang='lat'><strong>:</strong></span> <span class='ocrx_word' id='word_1_278' title='bbox 1597 3359 1670 3412; x_wconf 88' lang='lat' dir='ltr'><strong>ita</strong></span> <span class='ocrx_word' id='word_1_279' title='bbox 1689 3358 1851 3412; x_wconf 83' lang='lat' dir='ltr'><strong>etiam</strong></span> <span class='ocrx_word' id='word_1_280' title='bbox 1873 3357 2053 3413; x_wconf 86' lang='lat' dir='ltr'><strong>anima</strong></span> 
     </span>
    </p>
   </div>
   <div class='ocr_carea' id='block_1_35' title="bbox 466 3450 2054 3522">
    <p class='ocr_par' dir='ltr' id='par_1_35' title="bbox 466 3450 2054 3522">
     <span class='ocr_line' id='line_1_35' title="bbox 466 3450 2054 3522; baseline -0.004 -11"><span class='ocrx_word' id='word_1_281' title='bbox 466 3455 648 3511; x_wconf 89' lang='lat' dir='ltr'><strong>divino</strong></span> <span class='ocrx_word' id='word_1_282' title='bbox 679 3453 882 3508; x_wconf 85' lang='lat' dir='ltr'><strong>munita</strong></span> <span class='ocrx_word' id='word_1_283' title='bbox 912 3453 1114 3521; x_wconf 89' lang='lat' dir='ltr'><strong>Spiritu</strong></span> <span class='ocrx_word' id='word_1_284' title='bbox 1146 3462 1229 3508; x_wconf 87' lang='lat' dir='ltr'><strong>cst</strong></span> <span class='ocrx_word' id='word_1_285' title='bbox 1257 3451 1505 3522; x_wconf 85' lang='lat' dir='ltr'><strong>superior</strong></span> <span class='ocrx_word' id='word_1_286' title='bbox 1545 3451 1758 3521; x_wconf 89' lang='lat' dir='ltr'><strong>quidem</strong></span> <span class='ocrx_word' id='word_1_287' title='bbox 1801 3450 2054 3505; x_wconf 85' lang='lat' dir='ltr'><strong>omnibus</strong></span> 
     </span>
    </p>
   </div>
   <div class='ocr_carea' id='block_1_36' title="bbox 465 3539 2052 3614">
    <p class='ocr_par' dir='ltr' id='par_1_36' title="bbox 465 3539 2052 3614">
     <span class='ocr_line' id='line_1_36' title="bbox 465 3539 2052 3614; baseline -0.006 -11"><span class='ocrx_word' id='word_1_288' title='bbox 465 3547 715 3602; x_wconf 82' lang='lat' dir='ltr'><strong>ﬂuctibus</strong></span> <span class='ocrx_word' id='word_1_289' title='bbox 743 3545 901 3614; x_wconf 81' lang='lat' dir='ltr'><strong>hujus</strong></span> <span class='ocrx_word' id='word_1_290' title='bbox 932 3543 1088 3610; x_wconf 77' lang='lat' dir='ltr'><strong>vitm;</strong></span> <span class='ocrx_word' id='word_1_291' title='bbox 1113 3543 1251 3597; x_wconf 91' lang='lat' dir='ltr'><strong>viam</strong></span> <span class='ocrx_word' id='word_1_292' title='bbox 1277 3552 1479 3609; x_wconf 87' lang='lat' dir='ltr'><strong>autem,</strong></span> <span class='ocrx_word' id='word_1_293' title='bbox 1501 3558 1618 3610; x_wconf 73' lang='lat' dir='ltr'><strong>qua:</strong></span> <span class='ocrx_word' id='word_1_294' title='bbox 1642 3539 1748 3596; x_wconf 82' lang='lat' dir='ltr'><strong>fert</strong></span> <span class='ocrx_word' id='word_1_295' title='bbox 1768 3540 2052 3607; x_wconf 78' lang='lat' dir='ltr'><strong>incmlum,</strong></span> 
     </span>
    </p>
   </div>
   <div class='ocr_carea' id='block_1_37' title="bbox 468 3635 2057 3707">
    <p class='ocr_par' dir='ltr' id='par_1_37' title="bbox 468 3635 2057 3707">
     <span class='ocr_line' id='line_1_37' title="bbox 468 3635 2057 3707; baseline -0.005 -11"><span class='ocrx_word' id='word_1_296' title='bbox 468 3650 615 3697; x_wconf 84' lang='lat' dir='ltr'><strong>secat</strong></span> <span class='ocrx_word' id='word_1_297' title='bbox 641 3639 1013 3696; x_wconf 78' lang='lat' dir='ltr'><strong>vehementius</strong></span> <span class='ocrx_word' id='word_1_298' title='bbox 1037 3653 1197 3707; x_wconf 90' lang='lat' dir='ltr'><strong>quam</strong></span> <span class='ocrx_word' id='word_1_299' title='bbox 1226 3637 1313 3690; x_wconf 89' lang='lat' dir='ltr'><strong>illa</strong></span> <span class='ocrx_word' id='word_1_300' title='bbox 1340 3637 1512 3699; x_wconf 86' lang='lat' dir='ltr'><strong>navis.</strong></span> <span class='ocrx_word' id='word_1_301' title='bbox 1533 3644 1589 3689; x_wconf 92' lang='lat' dir='ltr'><strong>ut</strong></span> <span class='ocrx_word' id='word_1_302' title='bbox 1616 3651 1736 3705; x_wconf 68' lang='lat' dir='ltr'><strong>qua:</strong></span> <span class='ocrx_word' id='word_1_303' title='bbox 1764 3650 1869 3688; x_wconf 90' lang='lat' dir='ltr'><strong>non</strong></span> <span class='ocrx_word' id='word_1_304' title='bbox 1898 3635 2057 3705; x_wconf 78' lang='lat' dir='ltr'><strong>pella-</strong></span> 
     </span>
    </p>
   </div>
   <div class='ocr_carea' id='block_1_38' title="bbox 471 3726 2056 3798">
    <p class='ocr_par' dir='ltr' id='par_1_38' title="bbox 471 3726 2056 3798">
     <span class='ocr_line' id='line_1_38' title="bbox 471 3726 2056 3798; baseline -0.005 -10"><span class='ocrx_word' id='word_1_305' title='bbox 471 3745 556 3790; x_wconf 85' lang='lat' dir='ltr'><strong>tur</strong></span> <span class='ocrx_word' id='word_1_306' title='bbox 582 3753 612 3790; x_wconf 91' lang='lat' dir='ltr'><strong>a</strong></span> <span class='ocrx_word' id='word_1_307' title='bbox 643 3743 804 3790; x_wconf 88' lang='lat' dir='ltr'><strong>vento</strong></span> <span class='ocrx_word' id='word_1_308' title='bbox 826 3775 841 3798; x_wconf 91' lang='lat'><strong>,</strong></span> <span class='ocrx_word' id='word_1_309' title='bbox 873 3731 968 3787; x_wconf 90' lang='lat' dir='ltr'><strong>sed</strong></span> <span class='ocrx_word' id='word_1_310' title='bbox 1012 3731 1125 3786; x_wconf 91' lang='lat' dir='ltr'><strong>vela</strong></span> <span class='ocrx_word' id='word_1_311' title='bbox 1155 3730 1368 3795; x_wconf 87' lang='lat' dir='ltr'><strong>habeat,</strong></span> <span class='ocrx_word' id='word_1_312' title='bbox 1401 3743 1572 3798; x_wconf 89' lang='lat' dir='ltr'><strong>eaque</strong></span> <span class='ocrx_word' id='word_1_313' title='bbox 1602 3726 1798 3782; x_wconf 87' lang='lat' dir='ltr'><strong>munda</strong></span> <span class='ocrx_word' id='word_1_314' title='bbox 1840 3727 2056 3797; x_wconf 88' lang='lat' dir='ltr'><strong>impleta</strong></span> 
     </span>
    </p>
   </div>
   <div class='ocr_carea' id='block_1_39' title="bbox 468 3818 2058 3896">
    <p class='ocr_par' dir='ltr' id='par_1_39' title="bbox 468 3818 2058 3896">
     <span class='ocr_line' id='line_1_39' title="bbox 468 3818 2058 3896; baseline -0.004 -17"><span class='ocrx_word' id='word_1_315' title='bbox 468 3832 536 3882; x_wconf 84' lang='lat' dir='ltr'><strong>ab</strong></span> <span class='ocrx_word' id='word_1_316' title='bbox 573 3826 688 3896; x_wconf 91' lang='lat' dir='ltr'><strong>ipso</strong></span> <span class='ocrx_word' id='word_1_317' title='bbox 740 3825 1015 3880; x_wconf 86' lang='lat' dir='ltr'><strong>Paracleto</strong></span> <span class='ocrx_word' id='word_1_318' title='bbox 1045 3842 1060 3881; x_wconf 88' lang='lat'>:</span> <span class='ocrx_word' id='word_1_319' title='bbox 1087 3832 1195 3879; x_wconf 90' lang='lat' dir='ltr'><strong>eta</strong></span> <span class='ocrx_word' id='word_1_320' title='bbox 1248 3830 1431 3878; x_wconf 89' lang='lat' dir='ltr'><strong>nostra</strong></span> <span class='ocrx_word' id='word_1_321' title='bbox 1460 3820 1783 3890; x_wconf 83' lang='lat' dir='ltr'><strong>cogitatione</strong></span> <span class='ocrx_word' id='word_1_322' title='bbox 1836 3818 2058 3888; x_wconf 76' lang='lat' dir='ltr'><strong>expellit</strong></span> 
     </span>
    </p>
   </div>
   <div class='ocr_carea' id='block_1_40' title="bbox 469 3910 2060 3989">
    <p class='ocr_par' dir='ltr' id='par_1_40' title="bbox 469 3910 2060 3989">
     <span class='ocr_line' id='line_1_40' title="bbox 469 3910 2060 3989; baseline -0.003 -19"><span class='ocrx_word' id='word_1_323' title='bbox 469 3918 724 3989; x_wconf 83' lang='lat' dir='ltr'><strong>quidquid</strong></span> <span class='ocrx_word' id='word_1_324' title='bbox 765 3925 850 3973; x_wconf 89' lang='lat' dir='ltr'><strong>est</strong></span> <span class='ocrx_word' id='word_1_325' title='bbox 899 3917 1082 3980; x_wconf 87' lang='lat' dir='ltr'><strong>molle,</strong></span> <span class='ocrx_word' id='word_1_326' title='bbox 1133 3923 1445 3970; x_wconf 87' lang='lat' dir='ltr'><strong>enervatum</strong></span> <span class='ocrx_word' id='word_1_327' title='bbox 1503 3922 1558 3969; x_wconf 91' lang='lat' dir='ltr'><strong>et</strong></span> <span class='ocrx_word' id='word_1_328' title='bbox 1613 3911 1954 3967; x_wconf 87' lang='lat' dir='ltr'><strong>dissolutum.</strong></span> <span class='ocrx_word' id='word_1_329' title='bbox 1989 3910 2060 3966; x_wconf 88' lang='lat' dir='ltr'><strong>Ut</strong></span> 
     </span>
    </p>
   </div>
   <div class='ocr_carea' id='block_1_41' title="bbox 472 4002 2057 4067">
    <p class='ocr_par' dir='ltr' id='par_1_41' title="bbox 472 4002 2057 4067">
     <span class='ocr_line' id='line_1_41' title="bbox 472 4002 2057 4067; baseline -0.006 -1"><span class='ocrx_word' id='word_1_330' title='bbox 472 4011 618 4066; x_wconf 89' lang='lat' dir='ltr'><strong>enim</strong></span> <span class='ocrx_word' id='word_1_331' title='bbox 648 4018 837 4063; x_wconf 87' lang='lat' dir='ltr'><strong>ventus</strong></span> <span class='ocrx_word' id='word_1_332' title='bbox 866 4008 1107 4063; x_wconf 86' lang='lat' dir='ltr'><strong>incidens</strong></span> <span class='ocrx_word' id='word_1_333' title='bbox 1137 4008 1188 4062; x_wconf 90' lang='lat' dir='ltr'><strong>in</strong></span> <span class='ocrx_word' id='word_1_334' title='bbox 1219 4007 1399 4060; x_wconf 88' lang='lat' dir='ltr'><strong>velum</strong></span> <span class='ocrx_word' id='word_1_335' title='bbox 1429 4005 1606 4060; x_wconf 89' lang='lat' dir='ltr'><strong>laxum</strong></span> <span class='ocrx_word' id='word_1_336' title='bbox 1632 4013 1687 4059; x_wconf 89' lang='lat' dir='ltr'><strong>et</strong></span> <span class='ocrx_word' id='word_1_337' title='bbox 1712 4004 1891 4067; x_wconf 89' lang='lat' dir='ltr'><strong>molle,</strong></span> <span class='ocrx_word' id='word_1_338' title='bbox 1925 4002 2057 4056; x_wconf 86' lang='lat' dir='ltr'><strong>nihil</strong></span> 
     </span>
    </p>
   </div>
   <div class='ocr_carea' id='block_1_42' title="bbox 472 4093 2059 4170">
    <p class='ocr_par' dir='ltr' id='par_1_42' title="bbox 472 4093 2059 4170">
     <span class='ocr_line' id='line_1_42' title="bbox 472 4093 2059 4170; baseline -0.003 -18"><span class='ocrx_word' id='word_1_339' title='bbox 472 4099 673 4170; x_wconf 76' lang='lat' dir='ltr'><strong>egerit:</strong></span> <span class='ocrx_word' id='word_1_340' title='bbox 699 4099 768 4151; x_wconf 87' lang='lat' dir='ltr'><strong>ita</strong></span> <span class='ocrx_word' id='word_1_341' title='bbox 798 4096 956 4151; x_wconf 88' lang='lat' dir='ltr'><strong>etiam</strong></span> <span class='ocrx_word' id='word_1_342' title='bbox 994 4106 1204 4151; x_wconf 90' lang='lat' dir='ltr'><strong>sanctus</strong></span> <span class='ocrx_word' id='word_1_343' title='bbox 1235 4095 1463 4164; x_wconf 86' lang='lat' dir='ltr'><strong>Spiritus</strong></span> <span class='ocrx_word' id='word_1_344' title='bbox 1490 4094 1542 4149; x_wconf 92' lang='lat' dir='ltr'><strong>in</strong></span> <span class='ocrx_word' id='word_1_345' title='bbox 1569 4095 1803 4149; x_wconf 87' lang='lat' dir='ltr'><strong>animam</strong></span> <span class='ocrx_word' id='word_1_346' title='bbox 1843 4093 2059 4148; x_wconf 90' lang='lat' dir='ltr'><strong>mollem</strong></span> 
     </span>
    </p>
   </div>
   <div class='ocr_carea' id='block_1_43' title="bbox 477 4184 2058 4257">
    <p class='ocr_par' dir='ltr' id='par_1_43' title="bbox 477 4184 2058 4257">
     <span class='ocr_line' id='line_1_43' title="bbox 477 4184 2058 4257; baseline -0.001 -18"><span class='ocrx_word' id='word_1_347' title='bbox 477 4188 584 4257; x_wconf 83' lang='lat' dir='ltr'><strong>pati</strong></span> <span class='ocrx_word' id='word_1_348' title='bbox 600 4203 705 4242; x_wconf 92' lang='lat' dir='ltr'><strong>non</strong></span> <span class='ocrx_word' id='word_1_349' title='bbox 734 4196 909 4256; x_wconf 86' lang='lat' dir='ltr'><strong>potest</strong></span> <span class='ocrx_word' id='word_1_350' title='bbox 937 4196 992 4240; x_wconf 92' lang='lat' dir='ltr'><strong>ut</strong></span> <span class='ocrx_word' id='word_1_351' title='bbox 1015 4195 1248 4252; x_wconf 89' lang='lat' dir='ltr'><strong>maneat,</strong></span> <span class='ocrx_word' id='word_1_352' title='bbox 1269 4184 1365 4240; x_wconf 87' lang='lat' dir='ltr'><strong>sed</strong></span> <span class='ocrx_word' id='word_1_353' title='bbox 1391 4199 1581 4255; x_wconf 87' lang='lat' dir='ltr'><strong>magna</strong></span> <span class='ocrx_word' id='word_1_354' title='bbox 1600 4185 1905 4240; x_wconf 90' lang='lat' dir='ltr'><strong>intensione</strong></span> <span class='ocrx_word' id='word_1_355' title='bbox 1923 4198 2058 4253; x_wconf 82' lang='lat' dir='ltr'><strong>Opus</strong></span> 
     </span>
    </p>
   </div>
   <div class='ocr_carea' id='block_1_44' title="bbox 473 4281 1024 4341">
    <p class='ocr_par' dir='ltr' id='par_1_44' title="bbox 473 4281 1024 4341">
     <span class='ocr_line' id='line_1_44' title="bbox 473 4281 1024 4341; baseline -0.013 -1"><span class='ocrx_word' id='word_1_356' title='bbox 473 4293 556 4341; x_wconf 89' lang='lat' dir='ltr'><strong>est</strong></span> <span class='ocrx_word' id='word_1_357' title='bbox 581 4292 633 4338; x_wconf 91' lang='lat' dir='ltr'><strong>et</strong></span> <span class='ocrx_word' id='word_1_358' title='bbox 663 4281 1024 4338; x_wconf 81' lang='lat' dir='ltr'><strong>vehementia.</strong></span> 
     </span>
    </p>
   </div>
   <div class='ocr_carea' id='block_1_45' title="bbox 549 4368 2060 4443">
    <p class='ocr_par' dir='ltr' id='par_1_45' title="bbox 549 4368 2060 4443">
     <span class='ocr_line' id='line_1_45' title="bbox 549 4368 2060 4443; baseline -0.006 -12"><span class='ocrx_word' id='word_1_359' title='bbox 549 4377 761 4431; x_wconf 80' lang='lat' dir='ltr'><strong>Animus</strong></span> <span class='ocrx_word' id='word_1_360' title='bbox 784 4373 1060 4430; x_wconf 78' lang='lat' dir='ltr'><strong>Christiani</strong></span> <span class='ocrx_word' id='word_1_361' title='bbox 1083 4370 1267 4427; x_wconf 86' lang='lat' dir='ltr'><strong>ardens</strong></span> <span class='ocrx_word' id='word_1_362' title='bbox 1281 4371 1344 4427; x_wconf 89' lang='lat' dir='ltr'><strong>sit</strong></span> <span class='ocrx_word' id='word_1_363' title='bbox 1361 4368 1834 4443; x_wconf 80' lang='lat' dir='ltr'><strong>oportet.—ltaque</strong></span> <span class='ocrx_word' id='word_1_364' title='bbox 1848 4376 2060 4438; x_wconf 89' lang='lat' dir='ltr'><strong>oportet</strong></span> 
     </span>
    </p>
   </div>
   <div class='ocr_carea' id='block_1_46' title="bbox 493 4457 2058 4528">
    <p class='ocr_par' dir='ltr' id='par_1_46' title="bbox 493 4457 2058 4528">
     <span class='ocr_line' id='line_1_46' title="bbox 493 4457 2058 4528; baseline -0.001 -14"><span class='ocrx_word' id='word_1_365' title='bbox 493 4467 550 4514; x_wconf 90' lang='lat' dir='ltr'><strong>ut</strong></span> <span class='ocrx_word' id='word_1_366' title='bbox 589 4459 743 4514; x_wconf 87' lang='lat' dir='ltr'><strong>nobis</strong></span> <span class='ocrx_word' id='word_1_367' title='bbox 770 4458 840 4514; x_wconf 87' lang='lat' dir='ltr'><strong>sit</strong></span> <span class='ocrx_word' id='word_1_368' title='bbox 868 4459 1066 4515; x_wconf 87' lang='lat' dir='ltr'><strong>ardens</strong></span> <span class='ocrx_word' id='word_1_369' title='bbox 1096 4460 1309 4514; x_wconf 87' lang='lat' dir='ltr'><strong>animus</strong></span> <span class='ocrx_word' id='word_1_370' title='bbox 1337 4499 1354 4526; x_wconf 91' lang='lat'><strong>,</strong></span> <span class='ocrx_word' id='word_1_371' title='bbox 1393 4468 1448 4513; x_wconf 90' lang='lat' dir='ltr'><strong>et</strong></span> <span class='ocrx_word' id='word_1_372' title='bbox 1488 4473 1702 4528; x_wconf 84' lang='lat' dir='ltr'><strong>semper</strong></span> <span class='ocrx_word' id='word_1_373' title='bbox 1728 4457 1838 4513; x_wconf 90' lang='lat' dir='ltr'><strong>sint</strong></span> <span class='ocrx_word' id='word_1_374' title='bbox 1872 4466 2058 4513; x_wconf 88' lang='lat' dir='ltr'><strong>nostra</strong></span> 
     </span>
    </p>
   </div>
   <div class='ocr_carea' id='block_1_47' title="bbox 489 4549 2066 4623">
    <p class='ocr_par' dir='ltr' id='par_1_47' title="bbox 489 4549 2066 4623">
     <span class='ocr_line' id='line_1_47' title="bbox 489 4549 2066 4623; baseline 0 -17"><span class='ocrx_word' id='word_1_375' title='bbox 489 4565 653 4623; x_wconf 82' lang='lat' dir='ltr'><strong>opera</strong></span> <span class='ocrx_word' id='word_1_376' title='bbox 678 4551 908 4618; x_wconf 82' lang='lat' dir='ltr'><strong>intensa,</strong></span> <span class='ocrx_word' id='word_1_377' title='bbox 937 4551 1092 4607; x_wconf 80' lang='lat' dir='ltr'><strong>fortia</strong></span> <span class='ocrx_word' id='word_1_378' title='bbox 1119 4559 1174 4607; x_wconf 89' lang='lat' dir='ltr'><strong>et</strong></span> <span class='ocrx_word' id='word_1_379' title='bbox 1195 4552 1496 4607; x_wconf 82' lang='lat' dir='ltr'><strong>constantia</strong></span> <span class='ocrx_word' id='word_1_380' title='bbox 1522 4566 1538 4607; x_wconf 87' lang='lat'><strong>:</strong></span> <span class='ocrx_word' id='word_1_381' title='bbox 1567 4561 1620 4605; x_wconf 88' lang='lat' dir='ltr'><strong>ut</strong></span> <span class='ocrx_word' id='word_1_382' title='bbox 1643 4591 1661 4616; x_wconf 92' lang='lat'><strong>,</strong></span> <span class='ocrx_word' id='word_1_383' title='bbox 1691 4549 1908 4622; x_wconf 86' lang='lat' dir='ltr'><strong>quando</strong></span> <span class='ocrx_word' id='word_1_384' title='bbox 1937 4565 2066 4606; x_wconf 86' lang='lat' dir='ltr'><strong>ora-</strong></span> 
     </span>
    </p>
   </div>
   <div class='ocr_carea' id='block_1_48' title="bbox 490 4642 2067 4712">
    <p class='ocr_par' dir='ltr' id='par_1_48' title="bbox 490 4642 2067 4712">
     <span class='ocr_line' id='line_1_48' title="bbox 490 4642 2067 4712; baseline 0 -13"><span class='ocrx_word' id='word_1_385' title='bbox 490 4659 633 4705; x_wconf 88' lang='lat' dir='ltr'><strong>mus.</strong></span> <span class='ocrx_word' id='word_1_386' title='bbox 660 4642 765 4700; x_wconf 87' lang='lat' dir='ltr'><strong>hoc</strong></span> <span class='ocrx_word' id='word_1_387' title='bbox 810 4659 843 4700; x_wconf 87' lang='lat' dir='ltr'><strong>a</strong></span> <span class='ocrx_word' id='word_1_388' title='bbox 892 4643 1046 4700; x_wconf 86' lang='lat' dir='ltr'><strong>nobis</strong></span> <span class='ocrx_word' id='word_1_389' title='bbox 1072 4659 1195 4699; x_wconf 91' lang='lat' dir='ltr'><strong>cum</strong></span> <span class='ocrx_word' id='word_1_390' title='bbox 1217 4659 1404 4712; x_wconf 80' lang='lat' dir='ltr'><strong>magna</strong></span> <span class='ocrx_word' id='word_1_391' title='bbox 1435 4642 1732 4702; x_wconf 82' lang='lat' dir='ltr'><strong>faciendum</strong></span> <span class='ocrx_word' id='word_1_392' title='bbox 1773 4653 1858 4699; x_wconf 87' lang='lat' dir='ltr'><strong>est</strong></span> <span class='ocrx_word' id='word_1_393' title='bbox 1888 4643 2067 4699; x_wconf 83' lang='lat' dir='ltr'><strong>inten-</strong></span> 
     </span>
    </p>
   </div>
   <div class='ocr_carea' id='block_1_49' title="bbox 491 4735 2066 4803">
    <p class='ocr_par' dir='ltr' id='par_1_49' title="bbox 491 4735 2066 4803">
     <span class='ocr_line' id='line_1_49' title="bbox 491 4735 2066 4803; baseline -0.001 -12"><span class='ocrx_word' id='word_1_394' title='bbox 491 4735 668 4803; x_wconf 90' lang='lat' dir='ltr'><strong>sione,</strong></span> <span class='ocrx_word' id='word_1_395' title='bbox 701 4735 930 4791; x_wconf 88' lang='lat' dir='ltr'><strong>animam</strong></span> <span class='ocrx_word' id='word_1_396' title='bbox 954 4735 1007 4791; x_wconf 89' lang='lat' dir='ltr'><strong>in</strong></span> <span class='ocrx_word' id='word_1_397' title='bbox 1034 4735 1225 4791; x_wconf 73' lang='lat' dir='ltr'><strong>czelum</strong></span> <span class='ocrx_word' id='word_1_398' title='bbox 1255 4735 1671 4801; x_wconf 82' lang='lat' dir='ltr'><strong>intendentibus,</strong></span> <span class='ocrx_word' id='word_1_399' title='bbox 1693 4751 1801 4790; x_wconf 90' lang='lat' dir='ltr'><strong>non</strong></span> <span class='ocrx_word' id='word_1_400' title='bbox 1827 4735 2066 4803; x_wconf 88' lang='lat' dir='ltr'><strong>funibus,</strong></span> 
     </span>
    </p>
   </div>
   <div class='ocr_carea' id='block_1_50' title="bbox 491 4826 2074 4899">
    <p class='ocr_par' dir='ltr' id='par_1_50' title="bbox 491 4826 2074 4899">
     <span class='ocr_line' id='line_1_50' title="bbox 491 4826 2074 4899; baseline -0.001 -15"><span class='ocrx_word' id='word_1_401' title='bbox 491 4828 586 4884; x_wconf 90' lang='lat' dir='ltr'><strong>sed</strong></span> <span class='ocrx_word' id='word_1_402' title='bbox 616 4843 804 4899; x_wconf 85' lang='lat' dir='ltr'><strong>magna</strong></span> <span class='ocrx_word' id='word_1_403' title='bbox 827 4827 991 4884; x_wconf 92' lang='lat' dir='ltr'><strong>animi</strong></span> <span class='ocrx_word' id='word_1_404' title='bbox 1023 4826 1320 4882; x_wconf 84' lang='lat' dir='ltr'><strong>alacritate.</strong></span> <span class='ocrx_word' id='word_1_405' title='bbox 1359 4826 1586 4895; x_wconf 86' lang='lat' dir='ltr'><strong>Quando</strong></span> <span class='ocrx_word' id='word_1_406' title='bbox 1622 4841 1808 4882; x_wconf 79' lang='lat' dir='ltr'><strong>rursus</strong></span> <span class='ocrx_word' id='word_1_407' title='bbox 1849 4827 2074 4882; x_wconf 88' lang='lat' dir='ltr'><strong>misere-</strong></span> 
     </span>
    </p>
   </div>
   <div class='ocr_carea' id='block_1_51' title="bbox 493 4917 2077 4991">
    <p class='ocr_par' dir='ltr' id='par_1_51' title="bbox 493 4917 2077 4991">
     <span class='ocr_line' id='line_1_51' title="bbox 493 4917 2077 4991; baseline 0 -17"><span class='ocrx_word' id='word_1_408' title='bbox 493 4935 635 4982; x_wconf 89' lang='lat' dir='ltr'><strong>mur.</strong></span> <span class='ocrx_word' id='word_1_409' title='bbox 654 4921 809 4975; x_wconf 89' lang='lat' dir='ltr'><strong>nobis</strong></span> <span class='ocrx_word' id='word_1_410' title='bbox 834 4934 968 4991; x_wconf 88' lang='lat' dir='ltr'><strong>opus</strong></span> <span class='ocrx_word' id='word_1_411' title='bbox 995 4928 1080 4976; x_wconf 88' lang='lat' dir='ltr'><strong>est</strong></span> <span class='ocrx_word' id='word_1_412' title='bbox 1099 4919 1423 4986; x_wconf 89' lang='lat' dir='ltr'><strong>intensione,</strong></span> <span class='ocrx_word' id='word_1_413' title='bbox 1439 4935 1505 4975; x_wconf 87' lang='lat' dir='ltr'><strong>ne</strong></span> <span class='ocrx_word' id='word_1_414' title='bbox 1527 4934 1655 4975; x_wconf 86' lang='lat' dir='ltr'><strong>cura</strong></span> <span class='ocrx_word' id='word_1_415' title='bbox 1679 4918 1869 4972; x_wconf 89' lang='lat' dir='ltr'><strong>domus</strong></span> <span class='ocrx_word' id='word_1_416' title='bbox 1893 4927 1950 4974; x_wconf 92' lang='lat' dir='ltr'><strong>et</strong></span> <span class='ocrx_word' id='word_1_417' title='bbox 1974 4917 2077 4974; x_wconf 88' lang='lat' dir='ltr'><strong>sol-</strong></span> 
     </span>
    </p>
   </div>
   <div class='ocr_carea' id='block_1_52' title="bbox 493 5009 2078 5080">
    <p class='ocr_par' dir='ltr' id='par_1_52' title="bbox 493 5009 2078 5080">
     <span class='ocr_line' id='line_1_52' title="bbox 493 5009 2078 5080; baseline 0.001 -17"><span class='ocrx_word' id='word_1_418' title='bbox 493 5010 714 5066; x_wconf 84' lang='lat' dir='ltr'><strong>licitudo</strong></span> <span class='ocrx_word' id='word_1_419' title='bbox 734 5009 803 5066; x_wconf 91' lang='lat' dir='ltr'><strong>de</strong></span> <span class='ocrx_word' id='word_1_420' title='bbox 835 5011 1018 5068; x_wconf 89' lang='lat' dir='ltr'><strong>liberis</strong></span> <span class='ocrx_word' id='word_1_421' title='bbox 1043 5019 1100 5066; x_wconf 89' lang='lat' dir='ltr'><strong>et</strong></span> <span class='ocrx_word' id='word_1_422' title='bbox 1137 5025 1327 5076; x_wconf 82' lang='lat' dir='ltr'><strong>uxore,</strong></span> <span class='ocrx_word' id='word_1_423' title='bbox 1354 5020 1409 5065; x_wconf 92' lang='lat' dir='ltr'><strong>et</strong></span> <span class='ocrx_word' id='word_1_424' title='bbox 1448 5019 1622 5064; x_wconf 87' lang='lat' dir='ltr'><strong>metus</strong></span> <span class='ocrx_word' id='word_1_425' title='bbox 1653 5009 1980 5080; x_wconf 85' lang='lat' dir='ltr'><strong>paupertatis</strong></span> <span class='ocrx_word' id='word_1_426' title='bbox 2005 5009 2078 5064; x_wconf 88' lang='lat' dir='ltr'><strong>ir-</strong></span> 
     </span>
    </p>
   </div>
   <div class='ocr_carea' id='block_1_53' title="bbox 493 5099 2077 5171">
    <p class='ocr_par' dir='ltr' id='par_1_53' title="bbox 493 5099 2077 5171">
     <span class='ocr_line' id='line_1_53' title="bbox 493 5099 2077 5171; baseline -0.001 -15"><span class='ocrx_word' id='word_1_427' title='bbox 493 5115 681 5165; x_wconf 86' lang='lat' dir='ltr'><strong>ruens,</strong></span> <span class='ocrx_word' id='word_1_428' title='bbox 697 5100 1090 5158; x_wconf 84' lang='lat' dir='ltr'><strong>velumlaxetet</strong></span> <span class='ocrx_word' id='word_1_429' title='bbox 1107 5102 1361 5158; x_wconf 89' lang='lat' dir='ltr'><strong>remittat.</strong></span> <span class='ocrx_word' id='word_1_430' title='bbox 1376 5099 1508 5156; x_wconf 87' lang='lat' dir='ltr'><strong>Nam</strong></span> <span class='ocrx_word' id='word_1_431' title='bbox 1530 5101 1575 5156; x_wconf 90' lang='lat' dir='ltr'><strong>si</strong></span> <span class='ocrx_word' id='word_1_432' title='bbox 1607 5101 1657 5155; x_wconf 89' lang='lat' dir='ltr'><strong>id</strong></span> <span class='ocrx_word' id='word_1_433' title='bbox 1679 5101 1915 5171; x_wconf 88' lang='lat' dir='ltr'><strong>undique</strong></span> <span class='ocrx_word' id='word_1_434' title='bbox 1930 5109 2077 5155; x_wconf 90' lang='lat' dir='ltr'><strong>recte</strong></span> 
     </span>
    </p>
   </div>
   <div class='ocr_carea' id='block_1_54' title="bbox 495 5191 2075 5263">
    <p class='ocr_par' dir='ltr' id='par_1_54' title="bbox 495 5191 2075 5263">
     <span class='ocr_line' id='line_1_54' title="bbox 495 5191 2075 5263; baseline -0.001 -15"><span class='ocrx_word' id='word_1_435' title='bbox 495 5191 886 5248; x_wconf 87' lang='lat' dir='ltr'><strong>intenderimus</strong></span> <span class='ocrx_word' id='word_1_436' title='bbox 913 5207 1009 5263; x_wconf 87' lang='lat' dir='ltr'><strong>spe</strong></span> <span class='ocrx_word' id='word_1_437' title='bbox 1033 5193 1351 5258; x_wconf 89' lang='lat' dir='ltr'><strong>futurorum,</strong></span> <span class='ocrx_word' id='word_1_438' title='bbox 1374 5203 1520 5248; x_wconf 85' lang='lat' dir='ltr'><strong>recte</strong></span> <span class='ocrx_word' id='word_1_439' title='bbox 1542 5193 1778 5263; x_wconf 88' lang='lat' dir='ltr'><strong>suscepit</strong></span> <span class='ocrx_word' id='word_1_440' title='bbox 1800 5195 2075 5263; x_wconf 82' lang='lat' dir='ltr'><strong>Operatio-</strong></span> 
     </span>
    </p>
   </div>
   <div class='ocr_carea' id='block_1_55' title="bbox 495 5283 2076 5355">
    <p class='ocr_par' dir='ltr' id='par_1_55' title="bbox 495 5283 2076 5355">
     <span class='ocr_line' id='line_1_55' title="bbox 495 5283 2076 5355; baseline 0.002 -17"><span class='ocrx_word' id='word_1_441' title='bbox 495 5300 617 5339; x_wconf 90' lang='lat' dir='ltr'><strong>nem</strong></span> <span class='ocrx_word' id='word_1_442' title='bbox 643 5283 873 5355; x_wconf 81' lang='lat' dir='ltr'><strong>Spiritus</strong></span> <span class='ocrx_word' id='word_1_443' title='bbox 904 5300 918 5336; x_wconf 88' lang='lat'>:</span> <span class='ocrx_word' id='word_1_444' title='bbox 945 5298 1011 5342; x_wconf 84' lang='lat' dir='ltr'><strong>ex</strong></span> <span class='ocrx_word' id='word_1_445' title='bbox 1039 5285 1143 5339; x_wconf 91' lang='lat' dir='ltr'><strong>illis</strong></span> <span class='ocrx_word' id='word_1_446' title='bbox 1171 5295 1350 5339; x_wconf 89' lang='lat' dir='ltr'><strong>autem</strong></span> <span class='ocrx_word' id='word_1_447' title='bbox 1371 5283 1531 5339; x_wconf 87' lang='lat' dir='ltr'><strong>rebus</strong></span> <span class='ocrx_word' id='word_1_448' title='bbox 1547 5284 1762 5340; x_wconf 87' lang='lat' dir='ltr'><strong>caducis</strong></span> <span class='ocrx_word' id='word_1_449' title='bbox 1786 5294 1841 5340; x_wconf 91' lang='lat' dir='ltr'><strong>et</strong></span> <span class='ocrx_word' id='word_1_450' title='bbox 1865 5285 2076 5341; x_wconf 90' lang='lat' dir='ltr'><strong>miseris</strong></span> 
     </span>
    </p>
   </div>
   <div class='ocr_carea' id='block_1_56' title="bbox 495 5376 2073 5449">
    <p class='ocr_par' dir='ltr' id='par_1_56' title="bbox 495 5376 2073 5449">
     <span class='ocr_line' id='line_1_56' title="bbox 495 5376 2073 5449; baseline 0.002 -17"><span class='ocrx_word' id='word_1_451' title='bbox 495 5377 630 5433; x_wconf 92' lang='lat' dir='ltr'><strong>nihil</strong></span> <span class='ocrx_word' id='word_1_452' title='bbox 658 5378 708 5434; x_wconf 93' lang='lat' dir='ltr'><strong>in</strong></span> <span class='ocrx_word' id='word_1_453' title='bbox 738 5393 856 5433; x_wconf 88' lang='lat' dir='ltr'><strong>eam</strong></span> <span class='ocrx_word' id='word_1_454' title='bbox 878 5376 1105 5444; x_wconf 87' lang='lat' dir='ltr'><strong>incidet;</strong></span> <span class='ocrx_word' id='word_1_455' title='bbox 1128 5377 1222 5432; x_wconf 89' lang='lat' dir='ltr'><strong>sed</strong></span> <span class='ocrx_word' id='word_1_456' title='bbox 1241 5378 1343 5433; x_wconf 87' lang='lat' dir='ltr'><strong>etsi</strong></span> <span class='ocrx_word' id='word_1_457' title='bbox 1375 5377 1638 5443; x_wconf 86' lang='lat' dir='ltr'><strong>inciderit,</strong></span> <span class='ocrx_word' id='word_1_458' title='bbox 1665 5377 1834 5449; x_wconf 89' lang='lat' dir='ltr'><strong>ipsam</strong></span> <span class='ocrx_word' id='word_1_459' title='bbox 1857 5379 2073 5449; x_wconf 90' lang='lat' dir='ltr'><strong>quidem</strong></span> 
     </span>
    </p>
   </div>
   <div class='ocr_carea' id='block_1_57' title="bbox 499 5468 2076 5542">
    <p class='ocr_par' dir='ltr' id='par_1_57' title="bbox 499 5468 2076 5542">
     <span class='ocr_line' id='line_1_57' title="bbox 499 5468 2076 5542; baseline 0.004 -19"><span class='ocrx_word' id='word_1_460' title='bbox 499 5468 631 5528; x_wconf 85' lang='lat' dir='ltr'><strong>nihil</strong></span> <span class='ocrx_word' id='word_1_461' title='bbox 652 5471 816 5540; x_wconf 71' lang='lat' dir='ltr'><strong>lmdit,</strong></span> <span class='ocrx_word' id='word_1_462' title='bbox 836 5472 932 5528; x_wconf 86' lang='lat' dir='ltr'><strong>sed</strong></span> <span class='ocrx_word' id='word_1_463' title='bbox 949 5469 1129 5526; x_wconf 87' lang='lat' dir='ltr'><strong>statim</strong></span> <span class='ocrx_word' id='word_1_464' title='bbox 1152 5469 1403 5528; x_wconf 83' lang='lat' dir='ltr'><strong>firmitate</strong></span> <span class='ocrx_word' id='word_1_465' title='bbox 1428 5486 1490 5528; x_wconf 87' lang='lat' dir='ltr'><strong>ac</strong></span> <span class='ocrx_word' id='word_1_466' title='bbox 1505 5470 1698 5528; x_wconf 88' lang='lat' dir='ltr'><strong>duritie</strong></span> <span class='ocrx_word' id='word_1_467' title='bbox 1725 5471 2004 5542; x_wconf 85' lang='lat' dir='ltr'><strong>repellitur</strong></span> <span class='ocrx_word' id='word_1_468' title='bbox 2019 5482 2076 5529; x_wconf 87' lang='lat' dir='ltr'><strong>et</strong></span> 
     </span>
    </p>
   </div>
   <div class='ocr_carea' id='block_1_58' title="bbox 1192 325 2980 386">
    <p class='ocr_par' dir='ltr' id='par_1_58' title="bbox 1192 325 2980 386">
     <span class='ocr_line' id='line_1_58' title="bbox 1192 325 2980 386; baseline 0 -1"><span class='ocrx_word' id='word_1_469' title='bbox 1192 329 1250 385; x_wconf 73' lang='grc' dir='ltr'><strong>ὃ.</strong></span> <span class='ocrx_word' id='word_1_470' title='bbox 1285 326 1560 386; x_wconf 71' lang='grc' dir='ltr'><strong>ιυΑΝΝιδ</strong></span> <span class='ocrx_word' id='word_1_471' title='bbox 1587 327 2054 386; x_wconf 66' lang='grc' dir='ltr'><strong>(1111ιῖ505Τοκί</strong></span> <span class='ocrx_word' id='word_1_472' title='bbox 2094 325 2404 386; x_wconf 68' lang='lat' dir='ltr'><strong>AnlllllEP.</strong></span> <span class='ocrx_word' id='word_1_473' title='bbox 2449 325 2980 386; x_wconf 72' lang='lat' dir='ltr'><strong>CONSTANTINOPs</strong></span> 
     </span>
    </p>
   </div>
   <div class='ocr_carea' id='block_1_59' title="bbox 2140 413 3718 486">
    <p class='ocr_par' dir='ltr' id='par_1_59' title="bbox 2140 413 3718 486">
     <span class='ocr_line' id='line_1_59' title="bbox 2140 413 3718 486; baseline 0.002 -16"><span class='ocrx_word' id='word_1_474' title='bbox 2140 414 2342 472; x_wconf 88' lang='lat' dir='ltr'><strong>excidit</strong></span> <span class='ocrx_word' id='word_1_475' title='bbox 2371 430 2675 472; x_wconf 81' lang='lat' dir='ltr'><strong>excussum.</strong></span> <span class='ocrx_word' id='word_1_476' title='bbox 2706 415 2992 483; x_wconf 86' lang='lat' dir='ltr'><strong>Propterea</strong></span> <span class='ocrx_word' id='word_1_477' title='bbox 3019 427 3148 484; x_wconf 88' lang='lat' dir='ltr'><strong>ergo</strong></span> <span class='ocrx_word' id='word_1_478' title='bbox 3173 413 3330 469; x_wconf 85' lang='lat' dir='ltr'><strong>nobis</strong></span> <span class='ocrx_word' id='word_1_479' title='bbox 3365 429 3555 486; x_wconf 80' lang='lat' dir='ltr'><strong>magna</strong></span> <span class='ocrx_word' id='word_1_480' title='bbox 3579 432 3718 486; x_wconf 88' lang='lat' dir='ltr'><strong>opus</strong></span> 
     </span>
    </p>
   </div>
   <div class='ocr_carea' id='block_1_60' title="bbox 2138 507 3719 577">
    <p class='ocr_par' dir='ltr' id='par_1_60' title="bbox 2138 507 3719 577">
     <span class='ocr_line' id='line_1_60' title="bbox 2138 507 3719 577; baseline 0 -15"><span class='ocrx_word' id='word_1_481' title='bbox 2138 520 2223 562; x_wconf 87' lang='lat' dir='ltr'><strong>est</strong></span> <span class='ocrx_word' id='word_1_482' title='bbox 2250 507 2552 561; x_wconf 89' lang='lat' dir='ltr'><strong>intensione</strong></span> <span class='ocrx_word' id='word_1_483' title='bbox 2585 525 2598 560; x_wconf 92' lang='lat'><strong>:</strong></span> <span class='ocrx_word' id='word_1_484' title='bbox 2635 507 2828 561; x_wconf 90' lang='lat' dir='ltr'><strong>etenim</strong></span> <span class='ocrx_word' id='word_1_485' title='bbox 2867 521 2966 560; x_wconf 92' lang='lat' dir='ltr'><strong>nos</strong></span> <span class='ocrx_word' id='word_1_486' title='bbox 2993 521 3206 576; x_wconf 87' lang='lat' dir='ltr'><strong>quoque</strong></span> <span class='ocrx_word' id='word_1_487' title='bbox 3233 520 3484 576; x_wconf 77' lang='lat' dir='ltr'><strong>magnum</strong></span> <span class='ocrx_word' id='word_1_488' title='bbox 3509 515 3568 560; x_wconf 88' lang='lat' dir='ltr'><strong>et</strong></span> <span class='ocrx_word' id='word_1_489' title='bbox 3591 521 3719 577; x_wconf 76' lang='lat' dir='ltr'><strong>spa-</strong></span> 
     </span>
    </p>
   </div>
   <div class='ocr_carea' id='block_1_61' title="bbox 2143 598 3722 668">
    <p class='ocr_par' dir='ltr' id='par_1_61' title="bbox 2143 598 3722 668">
     <span class='ocr_line' id='line_1_61' title="bbox 2143 598 3722 668; baseline 0.001 -13"><span class='ocrx_word' id='word_1_490' title='bbox 2143 601 2335 655; x_wconf 88' lang='lat' dir='ltr'><strong>tiosum</strong></span> <span class='ocrx_word' id='word_1_491' title='bbox 2380 614 2529 653; x_wconf 89' lang='lat' dir='ltr'><strong>mare</strong></span> <span class='ocrx_word' id='word_1_492' title='bbox 2571 601 2913 668; x_wconf 79' lang='lat' dir='ltr'><strong>navigamus,</strong></span> <span class='ocrx_word' id='word_1_493' title='bbox 2943 599 3160 668; x_wconf 88' lang='lat' dir='ltr'><strong>plenum</strong></span> <span class='ocrx_word' id='word_1_494' title='bbox 3206 599 3392 654; x_wconf 88' lang='lat' dir='ltr'><strong>multis</strong></span> <span class='ocrx_word' id='word_1_495' title='bbox 3433 598 3630 655; x_wconf 88' lang='lat' dir='ltr'><strong>belluis</strong></span> <span class='ocrx_word' id='word_1_496' title='bbox 3665 609 3722 656; x_wconf 85' lang='lat' dir='ltr'><strong>et</strong></span> 
     </span>
    </p>
   </div>
   <div class='ocr_carea' id='block_1_62' title="bbox 2142 691 3720 762">
    <p class='ocr_par' dir='ltr' id='par_1_62' title="bbox 2142 691 3720 762">
     <span class='ocr_line' id='line_1_62' title="bbox 2142 691 3720 762; baseline 0.003 -16"><span class='ocrx_word' id='word_1_497' title='bbox 2142 692 2379 759; x_wconf 72' lang='lat' dir='ltr'><strong>St-opulis</strong></span> <span class='ocrx_word' id='word_1_498' title='bbox 2396 731 2412 757; x_wconf 95' lang='lat'><strong>,</strong></span> <span class='ocrx_word' id='word_1_499' title='bbox 2437 700 2492 747; x_wconf 91' lang='lat' dir='ltr'><strong>et</strong></span> <span class='ocrx_word' id='word_1_500' title='bbox 2513 692 2709 746; x_wconf 87' lang='lat' dir='ltr'><strong>multas</strong></span> <span class='ocrx_word' id='word_1_501' title='bbox 2740 693 2894 746; x_wconf 90' lang='lat' dir='ltr'><strong>nobis</strong></span> <span class='ocrx_word' id='word_1_502' title='bbox 2920 691 3134 762; x_wconf 87' lang='lat' dir='ltr'><strong>pariens</strong></span> <span class='ocrx_word' id='word_1_503' title='bbox 3161 700 3505 761; x_wconf 82' lang='lat' dir='ltr'><strong>tempestates</strong></span> <span class='ocrx_word' id='word_1_504' title='bbox 3525 732 3541 758; x_wconf 89' lang='lat'><strong>,</strong></span> <span class='ocrx_word' id='word_1_505' title='bbox 3574 702 3632 749; x_wconf 84' lang='lat' dir='ltr'><strong>et</strong></span> <span class='ocrx_word' id='word_1_506' title='bbox 3653 708 3720 751; x_wconf 86' lang='lat' dir='ltr'><strong>ex</strong></span> 
     </span>
    </p>
   </div>
   <div class='ocr_carea' id='block_1_63' title="bbox 2143 784 3721 852">
    <p class='ocr_par' dir='ltr' id='par_1_63' title="bbox 2143 784 3721 852">
     <span class='ocr_line' id='line_1_63' title="bbox 2143 784 3721 852; baseline 0.004 -18"><span class='ocrx_word' id='word_1_507' title='bbox 2143 797 2330 852; x_wconf 83' lang='lat' dir='ltr'><strong>magna</strong></span> <span class='ocrx_word' id='word_1_508' title='bbox 2397 784 2686 837; x_wconf 85' lang='lat' dir='ltr'><strong>serenitate</strong></span> <span class='ocrx_word' id='word_1_509' title='bbox 2747 785 3068 838; x_wconf 71' lang='lat' dir='ltr'><strong>smvissimas</strong></span> <span class='ocrx_word' id='word_1_510' title='bbox 3134 784 3397 852; x_wconf 83' lang='lat' dir='ltr'><strong>procellas</strong></span> <span class='ocrx_word' id='word_1_511' title='bbox 3454 786 3721 841; x_wconf 78' lang='lat' dir='ltr'><strong>excitans.</strong></span> 
     </span>
    </p>
   </div>
   <div class='ocr_carea' id='block_1_64' title="bbox 2143 875 3724 948">
    <p class='ocr_par' dir='ltr' id='par_1_64' title="bbox 2143 875 3724 948">
     <span class='ocr_line' id='line_1_64' title="bbox 2143 875 3724 948; baseline 0.004 -20"><span class='ocrx_word' id='word_1_512' title='bbox 2143 875 2368 944; x_wconf 79' lang='lat' dir='ltr'><strong>Oportet</strong></span> <span class='ocrx_word' id='word_1_513' title='bbox 2397 891 2544 946; x_wconf 84' lang='lat' dir='ltr'><strong>ergo,</strong></span> <span class='ocrx_word' id='word_1_514' title='bbox 2572 876 2616 930; x_wconf 92' lang='lat' dir='ltr'><strong>si</strong></span> <span class='ocrx_word' id='word_1_515' title='bbox 2647 877 2875 930; x_wconf 86' lang='lat' dir='ltr'><strong>velimus</strong></span> <span class='ocrx_word' id='word_1_516' title='bbox 2903 877 3061 932; x_wconf 74' lang='lat' dir='ltr'><strong>facile</strong></span> <span class='ocrx_word' id='word_1_517' title='bbox 3087 876 3338 947; x_wconf 76' lang='lat' dir='ltr'><strong>navigare</strong></span> <span class='ocrx_word' id='word_1_518' title='bbox 3363 885 3418 932; x_wconf 91' lang='lat' dir='ltr'><strong>et</strong></span> <span class='ocrx_word' id='word_1_519' title='bbox 3442 877 3562 934; x_wconf 88' lang='lat' dir='ltr'><strong>sine</strong></span> <span class='ocrx_word' id='word_1_520' title='bbox 3583 879 3724 948; x_wconf 87' lang='lat' dir='ltr'><strong>peri-</strong></span> 
     </span>
    </p>
   </div>
   <div class='ocr_carea' id='block_1_65' title="bbox 2143 967 3725 1034">
    <p class='ocr_par' dir='ltr' id='par_1_65' title="bbox 2143 967 3725 1034">
     <span class='ocr_line' id='line_1_65' title="bbox 2143 967 3725 1034; baseline 0.004 -13"><span class='ocrx_word' id='word_1_521' title='bbox 2143 968 2285 1032; x_wconf 92' lang='lat' dir='ltr'><strong>culo,</strong></span> <span class='ocrx_word' id='word_1_522' title='bbox 2311 969 2426 1022; x_wconf 90' lang='lat' dir='ltr'><strong>vela</strong></span> <span class='ocrx_word' id='word_1_523' title='bbox 2459 967 2702 1034; x_wconf 87' lang='lat' dir='ltr'><strong>tendere,</strong></span> <span class='ocrx_word' id='word_1_524' title='bbox 2729 968 2832 1024; x_wconf 89' lang='lat' dir='ltr'><strong>hoc</strong></span> <span class='ocrx_word' id='word_1_525' title='bbox 2859 980 2962 1033; x_wconf 87' lang='lat' dir='ltr'><strong>est,</strong></span> <span class='ocrx_word' id='word_1_526' title='bbox 2990 969 3218 1024; x_wconf 88' lang='lat' dir='ltr'><strong>liberum</strong></span> <span class='ocrx_word' id='word_1_527' title='bbox 3243 969 3407 1024; x_wconf 88' lang='lat' dir='ltr'><strong>animi</strong></span> <span class='ocrx_word' id='word_1_528' title='bbox 3437 971 3605 1026; x_wconf 87' lang='lat' dir='ltr'><strong>nostri</strong></span> <span class='ocrx_word' id='word_1_529' title='bbox 3637 987 3725 1028; x_wconf 83' lang='lat' dir='ltr'><strong>ar-</strong></span> 
     </span>
    </p>
   </div>
   <div class='ocr_carea' id='block_1_66' title="bbox 2145 1061 3724 1128">
    <p class='ocr_par' dir='ltr' id='par_1_66' title="bbox 2145 1061 3724 1128">
     <span class='ocr_line' id='line_1_66' title="bbox 2145 1061 3724 1128; baseline 0.003 -12"><span class='ocrx_word' id='word_1_530' title='bbox 2145 1061 2405 1116; x_wconf 90' lang='lat' dir='ltr'><strong>bitrium:</strong></span> <span class='ocrx_word' id='word_1_531' title='bbox 2449 1061 2553 1116; x_wconf 90' lang='lat' dir='ltr'><strong>hoc</strong></span> <span class='ocrx_word' id='word_1_532' title='bbox 2599 1062 2743 1118; x_wconf 89' lang='lat' dir='ltr'><strong>enim</strong></span> <span class='ocrx_word' id='word_1_533' title='bbox 2797 1062 2953 1116; x_wconf 90' lang='lat' dir='ltr'><strong>nobis</strong></span> <span class='ocrx_word' id='word_1_534' title='bbox 2996 1062 3213 1117; x_wconf 80' lang='lat' dir='ltr'><strong>sufﬁcit.</strong></span> <span class='ocrx_word' id='word_1_535' title='bbox 3264 1062 3396 1117; x_wconf 86' lang='lat' dir='ltr'><strong>Nam</strong></span> <span class='ocrx_word' id='word_1_536' title='bbox 3453 1063 3724 1128; x_wconf 86' lang='lat' dir='ltr'><strong>Abraham</strong></span> 
     </span>
    </p>
   </div>
   <div class='ocr_carea' id='block_1_67' title="bbox 2149 1154 3724 1224">
    <p class='ocr_par' dir='ltr' id='par_1_67' title="bbox 2149 1154 3724 1224">
     <span class='ocr_line' id='line_1_67' title="bbox 2149 1154 3724 1224; baseline 0.003 -18"><span class='ocrx_word' id='word_1_537' title='bbox 2149 1167 2358 1222; x_wconf 89' lang='lat' dir='ltr'><strong>quoque</strong></span> <span class='ocrx_word' id='word_1_538' title='bbox 2383 1164 2659 1224; x_wconf 89' lang='lat' dir='ltr'><strong>postquam</strong></span> <span class='ocrx_word' id='word_1_539' title='bbox 2681 1169 2837 1209; x_wconf 89' lang='lat' dir='ltr'><strong>suum</strong></span> <span class='ocrx_word' id='word_1_540' title='bbox 2859 1154 2922 1209; x_wconf 86' lang='lat' dir='ltr'><strong>ad</strong></span> <span class='ocrx_word' id='word_1_541' title='bbox 2948 1154 3114 1210; x_wconf 90' lang='lat' dir='ltr'><strong>Deum</strong></span> <span class='ocrx_word' id='word_1_542' title='bbox 3137 1154 3362 1210; x_wconf 88' lang='lat' dir='ltr'><strong>intendit</strong></span> <span class='ocrx_word' id='word_1_543' title='bbox 3379 1154 3724 1222; x_wconf 83' lang='lat' dir='ltr'><strong>desiderium,</strong></span> 
     </span>
    </p>
   </div>
   <div class='ocr_carea' id='block_1_68' title="bbox 2151 1245 3729 1320">
    <p class='ocr_par' dir='ltr' id='par_1_68' title="bbox 2151 1245 3729 1320">
     <span class='ocr_line' id='line_1_68' title="bbox 2151 1245 3729 1320; baseline 0.002 -20"><span class='ocrx_word' id='word_1_544' title='bbox 2151 1245 2550 1316; x_wconf 75' lang='lat' dir='ltr'><strong>perfectamque</strong></span> <span class='ocrx_word' id='word_1_545' title='bbox 2575 1257 2628 1302; x_wconf 89' lang='lat' dir='ltr'><strong>et</strong></span> <span class='ocrx_word' id='word_1_546' title='bbox 2656 1246 2916 1317; x_wconf 78' lang='lat' dir='ltr'><strong>integram</strong></span> <span class='ocrx_word' id='word_1_547' title='bbox 2947 1245 3194 1304; x_wconf 75' lang='lat' dir='ltr'><strong>exhibuit</strong></span> <span class='ocrx_word' id='word_1_548' title='bbox 3219 1248 3568 1312; x_wconf 86' lang='lat' dir='ltr'><strong>voluntatem,</strong></span> <span class='ocrx_word' id='word_1_549' title='bbox 3595 1267 3729 1320; x_wconf 84' lang='lat' dir='ltr'><strong>qua-</strong></span> 
     </span>
    </p>
   </div>
   <div class='ocr_carea' id='block_1_69' title="bbox 2147 1337 3728 1408">
    <p class='ocr_par' dir='ltr' id='par_1_69' title="bbox 2147 1337 3728 1408">
     <span class='ocr_line' id='line_1_69' title="bbox 2147 1337 3728 1408; baseline 0.003 -18"><span class='ocrx_word' id='word_1_550' title='bbox 2147 1352 2270 1390; x_wconf 88' lang='lat' dir='ltr'><strong>nam</strong></span> <span class='ocrx_word' id='word_1_551' title='bbox 2295 1351 2354 1391; x_wconf 86' lang='lat' dir='ltr'><strong>re</strong></span> <span class='ocrx_word' id='word_1_552' title='bbox 2380 1337 2483 1392; x_wconf 85' lang='lat' dir='ltr'><strong>alia</strong></span> <span class='ocrx_word' id='word_1_553' title='bbox 2513 1351 2646 1408; x_wconf 87' lang='lat' dir='ltr'><strong>opus</strong></span> <span class='ocrx_word' id='word_1_554' title='bbox 2674 1337 2908 1393; x_wconf 85' lang='lat' dir='ltr'><strong>habuit?</strong></span> <span class='ocrx_word' id='word_1_555' title='bbox 2939 1337 3082 1391; x_wconf 89' lang='lat' dir='ltr'><strong>nulla</strong></span> <span class='ocrx_word' id='word_1_556' title='bbox 3106 1379 3121 1404; x_wconf 87' lang='lat'><strong>,</strong></span> <span class='ocrx_word' id='word_1_557' title='bbox 3150 1339 3243 1393; x_wconf 85' lang='lat' dir='ltr'><strong>sed</strong></span> <span class='ocrx_word' id='word_1_558' title='bbox 3269 1338 3492 1393; x_wconf 80' lang='lat' dir='ltr'><strong>Credidit</strong></span> <span class='ocrx_word' id='word_1_559' title='bbox 3525 1340 3648 1402; x_wconf 88' lang='lat' dir='ltr'><strong>Deo,</strong></span> <span class='ocrx_word' id='word_1_560' title='bbox 3681 1351 3728 1394; x_wconf 81' lang='lat' dir='ltr'><strong>et</strong></span> 
     </span>
    </p>
   </div>
   <div class='ocr_carea' id='block_1_70' title="bbox 2145 1428 3728 1500">
    <p class='ocr_par' dir='ltr' id='par_1_70' title="bbox 2145 1428 3728 1500">
     <span class='ocr_line' id='line_1_70' title="bbox 2145 1428 3728 1500; baseline 0.003 -19"><span class='ocrx_word' id='word_1_561' title='bbox 2145 1435 2431 1497; x_wconf 86' lang='lat' dir='ltr'><strong>reputatum</strong></span> <span class='ocrx_word' id='word_1_562' title='bbox 2457 1437 2532 1484; x_wconf 84' lang='lat' dir='ltr'><strong>est</strong></span> <span class='ocrx_word' id='word_1_563' title='bbox 2557 1428 2602 1483; x_wconf 86' lang='lat' dir='ltr'><strong>ei</strong></span> <span class='ocrx_word' id='word_1_564' title='bbox 2621 1429 2691 1482; x_wconf 81' lang='lat' dir='ltr'><strong>ad</strong></span> <span class='ocrx_word' id='word_1_565' title='bbox 2705 1429 2957 1500; x_wconf 80' lang='lat' dir='ltr'><strong>justitiam</strong></span> <span class='ocrx_word' id='word_1_566' title='bbox 2979 1428 3130 1496; x_wconf 80' lang='lat' dir='ltr'><strong>(Gen.</strong></span> <span class='ocrx_word' id='word_1_567' title='bbox 3164 1429 3250 1484; x_wconf 80' lang='lat' dir='ltr'><strong>l5.</strong></span> <span class='ocrx_word' id='word_1_568' title='bbox 3271 1429 3352 1500; x_wconf 85' lang='lat'><strong>6).</strong></span> <span class='ocrx_word' id='word_1_569' title='bbox 3370 1429 3525 1486; x_wconf 79' lang='lat' dir='ltr'><strong>Fides</strong></span> <span class='ocrx_word' id='word_1_570' title='bbox 3551 1440 3728 1486; x_wconf 88' lang='lat' dir='ltr'><strong>autem</strong></span> 
     </span>
    </p>
   </div>
   <div class='ocr_carea' id='block_1_71' title="bbox 2147 1519 3731 1591">
    <p class='ocr_par' dir='ltr' id='par_1_71' title="bbox 2147 1519 3731 1591">
     <span class='ocr_line' id='line_1_71' title="bbox 2147 1519 3731 1591; baseline 0.003 -18"><span class='ocrx_word' id='word_1_571' title='bbox 2147 1528 2230 1573; x_wconf 88' lang='lat' dir='ltr'><strong>est</strong></span> <span class='ocrx_word' id='word_1_572' title='bbox 2252 1534 2397 1590; x_wconf 70' lang='lat' dir='ltr'><strong>pura:</strong></span> <span class='ocrx_word' id='word_1_573' title='bbox 2417 1529 2473 1574; x_wconf 85' lang='lat' dir='ltr'><strong>et</strong></span> <span class='ocrx_word' id='word_1_574' title='bbox 2487 1519 2711 1575; x_wconf 68' lang='lat' dir='ltr'><strong>sincerae</strong></span> <span class='ocrx_word' id='word_1_575' title='bbox 2729 1519 3035 1574; x_wconf 86' lang='lat' dir='ltr'><strong>voluntatis.</strong></span> <span class='ocrx_word' id='word_1_576' title='bbox 3052 1519 3255 1574; x_wconf 89' lang='lat' dir='ltr'><strong>Obtulit</strong></span> <span class='ocrx_word' id='word_1_577' title='bbox 3275 1520 3462 1583; x_wconf 82' lang='lat' dir='ltr'><strong>lilium,</strong></span> <span class='ocrx_word' id='word_1_578' title='bbox 3484 1533 3535 1577; x_wconf 88' lang='lat' dir='ltr'><strong>et</strong></span> <span class='ocrx_word' id='word_1_579' title='bbox 3551 1539 3731 1591; x_wconf 88' lang='lat' dir='ltr'><strong>quam-</strong></span> 
     </span>
    </p>
   </div>
   <div class='ocr_carea' id='block_1_72' title="bbox 2148 1609 3733 1682">
    <p class='ocr_par' dir='ltr' id='par_1_72' title="bbox 2148 1609 3733 1682">
     <span class='ocr_line' id='line_1_72' title="bbox 2148 1609 3733 1682; baseline 0.004 -19"><span class='ocrx_word' id='word_1_580' title='bbox 2148 1609 2229 1663; x_wconf 87' lang='lat' dir='ltr'><strong>vis</strong></span> <span class='ocrx_word' id='word_1_581' title='bbox 2259 1624 2363 1665; x_wconf 90' lang='lat' dir='ltr'><strong>non</strong></span> <span class='ocrx_word' id='word_1_582' title='bbox 2391 1611 2668 1676; x_wconf 90' lang='lat' dir='ltr'><strong>occiderit,</strong></span> <span class='ocrx_word' id='word_1_583' title='bbox 2687 1611 2893 1682; x_wconf 84' lang='lat' dir='ltr'><strong>accepit</strong></span> <span class='ocrx_word' id='word_1_584' title='bbox 2921 1621 3100 1668; x_wconf 83' lang='lat' dir='ltr'><strong>tamen</strong></span> <span class='ocrx_word' id='word_1_585' title='bbox 3123 1613 3422 1668; x_wconf 89' lang='lat' dir='ltr'><strong>mercedem</strong></span> <span class='ocrx_word' id='word_1_586' title='bbox 3445 1629 3506 1668; x_wconf 77' lang='lat' dir='ltr'><strong>ac</strong></span> <span class='ocrx_word' id='word_1_587' title='bbox 3535 1615 3733 1669; x_wconf 83' lang='lat' dir='ltr'><strong>siocci-</strong></span> 
     </span>
    </p>
   </div>
   <div class='ocr_carea' id='block_1_73' title="bbox 2149 1701 3729 1774">
    <p class='ocr_par' dir='ltr' id='par_1_73' title="bbox 2149 1701 3729 1774">
     <span class='ocr_line' id='line_1_73' title="bbox 2149 1701 3729 1774; baseline 0.002 -17"><span class='ocrx_word' id='word_1_588' title='bbox 2149 1701 2312 1759; x_wconf 86' lang='lat' dir='ltr'><strong>disset</strong></span> <span class='ocrx_word' id='word_1_589' title='bbox 2329 1719 2345 1770; x_wconf 89' lang='lat'><strong>;</strong></span> <span class='ocrx_word' id='word_1_590' title='bbox 2365 1714 2423 1760; x_wconf 93' lang='lat' dir='ltr'><strong>et</strong></span> <span class='ocrx_word' id='word_1_591' title='bbox 2444 1705 2687 1774; x_wconf 88' lang='lat' dir='ltr'><strong>quamvis</strong></span> <span class='ocrx_word' id='word_1_592' title='bbox 2709 1704 2904 1760; x_wconf 86' lang='lat' dir='ltr'><strong>factum</strong></span> <span class='ocrx_word' id='word_1_593' title='bbox 2935 1721 3047 1763; x_wconf 87' lang='lat' dir='ltr'><strong>non</strong></span> <span class='ocrx_word' id='word_1_594' title='bbox 3077 1714 3221 1762; x_wconf 89' lang='lat' dir='ltr'><strong>esset</strong></span> <span class='ocrx_word' id='word_1_595' title='bbox 3241 1705 3514 1774; x_wconf 80' lang='lat' dir='ltr'><strong>apus,tlata</strong></span> <span class='ocrx_word' id='word_1_596' title='bbox 3537 1718 3620 1763; x_wconf 73' lang='lat' dir='ltr'><strong>est</strong></span> <span class='ocrx_word' id='word_1_597' title='bbox 3647 1719 3729 1760; x_wconf 88' lang='lat' dir='ltr'><strong>ta-</strong></span> 
     </span>
    </p>
   </div>
   <div class='ocr_carea' id='block_1_74' title="bbox 2147 1797 3731 1870">
    <p class='ocr_par' dir='ltr' id='par_1_74' title="bbox 2147 1797 3731 1870">
     <span class='ocr_line' id='line_1_74' title="bbox 2147 1797 3731 1870; baseline 0.006 -21"><span class='ocrx_word' id='word_1_598' title='bbox 2147 1809 2267 1850; x_wconf 82' lang='lat' dir='ltr'><strong>men</strong></span> <span class='ocrx_word' id='word_1_599' title='bbox 2285 1811 2514 1853; x_wconf 86' lang='lat' dir='ltr'><strong>merces.</strong></span> <span class='ocrx_word' id='word_1_600' title='bbox 2533 1797 2652 1853; x_wconf 90' lang='lat' dir='ltr'><strong>Sint</strong></span> <span class='ocrx_word' id='word_1_601' title='bbox 2671 1813 2800 1870; x_wconf 84' lang='lat' dir='ltr'><strong>ergo</strong></span> <span class='ocrx_word' id='word_1_602' title='bbox 2819 1799 2978 1856; x_wconf 88' lang='lat' dir='ltr'><strong>nobis</strong></span> <span class='ocrx_word' id='word_1_603' title='bbox 3002 1801 3118 1856; x_wconf 89' lang='lat' dir='ltr'><strong>vela</strong></span> <span class='ocrx_word' id='word_1_604' title='bbox 3149 1800 3367 1868; x_wconf 85' lang='lat' dir='ltr'><strong>munda,</strong></span> <span class='ocrx_word' id='word_1_605' title='bbox 3395 1817 3529 1856; x_wconf 87' lang='lat' dir='ltr'><strong>nova</strong></span> <span class='ocrx_word' id='word_1_606' title='bbox 3553 1812 3604 1856; x_wconf 76' lang='lat' dir='ltr'><strong>et</strong></span> <span class='ocrx_word' id='word_1_607' title='bbox 3624 1818 3731 1858; x_wconf 86' lang='lat' dir='ltr'><strong>non</strong></span> 
     </span>
    </p>
   </div>
   <div class='ocr_carea' id='block_1_75' title="bbox 2147 1885 3731 1962">
    <p class='ocr_par' dir='ltr' id='par_1_75' title="bbox 2147 1885 3731 1962">
     <span class='ocr_line' id='line_1_75' title="bbox 2147 1885 3731 1962; baseline 0.004 -22"><span class='ocrx_word' id='word_1_608' title='bbox 2147 1885 2441 1942; x_wconf 83' lang='lat' dir='ltr'><strong>inveterata</strong></span> <span class='ocrx_word' id='word_1_609' title='bbox 2473 1905 2488 1941; x_wconf 91' lang='lat'><strong>:</strong></span> <span class='ocrx_word' id='word_1_610' title='bbox 2532 1887 2671 1944; x_wconf 83' lang='lat' dir='ltr'><strong>Nam</strong></span> <span class='ocrx_word' id='word_1_611' title='bbox 2694 1891 2938 1959; x_wconf 79' lang='lat' dir='ltr'><strong>quidquid</strong></span> <span class='ocrx_word' id='word_1_612' title='bbox 2961 1893 3275 1947; x_wconf 75' lang='lat' dir='ltr'><strong>inveterascit</strong></span> <span class='ocrx_word' id='word_1_613' title='bbox 3301 1901 3348 1947; x_wconf 87' lang='lat' dir='ltr'><strong>et</strong></span> <span class='ocrx_word' id='word_1_614' title='bbox 3389 1896 3731 1962; x_wconf 83' lang='lat' dir='ltr'><strong>consenescit,</strong></span> 
     </span>
    </p>
   </div>
   <div class='ocr_carea' id='block_1_76' title="bbox 2148 1978 3733 2055">
    <p class='ocr_par' dir='ltr' id='par_1_76' title="bbox 2148 1978 3733 2055">
     <span class='ocr_line' id='line_1_76' title="bbox 2148 1978 3733 2055; baseline 0.007 -24"><span class='ocrx_word' id='word_1_615' title='bbox 2148 1993 2305 2047; x_wconf 77' lang='lat' dir='ltr'><strong>prope</strong></span> <span class='ocrx_word' id='word_1_616' title='bbox 2328 1978 2582 2036; x_wconf 81' lang='lat' dir='ltr'><strong>interitum</strong></span> <span class='ocrx_word' id='word_1_617' title='bbox 2612 1992 2687 2036; x_wconf 84' lang='lat' dir='ltr'><strong>est</strong></span> <span class='ocrx_word' id='word_1_618' title='bbox 2712 1984 2732 2052; x_wconf 92' lang='lat'><strong>(</strong></span> <span class='ocrx_word' id='word_1_619' title='bbox 2757 1981 2912 2039; x_wconf 82' lang='lat' dir='ltr'><strong>Ilebr.</strong></span> <span class='ocrx_word' id='word_1_620' title='bbox 2943 1984 2995 2038; x_wconf 89' lang='lat'><strong>8.</strong></span> <span class='ocrx_word' id='word_1_621' title='bbox 3028 1985 3095 2039; x_wconf 81' lang='grc'><strong>13</strong></span> <span class='ocrx_word' id='word_1_622' title='bbox 3115 1985 3168 2055; x_wconf 89' lang='lat'><strong>):</strong></span> <span class='ocrx_word' id='word_1_623' title='bbox 3203 2000 3307 2038; x_wconf 91' lang='lat' dir='ltr'><strong>non</strong></span> <span class='ocrx_word' id='word_1_624' title='bbox 3336 1985 3599 2055; x_wconf 86' lang='lat' dir='ltr'><strong>perforata</strong></span> <span class='ocrx_word' id='word_1_625' title='bbox 3631 2028 3646 2050; x_wconf 89' lang='lat'><strong>,</strong></span> <span class='ocrx_word' id='word_1_626' title='bbox 3673 1997 3733 2042; x_wconf 92' lang='lat' dir='ltr'><strong>ut</strong></span> 
     </span>
    </p>
   </div>
   <div class='ocr_carea' id='block_1_77' title="bbox 2147 2069 3735 2144">
    <p class='ocr_par' dir='ltr' id='par_1_77' title="bbox 2147 2069 3735 2144">
     <span class='ocr_line' id='line_1_77' title="bbox 2147 2069 3735 2144; baseline 0.005 -20"><span class='ocrx_word' id='word_1_627' title='bbox 2147 2069 2458 2125; x_wconf 88' lang='lat' dir='ltr'><strong>contineant</strong></span> <span class='ocrx_word' id='word_1_628' title='bbox 2481 2073 3090 2144; x_wconf 74' lang='lat' dir='ltr'><strong>OperationemSpiritus</strong></span> <span class='ocrx_word' id='word_1_629' title='bbox 3119 2091 3134 2131; x_wconf 88' lang='lat'><strong>:</strong></span> <span class='ocrx_word' id='word_1_630' title='bbox 3168 2076 3416 2131; x_wconf 82' lang='lat' dir='ltr'><strong>Animalis</strong></span> <span class='ocrx_word' id='word_1_631' title='bbox 3435 2077 3578 2132; x_wconf 89' lang='lat' dir='ltr'><strong>enim</strong></span> <span class='ocrx_word' id='word_1_632' title='bbox 3603 2117 3620 2143; x_wconf 89' lang='lat'><strong>,</strong></span> <span class='ocrx_word' id='word_1_633' title='bbox 3651 2077 3735 2132; x_wconf 83' lang='lat' dir='ltr'><strong>in-</strong></span> 
     </span>
    </p>
   </div>
   <div class='ocr_carea' id='block_1_78' title="bbox 2149 2162 3730 2240">
    <p class='ocr_par' dir='ltr' id='par_1_78' title="bbox 2149 2162 3730 2240">
     <span class='ocr_line' id='line_1_78' title="bbox 2149 2162 3730 2240; baseline 0.007 -28"><span class='ocrx_word' id='word_1_634' title='bbox 2149 2162 2284 2227; x_wconf 88' lang='lat' dir='ltr'><strong>quit,</strong></span> <span class='ocrx_word' id='word_1_635' title='bbox 2299 2162 2447 2217; x_wconf 81' lang='lat' dir='ltr'><strong>homo</strong></span> <span class='ocrx_word' id='word_1_636' title='bbox 2463 2181 2562 2218; x_wconf 83' lang='lat' dir='ltr'><strong>non</strong></span> <span class='ocrx_word' id='word_1_637' title='bbox 2579 2167 2713 2231; x_wconf 86' lang='lat' dir='ltr'><strong>capit</strong></span> <span class='ocrx_word' id='word_1_638' title='bbox 2738 2181 2798 2219; x_wconf 86' lang='lat' dir='ltr'><strong>ea</strong></span> <span class='ocrx_word' id='word_1_639' title='bbox 2821 2181 2930 2235; x_wconf 74' lang='lat' dir='ltr'><strong>qua</strong></span> <span class='ocrx_word' id='word_1_640' title='bbox 2948 2176 3066 2221; x_wconf 76' lang='lat' dir='ltr'><strong>sunt</strong></span> <span class='ocrx_word' id='word_1_641' title='bbox 3092 2166 3316 2238; x_wconf 84' lang='lat' dir='ltr'><strong>Spiritus</strong></span> <span class='ocrx_word' id='word_1_642' title='bbox 3331 2169 3377 2240; x_wconf 93' lang='lat' dir='ltr'><strong>(l</strong></span> <span class='ocrx_word' id='word_1_643' title='bbox 3395 2209 3407 2222; x_wconf 95' lang='lat'><strong>.</strong></span> <span class='ocrx_word' id='word_1_644' title='bbox 3423 2167 3539 2223; x_wconf 86' lang='lat' dir='ltr'><strong>Cor.</strong></span> <span class='ocrx_word' id='word_1_645' title='bbox 3553 2168 3636 2223; x_wconf 77' lang='lat' dir='ltr'><strong>9..l</strong></span> <span class='ocrx_word' id='word_1_646' title='bbox 3652 2170 3730 2236; x_wconf 70' lang='grc'><strong>4).</strong></span> 
     </span>
    </p>
   </div>
   <div class='ocr_carea' id='block_1_79' title="bbox 2149 2252 3730 2330">
    <p class='ocr_par' dir='ltr' id='par_1_79' title="bbox 2149 2252 3730 2330">
     <span class='ocr_line' id='line_1_79' title="bbox 2149 2252 3730 2330; baseline 0.004 -22"><span class='ocrx_word' id='word_1_647' title='bbox 2149 2252 2454 2310; x_wconf 86' lang='lat' dir='ltr'><strong>Sicutenim</strong></span> <span class='ocrx_word' id='word_1_648' title='bbox 2477 2256 2596 2311; x_wconf 65' lang='lat' dir='ltr'><strong>telae</strong></span> <span class='ocrx_word' id='word_1_649' title='bbox 2611 2272 2926 2313; x_wconf 88' lang='lat' dir='ltr'><strong>aranearum</strong></span> <span class='ocrx_word' id='word_1_650' title='bbox 2946 2258 3051 2312; x_wconf 90' lang='lat' dir='ltr'><strong>vim</strong></span> <span class='ocrx_word' id='word_1_651' title='bbox 3071 2260 3212 2314; x_wconf 87' lang='lat' dir='ltr'><strong>venti</strong></span> <span class='ocrx_word' id='word_1_652' title='bbox 3240 2275 3344 2314; x_wconf 91' lang='lat' dir='ltr'><strong>non</strong></span> <span class='ocrx_word' id='word_1_653' title='bbox 3360 2262 3689 2330; x_wconf 83' lang='lat' dir='ltr'><strong>susceperint</strong></span> <span class='ocrx_word' id='word_1_654' title='bbox 3716 2279 3730 2314; x_wconf 86' lang='lat'><strong>;</strong></span> 
     </span>
    </p>
   </div>
   <div class='ocr_carea' id='block_1_80' title="bbox 2152 2344 3733 2418">
    <p class='ocr_par' dir='ltr' id='par_1_80' title="bbox 2152 2344 3733 2418">
     <span class='ocr_line' id='line_1_80' title="bbox 2152 2344 3733 2418; baseline 0.005 -20"><span class='ocrx_word' id='word_1_655' title='bbox 2152 2344 2221 2398; x_wconf 86' lang='lat' dir='ltr'><strong>ita</strong></span> <span class='ocrx_word' id='word_1_656' title='bbox 2249 2360 2348 2401; x_wconf 89' lang='lat' dir='ltr'><strong>nec</strong></span> <span class='ocrx_word' id='word_1_657' title='bbox 2375 2346 2552 2401; x_wconf 89' lang='lat' dir='ltr'><strong>anima</strong></span> <span class='ocrx_word' id='word_1_658' title='bbox 2579 2346 2735 2418; x_wconf 87' lang='lat' dir='ltr'><strong>hujus</strong></span> <span class='ocrx_word' id='word_1_659' title='bbox 2763 2349 2885 2402; x_wconf 64' lang='lat' dir='ltr'><strong>vita:</strong></span> <span class='ocrx_word' id='word_1_660' title='bbox 2908 2348 3054 2404; x_wconf 90' lang='lat' dir='ltr'><strong>curis</strong></span> <span class='ocrx_word' id='word_1_661' title='bbox 3079 2348 3279 2415; x_wconf 87' lang='lat' dir='ltr'><strong>dedita,</strong></span> <span class='ocrx_word' id='word_1_662' title='bbox 3307 2366 3405 2406; x_wconf 89' lang='lat' dir='ltr'><strong>nec</strong></span> <span class='ocrx_word' id='word_1_663' title='bbox 3431 2351 3590 2404; x_wconf 86' lang='lat' dir='ltr'><strong>homo</strong></span> <span class='ocrx_word' id='word_1_664' title='bbox 3617 2355 3733 2406; x_wconf 90' lang='lat' dir='ltr'><strong>ani-</strong></span> 
     </span>
    </p>
   </div>
   <div class='ocr_carea' id='block_1_81' title="bbox 2152 2436 3735 2510">
    <p class='ocr_par' dir='ltr' id='par_1_81' title="bbox 2152 2436 3735 2510">
     <span class='ocr_line' id='line_1_81' title="bbox 2152 2436 3735 2510; baseline 0.006 -21"><span class='ocrx_word' id='word_1_665' title='bbox 2152 2436 2306 2491; x_wconf 82' lang='lat' dir='ltr'><strong>malis</strong></span> <span class='ocrx_word' id='word_1_666' title='bbox 2332 2437 2528 2508; x_wconf 88' lang='lat' dir='ltr'><strong>poterit</strong></span> <span class='ocrx_word' id='word_1_667' title='bbox 2552 2454 2804 2509; x_wconf 89' lang='lat' dir='ltr'><strong>umquam</strong></span> <span class='ocrx_word' id='word_1_668' title='bbox 2827 2440 3102 2510; x_wconf 89' lang='lat' dir='ltr'><strong>suscipere</strong></span> <span class='ocrx_word' id='word_1_669' title='bbox 3126 2441 3350 2509; x_wconf 85' lang='lat' dir='ltr'><strong>gratiam</strong></span> <span class='ocrx_word' id='word_1_670' title='bbox 3379 2441 3627 2510; x_wconf 87' lang='lat' dir='ltr'><strong>Spiritus.</strong></span> <span class='ocrx_word' id='word_1_671' title='bbox 3653 2443 3735 2498; x_wconf 76' lang='lat' dir='ltr'><strong>Ab</strong></span> 
     </span>
    </p>
   </div>
   <div class='ocr_carea' id='block_1_82' title="bbox 2153 2529 3733 2601">
    <p class='ocr_par' dir='ltr' id='par_1_82' title="bbox 2153 2529 3733 2601">
     <span class='ocr_line' id='line_1_82' title="bbox 2153 2529 3733 2601; baseline 0.003 -19"><span class='ocrx_word' id='word_1_672' title='bbox 2153 2529 2261 2584; x_wconf 85' lang='lat' dir='ltr'><strong>illis</strong></span> <span class='ocrx_word' id='word_1_673' title='bbox 2290 2531 2434 2584; x_wconf 89' lang='lat' dir='ltr'><strong>enim</strong></span> <span class='ocrx_word' id='word_1_674' title='bbox 2465 2529 2594 2584; x_wconf 90' lang='lat' dir='ltr'><strong>nihil</strong></span> <span class='ocrx_word' id='word_1_675' title='bbox 2622 2529 2824 2584; x_wconf 86' lang='lat' dir='ltr'><strong>distant</strong></span> <span class='ocrx_word' id='word_1_676' title='bbox 2847 2539 3044 2585; x_wconf 68' lang='lat' dir='ltr'><strong>nostrai</strong></span> <span class='ocrx_word' id='word_1_677' title='bbox 3072 2531 3448 2600; x_wconf 83' lang='lat' dir='ltr'><strong>cogitationes,</strong></span> <span class='ocrx_word' id='word_1_678' title='bbox 3473 2534 3588 2586; x_wconf 89' lang='lat' dir='ltr'><strong>visu</strong></span> <span class='ocrx_word' id='word_1_679' title='bbox 3618 2534 3733 2601; x_wconf 91' lang='lat' dir='ltr'><strong>qni-</strong></span> 
     </span>
    </p>
   </div>
   <div class='ocr_carea' id='block_1_83' title="bbox 2150 2619 3734 2693">
    <p class='ocr_par' dir='ltr' id='par_1_83' title="bbox 2150 2619 3734 2693">
     <span class='ocr_line' id='line_1_83' title="bbox 2150 2619 3734 2693; baseline 0.003 -19"><span class='ocrx_word' id='word_1_680' title='bbox 2150 2619 2273 2675; x_wconf 82' lang='lat' dir='ltr'><strong>dem</strong></span> <span class='ocrx_word' id='word_1_681' title='bbox 2311 2623 2482 2680; x_wconf 89' lang='lat' dir='ltr'><strong>solum</strong></span> <span class='ocrx_word' id='word_1_682' title='bbox 2511 2635 2792 2678; x_wconf 84' lang='lat' dir='ltr'><strong>servantes</strong></span> <span class='ocrx_word' id='word_1_683' title='bbox 2820 2623 3259 2692; x_wconf 86' lang='lat' dir='ltr'><strong>consequentiam</strong></span> <span class='ocrx_word' id='word_1_684' title='bbox 3284 2664 3298 2686; x_wconf 93' lang='lat'><strong>,</strong></span> <span class='ocrx_word' id='word_1_685' title='bbox 3331 2623 3548 2693; x_wconf 70' lang='lat' dir='ltr'><strong>privatae</strong></span> <span class='ocrx_word' id='word_1_686' title='bbox 3587 2625 3734 2679; x_wconf 77' lang='lat' dir='ltr'><strong>omni</strong></span> 
     </span>
    </p>
   </div>
   <div class='ocr_carea' id='block_1_84' title="bbox 2153 2712 3732 2784">
    <p class='ocr_par' dir='ltr' id='par_1_84' title="bbox 2153 2712 3732 2784">
     <span class='ocr_line' id='line_1_84' title="bbox 2153 2712 3732 2784; baseline 0.003 -20"><span class='ocrx_word' id='word_1_687' title='bbox 2153 2712 2366 2767; x_wconf 87' lang='lat' dir='ltr'><strong>virtute.</strong></span> <span class='ocrx_word' id='word_1_688' title='bbox 2395 2712 2500 2768; x_wconf 91' lang='lat' dir='ltr'><strong>Sed</strong></span> <span class='ocrx_word' id='word_1_689' title='bbox 2526 2721 2708 2768; x_wconf 88' lang='lat' dir='ltr'><strong>nostra</strong></span> <span class='ocrx_word' id='word_1_690' title='bbox 2740 2729 2844 2769; x_wconf 91' lang='lat' dir='ltr'><strong>non</strong></span> <span class='ocrx_word' id='word_1_691' title='bbox 2868 2724 2991 2768; x_wconf 91' lang='lat' dir='ltr'><strong>sunt</strong></span> <span class='ocrx_word' id='word_1_692' title='bbox 3013 2712 3338 2784; x_wconf 80' lang='lat' dir='ltr'><strong>liujusmodi,</strong></span> <span class='ocrx_word' id='word_1_693' title='bbox 3365 2715 3408 2768; x_wconf 89' lang='lat' dir='ltr'><strong>si</strong></span> <span class='ocrx_word' id='word_1_694' title='bbox 3429 2715 3732 2783; x_wconf 82' lang='lat' dir='ltr'><strong>sapiamus;</strong></span> 
     </span>
    </p>
   </div>
   <div class='ocr_carea' id='block_1_85' title="bbox 2151 2802 3738 2872">
    <p class='ocr_par' dir='ltr' id='par_1_85' title="bbox 2151 2802 3738 2872">
     <span class='ocr_line' id='line_1_85' title="bbox 2151 2802 3738 2872; baseline 0.003 -16"><span class='ocrx_word' id='word_1_695' title='bbox 2151 2802 2244 2857; x_wconf 87' lang='lat' dir='ltr'><strong>sed</strong></span> <span class='ocrx_word' id='word_1_696' title='bbox 2266 2802 2523 2872; x_wconf 86' lang='lat' dir='ltr'><strong>quidquid</strong></span> <span class='ocrx_word' id='word_1_697' title='bbox 2552 2802 2818 2868; x_wconf 85' lang='lat' dir='ltr'><strong>inciderit,</strong></span> <span class='ocrx_word' id='word_1_698' title='bbox 2835 2813 3018 2860; x_wconf 89' lang='lat' dir='ltr'><strong>tenent</strong></span> <span class='ocrx_word' id='word_1_699' title='bbox 3045 2805 3244 2869; x_wconf 84' lang='lat' dir='ltr'><strong>omnia,</strong></span> <span class='ocrx_word' id='word_1_700' title='bbox 3269 2814 3323 2859; x_wconf 89' lang='lat' dir='ltr'><strong>et</strong></span> <span class='ocrx_word' id='word_1_701' title='bbox 3343 2815 3468 2859; x_wconf 87' lang='lat' dir='ltr'><strong>sunt</strong></span> <span class='ocrx_word' id='word_1_702' title='bbox 3487 2804 3738 2860; x_wconf 85' lang='lat' dir='ltr'><strong>omnibus</strong></span> 
     </span>
    </p>
   </div>
   <div class='ocr_carea' id='block_1_86' title="bbox 2152 2896 3235 2966">
    <p class='ocr_par' dir='ltr' id='par_1_86' title="bbox 2152 2896 3235 2966">
     <span class='ocr_line' id='line_1_86' title="bbox 2152 2896 3235 2966; baseline 0.001 -16"><span class='ocrx_word' id='word_1_703' title='bbox 2152 2896 2449 2966; x_wconf 87' lang='lat' dir='ltr'><strong>superiora,</strong></span> <span class='ocrx_word' id='word_1_704' title='bbox 2477 2905 2532 2950; x_wconf 86' lang='lat' dir='ltr'><strong>et</strong></span> <span class='ocrx_word' id='word_1_705' title='bbox 2555 2897 2745 2966; x_wconf 88' lang='lat' dir='ltr'><strong>quovis</strong></span> <span class='ocrx_word' id='word_1_706' title='bbox 2776 2897 2966 2964; x_wconf 65' lang='lat' dir='ltr'><strong>laqueo</strong></span> <span class='ocrx_word' id='word_1_707' title='bbox 2991 2897 3235 2952; x_wconf 85' lang='lat' dir='ltr'><strong>fortiora.</strong></span> 
     </span>
    </p>
   </div>
   <div class='ocr_carea' id='block_1_87' title="bbox 2224 2989 3741 3061">
    <p class='ocr_par' dir='ltr' id='par_1_87' title="bbox 2224 2989 3741 3061">
     <span class='ocr_line' id='line_1_87' title="bbox 2224 2989 3741 3061; baseline 0.001 -17"><span class='ocrx_word' id='word_1_708' title='bbox 2224 2989 2524 3060; x_wconf 83' lang='lat' dir='ltr'><strong>Spiritualis</strong></span> <span class='ocrx_word' id='word_1_709' title='bbox 2545 2991 2717 3044; x_wconf 85' lang='lat' dir='ltr'><strong>omnia</strong></span> <span class='ocrx_word' id='word_1_710' title='bbox 2741 2997 2838 3061; x_wconf 79' lang='lat' dir='ltr'><strong>[ert</strong></span> <span class='ocrx_word' id='word_1_711' title='bbox 2857 2990 3247 3046; x_wconf 80' lang='lat' dir='ltr'><strong>libenter.—Sit</strong></span> <span class='ocrx_word' id='word_1_712' title='bbox 3271 2990 3415 3046; x_wconf 89' lang='lat' dir='ltr'><strong>enim</strong></span> <span class='ocrx_word' id='word_1_713' title='bbox 3444 2991 3524 3046; x_wconf 92' lang='lat' dir='ltr'><strong>vir</strong></span> <span class='ocrx_word' id='word_1_714' title='bbox 3543 2991 3741 3061; x_wconf 81' lang='lat' dir='ltr'><strong>aliquis</strong></span> 
     </span>
    </p>
   </div>
   <div class='ocr_carea' id='block_1_88' title="bbox 2111 3081 3740 3152">
    <p class='ocr_par' dir='ltr' id='par_1_88' title="bbox 2111 3081 3740 3152">
     <span class='ocr_line' id='line_1_88' title="bbox 2111 3081 3740 3152; baseline 0.001 -17"><span class='ocrx_word' id='word_1_715' title='bbox 2111 3114 2115 3119; x_wconf 74' lang='grc' dir='ltr'><strong>ι</strong></span> <span class='ocrx_word' id='word_1_716' title='bbox 2153 3081 2464 3150; x_wconf 89' lang='lat' dir='ltr'><strong>spiritualis,</strong></span> <span class='ocrx_word' id='word_1_717' title='bbox 2493 3090 2548 3135; x_wconf 91' lang='lat' dir='ltr'><strong>et</strong></span> <span class='ocrx_word' id='word_1_718' title='bbox 2569 3081 2616 3136; x_wconf 87' lang='lat' dir='ltr'><strong>ei</strong></span> <span class='ocrx_word' id='word_1_719' title='bbox 2645 3083 2953 3152; x_wconf 86' lang='lat' dir='ltr'><strong>contingant</strong></span> <span class='ocrx_word' id='word_1_720' title='bbox 2980 3082 3390 3137; x_wconf 75' lang='lat' dir='ltr'><strong>innumerabilia</strong></span> <span class='ocrx_word' id='word_1_721' title='bbox 3419 3082 3554 3137; x_wconf 86' lang='lat' dir='ltr'><strong>mala</strong></span> <span class='ocrx_word' id='word_1_722' title='bbox 3573 3093 3626 3138; x_wconf 88' lang='lat' dir='ltr'><strong>et</strong></span> <span class='ocrx_word' id='word_1_723' title='bbox 3657 3084 3740 3146; x_wconf 87' lang='lat' dir='ltr'><strong>in-</strong></span> 
     </span>
    </p>
   </div>
   <div class='ocr_carea' id='block_1_89' title="bbox 2153 3172 3736 3244">
    <p class='ocr_par' dir='ltr' id='par_1_89' title="bbox 2153 3172 3736 3244">
     <span class='ocr_line' id='line_1_89' title="bbox 2153 3172 3736 3244; baseline 0.002 -17"><span class='ocrx_word' id='word_1_724' title='bbox 2153 3172 2456 3238; x_wconf 86' lang='lat' dir='ltr'><strong>commoda,</strong></span> <span class='ocrx_word' id='word_1_725' title='bbox 2482 3189 2510 3223; x_wconf 89' lang='lat' dir='ltr'><strong>a</strong></span> <span class='ocrx_word' id='word_1_726' title='bbox 2535 3173 2678 3227; x_wconf 87' lang='lat' dir='ltr'><strong>nullo</strong></span> <span class='ocrx_word' id='word_1_727' title='bbox 2704 3188 2890 3227; x_wconf 90' lang='lat' dir='ltr'><strong>eorum</strong></span> <span class='ocrx_word' id='word_1_728' title='bbox 2918 3174 3144 3243; x_wconf 88' lang='lat' dir='ltr'><strong>capitur.</strong></span> <span class='ocrx_word' id='word_1_729' title='bbox 3173 3174 3237 3228; x_wconf 86' lang='lat' dir='ltr'><strong>Et</strong></span> <span class='ocrx_word' id='word_1_730' title='bbox 3265 3174 3392 3244; x_wconf 90' lang='lat' dir='ltr'><strong>quid</strong></span> <span class='ocrx_word' id='word_1_731' title='bbox 3419 3173 3572 3230; x_wconf 72' lang='lat' dir='ltr'><strong>dico?</strong></span> <span class='ocrx_word' id='word_1_732' title='bbox 3596 3175 3736 3230; x_wconf 84' lang='lat' dir='ltr'><strong>infe-</strong></span> 
     </span>
    </p>
   </div>
   <div class='ocr_carea' id='block_1_90' title="bbox 2155 3267 3735 3336">
    <p class='ocr_par' dir='ltr' id='par_1_90' title="bbox 2155 3267 3735 3336">
     <span class='ocr_line' id='line_1_90' title="bbox 2155 3267 3735 3336; baseline 0.001 -17"><span class='ocrx_word' id='word_1_733' title='bbox 2155 3276 2302 3321; x_wconf 89' lang='lat' dir='ltr'><strong>ratur</strong></span> <span class='ocrx_word' id='word_1_734' title='bbox 2331 3267 2405 3321; x_wconf 91' lang='lat' dir='ltr'><strong>illi</strong></span> <span class='ocrx_word' id='word_1_735' title='bbox 2435 3276 2741 3336; x_wconf 87' lang='lat' dir='ltr'><strong>paupertas,</strong></span> <span class='ocrx_word' id='word_1_736' title='bbox 2774 3267 3012 3329; x_wconf 85' lang='lat' dir='ltr'><strong>morbos,</strong></span> <span class='ocrx_word' id='word_1_737' title='bbox 3041 3267 3400 3329; x_wconf 55' lang='lat' dir='ltr'><strong>contumelia,</strong></span> <span class='ocrx_word' id='word_1_738' title='bbox 3432 3267 3735 3334; x_wconf 86' lang='lat' dir='ltr'><strong>maledicta,</strong></span> 
     </span>
    </p>
   </div>
   <div class='ocr_carea' id='block_1_91' title="bbox 2156 3357 3736 3429">
    <p class='ocr_par' dir='ltr' id='par_1_91' title="bbox 2156 3357 3736 3429">
     <span class='ocr_line' id='line_1_91' title="bbox 2156 3357 3736 3429; baseline 0 -16"><span class='ocrx_word' id='word_1_739' title='bbox 2156 3357 2406 3424; x_wconf 87' lang='lat' dir='ltr'><strong>ludibria,</strong></span> <span class='ocrx_word' id='word_1_740' title='bbox 2431 3360 2618 3428; x_wconf 70' lang='lat' dir='ltr'><strong>plagze,</strong></span> <span class='ocrx_word' id='word_1_741' title='bbox 2637 3374 2796 3414; x_wconf 89' lang='lat' dir='ltr'><strong>omne</strong></span> <span class='ocrx_word' id='word_1_742' title='bbox 2811 3373 2979 3429; x_wconf 88' lang='lat' dir='ltr'><strong>genus</strong></span> <span class='ocrx_word' id='word_1_743' title='bbox 2995 3359 3259 3429; x_wconf 90' lang='lat' dir='ltr'><strong>supplicii,</strong></span> <span class='ocrx_word' id='word_1_744' title='bbox 3286 3374 3446 3414; x_wconf 90' lang='lat' dir='ltr'><strong>omne</strong></span> <span class='ocrx_word' id='word_1_745' title='bbox 3470 3375 3640 3427; x_wconf 77' lang='lat' dir='ltr'><strong>genus</strong></span> <span class='ocrx_word' id='word_1_746' title='bbox 3663 3360 3736 3413; x_wconf 85' lang='lat' dir='ltr'><strong>ir-</strong></span> 
     </span>
    </p>
   </div>
   <div class='ocr_carea' id='block_1_92' title="bbox 2144 3449 3735 3522">
    <p class='ocr_par' dir='ltr' id='par_1_92' title="bbox 2144 3449 3735 3522">
     <span class='ocr_line' id='line_1_92' title="bbox 2144 3449 3735 3522; baseline 0.002 -16"><span class='ocrx_word' id='word_1_747' title='bbox 2144 3450 2372 3520; x_wconf 64' lang='lat' dir='ltr'><strong>~risionis</strong></span> <span class='ocrx_word' id='word_1_748' title='bbox 2386 3457 2442 3505; x_wconf 89' lang='lat' dir='ltr'><strong>et</strong></span> <span class='ocrx_word' id='word_1_749' title='bbox 2460 3449 2764 3520; x_wconf 84' lang='lat' dir='ltr'><strong>opprobrii;</strong></span> <span class='ocrx_word' id='word_1_750' title='bbox 2786 3461 2840 3505; x_wconf 86' lang='lat' dir='ltr'><strong>at</strong></span> <span class='ocrx_word' id='word_1_751' title='bbox 2871 3460 3135 3521; x_wconf 88' lang='lat' dir='ltr'><strong>tamquam</strong></span> <span class='ocrx_word' id='word_1_752' title='bbox 3165 3453 3251 3522; x_wconf 92' lang='lat' dir='ltr'><strong>qui</strong></span> <span class='ocrx_word' id='word_1_753' title='bbox 3280 3453 3350 3506; x_wconf 89' lang='lat' dir='ltr'><strong>sit</strong></span> <span class='ocrx_word' id='word_1_754' title='bbox 3369 3462 3515 3508; x_wconf 86' lang='lat' dir='ltr'><strong>extra</strong></span> <span class='ocrx_word' id='word_1_755' title='bbox 3545 3454 3735 3509; x_wconf 88' lang='lat' dir='ltr'><strong>orbem</strong></span> 
     </span>
    </p>
   </div>
   <div class='ocr_carea' id='block_1_93' title="bbox 2159 3541 3738 3613">
    <p class='ocr_par' dir='ltr' id='par_1_93' title="bbox 2159 3541 3738 3613">
     <span class='ocr_line' id='line_1_93' title="bbox 2159 3541 3738 3613; baseline 0.001 -16"><span class='ocrx_word' id='word_1_756' title='bbox 2159 3550 2316 3597; x_wconf 70' lang='lat' dir='ltr'><strong>terrae</strong></span> <span class='ocrx_word' id='word_1_757' title='bbox 2341 3549 2398 3596; x_wconf 90' lang='lat' dir='ltr'><strong>et</strong></span> <span class='ocrx_word' id='word_1_758' title='bbox 2421 3541 2558 3596; x_wconf 86' lang='lat' dir='ltr'><strong>liber</strong></span> <span class='ocrx_word' id='word_1_759' title='bbox 2582 3541 2650 3596; x_wconf 87' lang='lat' dir='ltr'><strong>ab</strong></span> <span class='ocrx_word' id='word_1_760' title='bbox 2691 3542 2938 3597; x_wconf 88' lang='lat' dir='ltr'><strong>onmibus</strong></span> <span class='ocrx_word' id='word_1_761' title='bbox 2959 3545 3204 3613; x_wconf 86' lang='lat' dir='ltr'><strong>corporis</strong></span> <span class='ocrx_word' id='word_1_762' title='bbox 3230 3544 3601 3600; x_wconf 77' lang='lat' dir='ltr'><strong>affectionibus</strong></span> <span class='ocrx_word' id='word_1_763' title='bbox 3619 3587 3634 3608; x_wconf 90' lang='lat'><strong>,</strong></span> <span class='ocrx_word' id='word_1_764' title='bbox 3668 3547 3738 3598; x_wconf 89' lang='lat' dir='ltr'><strong>ita</strong></span> 
     </span>
    </p>
   </div>
   <div class='ocr_carea' id='block_1_94' title="bbox 2157 3633 3743 3706">
    <p class='ocr_par' dir='ltr' id='par_1_94' title="bbox 2157 3633 3743 3706">
     <span class='ocr_line' id='line_1_94' title="bbox 2157 3633 3743 3706; baseline 0 -16"><span class='ocrx_word' id='word_1_765' title='bbox 2157 3633 2772 3700; x_wconf 87' lang='lat' dir='ltr'><strong>omniairridebit.Quod</strong></span> <span class='ocrx_word' id='word_1_766' title='bbox 2790 3645 2966 3689; x_wconf 87' lang='lat' dir='ltr'><strong>autem</strong></span> <span class='ocrx_word' id='word_1_767' title='bbox 2995 3635 3109 3690; x_wconf 69' lang='lat' dir='ltr'><strong>haec</strong></span> <span class='ocrx_word' id='word_1_768' title='bbox 3126 3637 3285 3691; x_wconf 86' lang='lat' dir='ltr'><strong>verba</strong></span> <span class='ocrx_word' id='word_1_769' title='bbox 3309 3653 3412 3691; x_wconf 88' lang='lat' dir='ltr'><strong>non</strong></span> <span class='ocrx_word' id='word_1_770' title='bbox 3442 3646 3641 3692; x_wconf 83' lang='lat' dir='ltr'><strong>temere</strong></span> <span class='ocrx_word' id='word_1_771' title='bbox 3654 3637 3743 3706; x_wconf 74' lang='lat' dir='ltr'><strong>ja~</strong></span> 
     </span>
    </p>
   </div>
   <div class='ocr_carea' id='block_1_95' title="bbox 2157 3724 3736 3796">
    <p class='ocr_par' dir='ltr' id='par_1_95' title="bbox 2157 3724 3736 3796">
     <span class='ocr_line' id='line_1_95' title="bbox 2157 3724 3736 3796; baseline 0.001 -17"><span class='ocrx_word' id='word_1_772' title='bbox 2157 3734 2389 3791; x_wconf 88' lang='lat' dir='ltr'><strong>etentur,</strong></span> <span class='ocrx_word' id='word_1_773' title='bbox 2406 3724 2599 3778; x_wconf 90' lang='lat' dir='ltr'><strong>multos</strong></span> <span class='ocrx_word' id='word_1_774' title='bbox 2616 3725 2863 3779; x_wconf 88' lang='lat' dir='ltr'><strong>existimo</strong></span> <span class='ocrx_word' id='word_1_775' title='bbox 2879 3741 3021 3780; x_wconf 90' lang='lat' dir='ltr'><strong>nunc</strong></span> <span class='ocrx_word' id='word_1_776' title='bbox 3041 3741 3252 3795; x_wconf 81' lang='lat' dir='ltr'><strong>quoque</strong></span> <span class='ocrx_word' id='word_1_777' title='bbox 3266 3742 3386 3781; x_wconf 90' lang='lat' dir='ltr'><strong>esse</strong></span> <span class='ocrx_word' id='word_1_778' title='bbox 3409 3727 3736 3796; x_wconf 84' lang='lat' dir='ltr'><strong>hujnsmodi,</strong></span> 
     </span>
    </p>
   </div>
   <div class='ocr_carea' id='block_1_96' title="bbox 2161 3815 3738 3884">
    <p class='ocr_par' dir='ltr' id='par_1_96' title="bbox 2161 3815 3738 3884">
     <span class='ocr_line' id='line_1_96' title="bbox 2161 3815 3738 3884; baseline 0.001 -14"><span class='ocrx_word' id='word_1_779' title='bbox 2161 3823 2219 3870; x_wconf 87' lang='lat' dir='ltr'><strong>ut</strong></span> <span class='ocrx_word' id='word_1_780' title='bbox 2237 3829 2300 3869; x_wconf 82' lang='lat' dir='ltr'><strong>ex</strong></span> <span class='ocrx_word' id='word_1_781' title='bbox 2330 3815 2396 3869; x_wconf 88' lang='lat' dir='ltr'><strong>iis</strong></span> <span class='ocrx_word' id='word_1_782' title='bbox 2412 3817 2500 3883; x_wconf 88' lang='lat' dir='ltr'><strong>qui</strong></span> <span class='ocrx_word' id='word_1_783' title='bbox 2524 3829 2582 3869; x_wconf 89' lang='lat' dir='ltr'><strong>se</strong></span> <span class='ocrx_word' id='word_1_784' title='bbox 2599 3823 2917 3884; x_wconf 83' lang='lat' dir='ltr'><strong>receperunt</strong></span> <span class='ocrx_word' id='word_1_785' title='bbox 2941 3815 2992 3868; x_wconf 91' lang='lat' dir='ltr'><strong>in</strong></span> <span class='ocrx_word' id='word_1_786' title='bbox 3014 3815 3354 3871; x_wconf 88' lang='lat' dir='ltr'><strong>solitudines.</strong></span> <span class='ocrx_word' id='word_1_787' title='bbox 3376 3817 3479 3872; x_wconf 86' lang='lat' dir='ltr'><strong>Sed</strong></span> <span class='ocrx_word' id='word_1_788' title='bbox 3505 3834 3608 3870; x_wconf 88' lang='lat' dir='ltr'><strong>non</strong></span> <span class='ocrx_word' id='word_1_789' title='bbox 3631 3826 3738 3880; x_wconf 87' lang='lat' dir='ltr'><strong>est.</strong></span> 
     </span>
    </p>
   </div>
   <div class='ocr_carea' id='block_1_97' title="bbox 2162 3906 3744 3977">
    <p class='ocr_par' dir='ltr' id='par_1_97' title="bbox 2162 3906 3744 3977">
     <span class='ocr_line' id='line_1_97' title="bbox 2162 3906 3744 3977; baseline 0.001 -15"><span class='ocrx_word' id='word_1_790' title='bbox 2162 3909 2370 3976; x_wconf 90' lang='lat' dir='ltr'><strong>inquit,</strong></span> <span class='ocrx_word' id='word_1_791' title='bbox 2403 3906 2617 3962; x_wconf 89' lang='lat' dir='ltr'><strong>mirum.</strong></span> <span class='ocrx_word' id='word_1_792' title='bbox 2661 3906 2772 3977; x_wconf 87' lang='lat' dir='ltr'><strong>Ego</strong></span> <span class='ocrx_word' id='word_1_793' title='bbox 2797 3916 2976 3962; x_wconf 83' lang='lat' dir='ltr'><strong>autem</strong></span> <span class='ocrx_word' id='word_1_794' title='bbox 3003 3907 3125 3963; x_wconf 93' lang='lat' dir='ltr'><strong>dico</strong></span> <span class='ocrx_word' id='word_1_795' title='bbox 3153 3909 3285 3964; x_wconf 87' lang='lat' dir='ltr'><strong>tales</strong></span> <span class='ocrx_word' id='word_1_796' title='bbox 3309 3910 3476 3964; x_wconf 75' lang='lat' dir='ltr'><strong>etiam</strong></span> <span class='ocrx_word' id='word_1_797' title='bbox 3519 3925 3642 3965; x_wconf 82' lang='lat' dir='ltr'><strong>esse</strong></span> <span class='ocrx_word' id='word_1_798' title='bbox 3689 3911 3744 3964; x_wconf 91' lang='lat' dir='ltr'><strong>in</strong></span> 
     </span>
    </p>
   </div>
   <div class='ocr_carea' id='block_1_98' title="bbox 2162 3997 3742 4068">
    <p class='ocr_par' dir='ltr' id='par_1_98' title="bbox 2162 3997 3742 4068">
     <span class='ocr_line' id='line_1_98' title="bbox 2162 3997 3742 4068; baseline 0 -13"><span class='ocrx_word' id='word_1_799' title='bbox 2162 4000 2507 4062; x_wconf 86' lang='lat' dir='ltr'><strong>civitatibus,</strong></span> <span class='ocrx_word' id='word_1_800' title='bbox 2552 4014 2688 4064; x_wconf 87' lang='lat' dir='ltr'><strong>quos</strong></span> <span class='ocrx_word' id='word_1_801' title='bbox 2729 3997 2950 4054; x_wconf 89' lang='lat' dir='ltr'><strong>minime</strong></span> <span class='ocrx_word' id='word_1_802' title='bbox 2979 3999 3275 4056; x_wconf 79' lang='lat' dir='ltr'><strong>existimes.</strong></span> <span class='ocrx_word' id='word_1_803' title='bbox 3309 4001 3363 4055; x_wconf 83' lang='lat' dir='ltr'><strong>Si</strong></span> <span class='ocrx_word' id='word_1_804' title='bbox 3396 4001 3476 4056; x_wconf 85' lang='lat' dir='ltr'><strong>vis</strong></span> <span class='ocrx_word' id='word_1_805' title='bbox 3517 4011 3697 4055; x_wconf 87' lang='lat' dir='ltr'><strong>autem</strong></span> <span class='ocrx_word' id='word_1_806' title='bbox 3724 4042 3742 4068; x_wconf 92' lang='lat'><strong>,</strong></span> 
     </span>
    </p>
   </div>
   <div class='ocr_carea' id='block_1_99' title="bbox 2166 4089 3744 4161">
    <p class='ocr_par' dir='ltr' id='par_1_99' title="bbox 2166 4089 3744 4161">
     <span class='ocr_line' id='line_1_99' title="bbox 2166 4089 3744 4161; baseline 0.001 -15"><span class='ocrx_word' id='word_1_807' title='bbox 2166 4106 2382 4160; x_wconf 90' lang='lat' dir='ltr'><strong>possum</strong></span> <span class='ocrx_word' id='word_1_808' title='bbox 2406 4089 2692 4146; x_wconf 88' lang='lat' dir='ltr'><strong>ostendere</strong></span> <span class='ocrx_word' id='word_1_809' title='bbox 2715 4091 2923 4161; x_wconf 88' lang='lat' dir='ltr'><strong>aliquos</strong></span> <span class='ocrx_word' id='word_1_810' title='bbox 2947 4107 3012 4146; x_wconf 78' lang='lat' dir='ltr'><strong>ex</strong></span> <span class='ocrx_word' id='word_1_811' title='bbox 3045 4093 3111 4147; x_wconf 93' lang='lat' dir='ltr'><strong>iis</strong></span> <span class='ocrx_word' id='word_1_812' title='bbox 3139 4093 3228 4161; x_wconf 90' lang='lat' dir='ltr'><strong>qui</strong></span> <span class='ocrx_word' id='word_1_813' title='bbox 3261 4092 3472 4147; x_wconf 88' lang='lat' dir='ltr'><strong>fuerunt</strong></span> <span class='ocrx_word' id='word_1_814' title='bbox 3499 4095 3647 4148; x_wconf 90' lang='lat' dir='ltr'><strong>olim.</strong></span> <span class='ocrx_word' id='word_1_815' title='bbox 3677 4094 3744 4148; x_wconf 88' lang='lat' dir='ltr'><strong>Et</strong></span> 
     </span>
    </p>
   </div>
   <div class='ocr_carea' id='block_1_100' title="bbox 2163 4184 3737 4257">
    <p class='ocr_par' dir='ltr' id='par_1_100' title="bbox 2163 4184 3737 4257">
     <span class='ocr_line' id='line_1_100' title="bbox 2163 4184 3737 4257; baseline 0.002 -19"><span class='ocrx_word' id='word_1_816' title='bbox 2163 4194 2221 4239; x_wconf 91' lang='lat' dir='ltr'><strong>ut</strong></span> <span class='ocrx_word' id='word_1_817' title='bbox 2261 4184 2565 4252; x_wconf 81' lang='lat' dir='ltr'><strong>intelligas,</strong></span> <span class='ocrx_word' id='word_1_818' title='bbox 2611 4184 2791 4238; x_wconf 85' lang='lat' dir='ltr'><strong>veniat</strong></span> <span class='ocrx_word' id='word_1_819' title='bbox 2837 4185 2928 4238; x_wconf 85' lang='lat' dir='ltr'><strong>tibi</strong></span> <span class='ocrx_word' id='word_1_820' title='bbox 2962 4186 3014 4239; x_wconf 91' lang='lat' dir='ltr'><strong>in</strong></span> <span class='ocrx_word' id='word_1_821' title='bbox 3056 4194 3290 4240; x_wconf 89' lang='lat' dir='ltr'><strong>mentem</strong></span> <span class='ocrx_word' id='word_1_822' title='bbox 3344 4186 3578 4240; x_wconf 88' lang='lat' dir='ltr'><strong>Paulus:</strong></span> <span class='ocrx_word' id='word_1_823' title='bbox 3610 4187 3737 4257; x_wconf 85' lang='lat' dir='ltr'><strong>quid</strong></span> 
     </span>
    </p>
   </div>
   <div class='ocr_carea' id='block_1_101' title="bbox 2168 4278 3743 4352">
    <p class='ocr_par' dir='ltr' id='par_1_101' title="bbox 2168 4278 3743 4352">
     <span class='ocr_line' id='line_1_101' title="bbox 2168 4278 3743 4352; baseline 0 -18"><span class='ocrx_word' id='word_1_824' title='bbox 2168 4295 2276 4334; x_wconf 87' lang='lat' dir='ltr'><strong>non</strong></span> <span class='ocrx_word' id='word_1_825' title='bbox 2300 4292 2462 4349; x_wconf 81' lang='lat' dir='ltr'><strong>grave</strong></span> <span class='ocrx_word' id='word_1_826' title='bbox 2480 4287 2562 4332; x_wconf 88' lang='lat' dir='ltr'><strong>est</strong></span> <span class='ocrx_word' id='word_1_827' title='bbox 2586 4293 2774 4349; x_wconf 86' lang='lat' dir='ltr'><strong>passus</strong></span> <span class='ocrx_word' id='word_1_828' title='bbox 2797 4281 2822 4334; x_wconf 71' lang='grc' dir='ltr'>τ</span> <span class='ocrx_word' id='word_1_829' title='bbox 2849 4280 2976 4352; x_wconf 88' lang='lat' dir='ltr'><strong>quid</strong></span> <span class='ocrx_word' id='word_1_830' title='bbox 2998 4295 3104 4334; x_wconf 89' lang='lat' dir='ltr'><strong>non</strong></span> <span class='ocrx_word' id='word_1_831' title='bbox 3127 4279 3416 4334; x_wconf 83' lang='lat' dir='ltr'><strong>sustinuit?</strong></span> <span class='ocrx_word' id='word_1_832' title='bbox 3438 4279 3532 4336; x_wconf 89' lang='lat' dir='ltr'><strong>sed</strong></span> <span class='ocrx_word' id='word_1_833' title='bbox 3560 4278 3743 4334; x_wconf 86' lang='lat' dir='ltr'><strong>omnia</strong></span> 
     </span>
    </p>
   </div>
   <div class='ocr_carea' id='block_1_102' title="bbox 2171 4369 3748 4441">
    <p class='ocr_par' dir='ltr' id='par_1_102' title="bbox 2171 4369 3748 4441">
     <span class='ocr_line' id='line_1_102' title="bbox 2171 4369 3748 4441; baseline -0.002 -16"><span class='ocrx_word' id='word_1_834' title='bbox 2171 4369 2377 4426; x_wconf 86' lang='lat' dir='ltr'><strong>ferebat</strong></span> <span class='ocrx_word' id='word_1_835' title='bbox 2403 4369 2631 4426; x_wconf 87' lang='lat' dir='ltr'><strong>fortiter.</strong></span> <span class='ocrx_word' id='word_1_836' title='bbox 2666 4371 2819 4427; x_wconf 84' lang='grc' dir='ltr'>Ιιιιιιε</span> <span class='ocrx_word' id='word_1_837' title='bbox 2844 4373 3115 4427; x_wconf 88' lang='lat' dir='ltr'><strong>imitemur</strong></span> <span class='ocrx_word' id='word_1_838' title='bbox 3148 4390 3162 4426; x_wconf 89' lang='lat'><strong>:</strong></span> <span class='ocrx_word' id='word_1_839' title='bbox 3195 4372 3265 4426; x_wconf 89' lang='lat' dir='ltr'><strong>ita</strong></span> <span class='ocrx_word' id='word_1_840' title='bbox 3286 4371 3429 4427; x_wconf 89' lang='lat' dir='ltr'><strong>enim</strong></span> <span class='ocrx_word' id='word_1_841' title='bbox 3453 4371 3748 4441; x_wconf 86' lang='lat' dir='ltr'><strong>poterimus</strong></span> 
     </span>
    </p>
   </div>
   <div class='ocr_carea' id='block_1_103' title="bbox 2169 4460 3746 4536">
    <p class='ocr_par' dir='ltr' id='par_1_103' title="bbox 2169 4460 3746 4536">
     <span class='ocr_line' id='line_1_103' title="bbox 2169 4460 3746 4536; baseline 0.003 -22"><span class='ocrx_word' id='word_1_842' title='bbox 2169 4461 2363 4517; x_wconf 87' lang='lat' dir='ltr'><strong>deduci</strong></span> <span class='ocrx_word' id='word_1_843' title='bbox 2415 4462 2482 4517; x_wconf 87' lang='lat' dir='ltr'><strong>ad</strong></span> <span class='ocrx_word' id='word_1_844' title='bbox 2525 4473 2710 4532; x_wconf 87' lang='lat' dir='ltr'><strong>portus</strong></span> <span class='ocrx_word' id='word_1_845' title='bbox 2737 4465 3058 4536; x_wconf 87' lang='lat' dir='ltr'><strong>tranquillos</strong></span> <span class='ocrx_word' id='word_1_846' title='bbox 3086 4478 3202 4520; x_wconf 80' lang='lat' dir='ltr'><strong>eum</strong></span> <span class='ocrx_word' id='word_1_847' title='bbox 3249 4463 3430 4516; x_wconf 88' lang='lat' dir='ltr'><strong>multis</strong></span> <span class='ocrx_word' id='word_1_848' title='bbox 3456 4460 3746 4518; x_wconf 84' lang='lat' dir='ltr'><strong>mercibus.</strong></span> 
     </span>
    </p>
   </div>
   <div class='ocr_carea' id='block_1_104' title="bbox 2171 4551 3749 4624">
    <p class='ocr_par' dir='ltr' id='par_1_104' title="bbox 2171 4551 3749 4624">
     <span class='ocr_line' id='line_1_104' title="bbox 2171 4551 3749 4624; baseline 0.001 -20"><span class='ocrx_word' id='word_1_849' title='bbox 2171 4551 2400 4606; x_wconf 77' lang='lat' dir='ltr'><strong>Mentem</strong></span> <span class='ocrx_word' id='word_1_850' title='bbox 2422 4568 2550 4624; x_wconf 84' lang='lat' dir='ltr'><strong>ergo</strong></span> <span class='ocrx_word' id='word_1_851' title='bbox 2578 4566 2812 4610; x_wconf 85' lang='lat' dir='ltr'><strong>nostram</strong></span> <span class='ocrx_word' id='word_1_852' title='bbox 2843 4555 2894 4610; x_wconf 92' lang='lat' dir='ltr'><strong>in</strong></span> <span class='ocrx_word' id='word_1_853' title='bbox 2921 4557 3110 4611; x_wconf 64' lang='lat' dir='ltr'><strong>caelum</strong></span> <span class='ocrx_word' id='word_1_854' title='bbox 3137 4553 3488 4608; x_wconf 87' lang='lat' dir='ltr'><strong>extendamus</strong></span> <span class='ocrx_word' id='word_1_855' title='bbox 3507 4594 3522 4620; x_wconf 90' lang='lat'><strong>,</strong></span> <span class='ocrx_word' id='word_1_856' title='bbox 3558 4563 3749 4607; x_wconf 66' lang='lat' dir='ltr'><strong>teneao</strong></span> 
     </span>
    </p>
   </div>
   <div class='ocr_carea' id='block_1_105' title="bbox 2171 4643 3753 4716">
    <p class='ocr_par' dir='ltr' id='par_1_105' title="bbox 2171 4643 3753 4716">
     <span class='ocr_line' id='line_1_105' title="bbox 2171 4643 3753 4716; baseline 0.001 -20"><span class='ocrx_word' id='word_1_857' title='bbox 2171 4659 2290 4696; x_wconf 90' lang='lat' dir='ltr'><strong>mur</strong></span> <span class='ocrx_word' id='word_1_858' title='bbox 2318 4643 2406 4697; x_wconf 89' lang='lat' dir='ltr'><strong>illo</strong></span> <span class='ocrx_word' id='word_1_859' title='bbox 2431 4643 2716 4708; x_wconf 70' lang='lat' dir='ltr'><strong>desiderio.</strong></span> <span class='ocrx_word' id='word_1_860' title='bbox 2737 4661 2834 4700; x_wconf 88' lang='lat' dir='ltr'><strong>nos</strong></span> <span class='ocrx_word' id='word_1_861' title='bbox 2850 4646 3196 4714; x_wconf 86' lang='lat' dir='ltr'><strong>conjiciamus</strong></span> <span class='ocrx_word' id='word_1_862' title='bbox 3219 4647 3269 4699; x_wconf 92' lang='lat' dir='ltr'><strong>in</strong></span> <span class='ocrx_word' id='word_1_863' title='bbox 3298 4647 3471 4716; x_wconf 84' lang='lat' dir='ltr'><strong>ignem</strong></span> <span class='ocrx_word' id='word_1_864' title='bbox 3498 4645 3753 4713; x_wconf 77' lang='lat' dir='ltr'><strong>spiritua-</strong></span> 
     </span>
    </p>
   </div>
   <div class='ocr_carea' id='block_1_106' title="bbox 2168 4734 3752 4796">
    <p class='ocr_par' dir='ltr' id='par_1_106' title="bbox 2168 4734 3752 4796">
     <span class='ocr_line' id='line_1_106' title="bbox 2168 4734 3752 4796; baseline 0.003 -10"><span class='ocrx_word' id='word_1_865' title='bbox 2168 4736 2292 4796; x_wconf 88' lang='lat' dir='ltr'><strong>lem.</strong></span> <span class='ocrx_word' id='word_1_866' title='bbox 2314 4734 2529 4791; x_wconf 80' lang='lat' dir='ltr'><strong>ﬂamma</strong></span> <span class='ocrx_word' id='word_1_867' title='bbox 2551 4751 2649 4791; x_wconf 85' lang='lat' dir='ltr'><strong>nos</strong></span> <span class='ocrx_word' id='word_1_868' title='bbox 2675 4751 3079 4793; x_wconf 88' lang='lat' dir='ltr'><strong>conservemus.</strong></span> <span class='ocrx_word' id='word_1_869' title='bbox 3098 4737 3266 4794; x_wconf 82' lang='lat' dir='ltr'><strong>Nemo</strong></span> <span class='ocrx_word' id='word_1_870' title='bbox 3284 4737 3549 4791; x_wconf 77' lang='lat' dir='ltr'><strong>ﬂauimam</strong></span> <span class='ocrx_word' id='word_1_871' title='bbox 3568 4750 3752 4790; x_wconf 76' lang='lat' dir='ltr'><strong>scatm</strong></span> 
     </span>
    </p>
   </div>
   <div class='ocr_carea' id='block_1_107' title="bbox 2168 4824 3752 4900">
    <p class='ocr_par' dir='ltr' id='par_1_107' title="bbox 2168 4824 3752 4900">
     <span class='ocr_line' id='line_1_107' title="bbox 2168 4824 3752 4900; baseline 0.003 -22"><span class='ocrx_word' id='word_1_872' title='bbox 2168 4824 2370 4892; x_wconf 86' lang='lat' dir='ltr'><strong>ferens,</strong></span> <span class='ocrx_word' id='word_1_873' title='bbox 2403 4825 2558 4882; x_wconf 87' lang='lat' dir='ltr'><strong>timet</strong></span> <span class='ocrx_word' id='word_1_874' title='bbox 2603 4841 2700 4883; x_wconf 87' lang='lat' dir='ltr'><strong>eos</strong></span> <span class='ocrx_word' id='word_1_875' title='bbox 2737 4829 2827 4900; x_wconf 89' lang='lat' dir='ltr'><strong>qui</strong></span> <span class='ocrx_word' id='word_1_876' title='bbox 2855 4837 3182 4886; x_wconf 84' lang='lat' dir='ltr'><strong>occurrunt:</strong></span> <span class='ocrx_word' id='word_1_877' title='bbox 3211 4830 3326 4884; x_wconf 82' lang='lat' dir='ltr'><strong>sive</strong></span> <span class='ocrx_word' id='word_1_878' title='bbox 3363 4830 3434 4884; x_wconf 91' lang='lat' dir='ltr'><strong>sit</strong></span> <span class='ocrx_word' id='word_1_879' title='bbox 3479 4828 3610 4894; x_wconf 86' lang='lat' dir='ltr'><strong>fera,</strong></span> <span class='ocrx_word' id='word_1_880' title='bbox 3637 4827 3752 4883; x_wconf 84' lang='lat' dir='ltr'><strong>sive</strong></span> 
     </span>
    </p>
   </div>
   <div class='ocr_carea' id='block_1_108' title="bbox 2163 4919 3746 4994">
    <p class='ocr_par' dir='ltr' id='par_1_108' title="bbox 2163 4919 3746 4994">
     <span class='ocr_line' id='line_1_108' title="bbox 2163 4919 3746 4994; baseline 0.003 -21"><span class='ocrx_word' id='word_1_881' title='bbox 2163 4919 2340 4984; x_wconf 79' lang='lat' dir='ltr'><strong>homo,</strong></span> <span class='ocrx_word' id='word_1_882' title='bbox 2366 4921 2478 4976; x_wconf 83' lang='lat' dir='ltr'><strong>sive</strong></span> <span class='ocrx_word' id='word_1_883' title='bbox 2505 4921 2677 4992; x_wconf 85' lang='lat' dir='ltr'><strong>laquei</strong></span> <span class='ocrx_word' id='word_1_884' title='bbox 2699 4921 3128 4987; x_wconf 79' lang='lat' dir='ltr'><strong>innumerabiles,</strong></span> <span class='ocrx_word' id='word_1_885' title='bbox 3147 4923 3399 4992; x_wconf 85' lang='lat' dir='ltr'><strong>quamdiu</strong></span> <span class='ocrx_word' id='word_1_886' title='bbox 3427 4924 3590 4988; x_wconf 79' lang='lat' dir='ltr'><strong>fueris</strong></span> <span class='ocrx_word' id='word_1_887' title='bbox 3608 4925 3746 4994; x_wconf 76' lang='lat' dir='ltr'><strong>igni-</strong></span> 
     </span>
    </p>
   </div>
   <div class='ocr_carea' id='block_1_109' title="bbox 2165 5011 3747 5076">
    <p class='ocr_par' dir='ltr' id='par_1_109' title="bbox 2165 5011 3747 5076">
     <span class='ocr_line' id='line_1_109' title="bbox 2165 5011 3747 5076; baseline 0.003 -10"><span class='ocrx_word' id='word_1_888' title='bbox 2165 5020 2276 5076; x_wconf 89' lang='lat' dir='ltr'><strong>tus,</strong></span> <span class='ocrx_word' id='word_1_889' title='bbox 2303 5012 2481 5066; x_wconf 87' lang='lat' dir='ltr'><strong>omnia</strong></span> <span class='ocrx_word' id='word_1_890' title='bbox 2508 5012 2740 5075; x_wconf 87' lang='lat' dir='ltr'><strong>ccdnnt,</strong></span> <span class='ocrx_word' id='word_1_891' title='bbox 2772 5013 2950 5066; x_wconf 87' lang='lat' dir='ltr'><strong>omnia</strong></span> <span class='ocrx_word' id='word_1_892' title='bbox 2980 5011 3108 5067; x_wconf 87' lang='lat' dir='ltr'><strong>dant</strong></span> <span class='ocrx_word' id='word_1_893' title='bbox 3145 5012 3343 5068; x_wconf 87' lang='lat' dir='ltr'><strong>locum.</strong></span> <span class='ocrx_word' id='word_1_894' title='bbox 3368 5013 3605 5069; x_wconf 82' lang='lat' dir='ltr'><strong>Flamma</strong></span> <span class='ocrx_word' id='word_1_895' title='bbox 3636 5028 3747 5070; x_wconf 76' lang='lat' dir='ltr'><strong>non&quot;</strong></span> 
     </span>
    </p>
   </div>
   <div class='ocr_carea' id='block_1_110' title="bbox 2162 5100 3744 5172">
    <p class='ocr_par' dir='ltr' id='par_1_110' title="bbox 2162 5100 3744 5172">
     <span class='ocr_line' id='line_1_110' title="bbox 2162 5100 3744 5172; baseline 0.002 -16"><span class='ocrx_word' id='word_1_896' title='bbox 2162 5109 2336 5170; x_wconf 78' lang='lat' dir='ltr'><strong>potest</strong></span> <span class='ocrx_word' id='word_1_897' title='bbox 2367 5100 2515 5164; x_wconf 88' lang='lat' dir='ltr'><strong>ferri,</strong></span> <span class='ocrx_word' id='word_1_898' title='bbox 2547 5116 2709 5172; x_wconf 77' lang='lat' dir='ltr'><strong>rogus</strong></span> <span class='ocrx_word' id='word_1_899' title='bbox 2736 5117 2841 5156; x_wconf 90' lang='lat' dir='ltr'><strong>non</strong></span> <span class='ocrx_word' id='word_1_900' title='bbox 2873 5112 3048 5170; x_wconf 89' lang='lat' dir='ltr'><strong>potest</strong></span> <span class='ocrx_word' id='word_1_901' title='bbox 3077 5103 3316 5170; x_wconf 83' lang='lat' dir='ltr'><strong>tolerari,</strong></span> <span class='ocrx_word' id='word_1_902' title='bbox 3349 5107 3527 5158; x_wconf 82' lang='lat' dir='ltr'><strong>omnia</strong></span> <span class='ocrx_word' id='word_1_903' title='bbox 3551 5121 3744 5160; x_wconf 81' lang='lat' dir='ltr'><strong>consu-</strong></span> 
     </span>
    </p>
   </div>
   <div class='ocr_carea' id='block_1_111' title="bbox 2161 5191 3745 5263">
    <p class='ocr_par' dir='ltr' id='par_1_111' title="bbox 2161 5191 3745 5263">
     <span class='ocr_line' id='line_1_111' title="bbox 2161 5191 3745 5263; baseline 0.003 -17"><span class='ocrx_word' id='word_1_904' title='bbox 2161 5191 2280 5246; x_wconf 86' lang='lat' dir='ltr'><strong>mit.</strong></span> <span class='ocrx_word' id='word_1_905' title='bbox 2321 5191 2432 5248; x_wconf 90' lang='lat' dir='ltr'><strong>lloc</strong></span> <span class='ocrx_word' id='word_1_906' title='bbox 2457 5193 2579 5261; x_wconf 87' lang='lat' dir='ltr'><strong>igne</strong></span> <span class='ocrx_word' id='word_1_907' title='bbox 2611 5206 2708 5246; x_wconf 83' lang='lat' dir='ltr'><strong>nos</strong></span> <span class='ocrx_word' id='word_1_908' title='bbox 2739 5193 3042 5258; x_wconf 87' lang='lat' dir='ltr'><strong>induanms,</strong></span> <span class='ocrx_word' id='word_1_909' title='bbox 3066 5193 3293 5263; x_wconf 88' lang='lat' dir='ltr'><strong>gloriam</strong></span> <span class='ocrx_word' id='word_1_910' title='bbox 3323 5197 3616 5251; x_wconf 84' lang='lat' dir='ltr'><strong>referamus</strong></span> <span class='ocrx_word' id='word_1_911' title='bbox 3636 5198 3745 5250; x_wconf 88' lang='lat' dir='ltr'><strong>Do-</strong></span> 
     </span>
    </p>
   </div>
   <div class='ocr_carea' id='block_1_112' title="bbox 2161 5283 3744 5356">
    <p class='ocr_par' dir='ltr' id='par_1_112' title="bbox 2161 5283 3744 5356">
     <span class='ocr_line' id='line_1_112' title="bbox 2161 5283 3744 5356; baseline 0.001 -16"><span class='ocrx_word' id='word_1_912' title='bbox 2161 5285 2309 5340; x_wconf 87' lang='lat' dir='ltr'><strong>mino</strong></span> <span class='ocrx_word' id='word_1_913' title='bbox 2336 5295 2520 5339; x_wconf 81' lang='lat' dir='ltr'><strong>nostro</strong></span> <span class='ocrx_word' id='word_1_914' title='bbox 2545 5283 2672 5339; x_wconf 80' lang='lat' dir='ltr'><strong>Jesu</strong></span> <span class='ocrx_word' id='word_1_915' title='bbox 2714 5285 2952 5350; x_wconf 85' lang='lat' dir='ltr'><strong>Christo,</strong></span> <span class='ocrx_word' id='word_1_916' title='bbox 2985 5301 3238 5356; x_wconf 90' lang='lat' dir='ltr'><strong>cumquo</strong></span> <span class='ocrx_word' id='word_1_917' title='bbox 3268 5287 3413 5342; x_wconf 88' lang='lat' dir='ltr'><strong>Patri</strong></span> <span class='ocrx_word' id='word_1_918' title='bbox 3441 5288 3599 5342; x_wconf 88' lang='lat' dir='ltr'><strong>simul</strong></span> <span class='ocrx_word' id='word_1_919' title='bbox 3623 5304 3744 5343; x_wconf 86' lang='lat' dir='ltr'><strong>cum</strong></span> 
     </span>
    </p>
   </div>
   <div class='ocr_carea' id='block_1_113' title="bbox 2161 5375 3750 5448">
    <p class='ocr_par' dir='ltr' id='par_1_113' title="bbox 2161 5375 3750 5448">
     <span class='ocr_line' id='line_1_113' title="bbox 2161 5375 3750 5448; baseline 0.002 -17"><span class='ocrx_word' id='word_1_920' title='bbox 2161 5383 2346 5431; x_wconf 87' lang='lat' dir='ltr'><strong>sancto</strong></span> <span class='ocrx_word' id='word_1_921' title='bbox 2388 5375 2588 5444; x_wconf 89' lang='lat' dir='ltr'><strong>Spiritu</strong></span> <span class='ocrx_word' id='word_1_922' title='bbox 2625 5375 2837 5446; x_wconf 87' lang='lat' dir='ltr'><strong>gloria,</strong></span> <span class='ocrx_word' id='word_1_923' title='bbox 2865 5377 3098 5446; x_wconf 89' lang='lat' dir='ltr'><strong>potentia</strong></span> <span class='ocrx_word' id='word_1_924' title='bbox 3144 5387 3196 5433; x_wconf 89' lang='lat' dir='ltr'><strong>et</strong></span> <span class='ocrx_word' id='word_1_925' title='bbox 3252 5378 3458 5448; x_wconf 90' lang='lat' dir='ltr'><strong>honor,</strong></span> <span class='ocrx_word' id='word_1_926' title='bbox 3503 5394 3644 5436; x_wconf 80' lang='lat' dir='ltr'><strong>ntinc</strong></span> <span class='ocrx_word' id='word_1_927' title='bbox 3695 5389 3750 5434; x_wconf 83' lang='lat' dir='ltr'><strong>et</strong></span> 
     </span>
    </p>
   </div>
   <div class='ocr_carea' id='block_1_114' title="bbox 2162 5467 3370 5538">
    <p class='ocr_par' dir='ltr' id='par_1_114' title="bbox 2162 5467 3370 5538">
     <span class='ocr_line' id='line_1_114' title="bbox 2162 5467 3370 5538; baseline 0.002 -14"><span class='ocrx_word' id='word_1_928' title='bbox 2162 5482 2404 5538; x_wconf 83' lang='lat' dir='ltr'><strong>semper,</strong></span> <span class='ocrx_word' id='word_1_929' title='bbox 2429 5477 2482 5524; x_wconf 89' lang='lat' dir='ltr'><strong>et</strong></span> <span class='ocrx_word' id='word_1_930' title='bbox 2505 5467 2556 5524; x_wconf 91' lang='lat' dir='ltr'><strong>in</strong></span> <span class='ocrx_word' id='word_1_931' title='bbox 2585 5469 2778 5525; x_wconf 65' lang='lat' dir='ltr'><strong>saecula</strong></span> <span class='ocrx_word' id='word_1_932' title='bbox 2803 5469 3142 5526; x_wconf 69' lang='lat' dir='ltr'><strong>saeculorum.</strong></span> <span class='ocrx_word' id='word_1_933' title='bbox 3177 5471 3370 5528; x_wconf 80' lang='lat' dir='ltr'><strong>Amen.</strong></span> 
     </span>
    </p>
   </div>
   <div class='ocr_carea' id='block_1_115' title="bbox 1951 5701 2287 5721">
    <p class='ocr_par' dir='ltr' id='par_1_115' title="bbox 1951 5701 2287 5721">
     <span class='ocr_line' id='line_1_115' title="bbox 1951 5701 2287 5721; baseline 0.015 -5"><span class='ocrx_word' id='word_1_934' title='bbox 1951 5701 2287 5721; x_wconf 49' lang='lat' dir='ltr'><strong>m‘w</strong></span> 
     </span>
    </p>
   </div>
  </div>
