4088 6208
474 287 577 344 ΞΗ
1201 285 1260 344 S.
1297 285 1349 344 J.
1385 285 1878 344 CHRYSOSTOMI
1934 287 2079 348 ηοω

2108 287 2244 344 LlIE
2289 287 2355 346 IN
2407 291 2628 350 EPIST.
2669 293 2758 350 AD
2801 243 3011 354 ΗΕΒίῇ
3607 296 3717 356 243

469 399 618 460 facit
648 397 864 471 fratri,
897 397 1029 458 Deo
1053 394 1411 457 convicium
1438 393 1587 454 facit
1611 413 1627 466 ;
1653 399 1716 454 et
1740 394 1852 471 qui
1882 394 2156 456 honorat
2177 395 2460 466 fratrem,
2489 397 2685 457 Deum
2717 395 3040 459 honorare
3067 394 3452 460 declaratur.

546 475 606 537 ιι.
641 481 1102 538 Assuescamus
1133 472 1638 556 igiturlinguam
1670 477 1954 556 nostram
1982 475 2060 533 ad
2100 475 2262 556 bene
2295 475 2631 556 dicendum
2675 493 2816 556 esse
2864 477 3211 556 proclivem
3252 475 3573 556 :iAbstine.
3603 476 3714 536 in-

467 558 630 633 quit,
664 555 943 634 linguam
972 564 1139 634 tuam
1164 551 1205 634 ii
1231 551 1417 612 maia.
1451 551 1589 612 Non
1634 552 1808 634 enim
1853 557 2116 634 prepier
2157 552 2276 614 hoc
2305 555 2478 615 illam
2512 555 2680 614 Deus
2724 551 2968 626 tribuit,
2997 560 3069 615 ut
3095 555 3575 624 maledicamus,
3608 557 3714 616 vel

469 630 851 696 convicia'in
886 633 1157 712 invicem
1182 630 1522 709 jactemus,
1555 631 1653 691 vel
1685 631 2028 691 accusandi
2058 637 2282 712 mutuo
2310 650 2606 710 geramus
2626 634 2946 712 studium;
2979 634 3085 695 sed
3111 640 3179 694 ut
3205 653 3318 712 per
3343 652 3485 695 eam
3509 634 3714 694 Deum

470 715 830 784 laudemus,
879 716 953 773 ut
1005 711 1131 791 illa_
1161 712 1522 791 loquamur
1549 728 1694 788 quae
1745 712 2016 791 gratiam
2048 711 2456 791 audientibus
2487 711 2841 784 conferant,
2869 731 3014 791 quae
3057 714 3132 774 ad
3166 711 3516 791 profectum
3541 719 3602 791 et
3631 713 3713 773 ad

469 793 950 853 aediﬁcationem
981 788 1321 867 proficiunt
1343 789 1806 869 proximorum.
1845 790 2016 869 Pone
2044 790 2195 866 quia
2219 791 2602 850 maledixisﬁ
2637 793 2806 852 hunc
2827 836 2842 863 ,
2875 788 2987 852 aut
3018 788 3194 852 illum
3215 813 3230 859 ;
3255 791 3407 869 quid
3438 810 3518 852 ex
3555 788 3710 864 hoc,

470 888 652 948 rogo,
682 871 966 931 lucratus
997 871 1131 929 est?
1165 885 1375 948 nonne
1407 868 1515 927 tibi
1543 868 1661 948 ipsi
1696 868 1982 948 maxime
2003 869 2322 928 nocuisti?
2347 869 2657 946 siquidem
2689 871 3056 948 Opinionem
3098 868 3552 932 maledicorum
3583 871 3717 930 ho-

471 947 716 1008 minum
744 947 1068 1008 incurristi
1100 965 1216 1024 pro
1244 947 1422 1005 nullo
1454 951 1568 1006 est.
1593 947 1852 1007 Nullum
1875 953 1971 1026 est
1999 947 2172 1006 enim
2205 949 2494 1024 protinus
2527 947 2765 1008 malum
2785 993 2802 1020 ,
2831 951 3001 1026 quod
3032 968 3238 1025 usque
3277 950 3355 1010 ad
3380 968 3525 1010 eum
3553 966 3716 1010 con—

469 1028 781 1104 sistatqui
810 1028 1069 1103 patitur.
1095 1032 1159 1087 et
1185 1043 1311 1085 non
1345 1027 1535 1104 etiam
1559 1027 1737 1085 illum
1762 1027 1870 1102 qui
1899 1024 2045 1085 facit
2070 1043 2198 1086 una
2222 1027 2717 1104 comprehendat
2746 1047 2760 1087 :
2794 1024 2979 1099 sicut,
3003 1024 3180 1089 verbi
3209 1045 3428 1099 causa,
3453 1029 3715 1089 invidia.

472 1103 732 1167 invidus
761 1107 930 1166 enim
964 1111 1226 1182 putatur
1258 1103 1513 1180 quidem
1547 1104 1832 1165 insidiari
1866 1104 2032 1175 aliis,
2066 1105 2173 1164 sed
2200 1107 2336 1181 ipse
2371 1103 2613 1183 primus
2643 1108 2754 1167 illo
2777 1108 2946 1168 malo
2962 1108 3383 1177 consumitur,
3417 1112 3478 1167 et
3502 1107 3718 1168 tabido

473 1186 663 1246 corde
697 1190 1058 1246 maceratur
1087 1205 1102 1243 :
1139 1185 1212 1243 ad
1238 1184 1369 1243 haec
1397 1183 1585 1262 etiam
1619 1183 1765 1262 odio
1795 1183 2039 1262 cunctis
2066 1184 2425 1244 habebitur.
2459 1185 2618 1245 Item
2647 1186 2913 1262 cupidus
2941 1187 3037 1246 vel
3059 1203 3294 1247 avarus
3319 1185 3528 1246 aufert
3556 1188 3719 1262 qui-
3771 1241 3793 1258 ,

473 1267 613 1324 dem
641 1263 944 1342 pecunias
977 1264 1275 1342 aliorum,
1308 1261 1414 1322 sed
1447 1263 1633 1342 etiam
1653 1261 1772 1322 sibi
1803 1261 2010 1342 aufert
2041 1263 2334 1340 gratiam,
2364 1264 2572 1342 aufert
2597 1261 2950 1337 caritatem,
2979 1265 3125 1325 facit
3153 1271 3223 1324 ut
3248 1266 3328 1325 ab
3348 1261 3716 1325 hominibus

473 1341 834 1405 accuéetur.
851 1342 1122 1403 Multum
1147 1341 1384 1418 quippe
1406 1341 1629 1400 melior
1649 1347 1744 1400 est
1765 1341 1984 1416 Opinio
2007 1342 2174 1401 bona
2194 1341 2480 1418 pecuniis
2508 1343 2648 1403 :illa
2672 1345 2840 1403 enim
2868 1345 2920 1404 si
2949 1345 3116 1404 mala
3138 1344 3349 1416 fuerit,
3377 1360 3506 1403 non
3536 1343 3720 1404 facile

475 1423 804 1499 abluitur;
840 1423 1145 1499 pecunias
1167 1426 1382 1480 autem
1409 1435 1534 1499 non
1559 1424 1654 1480 est
1679 1420 1919 1499 laboris
1951 1421 2311 1496 acquirere.
2348 1422 2552 1499 Magis
2597 1428 2808 1482 autem
2838 1423 3124 1499 pecuniae
3167 1429 3229 1483 et
3270 1441 3413 1482 cum
3456 1423 3717 1494 adsunt,

476 1519 604 1562 non
634 1497 795 1562 satis
811 1497 1136 1578 adjuvant,
1169 1503 1231 1558 et
1259 1517 1401 1558 cum
1432 1497 1681 1579 desunt,
1710 1497 1868 1557 nihil
1900 1499 2191 1574 protinus
2219 1497 2485 1571 obsunt}
2510 1501 2728 1577 opinio
2767 1497 2981 1562 autem
3011 1503 3179 1563 bona
3209 1503 3262 1562 si
3290 1501 3476 1570 adsit,
3513 1502 3716 1579 prod-

473 1587 568 1641 est
614 1576 1002 1657 plurimum;
1056 1579 1109 1638 si
1143 1595 1293 1638 vero
1328 1577 1526 1647 absit,
1560 1576 1706 1657 facit
1736 1579 2120 1657 probrosum
2148 1584 2349 1638 totum
2381 1576 2729 1649 hominem,
2761 1580 2910 1642 facit
2933 1580 3255 1651 infamem,
3287 1585 3350 1641 et
3379 1576 3718 1641 ridiculum

473 1655 819 1718 constituet
870 1657 1171 1718 omnibus
1217 1659 1276 1716 et
1305 1673 1595 1738 exosum.
1630 1655 1932 1738 Similiter
1965 1655 2313 1738 iracundus
2356 1658 2640 1738 seipsum
2670 1660 2947 1736 primum
2988 1659 3305 1720 dilanians
3350 1660 3606 1738 puniet,
3657 1664 3722 1719 et

477 1743 630 1798 tunc
654 1738 833 1797 illum
870 1741 1096 1797 contra
1120 1753 1314 1816 quem
1357 1735 1794 1816 indignatione
1842 1739 2158 1816 raptatur.
2188 1735 2288 1797 Sic
2328 1741 2390 1795 et
2424 1735 2770 1798 maledicus
2815 1738 3021 1816 primo
3056 1739 3334 1815 seipsum
3352 1735 3715 1806 confundit,

473 1825 533 1875 et
557 1824 706 1876 tunc
733 1816 911 1875 illum
940 1816 1042 1876 cui
1074 1815 1327 1894 videtur
1351 1813 1812 1894 maledictionis
1840 1813 2185 1890 importare
2207 1815 2567 1875 convicium
2595 1839 2610 1874 :
2641 1813 3104 1892 quod'fortassc
3135 1813 3390 1894 quidem
3431 1835 3547 1878 nec
3588 1835 3715 1894 po-

475 1896 654 1967 terit,
680 1895 802 1954 hoc
826 1899 950 1966 est,
977 1899 1047 1952 ut
1081 1894 1189 1952 ille
1217 1892 1482 1972 laedatur
1514 1911 1533 1972 :_
1552 1892 1617 1972 si
1664 1891 1945 1972 tolerans
1970 1894 2323 1972 patienter,
2349 1891 2679 1963 abscedati
2715 1897 2849 1972 ipse
2881 1914 3032 1956 vero
3079 1891 3316 1956 recedit
3349 1914 3492 1956 cum
3537 1891 3715 1957 stulti

473 1973 804 2049 cujusdam
827 1972 1108 2041 nomine,
1139 1975 1201 2031 et
1231 1970 1561 2050 dispuendi
1595 1971 1847 2050 penitus
1878 1977 1940 2030 et
1968 1971 2302 2040 horrendi,
2335 1973 2517 2032 illum
2538 1970 2794 2050 quidem
2817 1993 2850 2034 e
2870 1980 3092 2036 contra
3113 1975 3413 2036 ambilem
3449 1974 3712 2037 faciens.

471 2052 741 2132 Quando
767 2052 935 2132 enim
965 2051 1140 2110 audit
1171 2049 1620 2132 maledicta_,_et
1655 2049 1917 2132 minime
1937 2068 2005 2132 se
2025 2051 2338 2132 similibus
2365 2052 2538 2132 cupit
2560 2049 2791 2113 fulcisci
2819 2054 3126 2115 conviciis
3149 2097 3164 2123 ,
3196 2053 3306 2115 sed
3343 2054 3554 2115 laudat
3588 2072 3722 2132 po“

477 2130 600 2190 tius
630 2136 690 2210 et
713 2131 1006 2210 miratur,
1029 2147 1156 2210 non
1187 2129 1369 2210 illum
1409 2128 1690 2210 quidem,
1717 2128 1836 2210 sed
1867 2129 2149 2210 seipsum
2180 2129 2432 2210 laudat.
2475 2130 2648 2192 Sicut
2691 2132 2862 2192 enim
2893 2133 3027 2210 jam
3074 2133 3206 2191 dixi
3241 2128 3720 2194 maledictiones

473 2227 618 2285 quae
647 2209 1012 2286 diriguntur
1042 2209 1106 2289 in
1135 2209 1488 2289 proximos,
1529 2206 2300 2289 maledicentesprimitus
2344 2215 2625 2289 vexant:
2671 2211 2761 2270 sic
2788 2215 2852 2289 et
2885 2206 3050 2272 bona
3089 2227 3234 2287 qum
3275 2211 3444 2272 circa
3481 2230 3719 2289 proxi-

477 2304 613 2347 mos
645 2285 982 2366 geruntur,
1015 2286 1413 2366 eisrprimum
1447 2285 1556 2362 qui
1594 2291 1948 2366 operantur
1975 2286 2393 2366 jucunditatis
2434 2289 2666 2348 uberes
2706 2288 3043 2366 proferunt
3069 2285 3338 2351 fructus.
3376 2285 3719 2351 Enimvero

477 2307 613 2347 mos
687 2307 982 2358 eruniur,
1015 2307 1106 2346 eis
1137 2307 1413 2363 primum
1447 2307 1556 2362 (ιω
1595 2307 1948 2362 operantur
1975 2307 2393 2363 Jucunauaus
2434 2307 2666 2348 uberes
2706 2307 3043 2366 preterunt
3069 2307 3338 2351 Iructus.
3376 2307 3719 2351 enimvero

474 2366 586 2440 qui
617 2307 892 2444 aﬁicujus
917 2409 932 2434 ,
959 2366 1092 2424 sive
1113 2365 1286 2432 boni,
1321 2365 1455 2423 sive
1488 2364 1662 2444 mali,
1693 2371 2066 2440 procreator
2094 2365 2373 2437 exsistit,
2404 2367 2539 2443 ipse
2569 2369 2812 2444 primus
2844 2375 2955 2429 aut
2978 2369 3086 2428 illo
3128 2369 3296 2428 bono
3321 2367 3574 2439 fruitur,
3604 2375 3721 2429 aut

477 2445 589 2503 illo
623 2441 804 2504 malo
827 2444 1094 2520 punitur
1127 2463 1140 2498 :
1171 2449 1231 2502 et
1270 2443 1516 2523 merito.
1549 2441 1723 2501 Sicut
1749 2444 1917 2501 enim
1959 2459 2152 2520 aqua,
2202 2445 2337 2504 sive
2381 2441 2550 2505 salsa
2572 2441 2682 2516 sit,
2712 2447 2844 2508 sive
2877 2448 2958 2507 sit
2982 2447 3092 2508 illa
3121 2447 3441 2523 potabilis,
3473 2456 3536 2510 et
3564 2465 3720 2510 vasa

467 2523 666 2594 replet
693 2523 1149 2590 haurientium,
1175 2527 1236 2581 et
1261 2539 1449 2579 suum
1483 2520 1716 2579 fontem
1748 2539 1828 2582 ex
1843 2539 1972 2597 quo
2006 2530 2222 2584 manat
2245 2540 2657 2600 nequaquam
2685 2542 2958 2586 vacuum
2985 2520 3318 2588 remanere
3349 2528 3656 2598 permittit
3701 2547 3717 2582 :

456 2603 550 2662 sic
580 2607 641 2661 et
671 2603 985 2679 nequitia.
1019 2603 1110 2661 sic
1141 2608 1203 2663 et
1232 2603 1463 2673 virtus,
1495 2601 1666 2663 unde
1695 2609 2082 2680 processerit
2114 2606 2295 2661 illum
2333 2607 2808 2680 procreatorem
2856 2603 3150 2678 primitus
3181 2603 3290 2665 illa
3330 2602 3628 2674 laetiﬁcat,
3670 2609 3738 2666 et

455 2681 565 2742 illa
592 2681 934 2740 consumit.
965 2681 1042 2739 Et
1074 2682 1208 2742 haec
1234 2681 1493 2758 quidem
1519 2682 1581 2740 in
1618 2679 1736 2742 hac
1769 2681 1898 2742 vita
1925 2702 1938 2740 :
1967 2679 2352 2743 caeterumin
2386 2679 2601 2740 futuro
2631 2680 2868 2740 saaculo
2893 2683 3038 2758 quis
3065 2699 3278 2742 sermo
3305 2681 3516 2742 valeat
3542 2699 3735 2744 enar-

457 2777 604 2819 rare
634 2778 777 2837 quaa
809 2761 1002 2830 bona,
1029 2761 1127 2820 vel
1158 2757 1304 2838 quae
1331 2761 1500 2822 mala
1534 2764 1994 2822 reservantur?
2018 2762 2152 2820 Non
2179 2764 2277 2820 est
2305 2775 2519 2819 sermo
2552 2759 2665 2836 qui
2696 2759 2819 2820 hoc
2844 2757 3121 2837 explicet
3155 2779 3171 2818 :
3213 2760 3528 2837 siquidem
3562 2764 3733 2825 bona

459 2840 568 2898 illa
601 2856 728 2898 non
756 2843 1005 2900 tantum
1045 2857 1433 2907 sermonem,
1469 2839 1576 2899 sed
1615 2840 1806 2901 etiam
1856 2857 2112 2900 omnem
2145 2839 2448 2899 intuitum
2498 2838 2728 2898 mentis
2766 2841 3084 2900 excedunt
3118 2859 3133 2897 :
3165 2839 3489 2901 contraria
3543 2859 3732 2913 vero,

390 2959 395 2965 η
461 2918 581 2978 hoc
602 2922 699 2978 est
729 2917 928 2989 mala,
963 2919 1284 2995 appellata
1335 2918 1593 2994 quidem
1647 2926 1798 2979 sunt
1823 2920 2196 2980 nominibus
2247 2918 2544 2989 usitatis;
2579 2917 2752 2978 verbi
2778 2919 2978 2996 gratia
3007 2937 3028 2998 :_
3071 2921 3225 2995 quia
3258 2919 3450 2998 ignis,
3481 2919 3732 2998 inquit,

461 2998 546 3056 ibi
585 3004 711 3069 est,
743 3002 804 3057 et
836 2993 1137 3065 tenebrae,
1174 3003 1235 3058 et
1266 2993 1548 3066 vincula,
1573 3004 1638 3058 et
1673 2999 1905 3060 vermis
1929 3000 2068 3060 sine
2100 2998 2225 3059 fine
2256 3014 2644 3058 consumens
2672 3017 2687 3057 :
2713 2993 2820 3058 sed
2852 3015 2978 3057 non
3015 2993 3144 3057 haéc
3165 2993 3312 3060 sola
3334 2999 3472 3060 istis
3508 2993 3734 3061 nomi—

465 3077 675 3146 nibus,
712 3077 1002 3156 necialia
1042 3078 1592 3148 demonstrantur,
1637 3078 1743 3138 sed
1789 3079 1916 3140 alia
1950 3079 2152 3138 multo
2177 3077 2398 3156 pejora
2429 3081 2490 3137 et
2515 3077 2717 3136 multo
2739 3077 3018 3154 amplius
3055 3079 3407 3140 severiora.
3454 3077 3635 3152 Quod
3663 3085 3736 3139 ut

461 3173 801 3237 agnoscas,
837 3155 958 3237 hoc
989 3157 1266 3234 primum
1300 3157 1659 3237 considera.
1697 3157 1758 3218 Si
1782 3159 1951 3218 enim
1981 3155 2523 3237 ignis,’quomodo
2550 3157 2828 3237 tenebras
2852 3159 3046 3237 sunt?
3073 3157 3263 3237 Vides
3288 3159 3596 3235 quoniam
3626 3160 3735 3218 ille

465 3236 628 3313 ignis
653 3235 883 3296 saevior
904 3235 1027 3296 isto
1059 3239 1195 3296 est?
1223 3255 1348 3298 non
1375 3236 1544 3298 enim
1571 3237 1764 3298 habet
1799 3235 2042 3305 lumen,
2073 3241 2188 3298 aut
2213 3237 2412 3297 ullam
2437 3236 2694 3295 luminis
2719 3235 3098 3296 claritatem.
3123 3236 3185 3296 Si
3213 3237 3380 3314 ignis
3411 3241 3529 3308 est,
3552 3256 3735 3314 quo—

464 3315 652 3374 modo
680 3333 933 3392 semper
961 3317 1110 3387 urit,
1149 3322 1211 3376 et
1251 3317 1686 3392 corruptionis
1737 3335 1869 3377 non
1905 3323 2217 3395 operatur
2245 3315 2586 3395 effectum?
2609 3314 2800 3395 Vides
2837 3316 3147 3392 quoniam
3173 3323 3234 3376 et
3259 3317 3324 3376 in
3357 3317 3480 3378 hoc
3501 3318 3739 3378 szevior

464 3396 605 3453 est?
631 3411 759 3455 non
800 3395 973 3455 enim
1003 3395 1462 3476 exstinguitur.
1495 3397 1764 3476 Propter
1803 3397 1925 3456 hoc
1953 3394 2150 3476 etiam
2195 3394 2743 3476 inexstinguibilis
2780 3395 3167 3472 appellatur.
3200 3396 3491 3474 lntellige
3530 3397 3736 3476 igitur

463 3478 778 3550 quantum
807 3477 903 3552 est
929 3474 1190 3544 malum,
1223 3493 1338 3550 per
1365 3474 1579 3534 omnia
1613 3476 1846 3536 saecula
1875 3476 2002 3546 uri,
2036 3480 2099 3535 et
2134 3475 2198 3534 in
2230 3475 2512 3535 tenebris
2545 3491 2925 3551 permanere
2955 3475 3307 3552 perpetuis,
3339 3481 3402 3535 et
3448 3474 3732 3536 infinitos

466 3553 740 3630 gemitus
768 3551 980 3622 edere,
1014 3557 1076 3632 et
1106 3552 1376 3613 stridere
1401 3551 1723 3626 dentibus,
1757 3559 1818 3613 et
1843 3571 2255 3632 nequaquam
2276 3554 2528 3631 penitus
2554 3553 2764 3612 exuri.
2798 3553 2857 3612 Si
2892 3551 3153 3613 enimin
3176 3555 3295 3615 hac
3321 3555 3452 3615 vita
3487 3556 3730 3632 aliquis

465 3649 715 3702 eorum,
749 3631 859 3708 qui
897 3631 1094 3711 nobili
1119 3649 1353 3711 genere
1384 3633 1516 3692 nati
1548 3637 1719 3701 sunt,
1749 3635 1815 3692 in
1849 3631 2201 3694 custodiam
2237 3633 2631 3704 retrudatur,
2671 3638 2962 3709 putorem
2997 3634 3210 3710 ipsum
3248 3639 3496 3694 tantum
3529 3640 3591 3695 et
3633 3641 3739 3693 te—

467 3710 1155 3805 nebrarum__caligines
1212 3730 1342 3804 non
1375 3711 1914 3805 valet_sustinere,
1950 3718 2024 3805 et
2061 3731 2205 3774 cum
2241 3712 2740 3805 homicidisnuna
2773 3712 2982 3805 ligari,
3022 3719 3227 3805 morte
3262 3713 3445 3805 pejus
3495 3713 3735 3774 existi—

467 3795 638 3869 mat:
673 3790 960 3869 intellige
995 3790 1189 3867 quale
1214 3792 1318 3863 sit,
1351 3790 1613 3869 quando
1642 3809 1786 3852 cum
1827 3793 2128 3853 omnibus
2165 3792 2359 3852 totius
2388 3791 2604 3852 saeculi
2633 3792 3077 3851 comburimur
3122 3790 3479 3864 homicidis,
3519 3811 3734 3869 neque

472 3868 588 3945 ipsi
615 3870 780 3932 alios
805 3868 1116 3943 videntes,
1151 3868 1671 3950 nequefaliorum
1701 3871 1948 3932 visibus
1985 3877 2392 3950 apparentes,
2423 3870 2532 3930 sed
2583 3871 2647 3930 in
2695 3876 2874 3931 tanta
2939 3871 3348 3932 multitudine
3402 3868 3732 3932 solitarios

469 3967 584 4010 nos
611 3967 753 4010 esse
795 3955 1116 4028 putantes.
1165 3949 1492 4028 Siquidem
1550 3951 1828 4012 tenebrae.
1855 3957 1915 4011 et
1944 3949 2238 4012 abSentia
2277 3950 2536 4010 luminis
2568 3966 2698 4009 non
2740 3967 2857 4010 nos
2895 3950 3064 4010 sinet
3111 3951 3442 4027 proximos
3471 3958 3732 4012 nostros

473 4045 850 4104 agnoscere;
880 4027 989 4088 sed
1022 4029 1217 4088 veluti
1245 4031 1297 4088 si
1330 4029 1659 4089 solitarius
1685 4030 2138 4106 unusquisque
2165 4034 2456 4090 nostrum
2483 4030 2786 4106 patiatur,
2821 4029 2912 4089 sic
2932 4028 3209 4090 afficitur
3229 4047 3578 4108 Oppressus
3608 4049 3735 4091 ca—

467 4106 664 4187 ligine
687 4107 1052 4187 tenebrosa.
1083 4107 1390 4187 Si_autem
1421 4109 1701 4168 tenebrae
1723 4112 1972 4168 tantum
1999 4107 2290 4187 affligunt
2320 4114 2574 4169 nostras
2601 4109 2875 4176 animas,
2914 4113 3292 4186 tantumque
3325 4112 3730 4186 perturbant».

517 4145 664 4181 aruv
690 4145 1052 4166 ιυιιυνιυδαο
1083 4145 1144 4166 υι
1176 4145 1390 4166 quecui
1423 4145 1701 4168 [CIICUIW
1725 4145 1972 4168 ιαιιιυιιι
1999 4145 2290 4181 αιιιιξςυιιι
2322 4145 2488 4168 ιιυδιι
2504 4145 2574 4169 aa
2601 4145 2875 4176 αιιιιιιαδ,

464 4183 619 4258 quid
649 4183 769 4242 erit
794 4183 926 4262 jam
957 4185 1218 4260 quando
1245 4191 1307 4244 et
1333 4204 1478 4244 cum
1512 4187 1793 4246 tenebris
1827 4187 2080 4246 dolores
2122 4183 2185 4246 et
2218 4193 2538 4248 tormenta
2579 4189 3046 4248 combustionis
3089 4183 3457 4250 adfuerint?
3486 4189 3733 4249 ldcireo

465 4264 798 4344 deprecor,
831 4268 904 4344 ut
929 4263 1063 4344 haac
1085 4281 1336 4344 semper
1359 4263 1536 4344 apud
1555 4281 1664 4324 vos
1692 4265 1984 4333 versetis,
2018 4270 2080 4325 et
2104 4267 2421 4342 patienter
2443 4266 2761 4326 tristitiam
2787 4285 2931 4344 quae
2957 4286 3037 4327 ex
3069 4268 3278 4328 verbis
3310 4270 3600 4329 nascitur
3627 4276 3735 4328 to—

465 4341 706 4410 leretis,
738 4361 816 4403 ne
845 4341 1002 4420 ipsis
1055 4343 1247 4402 rebus
1271 4341 1588 4420 supplicia
1617 4344 1927 4404 sentiatis.
1952 4341 2268 4405 Omnibus
2302 4345 2504 4406 modis
2520 4347 2691 4407 enim
2719 4341 3023 4408 universa
3047 4347 3171 4409 ista
3192 4347 3407 4410 futura
3441 4353 3628 4416 sunt;
3669 4354 3735 4408 et

467 4438 574 4480 eos
609 4423 721 4504 qui
753 4422 1086 4504 suppliciis
1115 4421 1319 4504 digna
1336 4426 1718 4504 gesserunt,
1744 4424 1962 4504 nullus
1993 4425 2226 4504 poterit
2267 4425 2568 4499 liberare,
2605 4443 2735 4484 non
2771 4431 2977 4504 pater,
3003 4445 3132 4486 non
3158 4437 3384 4498 mater,
3427 4444 3555 4487 non
3604 4427 3734 4489 fra-

465 4505 601 4585 ter:
637 4501 874 4585 Erater
901 4503 1062 4585 enim.
1089 4500 1490 4585 nostiiberat,
1527 4502 1756 4585 inquit,
1796 4500 2082 4585 lib_erabit
2111 4503 2289 4585 homo
2317 4506 2347 4585 2
2375 4504 2522 4585 licet
2568 4500 2835 4585 multam
2869 4505 3167 4567 ﬁduciam
3211 4507 3490 4585 quisque
3513 4507 3732 4584 possi-—

463 4579 642 4652 deat,
674 4580 821 4664 licet
846 4582 1119 4641 multum
1145 4582 1356 4664 valeat
1391 4580 1559 4658 apud
1592 4583 1820 4641 Deum.
1867 4583 2230 4664 Ipseenimi
2240 4582 2464 4664 reddet
2491 4583 2843 4664 unicuique
2874 4579 3451 4664 secundum'Opera
3475 4579 3639 4664 ejus,
3668 4591 3734 4645 et

464 4677 550 4742 ex
569 4659 874 4742 operibus
903 4669 1038 4742 iam
1069 4661 1270 4736 salus,
1295 4677 1491 4737 quam
1521 4677 1708 4742 poena
1731 4659 2174 4740 consequitur.
2209 4663 2545 4724 Faciamus
2568 4659 2766 4742 igitur
2804 4665 2990 4724 nobis
3016 4666 3257 4726 amicos
3299 4659 3381 4724 ex
3429 4659 3732 4728 mamona

463 4737 867 4834 iniquitatis:
902 4738 1562 4834 ho.o_.est,‘opet:emur
1589 4737 2067 4834 eleemosyn’as,
2110 4759 2500 4834 evacuemus
2541 4737 2786 4834 in'istos
2817 4745 3128 4834 pecunias
3151 4749 3541 4834 nostras,_u_t_
3580 4761 3732 4806 eva-

461 4835 729 4898 cuemus
753 4819 1111 4898 etiamillic
1140 4824 1212 4880 et
1239 4819 1729 4898 exstinguamus
1752 4819 1918 4898 ignis
1949 4821 2277 4893 ardorem,
2316 4827 2388 4881 ut
2422 4821 2718 4884 fiduciam
2756 4819 2985 4882 mentis
3024 4824 3400 4884 habeamus.
3446 4824 3584 4884 Illic
3628 4829 3734 4884 et-

465 4897 638 4980 enim
665 4915 796 4980 non
826 4898 927 4980 vel
955 4897 1080 4980 ipsi
1109 4903 1267 4980 sunt
1289 4898 1547 4980 quinos
1569 4897 1931 4980 excipiunt,
1953 4900 2062 4960 sed
2115 4917 2278 4978 Opus
2311 4906 2600 4961 nostrum
2634 4902 2828 4980 :quia
2858 4918 2988 4961 non
3023 4919 3102 4963 eo
3139 4903 3314 4980 ipso,
3361 4903 3535 4980 quod
3572 4903 3731 4964 istos

463 4976 714 5059 amicos
739 4975 1142 5059 habebimus,
1175 4975 1426 5059 salvari
1450 4975 1863 5059 merebimur.
1891 4975 2185 5056 Denique
2216 4980 2470 5042 attende
2495 4981 2648 5059 quid
2673 4975 2910 5041 addidit
2943 5000 2958 5039 :
2991 4999 3120 5042 non
3152 4975 3324 5042 enim
3353 4975 3517 5042 dixit
3541 5027 3558 5054 .
3590 4980 3734 5042 Fa-

457 5057 584 5134 cite
615 5056 795 5116 vobis
839 5057 1104 5128 amicos,
1140 5061 1214 5116 ut
1260 5057 1617 5134 suscipiant
1657 5074 1772 5118 vos
1823 5058 1891 5118 in
1933 5059 2304 5120 habitacula
2349 5076 2469 5121 sua
2514 5056 2754 5121 interna
2780 5079 2796 5130 ;
2827 5059 2938 5120 sed
2983 5065 3234 5121 tantum
3261 5063 3327 5123 in
3355 5062 3730 5125 habitacula

450 5132 621 5194 dixit
650 5140 914 5204 aeterna,
938 5141 1001 5195 et
1025 5134 1284 5197 modum
1314 5132 1527 5207 ipsum
1577 5137 1900 5212 exposuit.
1938 5137 2221 5198 Diceudo
2269 5139 2465 5200 enim.
2498 5138 2613 5198 Ea:
2659 5156 2947 5200 mamona
3000 5140 3396 5211 iniquitatis.
3452 5141 3734 5204 ostendit

442 5212 875 5303 'quoniam‘de
903 5216 1198 5293 pecuniis
1229 5216 1661 5303 oportet_i_stos
1698 5217 1939 5303 amicos
1973 5232 2361 5294 praeparare.
2393 5217 2688 5303 _Apparet
2721 5216 2920 5303 igitur
2947 5219 3258 5303 quoniam
3289 5240 3418 5283 non
3448 5224 3585 5303 ipsa
3619 5243 3739 5286 no-

453 5294 551 5380 bis
580 5293 1116 5380 amicitiaeorum
1141 5293 1678 5380 patrocinabitur,
1707 5296 1767 5380 si
1793 5293 2191 5380 bonaiopera
2232 5311 2362 5380 non
2393 5293 2784 5380 habeamus,
2810 5298 2862 5358 si
2886 5293 3029 5364 mon
3063 5317 3211 5361 cum
3234 5293 3490 5380 justitia
3514 5305 3737 5366 refun-

452 5371 684 5458 da_mus
711 5371 994 5458 divitias,
1026 5371 1191 5458 quas
1224 5375 1447 5454 inique
1477 5375 1943 5458 congessimus.
1978 5375 2104 5434 lste
2164 5373 2342 5458 vobis
2381 5391 2596 5458 sermo
2626 5374 2703 5458 de
2728 5377 3158 5458 eleemosynis
3205 5371 3336 5441 n'on
3393 5382 3471 5443 ad
3502 5383 3731 5446 divites

453 5452 690 5524 solum,
721 5451 832 5536 sed
859 5451 1168 5536 etiamad
1211 5451 1530 5536 pauperes
1581 5451 1770 5515 simul
1803 5459 2128 5536 aptatur;
2150 5453 2393 5536 scilicet
2420 5453 2529 5536 ille
2565 5454 2675 5536 qui
2723 5457 2805 5516 ab
2852 5456 2997 5519 aliis
3014 5451 3259 5536 'petens
3305 5464 3736 5524 sustentatio-

456 5548 602 5619 nem
630 5533 1024 5619 a_coipiat,_et
1052 5532 1132 5594 ad
1154 5532 1368 5619 ipsum
1402 5535 1537 5619 haec
1569 5535 1780 5619 or_atio
1817 5533 2181 5619 pertinebit:
2217 5533 2356 5592 Non
2382 5533 2555 5619 enim
2595 5533 2659 5594 in
2690 5539 2939 5619 tantum
2969 5532 3247 5618 quisque
3267 5557 3520 5619 pauper
3540 5546 3726 5603 exsi-

449 5609 682 5706 sjtitnut
698 5609 1116 5706 dudminuta
1146 5609 1278 5706 non
1336 5615 1593 5706 habeat.
1625 5609 1839 5676 Potest
1863 5630 2018 5706 ergo
2048 5612 2222 5706 etude
2255 5613 2481 5706 paucis
2508 5630 2722 5706 pauca
2751 5609 3158 5706 tribuer'e,__et'
3185 5609 3478 5706 plurima
3516 5625 3735 5706 passi-7

452 5688 673 5786 dontes
698 5690 1176 5786 largientesque
1207 5694 1485 5786 plurima
1515 5711 1869 5786 superare,
1903 5688 2212 5786 sieutilla
2250 5688 2462 5786 vidua.
2488 5688 2644 5786 ΔΙξὶοιι
2675 5695 2845 5786 enim
2878 5688 3238 5786 quantitaie
3267 5688 3592 5786 datorum,
3617 5704 3730 5764 sed

456 5771 694 5830 virtute
724 5771 1085 5850 superavit,
1109 5771 1266 5852 quia
1309 5771 1688 5853 magnitudo
1723 5771 2178 5836 misericordiae
2217 5773 2566 5837 voluntatis
2604 5771 3048 5856 magnitudine
3075 5774 3428 5857 judicatur.
3481 5781 3732 5862 Ubique

4080 269 4084 284 ι

4080 351 4084 386 Γ
