4088 6208
510 313 622 370 269
1055 315 1072 325 ’
1241 309 1304 366 3.
1343 307 1396 364 εἰ.
1436 307 1930 365 CHRYSOSTOMI
1971 304 2276 364 llOMlLl/E
2312 303 2383 360 ια
2419 301 2639 360 EPIST.
2681 301 2774 358 AD
2813 303 3017 363 llEBR.
3641 307 3753 366 250

497 413 632 470 ctas
677 406 946 468 virtutes
989 405 1320 467 existimas
1341 407 1370 464 ?
1398 404 1670 467 Adverte
1717 405 2039 468 Christum
2081 409 2430 474 dicentem,
2461 403 2618 483 quia
2655 403 2813 483 Cum
2844 401 3118 483 feceritis
3146 399 3272 462 hac
3305 405 3512 465 omnia
3533 450 3549 474 .
3583 404 3776 476 dicite

495 484 1090 580 quoniam-inutiles.
1118 485 1283 580 servi
1304 503 1521 580 animi}:
1547 506 1567 546 :
1595 503 1737 578 nam
1762 503 1898 580 gate
1931 489 2134 568 facere
2165 481 2520 580 debebamns
2542 529 2570 580 ι
2587 481 2801 580 omnia
2826 482 3224 580 ρον-[θάψῃς.
3258 484 3355 543 An
3377 501 3504 580 _pro
3533 484 3775 580 divitiis

497 560 564 629 in
594 567 966 644 superbiam
993 565 1397 626 sublevaris?
1425 566 1648 628 Nonne
1680 560 1852 627 vid—es
1879 560 2101 628 omnes
2133 568 2245 645 qui
2275 573 2424 628 ante
2455 570 2516 645 t_e
2547 560 3060 645 inerunt,_nudos
3083 561 3233 645 hinc
3257 579 3334 624 ac
3357 560 3642 627 desertos
3674 587 3765 629 re-

497 648 616 709 bus
647 641 946 706 o'mnibus
977 645 1391 725 discessisse?
1421 661 1634 706 nonne
1682 645 1850 725 nudi
1880 641 2172 725 ingressi
2205 662 2428 706 sumus
2472 643 2537 702 in
2583 643 2750 725 hanc
2801 641 3027 725 vitam,
3059 642 3218 725 nudi
3254 660 3521 725 quoque
3546 663 3777 709 sumus.

495 726 782 787 exituri?
815 724 1125 802 numquid
1155 723 1340 784 debet
1369 725 1717 802 quisquam
1747 724 1857 804 qui
1900 721 2182 804 possidet
2211 726 2425 786 aliena
2447 767 2462 793 ,
2495 723 2812 804 superbus
2859 721 3226 804 exsistere?
3253 723 3376 795 Qui
3422 723 3594 804 enim
3646 743 3772 786 vo-

495 806 734 866 iuerint
763 805 898 865 istis
932 800 1347 864 saecularibus
1379 804 1457 864 ad
1487 800 1693 865 solam
1723 800 1815 864 uti
1849 800 2176 882 propriam
2208 805 2603 866 voluntatem
2635 845 2650 872 ,
2683 800 2982 882 annittunl
3011 802 3308 882 eaetiam
3340 802 3629 867 nolentes
3661 850 3679 875 ,
3713 813 3774 868 et

496 886 754 962 quidem
786 883 1018 960 saepius
1045 890 1196 944 ante
1224 889 1526 955 mortem;
1562 885 1626 944 in
1659 884 1797 961 ipsa
1828 879 1990 944 vero
2011 889 2214 946 morte
2241 882 2717 962 inevitabiliter.
2749 879 2867 962 Sed
2901 896 3015 962 nos
3045 879 3135 962 eis
3157 924 3173 951 ,
3204 881 3452 958 inquis,
3483 883 3772 948 viventes

496 957 664 1026 sicut
693 957 1014 1034 volumus,
1049 964 1312 1023 utimur.
1348 963 1480 1042 Ego
1509 957 1726 1025 autem
1757 980 1792 1023 e
1814 970 2041 1026 contra
2076 963 2216 1042 dico
2245 963 2401 1041 quia
2429 959 2912 1042 magisnullum
2946 957 3130 1019 facile
3152 957 3396 1042 poteris
3429 962 3724 1025 invenire
3753 1009 3772 1036 ,

495 1045 608 1121 qui
640 1044 805 1105 sicut
837 1043 970 1102 vult
999 1045 1192 1103 rebus
1225 1039 1628 1103 exstantibus
1656 1045 1963 1104 abutatur
1991 1063 2006 1102 :
2035 1041 2208 1120 quod
2239 1039 2292 1102 si
2323 1042 2515 1121 etiam
2545 1039 2689 1116 quis
2723 1045 3036 1121 utaturut
3070 1039 3243 1110 velit,
3281 1041 3444 1100 nihil
3471 1042 3596 1104 hoc
3621 1061 3775 1105 ma-

496 1117 693 1201 gnum
739 1127 964 1199 putare
992 1121 1322 1182 debemus.
1354 1122 1574 1182 Brevis
1602 1127 1697 1183 est
1724 1140 2006 1199 namque
2036 1117 2169 1183 vita
2210 1119 2536 1198 praesentis
2571 1117 2874 1201 temporis
2903 1162 2918 1189 ,
2951 1117 3016 1178 in
3046 1121 3524 1198 comparatione
3555 1123 3771 1186 saeculi

497 1197 890 1279 sempiterni.
925 1201 1140 1261 Altum
1172 1202 1370 1278 sapis,
1402 1220 1440 1261 ο
1472 1202 1686 1273 homo,
1714 1202 1869 1278 quia
1899 1197 2074 1262 dives
2105 1220 2172 1262 es
2201 1197 2228 1259 ?
2255 1219 2394 1270 cur,
2427 1201 2720 1279 obsecro,
2755 1197 2856 1279 vel
2887 1215 3000 1279 pro
3030 1216 3158 1279 qua
3189 1201 3566 1279 causa?hoc
3598 1203 3772 1264 enim

496 1277 704 1360 potest
740 1282 932 1340 etiam
961 1277 1321 1341 latronibus
1351 1281 1717 1358 pervenire,
1739 1277 1852 1342 vel
1884 1281 2168 1352 furibus,
2207 1279 2307 1340 vel
2336 1277 2704 1360 ιιοῐῃίοἱύῇε,
2738 1277 2838 1360 vel
2869 1278 3194 1360 mollibus,
3231 1279 3331 1339 vel
3367 1278 3728 1360 fornicariis
3751 1327 3768 1355 ,

501 1357 600 1422 vel
647 1362 836 1420 etiam
888 1361 1181 1437 pessimis
1233 1357 1574 1421 universis.
1609 1359 1740 1420 Cur
1768 1377 1921 1439 ergo
1956 1362 2156 1422 altum
2188 1359 2406 1436 sapis?
2432 1357 2497 1439 _S_i
2531 1359 2700 1416 enim
2729 1357 2808 1418 ad
2839 1357 3011 1439 quod
3041 1375 3203 1434 opus
3233 1365 3330 1439 est
3357 1357 3770 1439 facultatibus

498 1441 622 1500 tuis
660 1441 969 1511 abuteris,
1005 1441 1135 1499 noli
1168 1440 1369 1500 altum
1402 1457 1652 1517 sapere,
1686 1437 2047 1518 nolifquod
2078 1437 2548 1518 misericordias
2582 1443 2725 1496 tuas
2758 1437 3073 1518 superbia:
3109 1438 3370 1518 morbus
3402 1438 3769 1502 interimat:

501 1521 550 1580 si
582 1525 797 1580 autem
829 1537 958 1578 nou
988 1519 1066 1580 ad
1095 1519 1267 1596 quod
1298 1536 1459 1596 Opus
1481 1515 1588 1579 est
1618 1520 1817 1580 uteris
1844 1563 1859 1591 ,
1894 1515 2097 1580 inulto
2128 1519 2341 1578 minus
2373 1517 2573 1596 altum
2601 1533 2828 1596 sapere
2860 1515 3088 1596 debes,
3121 1517 3426 1593 quoniam
3459 1520 3774 1596 pecunia-

496 1617 640 1659 rum
674 1605 930 1658 tuarum
957 1595 1183 1660 servus
1213 1595 1472 1658 effectus
1503 1617 1595 1670 es,
1623 1605 1687 1660 et
1715 1599 1834 1658 sub
1865 1616 2088 1660 earum
2117 1596 2449 1657 dominatu
2477 1595 2808 1656 detineris.
2838 1595 2996 1676 Nam
3027 1595 3126 1676 die
3157 1597 3334 1666 mihi,
3367 1597 3419 1656 si
3448 1595 3774 1676 quispiam

498 1679 769 1740 febrium
801 1680 1014 1738 calore
1045 1683 1389 1754 peruratur
1411 1723 1427 1751 ,
1459 1684 1521 1738 et
1549 1695 1785 1754 aquam
1817 1677 2110 1756 frigidam
2139 1677 2645 1754 intemperanter
2673 1675 3017 1756 accipiens,
3040 1675 3115 1737 ad
3149 1677 3486 1756 paululum
3519 1675 3771 1756 tempus

498 1758 667 1818 sitim
701 1757 993 1818 videatur
1033 1759 1446 1836 exstinguere
1471 1801 1486 1828 ,
1518 1775 1673 1817 num
1719 1754 2060 1836 propterea
2100 1757 2289 1817 debet
2323 1757 2528 1816 altum
2569 1754 2841 1836 sapere?
2874 1755 3531 1836 nonnepostmodum
3581 1754 3668 1818 in
3692 1778 3771 1825 eo

498 1837 706 1915 major
746 1836 1016 1898 febrium
1061 1833 1316 1897 ﬂamma
1358 1833 1990 1912 succenditur?Quid
2022 1839 2170 1898 item
2192 1879 2208 1908 ,
2243 1836 2296 1895 si
2326 1835 2472 1912 quis
2519 1851 2635 1915 per
2666 1834 2944 1912 plurima
2973 1833 3230 1912 quidem
3253 1879 3269 1907 ,
3293 1835 3413 1915 sed
3442 1837 3772 1913 superﬂua

498 1913 688 1976 curas
720 1933 873 1976 suas
903 1921 1242 1984 exerceat,
1276 1934 1432 1976 num
1462 1923 1802 1994 pr0pterea
1830 1917 2015 1978 debet
2045 1918 2247 1978 altum
2277 1917 2552 1992 sapere?
2581 1913 2739 1975 Nam
2779 1932 2895 1974 cur
2923 1915 3125 1974 altum
3166 1913 3380 1992 sapias
3409 1959 3426 1988 ,
3457 1915 3556 1976 dic
3585 1919 3774 1978 obse-

499 1996 658 2075 cro?
686 2013 839 2075 unm
888 1996 1043 2075 quia
1075 1994 1384 2075 plurimos
1422 1993 1620 2075 habes
1653 1995 2000 2075 dominos?
2050 1995 2358 2075 quoniam
2396 1994 2692 2075 plurimis
2730 1993 3267 2075 sollicitudinibus
3307 1994 3588 2072 angeris,
3615 1999 3788 2075 quia.

491 2072 752 2150 plurimi
793 2070 1092 2134 homines
1131 2072 1524 2136 adulantur?
1550 2071 1896 2132 Enimvero
1933 2070 2158 2134 servus
2208 2071 2332 2133 illis
2365 2088 2435 2132 es
2465 2115 2481 2143 ,
2511 2075 2573 2131 et
2601 2071 2762 2134 dura
2794 2070 3084 2152 fungeris
3118 2070 3453 2135 servitute.
3491 2070 3673 2152 Quod
3707 2085 3780 2142 ut

489 2168 828 2230 agnoscas,
862 2168 1221 2230 parumper
1239 2152 1557 2230 ausculta.
1590 2152 1874 2212 Aliarum
1907 2167 2190 2228 namque
2215 2152 2592 2230 passionum
2622 2151 2940 2230 interdum
2970 2151 3454 2215 demonstratur
3485 2157 3728 2220 utilitas
3755 2179 3771 2220 :

491 2229 668 2310 verbi
699 2232 928 2312 gratia,
962 2229 1296 2292 iracundia
1326 2231 1707 2312 plerumque
1735 2231 1911 2312 utilis
1943 2237 2040 2312 est
2068 2251 2082 2289 :
2116 2229 2513 2312 Indignatio.
2547 2229 2778 2312 inquit,
2811 2231 2879 2292 in
2909 2229 3237 2312 injustitia
3271 2253 3402 2294 non
3427 2237 3548 2297 erit
3569 2237 3780 2303 imm-2

491 2329 630 2394 cens
652 2309 962 2394 proinde
1009 2310 1402 2394 potest_qu_is
1441 2310 1636 2394 etiam
1682 2310 2153 2394 rationabiliter
2184 2309 2525 2394 indignari.
2559 2309 2634 2368 Et
2665 2309 2896 2394 iterum
2917 2355 2932 2378 ,
2963 2309 3090 2394 Qui
3143 2311 3446 2394 irascitur
3470 2362 3484 2385 ,
3517 2315 3772 2394 inquit,

488 2391 682 2483 [ratri
705 2410 815 2483 suo
841 2396 938 2450 :et
966 2408 1097 2483 non
1125 2388 1275 2483 dicit
1303 2388 1700 2483 simpliciter,
1717 2388 1842 2483 _sed
1870 2389 2129 2483 addidit,
2164 2391 2314 2451 Sine
2333 2388 2578 2483 censa:
2609 2405 2754 2483 ηαξ
2782 2389 2898 2451 erit
2921 2391 3228 2483 generante.
3262 2393 3382 2468 Qui
3426 2413 3580 2483 ergo
3602 2388 3777 2483 j_u_ste

491 2468 885 2541 irascuntur,
922 2471 1102 2530 nullo
1132 2477 1315 2529 reatu
1346 2473 1648 2529 tenentur
1671 2469 1962 2530 obnoxii.
1995 2470 2234 2530 lterum
2265 2468 2587 2530 aemulatio
2608 2511 2623 2541 ,
2658 2469 2759 2529 vel
2790 2468 3102 2547 cupiditas
3132 2489 3262 2533 non
3292 2480 3445 2532 sunt
3475 2468 3766 2538 o'mnifa-

489 2551 654 2611 riam
699 2549 944 2620 noxiae,
978 2549 1113 2608 hinc
1162 2547 1421 2624 quidem
1469 2564 1616 2606 cum
1659 2547 1738 2608 ad
1768 2564 1931 2624 opus
1971 2547 2516 2626 procreandorum
2553 2549 2907 2609 assumitur
2941 2548 3254 2624 filiorum,
3289 2552 3401 2613 illa
3441 2572 3595 2614 vero
3626 2573 3774 2618 cum

491 2629 701 2714 studio
732 2627 1019 2714 imitandi
1053 2628 1219 2688 bona
1260 2626 1616 2714 snscipituc
1641 2627 1856 2714 :_sicut
1887 2625 2050 2714 diiit
2079 2635 2139 2688 et
2166 2627 2403 2714 Paulus
2439 2628 2736 2714 :__Bonum
2760 2635 2888 2696 est,
2923 2629 3174 2714 inquit,
3207 2630 3490 2714 amatori
3534 2652 3774 2714 semper

489 2708 558 2787 in
586 2705 813 2787 bonum
837 2725 857 2773 ;
880 2711 950 2787 et
976 2706 1245 2787 iterum,
1279 2705 1687 2787 zEmutamini
1725 2705 2100 2768 charismata
2127 2706 2408 2768 meliora.
2447 2707 2729 2784 Utraque
2765 2725 2918 2787 ergo
2949 2705 3142 2770 habet
3183 2711 3524 2774 utilitatem
3555 2705 3767 2776 suam.

487 2786 566 2847 Et
595 2786 687 2847 sic
717 2785 907 2846 etiam
938 2786 1004 2846 in
1033 2784 1277 2847 czeteris
1309 2785 1720 2862 passionibus
1752 2787 2105 2860 invenitur,
2139 2787 2192 2867 si
2223 2805 2339 2864 per
2365 2803 2474 2847 eas
2503 2784 2973 2867 considerantis
3000 2789 3271 2867 pervigil
3302 2797 3524 2855 currat
3551 2792 3726 2853 inten
3751 2827 3770 2839 -

489 2867 602 2949 t_io.
636 2867 1024 2949 Arrogantia
1055 2881 1208 2925 vero
1234 2881 1558 2949 nusquam
1590 2867 1758 2926 bona
1788 2871 1998 2949 potest
2025 2865 2337 2949 exsistere
2361 2911 2378 2940 ,
2411 2865 2518 2926 sed
2550 2867 2793 2944 ubique
2825 2867 3068 2949 inutilis
3093 2871 3162 2949 et
3191 2865 3387 2949 noxia
3417 2872 3765 2949 reperitur.

489 2945 655 3006 Sane
689 2962 874 3016 vero,
907 2945 960 3005 si
992 2949 1245 3023 Oportet
1273 2943 1475 3005 altum
1505 2961 1732 3022 sapere
1757 2987 1774 3015 ,
1808 2945 1873 3005 in
1908 2946 2214 3023 pauperie
2243 2954 2364 3006 hoc
2394 2943 2695 3023 oportet,
2721 2962 2848 3006 non
2881 2946 2944 3007 in
2980 2947 3215 3008 divitiis
3243 2943 3722 3024 facere-Quare
3743 2953 3772 3012 ?

487 3025 732 3100 Quiarsi
765 3030 943 3103 potes
973 3025 1038 3084 in
1070 3023 1290 3102 paucis
1317 3023 1512 3087 vitam
1543 3027 1719 3086 tuam
1743 3025 1906 3086 bene
1936 3024 2300 3105 disponere,
2326 3041 2405 3087 eo
2434 3023 2546 3102 qui
2580 3023 2700 3084 hoc
2726 3042 2855 3085 non
2886 3031 3116 3104 potest,
3142 3027 3343 3089 multo
3373 3023 3580 3110 major
3605 3027 3770 3091 mtil-

489 3109 683 3164 toaue
714 3104 940 3164 melior
969 3103 1248 3164 haberis.

489 3109 683 3166 toaue
714 3104 940 3166 melior
969 3103 1248 3166 haberis.

592 3183 632 3268 ἦ.
668 3183 781 3244 Dic
809 3184 984 3245 enim
1017 3183 1194 3253 mihi,
1217 3182 1275 3268 si
1307 3181 1584 3268 acceptis
1612 3181 2000 3262 quihusdam
2033 3183 2110 3268 ad
2138 3183 2382 3264 regiam
2424 3182 2783 3268 civitatem,
2814 3183 3015 3265 aliqui
3049 3202 3271 3268 eorum
3305 3205 3422 3249 nec
3442 3187 3754 3268 jumentis

488 3262 840 3342 indigeant,
877 3280 1087 3340 neque
1117 3261 1540 3343 pedissequis,
1563 3261 1792 3343 neque
1821 3265 2114 3325 tentoriis
2138 3308 2154 3335 ,
2191 3261 2403 3341 neque
2429 3261 2838 3335 diversoriis,
2879 3261 3099 3343 neque
3132 3261 3585 3329 calceamentis
3609 3314 3625 3343 ,
3663 3270 3764 3330 vel

486 3341 660 3424 vasis
703 3343 850 3424 aliis
885 3343 1166 3424 caeteris;
1205 3341 1314 3424 sed
1333 3343 1438 3424 eis
1470 3341 1746 3424 sufﬁciat
1779 3343 1965 3424 panis
2004 3348 2256 3424 tantum
2287 3347 2348 3424 et
2373 3359 2555 3424 aqua
2577 3346 2834 3424 sumpta
2857 3341 2934 3404 de
2959 3341 3238 3406 fontibus
3273 3365 3287 3404 :
3314 3346 3577 3424 quidam
3607 3341 3763 3409 vero

485 3422 701 3502 dicant
735 3423 891 3502 quia
920 3423 1040 3482 nisi
1071 3420 1409 3502 curriculis
1447 3423 1546 3502 vel
1577 3422 2402 3502 plaustrisabundaverint,
2436 3420 2556 3502 nisi
2587 3421 2898 3502 stramina
2924 3424 3144 3485 mollia
3168 3420 3609 3502 deportentur,
3636 3429 3760 3490 nisi

485 3501 691 3584 etiam
711 3501 1022 3584 plurimos
1053 3500 1474 3584 pedissequos
1507 3499 1809 3584 habeant,
1835 3501 1957 3561 nisi
1986 3500 2221 3579 saepius
2250 3501 2506 3584 licuerit
2535 3499 2965 3584 requiescere,
2985 3503 3109 3584 nisi
3131 3499 3369 3584 fuerint
3389 3510 3450 3565 et
3468 3505 3764 3584 jumenta

486 3581 844 3657 complura,
880 3581 1000 3640 nisi
1032 3580 1317 3660 etiamet
1343 3596 1573 3660 parum
1601 3579 1846 3660 itineris
1880 3597 2189 3660 peragere
2221 3598 2337 3659 per
2365 3579 2927 3660 diessinguloset
2969 3582 3272 3644 deliciose
3309 3579 3596 3656 licuerit,
3633 3586 3767 3645 mi-

486 3660 657 3720 nime
699 3677 768 3720 se
794 3664 1210 3736 suscepturos
1242 3659 1364 3718 iter
1402 3658 1772 3736 impositum
1805 3679 1822 3720 :
1856 3658 2068 3738 quos,
2111 3658 2271 3738 rogo
2297 3703 2313 3733 ,
2360 3658 3075 3738 amplius’admiremur
3098 3708 3114 3735 ,
3147 3668 3455 3724 utrumne
3495 3665 3638 3725 illos
3674 3682 3762 3726 an

485 3739 684 3802 istos?
715 3738 1028 3798 Nimirum
1065 3739 1207 3799 illos
1235 3737 1348 3816 qui
1372 3738 1614 3798 nullius
1641 3737 1948 3817 indigent.
1979 3738 2082 3800 Sic
2116 3737 2308 3799 etiam
2353 3737 2418 3797 in
2458 3739 2578 3800 hac
2610 3754 2832 3809 causa,
2875 3757 3070 3817 quam
3106 3741 3419 3803 habemus
3452 3743 3514 3802 in
3544 3745 3763 3803 mani-

487 3819 626 3879 bus.
667 3818 926 3880 Plurimi
949 3818 1293 3897 quippead
1326 3817 1756 3897 peragendam
1786 3817 1977 3896 hujus
2008 3821 2154 3880 vitae
2183 3817 2350 3897 viam
2380 3817 2672 3897 pluribus
2698 3817 3022 3896 indigent,
3056 3821 3165 3881 alii
3199 3839 3376 3892 vero,
3417 3828 3486 3882 ut
3516 3823 3605 3884 ita
3649 3822 3762 3881 di-

483 3915 648 3968 cam,
685 3899 950 3980 nullius.
985 3896 1363 3980 Proinde,_si
1396 3895 1646 3973 oportet
1675 3895 1886 3959 altum
1909 3913 2160 3980 sapere,
2195 3896 2270 3980 de
2291 3896 2609 3980 pauperie
2642 3895 2764 3957 hoc
2791 3895 3082 3980 oportet,
3123 3898 3422 3980 sitamen
3455 3907 3708 3980 oportet
3738 3921 3757 3964 :

485 3993 634 4058 nam
668 3977 777 4052 qui
813 3979 971 4058 bene
1015 3977 1209 4058 sapit,
1237 3977 1439 4058 altum
1471 3993 1698 4052 sapere
1729 3974 2090 4054 numquam
2118 3974 2473 4058 debet._Sed
2503 3976 2940 4058 contemnitur
2962 4021 2977 4048 ,
3015 3978 3267 4055 inquis,
3308 3974 3577 4058 pauper.
3615 3981 3758 4041 Non

485 4054 590 4113 ille
620 4057 1072 4132 cont'mnitur,
1107 4055 1213 4114 sed
1253 4055 1364 4131 qui
1396 4070 1744 4130 pauperem
1787 4053 2232 4132 contemnunt,
2263 4053 2354 4112 illi
2387 4053 2590 4132 magis
2633 4054 2858 4115 merito
2892 4053 3418 4117 contemnuntur.
3444 4053 3607 4120 "Nam
3644 4077 3764 4120 cur

488 4147 614 4189 non
665 4129 860 4207 magis
888 4146 1002 4206 ego
1031 4129 1650 4210 contemnamill’os,
1682 4133 1794 4208 qui
1828 4132 2126 4192 nesciunt
2157 4131 2461 4210 admirari
2493 4129 2640 4210 quae
2672 4132 3051 4210 dignasunt
3085 4135 3511 4200 admiratione
3533 4140 3561 4198 ?
3598 4139 3760 4200 Nam

488 4149 614 4189 non
665 4149 860 4207 magis
888 4149 1002 4206 ego
1031 4149 1438 4191 contemnam
1473 4149 1650 4200 mos,
1682 4150 1794 4208 qm
1828 4149 2126 4192 nescmnt
2157 4149 2461 4192 admirari
2544 4149 2640 4193 ua:
2672 4149 2862 4210 mgna
2897 4149 3051 4192 sunt
3085 4149 3511 4200 admiratione
3533 4149 3561 4198 Τ
3599 4149 3759 4200 Nam

472 4222 534 4274 et
566 4211 791 4292 pictor,
826 4210 877 4270 si
911 4213 988 4271 ab
1023 4208 1327 4292 omnibus
1353 4206 1695 4292 irrideatur
1721 4213 1914 4284 atque
1937 4204 2468 4292 reprehendatur,
2493 4149 2703 4292 donec
2732 4221 2842 4292 eos
2870 4206 3161 4292 indoctos
3192 4210 3496 4288 perspicit
3527 4218 3587 4272 et
3620 4228 3759 4276 suas

470 4283 628 4352 artis
666 4298 991 4366 erpertes,
1029 4287 1289 4348 illorum
1327 4284 1513 4346 verba
1546 4283 1965 4366 penitusnon
1997 4283 2286 4366 attendit,
2317 4285 2429 4344 sed
2466 4283 2608 4366 solo
2666 4285 3036 4366 testimonio
3077 4283 3208 4347 suo'
3230 4283 3573 4351 contentus
3605 4301 3700 4351 est
3736 4316 3755 4356 :

472 4387 592 4432 nos
616 4361 829 4430 autem
868 4368 1080 4429 stu'lia
1112 4374 1323 4426 nostra
1357 4361 1681 4442 pensaturi
1715 4379 1941 4423 sumus
1978 4379 2054 4424 ex
2082 4362 2390 4442 opinione
2427 4361 2798 4442 multorum.
2834 4365 3172 4442 PrOpterea
3205 4369 3393 4428 etiam
3425 4371 3757 4436 contemni

475 4449 671 4523 digne
709 4463 1052 4511 meremur.
1088 4439 1393 4510 (“nontam
1427 4448 1916 4523 contemnentes
1951 4457 2068 4502 nos
2107 4439 2190 4523 gb
2236 4439 2633 4523 pauperiem,
2673 4457 2800 4523 non
2831 4439 3030 4520 magis
3074 4443 3198 4518 ipsi
3247 4449 3752 4523 contemnimus.

473 4515 612 4597 Non
641 4533 861 4606 Itaque
887 4543 1006 4587 nos
1038 4523 1308 4606 miseros
1343 4517 1717 4606 nosmetipsi
1747 4515 2082 4577 faciamus.
2114 4515 2508 4605 Ifertranseo.
2537 4520 2781 4606 quanta
2835 4515 3500 4606 peccatalendivitiis
3544 4539 3752 4601 gene—

475 4592 704 4674 rantur
729 4592 1535 4682 ,lquantorumbonorum
1562 4592 1644 4657 sit
1667 4611 1868 4682 causa
1892 4593 2235 4682 pauperies
2279 4612 2293 4650 :
2342 4592 2790 4682 magisautem
2825 4592 3034 4682 neque
3068 4597 3303 4682 divitize
3339 4592 3751 4682 neque'pau-

477 4672 688 4768 pertas
725 4672 1081 4768 secundum
1097 4679 1323 4768 seipsa
1357 4678 1525 4737 bona
1555 4678 1727 4768 sunt,
1764 4673 1872 4768 sed
1903 4691 1982 4734 ex
2012 4672 3128 4768 utentibusqiuallitatem_accipiu‘nt1
3157 4672 3751 4768 Qhristiahus'ergo

476 4750 538 4829 in
571 4763 880 4845 pauperie
909 4750 1294 4845 constitutus
1331 4771 1527 4832 quam
1558 4752 1891 4845 in_div'itiis
1923 4752 2127 4845 magis
2164 4750 2452 4845 irradiat.
2486 4751 2822 4845 Quomodo
2871 4752 3038 4845 hoc?
3063 4755 3246 4845 ‘Quia
3290 4757 3574 4845 excludit
3608 4750 3751 4822 asa

441 4829 446 4842 ’
477 4829 834 4928 peccatum,
869 4858 997 4901 non
1025 4839 1145 4928 erit
1177 4829 2304 4928 arrogans,_sed‘potius_temperans
2336 4835 2399 4891 et
2429 4830 2982 4928 pudicus‘et'mitis
3007 4839 3081 4924 .et
3109 4835 3364 4912 sapiens
3399 4856 3415 4895 :
3449 4837 3560 4915 qui
3599 4857 3755 4902 vero

476 4909 538 4984 in
569 4909 1225 4984 divitiis-constitutus
1253 4909 1372 4987 est,
1407 4914 1607 4974 multa
1637 4909 1819 4972 illum
1850 4911 1930 4973 ad
1959 4909 2096 4995 haec
2127 4912 2297 4972 bona
2328 4909 2747 4995 praepediunt.
2787 4909 3225 4995 inspiciamus
3241 4933 3396 4995 ergo
3422 4909 3566 4993 qua:
3597 4926 3754 4983 sunt

475 5021 621 5082 qua:
650 5003 826 5082 dives
853 5008 1195 5077 Operatur,
1230 4995 1680 5082 magisautem
1713 5009 1859 5082 qua;
1885 4991 2058 5070 agit,
2097 4989 2419 5082 quomodo
2450 4991 2654 5082 utitur
2694 4991 2860 5082 male
2895 4990 3156 5082 divitiis.
3381 4989 3537 5075 ergo
3563 4999 3754 5077 agit?

476 5068 664 5160 liapit
687 5068 922 5147 aliena,
961 5082 1189 5160 aestuat
1218 5068 2246 5160 cupiditate,_s_ordidisamoribus
2281 5069 2583 5160 agitatur,
2609 5068 2917 5160 nefandos
2950 5087 3078 5160 non
3109 5071 3345 5160 desinit
3376 5068 3752 5154 perpetrare

476 5147 888 5229 concubitus,
922 5156 1100 5218 nefas
1131 5147 1324 5215 omne
1359 5153 1762 5233 aggreditur,
1795 5148 2112 5233 maleﬁcia
2137 5155 2368 5233 cnncta
2398 5147 2766 5233 committit,
2800 5154 2862 5233 et
2892 5155 3120 5212 uetera
3153 5147 3751 5233 n_equiora,'nonne

477 5244 780 5304 universa
832 5225 966 5298 hinc
1011 5254 1090 5296 ex
1136 5234 1373 5298 divitiis
1403 5225 1772 5314 conspicias
1817 5225 2469 5314 generarifntneris
2501 5227 2905 5314 quoniamin
2938 5225 3515 5314 pauperie—magis,
3550 5253 3751 5314 quam

479 5325 540 5382 in
573 5319 786 5381 divitis
816 5317 1083 5376 virtutes
1114 5314 1362 5375 facilius
1394 5306 1882 5390 possideamus'?
1911 5308 2038 5371 Nec
2066 5307 2222 5368 mihi
2254 5307 2451 5390 dicas,
2472 5306 2626 5390 quia
2661 5306 2777 5390 hanc
2809 5307 2873 5390 in
2909 5306 3292 5390 vitadivites
3324 5306 3750 5377 nullam'vin-

475 5403 706 5463 dictam
751 5395 1156 5472 suscipiunt,
1201 5392 1345 5472 ideo
1384 5384 1576 5453 etiam
1619 5407 1728 5472 eos
1773 5405 2044 5472 peccare
2091 5404 2222 5448 non
2247 5384 2516 5472 judiccs.
2568 5384 2854 5472 Quod.si_
2883 5389 3187 5465 possibile
3219 5395 3386 5472 esset
3419 5395 3482 5452 in
3514 5393 3744 5456 divites

481 5481 816 5542 vindictam
849 5465 1220 5556 procedere,
1250 5471 1506 5556 videres
1527 5488 1608 5556 ex
1638 5470 1729 5530 eis
1761 5465 1994 5556 repleri
2025 5483 2316 5556 carceres
2345 5465 2705 5556 universos.
2741 5465 2862 5556 Sed
2889 5485 3032 5556 cum
3065 5469 3363 5556 omnibus
3395 5472 3581 5532 malis
3611 5475 3748 5536 suis

474 5561 668 5622 etiam
700 5560 819 5619 hoc
848 5545 1088 5617 malum
1119 5553 1358 5613 habent
1383 5550 1616 5612 divitiae
1637 5594 1654 5623 ,
1686 5545 1843 5627 quia
1871 5547 1937 5608 in
1968 5545 2362 5627 malignitate
2391 5551 2728 5622 peccantes
2755 5590 2772 5618 ,
2804 5547 2886 5627 a_b
2914 5547 3271 5610 ultionibus
3302 5556 3695 5613 contueutur
3727 5573 3748 5626 ;

477 5644 541 5700 et
567 5639 678 5717 qui
709 5636 963 5698 divitias
995 5631 1280 5717 possidet
1308 5647 1563 5717 semper
1591 5624 2104 5717 peccansanulla
2137 5641 2322 5717 penna
2353 5629 2720 5717 revocatur,
2753 5624 2861 5717 sed
2893 5643 3150 5717 semper
3178 5624 3751 5717 sine_ullis_reme-;

475 5703 606 5780 diis'
644 5717 914 5778 vulnera
962 5703 1229 5790 siiscipit
1281 5703 1728 5790 peccatorum,
1774 5711 1838 5769 et
1884 5703 2145 5790 frenum
2187 5703 2276 5764 illi
2319 5703 2538 5790 nullus
2570 5703 2958 5790 imponit.ASi
2989 5703 3202 5790 autem
3231 5708 3385 5790 quis
3419 5711 3746 5790 voluerit,

479 5797 670 5860 etiam
695 5796 774 5858 ad
800 5783 1234 5875 jucunditates
1257 5783 1400 5871 plus
1433 5789 1715 5852 inveniet
1743 5783 2152 5852 accommoda
2183 5784 2573 5866 paupertatis
2605 5783 2836 5845 officia.
2864 5784 3200 5862 Quomodo
3230 5783 3392 5851 hoc?
3417 5789 3538 5866 Qui
3572 5791 3752 5868 curis
