4088 6208
549 307 656 367 κδο
1272 310 1330 367 S.
1370 312 1424 369 J.
1461 313 1945 373 CllllYSOSTOMl
1986 315 2153 373 ll0.\ll

2162 319 2295 374 ΜΕ
2342 319 2406 374 ΙΝ
2441 320 2664 377 EPIST.
2705 320 2797 380 AD
2838 319 3042 377 llEBB.
3664 319 3774 378 270

544 421 731 494 ineas
760 406 834 494 e_t_
852 403 1198 494 psallentes
1213 407 1242 466 ?
1270 423 1488 494 nonne
1507 411 1580 467 ut
1598 408 2112 494 consolationem
2124 410 2395 494 recipias
2411 413 2440 470 ?
2462 429 2586 494 non
2598 430 2676 494 ne
2698 418 2773 494 ut
2800 413 3077 477 honores
3097 414 3520 479 discedentem
3534 419 3563 479 ‘l
3585 420 3796 494 Quare

540 484 738 567 igitur
770 484 951 544 illum
970 484 1308 567 injurias?
1335 503 1540 567 quare
1565 503 1713 547 eum
1741 487 2120 567 exemplas?
2143 484 2347 567 quare
2377 491 2542 555 ludis
2570 492 2735 552 sicut
2761 493 2824 552 in
2867 511 3059 557 scena
3081 497 3110 555 ?
3137 497 3262 557 Nos
3297 498 3466 557 enim
3508 484 3799 562 venimus

537 564 614 625 de
640 564 1692 655 resurreciiene.phi_l050pnantes,
1720 564 1949 655 omnia
1962 564 2284 655 do_cenies,
2314 574 2376 630 et
2406 588 2519 655 eos
2545 571 2964 655 quiAnecdum
3009 575 3294 652 percussi
3327 581 3503 650 sunt,
3533 595 3649 655 per
3677 579 3801 639 ho-

539 658 762 704 norem
790 643 902 728 qui
934 643 1028 704 illi
1061 643 1398 728 tribuitur,
1433 644 1484 705 si
1525 646 1785 722 quando
1815 646 2056 728 aliquid
2098 649 2224 709 tale
2252 643 2625 728 contigerit,
2662 650 2826 711 ferre
2864 643 3109 715 fortiter
3137 674 3152 713 :
3182 660 3248 715 tu
3280 643 3498 724 autem
3537 643 3801 719 adducis

537 739 673 809 eos,
700 723 1067 809 quinostra
1087 723 1564 809 condemnant,
1595 723 2202 809 quantumjinterim
2231 728 2311 809 ad
2333 723 2508 806 ipsos
2537 730 2861 806 pertinet?

616 801 784 888 Quid
817 802 947 888 hac
989 802 1288 888 irrisione
1319 810 1381 863 et
1409 803 1780 888 inductione
1828 804 2058 884 pejus?
2095 807 2247 888 quid
2298 801 2418 869 hac
2460 801 2827 885 aequalitate
2879 811 3188 888 gravius?
3225 812 3699 875 Confundimini
3741 819 3801 877 et

538 882 897 964 erubescite
926 902 942 940 ξ
976 883 1027 941 si
1060 886 1277 964 autem
1300 899 1426 964 non
1459 882 1676 953 vultis,
1707 882 1990 945 nos’non
2018 882 2300 962 patimur
2327 882 2603 964 amplius
2633 888 2784 950 talia
2811 882 3139 952 mortifera
3169 892 3232 951 in
3252 893 3595 956 Ecclesiam
3619 894 3803 955 indu-

539 959 653 1050 ci_-:_
679 960 1031 1050 Peccaiztcs,
1067 960 1275 1050 inquit
1296 1005 1312 1033 ,
1343 963 1411 1050 in
1438 972 1770 1041 conspectu
1795 959 2312 1050 omniumnrgu}:
2347 959 2826 1050 iit-mulieribus
2862 968 2986 1029 illis
3022 970 3272 1032 miseris
3303 990 3417 1049 per
3444 990 3554 1032 vos
3588 974 3805 1050 prohi-

546 1039 846 1101 bitionem
884 1040 1049 1101 hanc
1077 1040 1253 1127 dico,
1294 1046 1367 1127 ui
1407 1039 1760 1118 numquam
1792 1043 1858 1103 in
1889 1039 2199 1127 mortibus
2232 1045 2550 1127 ﬁdelium,
2580 1050 2694 1106 aut
2730 1039 3802 1127 exportationibusingrediantur,

543 1137 644 1205 ne_
666 1135 897 1205 revera
939 1120 1202 1205 prepria
1241 1121 1410 1205 mala
1442 1139 1551 1205 eas
1580 1138 1885 1205 cogamus
1917 1123 2185 1205 lugere,
2215 1130 2278 1185 et
2315 1123 2658 1186 doceamus
2700 1131 2769 1205 ut
2816 1120 2950 1187 non
2998 1127 3064 1188 in
3092 1129 3324 1191 alienis
3352 1120 3488 1192 haec
3524 1120 3802 1205 faciant,

539 1196 644 1285 sed
669 1199 962 1285 proprias
1000 1196 1628 1285 magisicalamitates
1659 1196 2113 1263 lamententur.
2142 1204 2394 1285 Etenim
2424 1214 2607 1277 pater
2631 1204 3018 1285 misericors,
3048 1208 3310 1285 quando
3335 1209 3537 1269 lilium
3567 1196 3790 1271 inordi¥

541 1284 756 1336 natum
790 1278 1012 1345 habet,
1048 1295 1175 1337 non
1214 1278 1393 1338 illum
1425 1280 1631 1340 solum
1658 1287 1911 1351 monet,
1950 1286 2021 1342 ut
2062 1301 2191 1343 non
2222 1282 2657 1359 coniungatur
2682 1278 3009 1362 malignis,
3043 1278 3151 1347 sed
3185 1289 3375 1347 etiam
3412 1289 3556 1348 illos
3584 1295 3799 1350 terret.
3834 1335 3845 1349 ι

527 1366 686 1430 Ecce
714 1367 911 1447 igitur
936 1372 998 1428 et
1022 1366 1201 1428 vobis
1234 1372 1297 1428 et
1320 1367 1451 1447 illis
1475 1367 1854 1428 mulieribus
1885 1384 2003 1446 per
2024 1386 2136 1428 vos
2160 1368 2514 1430 admonens
2536 1369 2702 1439 dico,
2726 1372 2799 1428 ut
2828 1385 3037 1446 neque
3071 1384 3181 1447 vos
3210 1370 3578 1431 convocetis
3617 1373 3804 1445 tales,

527 1446 890 1539 neque’illze
917 1447 1289 1539 adveniant.-
1419 1447 1744 1539 centingat
1776 1447 2033 1530 quidem
2074 1448 2195 1509 hoc
2223 1450 2489 1539 verbum
2523 1446 3088 1539 alnpliuspperari
3112 1490 3130 1518 ,
3161 1447 3370 1539 et_h_as
3399 1450 3619 1539 minas
3644 1470 3808 1529 pra:-

526 1525 737 1587 valere
772 1527 878 1606 :isi
914 1544 1088 1593 vero,
1119 1526 1293 1604 quod
1322 1527 1530 1599 absit,
1573 1525 2093 1603 contemnamur,
2143 1528 2591 1606 compellimur
2630 1525 2763 1606 jam
2806 1527 2870 1586 in
2916 1531 3131 1587 actum
3179 1526 3497 1589 adducere
3536 1525 3745 1593 minas
3784 1553 3800 1592 :

525 1623 634 1667 vos
664 1605 923 1684 quidem
955 1606 1203 1685 legibus
1239 1606 1685 1667 ecclesiasticis
1715 1613 2107 1676 coercentes,
2145 1605 2303 1668 illas
2321 1613 2537 1669 autem
2565 1605 2733 1685 sicut
2760 1606 3010 1685 legibus
3043 1607 3366 1684 competit.
3398 1606 3463 1667 Si
3493 1626 3648 1670 vero
3674 1612 3807 1673 ali-

520 1686 665 1765 quis
685 1678 1002 1766 pervicax
1021 1678 1328 1766 inventus
1353 1690 1753 1757 contemnat,
1778 1685 1998 1748 audiat
2020 1686 2348 1766 Christum
2380 1704 2556 1747 nunc
2584 1678 3118 1766 etiamd'icentem
3144 1706 3157 1745 :
3184 1678 3416 1766 Siquis
3439 1693 3804 1766 peccaverit

521 1766 587 1827 in
617 1773 695 1832 te,
727 1765 912 1831 vade,
946 1783 1138 1844 argue
1169 1764 1348 1827 illum
1375 1766 1540 1826 inter
1568 1775 1623 1824 te
1660 1774 1719 1825 et
1745 1766 1951 1843 ipsum
1977 1765 2179 1826 solum
2210 1786 2230 1826 :
2257 1766 2313 1827 si
2340 1774 2544 1826 autem
2568 1784 2698 1825 non
2731 1764 3052 1833 obaudiat,
3088 1764 3326 1827 assume
3355 1764 3552 1828 tecum
3578 1788 3797 1841 unum,

517 1852 625 1925 aut
670 1844 827 1925 duos
866 1865 887 1904 :
927 1845 983 1906 si
1025 1845 1216 1925 etiam
1246 1845 1339 1925 sic
1374 1844 1711 1913 restiterit,
1758 1845 1862 1906 die
1901 1845 2200 1907 Ecclesia;-
2226 1870 2246 1905 :
2282 1846 2338 1909 si
2368 1854 2569 1906 autem
2597 1853 2655 1905 et
2698 1844 3049 1907 Ecclesium
3075 1847 3540 1925 contempserit,
3566 1850 3650 1909 sit
3680 1852 3806 1914 tibi

514 1924 679 1985 sicut
709 1924 1078 2010 ethnicuset
1099 1923 1501 2010 publicanus.
1540 1925 1621 1985 Si-
1648 1942 1804 2004 ergo
1835 1942 1983 2010 eum
2028 1926 2139 2010 qui
2179 1926 2243 2010 in
2290 1944 2391 1986 me
2422 1925 2827 2010 peccaverit,
2874 1942 3021 2010 cum
3073 1942 3204 2010 non
3254 1923 3648 2010 obaudierit,
3700 1934 3802 1992 sic
3832 1996 3847 2009 ‘

515 2004 802 2065 aversari
828 2004 1012 2084 jubet
1041 2024 1054 2062 :
1085 2004 1195 2082 qui
1228 2004 1295 2064 in
1327 2005 1612 2083 seipsum
1640 2005 1997 2082 peccaverit
2026 2006 2177 2066 etin
2206 2006 2436 2077 Deum,
2462 2004 2785 2083 quomodo
2814 2004 3052 2065 habere
3078 2005 3304 2084 debeo,
3336 2004 3447 2067 vos
3466 2005 3751 2084 judicate
3777 2032 3793 2071 :

516 2101 626 2168 vos
656 2082 844 2145 enim
870 2100 987 2145 nos
1020 2085 1295 2168 culpaiis
1338 2082 1593 2168 sicinon
1630 2084 1909 2168 molliter
1938 2090 2200 2168 agentes
2237 2082 2590 2168 vobiscum.
2623 2083 2684 2143 Si
2716 2088 2931 2168 autem
2964 2084 3200 2168 aliquis
3228 2082 3581 2168 contemnit
3617 2088 3800 2168 liga-—

514 2164 718 2226 tiones
746 2181 890 2242 quae
915 2180 955 2225 a
986 2164 1169 2244 nobis
1202 2163 1396 2244 ﬁunt,
1430 2164 1665 2244 iterum
1703 2169 1766 2225 et
1794 2166 2006 2242 ipsum
2042 2163 2335 2225 Christus
2371 2164 2655 2235 docebit,
2698 2163 2915 2225 dicens
2946 2183 2960 2222 :
2998 2163 3408 2243 Quacumque
3442 2163 3799 2244 ligavefitis

513 2245 581 2303 in
606 2250 797 2323 terra,
822 2250 1003 2304 erunt
1030 2243 1230 2321 ligula
1251 2252 1305 2303 et
1328 2243 1396 2305 in
1424 2243 1570 2304 caelo
1602 2263 1620 2301 :
1651 2251 1707 2302 ct
1746 2262 2136 2323 quaecumque
2155 2244 2472 2305 solveritis
2492 2260 2680 2322 super
2708 2252 2958 2309 terram,
2987 2250 3169 2303 erunt
3197 2244 3407 2305 soluta
3433 2243 3588 2305 etiis
3615 2250 3791 2310 creto.

514 2323 642 2384 Etsi
666 2322 862 2386 etiam
890 2340 1009 2384 nos
1038 2324 1255 2384 miseri
1293 2327 1355 2383 et
1395 2323 1553 2383 nulli
1598 2322 1823 2383 sumus
1869 2328 1932 2384 et
1960 2322 2283 2384 centemni
2309 2323 2483 2402 digni
2511 2368 2527 2396 ,
2557 2323 2724 2384 sicut
2753 2328 2816 2383 et
2847 2323 3023 2401 digni
3070 2341 3293 2384 sumus
3316 2367 3332 2396 ,
3362 2324 3471 2385 sed
3505 2343 3632 2386 non
3670 2346 3794 2390 nos

512 2405 684 2480 ipsos
731 2403 1168 2485 vindicamus,
1193 2419 1420 2485 neque
1451 2403 1613 2485 iram
1644 2402 1998 2485 reddimus,
2031 2403 2142 2464 sed
2172 2403 2248 2463 de
2277 2410 2493 2485 vestra
2523 2403 2731 2485 salute
2761 2403 3134 2481 cogitamus.
3173 2403 3414 2464 Pudeat
3445 2422 3555 2467 vos
3585 2423 3748 2485 rogo
3770 2454 3788 2480 ,

508 2489 571 2564 et
603 2481 1248 2564 verecundamini._Si
1279 2481 1453 2564 enim
1475 2481 1753 2564 amicum
1786 2482 1932 2564 quis
1963 2487 2211 2564 portat,
2237 2482 2680 2564 vehementius
2713 2499 2911 2564 quam
2937 2487 3188 2564 oportet
3208 2500 3425 2543 secum
3462 2481 3788 2564 agentEm,

510 2562 933 2642 intentionem
967 2559 1106 2642 ejus
1138 2559 1522 2633 discutiens,
1554 2565 1619 2620 et
1645 2562 1802 2638 quia
1830 2562 2148 2642 benigne,
2198 2579 2328 2621 non
2382 2579 2465 2622 ex
2511 2561 2824 2642 jactantia
2847 2561 2993 2642 hoc
3035 2562 3184 2642 facit
3216 2581 3238 2642 7:
3273 2564 3477 2623 multo
3506 2559 3788 2642 amplius

507 2641 867 2711 doctorem,
901 2644 963 2699 et
995 2639 1205 2718 ipsum
1236 2657 1367 2700 non
1398 2656 1481 2699 ex
1509 2656 1628 2701 sua
1652 2639 2034 2701 auctoritate
2057 2640 2396 2710 dicentem,
2427 2639 2560 2701 non
2590 2640 2728 2702 vice
2751 2639 3009 2719 judicis,
3034 2640 3144 2702 sed
3170 2641 3302 2703 vice
3326 2644 3527 2719 patris
3558 2639 3788 2706 curam

507 2659 867 2711 uoctorem,
901 2659 963 2699 ει
995 2659 1205 2718 ipsum
1236 2659 1367 2700 non
1398 2659 1481 2699 ex
1509 2659 1628 2701 sua
1652 2659 2034 2701 auctoritate
2057 2659 2396 2710 dicentem,
2427 2659 2560 2701 non
2590 2659 2728 2702 vice
2746 2659 3009 2780 gnatus,
3034 2659 3144 2702 seu
3170 2659 3302 2703 vncc
3326 2659 3527 2719 patris
3558 2661 3788 2706 curam

505 2719 812 2799 gerentis.
843 2719 984 2779 Non
1016 2719 1188 2799 enim
1214 2721 1591 2799 potestatem
1620 2723 1910 2781 nostram
1932 2720 2376 2781 demonstrare
2396 2720 2712 2793 volentes,
2790 2737 2878 2781 aee
2903 2720 3173 2782 dicimus
3205 2736 3221 2780 :
3251 2722 3575 2798 quomodo
3604 2740 3791 2786 nam-

505 2797 634 2879 que
664 2798 791 2878 qui
807 2815 1021 2879 neque
1055 2797 1135 2859 ad
1164 2797 1679 2879 experimentum
1704 2816 1962 2872 eorum,
1997 2817 2144 2878 quae
2167 2799 2460 2872 dicimus,
2494 2809 2792 2879 optamus
2828 2800 3051 2861 venire
3072 2803 3101 2861 ‘l
3146 2799 3253 2862 sed
3280 2797 3403 2878 pro
3439 2803 3622 2864 vobis
3653 2804 3786 2863 do...

505 2877 709 2939 lentes
759 2882 822 2939 et
864 2878 1181 2958 lugentes.
1231 2877 1550 2958 Ignoscite
1592 2882 1810 2941 autem
1836 2923 1852 2951 ,
1903 2884 1967 2940 et
2008 2877 2195 2940 nemo
2238 2877 2607 2941 contemnat
2643 2879 2897 2941 vincula
2929 2877 3360 2942 ecclesiastica
3396 2901 3411 2940 :
3448 2898 3579 2942 non
3606 2883 3784 2945 enim

506 2958 699 3019 homo
728 2962 823 3019 est
851 2959 960 3035 qui
990 2957 1177 3036 ligat,
1202 2956 1308 3018 sed
1336 2956 1628 3037 Christus
1649 3002 1666 3030 ,
1694 2958 1806 3036 qui
1836 2958 2020 3026 nobis
2044 2958 2210 3021 hanc
2230 2963 2612 3037 potestatem
2639 2958 2838 3030 dedit,
2873 2963 2936 3019 et
2964 2960 3275 3020 Dominus
3307 2959 3453 3021 fecit
3486 2962 3785 3025 homines

504 3038 666 3119 tanti
697 3037 987 3119 honoris.
1021 3037 1099 3119 Et
1133 3054 1250 3097 nos
1277 3036 1535 3119 quidem
1565 3037 1644 3099 ad
1674 3038 2052 3119 solvendum
2079 3036 2380 3099 volumus
2411 3039 2503 3119 uti
2533 3038 2654 3100 hac
2680 3042 3046 3119 potestate;
3083 3039 3287 3118 magis
3317 3045 3533 3101 autem
3567 3059 3783 3119 neque

507 3116 699 3198 hujus
727 3116 1297 3198 reicnecessitatem
1342 3116 1582 3181 habere
1622 3118 1923 3198 volumus
1966 3119 2349 3198 :_neminem
2389 3117 2629 3197 quippe
2659 3117 3096 3198 desideramus
3130 3116 3397 3198 iigatum
3435 3137 3579 3181 esse
3606 3116 3783 3198 apud

506 3196 620 3258 nos
655 3216 671 3257 :
705 3214 834 3257 non
857 3196 1029 3258 enim
1056 3202 1305 3258 tantum
1335 3214 1558 3259 sumus
1588 3197 1806 3259 miseri
1835 3202 1899 3259 et
1919 3196 2225 3269 infelices,
2257 3214 2335 3259 ac
2365 3196 2427 3259 si
2450 3198 2632 3258 valde
2660 3197 2819 3258 nulli
2845 3214 3091 3259 sumus.
3120 3196 3203 3258 Si
3221 3214 3373 3260 vero
3405 3200 3606 3262 coacti
3641 3196 3783 3261 fue-

502 3277 707 3357 rimus
729 3321 746 3350 ,
778 3275 1091 3357 ignoscite
1126 3297 1140 3336 :
1175 3293 1320 3357 non
1342 3276 1516 3337 enim
1540 3277 1747 3348 ultro,
1781 3295 1995 3355 neque
2030 3277 2346 3349 volentes,
2390 3278 2497 3339 sed
2530 3278 2674 3356 plus
2718 3277 2895 3338 vobis
2942 3278 3055 3355 qui
3103 3277 3395 3357 ligamini
3441 3279 3729 3341 dolentes
3757 3323 3776 3351 ,

505 3354 841 3436 ligationes
874 3354 1230 3436 inferimus.
1264 3354 1329 3436 Si
1358 3359 1574 3418 autem
1602 3357 1838 3434 aliquis
1869 3354 2217 3418 contemnit
2246 3356 2426 3430 istas,
2460 3354 2726 3419 instabit
2766 3354 3016 3434 tempus
3056 3354 3310 3436 jud‘icii,
3343 3359 3452 3419 ubi
3486 3358 3774 3420 docetur.

501 3434 744 3499 Caetera
786 3440 1003 3498 autem
1038 3435 1235 3515 modo
1274 3434 1487 3496 dicere
1531 3437 1714 3507 nolo,
1758 3454 1839 3497 ne
1884 3438 2238 3514 percutiam
2272 3442 2517 3499 mentes
2549 3442 2819 3499 vestras.
2851 3436 2978 3497 Nos
3011 3434 3182 3497 enim
3211 3438 3489 3515 primum
3514 3439 3778 3515 quidem

500 3532 787 3595 oramus,
817 3533 947 3576 non
973 3514 1054 3576 ad
1079 3515 1247 3595 hanc
1274 3515 1716 3595 necessitatem
1741 3516 1959 3576 venire
1989 3536 2004 3575 :
2035 3516 2087 3577 si
2119 3523 2334 3577 autem
2360 3518 2743 3588 venerimus,
2772 3516 2943 3595 quod
2969 3514 3260 3577 nostrum
3285 3523 3380 3577 est
3407 3514 3774 3595 implemus,

500 3594 1009 3675 circumierimus
1045 3593 1321 3675 vincula.
1360 3593 1423 3653 Si
1455 3600 1671 3675 autem
1701 3595 2022 3673 quispiam
2047 3596 2180 3657 haec
2208 3596 2479 3674 ruperit,
2504 3614 2623 3675 ego
2644 3593 2816 3675 quod
2838 3613 3047 3657 meum
3074 3601 3171 3657 est
3202 3596 3354 3668 feci,
3381 3603 3443 3657 et
3464 3593 3776 3658 innoxius

499 3693 643 3737 sum
670 3695 686 3735 :
720 3674 798 3735 de
828 3679 1062 3755 canere
1087 3674 1211 3734 erit
1236 3677 1453 3755 autem
1485 3673 1595 3734 tibi
1620 3675 1785 3734 ratio
1813 3675 1981 3753 apud
2013 3676 2251 3748 Deum,
2282 3673 2401 3755 qui
2430 3673 2582 3736 mihi
2610 3673 2804 3755 jussit
2831 3675 3055 3754 ligare.
3089 3676 3312 3754 Neque
3345 3676 3517 3736 enim
3549 3677 3600 3736 si
3648 3676 3778 3736 im-

544 3760 797 3816 eratore
836 3752 1217 3834 praesidente
1264 3753 1734 3834 armigerorum
1777 3752 2100 3834 quispiam
2129 3752 2520 3817 adstantium
2550 3752 2857 3834 jubeatur
2884 3752 3169 3831 aliquem
3195 3752 3277 3816 ex
3318 3756 3543 3816 ordine
3578 3756 3773 3817 oﬂicii

544 3773 797 3816 eratore
836 3773 1217 3832 praismente
1264 3773 1734 3832 armigerorum
1777 3773 2100 3834 quispiam
2129 3773 2520 3817 aosmnuum
2550 3773 2857 3834 jubeatur
2884 3773 3169 3831 anquem
3195 3774 3277 3816 ex
3318 3773 3543 3816 ormne
3578 3773 3773 3817 omen

495 3773 724 3914 ligare,
755 3839 819 3897 et
842 3832 1102 3914 vincula
1132 3831 1566 3914 cincuml‘erre,
1600 3834 1707 3895 ille
1737 3841 1950 3895 autem
1981 3851 2109 3895 non
2140 3835 2351 3896 solum
2381 3836 2650 3913 repellat
2680 3835 2790 3896 illa
2809 3834 3093 3905 vincula,
3123 3835 3229 3895 sed
3263 3835 3452 3897 etiam
3484 3834 3777 3895 confrin-

495 3912 606 3991 gat
635 3934 650 3974 :
687 3912 999 3991 numquid
1046 3913 1325 3993 armiger
1356 3912 1462 3993 ille
1493 3917 1591 3974 est
1616 3957 1632 3983 ,
1664 3913 1776 3990 qui
1806 3914 2111 3993 injuriam
2142 3931 2373 3992 passus
2404 3920 2532 3988 est,
2579 3931 2711 3975 non
2742 3918 2957 3976 autem
2988 3914 3341 3993 imperator
3388 3915 3589 3975 multo
3620 3931 3779 3976 am-

496 3995 666 4074 plius
696 3993 808 4074 qui
831 3993 1074 4072 jussit?
1107 3992 1169 4052 Si
1202 3993 1299 4065 ei,
1328 3992 1440 4070 qui
1470 4010 1615 4074 qum
1657 3994 1738 4068 [Ι.
1765 3993 1826 4053 Si
1864 3992 2042 4074 enim
2071 3996 2253 4071 qum]
2298 3993 2470 4055 circa
2522 3994 2851 4074 credentes
2902 3992 3097 4064 ﬁunt,
3148 3994 3286 4071 ipse
3340 4011 3457 4054 sua
3510 3994 3776 4072 propria

492 4072 669 4133 ducit
694 4072 992 4152 {quanto
1016 4074 1257 4152 magis,
1292 4072 1552 4148 quando
1591 4073 1728 4144 ille,
1764 4073 1874 4149 qui
1904 4074 2133 4135 docere
2164 4073 2548 4135 constitutus
2585 4079 2704 4143 est,
2733 4072 3107 4152 injuriatur,
3140 4074 3334 4134 veluti
3367 4074 3418 4135 si
3451 4075 3515 4133 in
3553 4091 3623 4135 se
3660 4074 3779 4133 in—

490 4152 772 4231 jurietur
794 4150 1116 4231 accipiat?
1144 4150 1261 4231 Sed
1296 4168 1424 4209 non
1453 4152 1783 4230 contingat
1806 4169 2201 4231 quemquam
2233 4170 2459 4214 eorum
2483 4197 2498 4224 ,
2530 4153 2642 4230 qui
2677 4153 2742 4212 in
2774 4150 2896 4214 hac
2926 4152 3196 4214 ecclesia
3227 4158 3410 4224 sunt,
3443 4152 3523 4215 ad
3550 4171 3780 4214 neces-

494 4228 748 4294 sitatem
776 4231 1008 4290 horum
1035 4228 1444 4291 vinculorum
1472 4228 1730 4291 venire:
1764 4228 1929 4292 sicut
1956 4228 2127 4291 enim
2170 4249 2297 4294 non
2347 4228 2610 4308 peccare
2657 4233 2901 4292 bonum
2932 4236 3061 4302 est,
3095 4232 3188 4293 sic
3229 4233 3511 4294 tolerare
3548 4249 3781 4293 corre-

491 4310 780 4391 ptionem
810 4308 991 4404 utile.
1021 4308 1399 4405 :l‘oleremus
1426 4308 1646 4405 itaque
1669 4310 2288 4405 increpationemact
2313 4306 2685 4405 festinemus
2708 4311 2968 4405 quidem
2989 4328 3120 4402 neu
3143 4328 3409 4405 peccare
3436 4331 3451 4371 :
3477 4312 3527 4373 si
3545 4306 3791 4405 ‘auteiu‘

492 4387 1001 4473 peccaverimus,
1019 4387 1300 4473 feramus
1317 4388 1810 4473 correptionem.
1830 4389 2190 4473 Sicutenim
2210 4391 2451 4473 bonum
2472 4387 3086 4473 est_non_'vu_lnerari,
3108 4387 3163 4451 si
3176 4397 3397 4473 autem
3415 4392 3775 4470 contingat,

491 4467 1027 4533 medicamentum
1056 4468 1389 4550 imponere
1421 4467 1671 4550 vulneri
1704 4469 2142 4550 necessarium
2179 4475 2276 4550 est
2306 4490 2322 4530 :
2353 4471 2445 4550 sic
2473 4475 2535 4531 et
2561 4469 2687 4550 hic.
2713 4469 2833 4530 Sed
2855 4471 3350 4550 nonicontingat
3374 4467 3777 4548 quemquam

489 4550 735 4639 talibus
773 4567 964 4639 egere
993 4547 1492 4639 medicamentis.
1534 4547 1924 4639 Conﬁdimus
1942 4549 2139 4639 \enim_
2161 4549 2236 4610 de
2283 4548 2459 4639 verbis
2487 4548 2777 4618 meliora,
2824 4557 2882 4609 et
2929 4547 3307 4639 ad__salutem
3339 4547 3777 4639 pertinejtgia,

493 4629 735 4691 tametsi
779 4624 872 4689 sic
917 4627 1246 4707 loquimur.
1317 4624 1758 4688 Vehementius
1805 4624 2075 4690 fortasse
2122 4629 2373 4707 loquuti
2420 4645 2645 4688 sumus
2693 4645 2812 4705 pro
2854 4630 3170 4705 ampliore
3218 4624 3495 4691 cautela.
3542 4629 3780 4691 Melius

487 4711 728 4791 quippe
758 4713 854 4771 est
881 4725 1185 4848 as'perum
1211 4724 1612 4848 guemquam
1634 4752 1650 4780 ,
1685 4713 1748 4770 et
1785 4707 2021 4769 durum
2062 4711 2125 4769 et
2158 4706 2466 4769 audacem
2501 4710 2717 4787 putari
2751 4727 2791 4773 a
2820 4714 3036 4785 vobis,
3070 4731 3268 4792 quam
3313 4734 3426 4778 vos
3459 4734 3605 4795 quin
3633 4718 3774 4781 Deo

490 4791 744 4848 nlacent
772 4806 904 4848 non
971 4804 1178 4848 acere.
1263 4786 1542 4848 redimus
1573 4791 1785 4848 autem
1817 4788 1950 4847 Deo
1972 4831 1988 4848 .
2020 4788 2332 4848 quoniam
2364 4803 2494 4847 non
2539 4788 2664 4848 erit
2695 4791 2880 4848 vobis
2912 4792 3159 4848 inutilis
3191 4795 3328 4848 hme
3366 4797 3729 4848 inm-mann
3751 4844 3766 4848 _

490 4786 744 4874 placent
772 4806 904 4874 non
937 4786 1178 4874 facere.
1211 4786 1542 4874 credimus
1573 4791 1785 4874 autem
1817 4788 1950 4847 Deo
1972 4831 1988 4859 ,
2008 4788 2332 4874 quoniam
2364 4786 2517 4874 non’
2539 4788 2880 4874 erit‘vobis
2912 4786 3159 4874 inutilis
3189 4795 3328 4857 haec
3366 4786 3729 4874 increpatio
3751 4844 3769 4867 ,

488 4865 598 4930 Sed
630 4870 720 4950 sic
754 4866 1185 4950 mutabimini,
1218 4870 1291 4928 ut
1325 4883 1655 4928 sermones
1688 4866 2146 4950 istos_nostr_o_s_
2176 4866 2240 4926 in
2289 4865 2510 4950 laudes
2550 4872 3285 4950 vestrasiexpendamus
3319 4895 3334 4935 :
3369 4882 3437 4935 ut
3470 4865 3769 4939 obtinere

486 4949 699 5009 cuncti
730 4964 1096 5009 mereamur
1124 4948 1317 5016 bona,
1350 4962 1495 5023 quae
1525 4946 1819 5025 promisit
1846 4945 2016 5006 Deus
2040 4944 2450 5025 diligentibus
2473 4964 2642 5018 eum,
2670 4950 2734 5008 in
2757 4944 3011 5011 Christo
3037 4950 3191 5014 Iesu
3212 4954 3489 5014 Domino
3512 4964 3764 5025 nostro,

488 5045 636 5166 cuin
667 5044 798 5103 quo
829 5026 997 5164 fatri
1026 5042 1158 5165 un:
1192 5043 1336 5086 cum
1368 5031 1591 5087 sancto
1621 5024 1860 5104 Spiritu
1890 5024 2135 5105 gloria,
2169 5024 2535 5105 imperium,
2572 5025 2803 5093 honor.
2838 5048 3013 5093 nunc
3036 5037 3100 5093 et
3132 5050 3415 5112 semper,
3443 5042 3506 5095 et
3550 5035 3615 5095 in
3642 5053 3766 5096 sa:-

488 5123 568 5166 eu
596 5122 635 5166 a
661 5122 830 5166 saacu
859 5121 1070 5165 orum.
1158 5122 1327 5165 men.

487 5121 635 5168 ειιιει
661 5121 1070 5166 εωειιιοιιιιηι.
1101 5121 1302 5165 amen
1314 5148 1329 5172 ε

2177 5205 2775 5217 *ῇα-αψ

1881 5307 2230 5376 HOMlLlA
2274 5307 2350 5367 V.

560 5436 713 5501 Non
759 5432 924 5494 enim
957 5447 1320 5513 quemquam
1356 5423 1728 5513 angelorum
1757 5419 2191 5513 apprehendit,
2228 5417 2331 5510 sed
2369 5435 2571 5513 semel;
2607 5410 2922 5513 Abraham
2946 5415 3377 5513 qpprehemiit.
3436 5421 3615 5513 limi:
3655 5423 3765 5485 de.

485 5497 989 5587 buitrsecunauni
1029 5497 1236 5572 omnia
1263 5497 1572 5589 fratribus
1601 5497 1963 5589 assimilcrj,
1997 5508 2068 5589 u_t
2103 5498 2460 5589 misericors
2505 5498 2716 5589 ﬁeret,
2750 5505 2807 5557 et
2835 5497 3041 5589 ﬁdelis
3074 5499 3369 5580 ponti/ea:
3397 5501 3480 5589 ad
3531 5503 3761 5571 Deum.

487 5579 610 5666 etc.
641 5595 909 5657 Multam
935 5590 1050 5652 Dei
1087 5579 1602 5666 misericordiam
1638 5584 1864 5666 volens
1891 5580 2128 5666 Paulus
2156 5579 2628 5666 demonstrare,
2658 5583 2722 5638 et
2750 5579 3324 5666 caritatemquain
3355 5582 3527 5643 circa
3558 5600 3761 5666 genus

487 5655 846 5747 humanum
872 5670 1100 5732 habuit
1130 5688 1145 5724 :
1170 5671 1517 5747 postquam
1546 5661 1752 5747 dixit,
1775 5660 2087 5736 Quoniam
2116 5675 2259 5747 ergo
2288 5655 3324 5747 puerinconimunicaverun‘t.carni
3354 5655 3763 5747 et_san§uini,

490 5735 709 5835 ἷίίρἐ
734 5751 1025 5815 similiter
1046 5735 1475 5827 participet‘us
1505 5749 1592 5802 est
1622 5736 2592 5835 eisdemgexseq-uituramplius
2621 5735 2795 5796 hunc
2815 5735 3053 5828 locum.
3078 5735 3215 5796 Non
3247 5735 3625 5835 simpliciter
3646 5758 3770 5801 au-

494 5816 632 5908 ᾖιίίιῖ
658 5829 830 5921 quod
857 5816 1098 5895 dictum
1128 5831 1260 5902 est,
1287 5816 1499 5904 neque
1534 5820 1778 5883 nudum
1813 5819 2057 5899 aliquid
2094 5816 2222 5881 hoc
2250 5834 2392 5881 esse
2438 5819 2622 5897 putes
2643 5859 2658 5889 ,
2699 5816 3009 5899 quoniam
3044 5832 3305 5881 carnem
3336 5836 3415 5881 ex
3450 5819 3636 5882 nobis
3659 5837 3773 5883 as-

920 5206 2175 5234 ΜΝ
