4088 6208
458 285 568 340 273
1184 292 1241 347 s.
1280 291 1332 348 ι.
1374 289 1856 347 cnm'sosrom
1898 292 2207 349 nonum:
2246 292 2311 348 lN
2354 289 2571 347 EPIST.
2614 292 2706 346 At)
2744 258 2947 346 naua.
2988 274 2995 281 ’
3582 291 3690 352 274

446 386 504 438 et
536 376 699 460 Filii
721 375 1343 460 et_S_piritu_s_sancli_.
1366 374 1531 460 Cum
1556 378 1772 460 autem
1795 392 2056 460 carnem
2101 376 2595 460 apprehenderit
2619 379 2882 460 Paulus,
2911 381 3126 442 omnia
3149 380 3281 460 jam
3306 380 3570 444 humilia
3596 385 3705 443 lo—

444 458 686 538 quitur,
716 453 877 538 nihil
902 453 1269 538 formidans.
1308 453 1771 538 Attende_enim
1809 455 1960 532 quid
1978 454 2111 538 jam
2141 453 2291 516 dicit
2320 476 2335 515 :
2375 455 2617 538 Quare,
2634 458 2861 538 fratres
2886 460 3091 519 sancti
3106 508 3119 526 .
3150 453 3504 521 iocationis
3521 463 3710 523 cale-—

441 533 557 622 s'tis
583 534 949 613 participes,
982 533 1316 622 intelligite
1344 533 1732 622 apostolum:
1752 541 1807 592 et
1836 533 2652 622 sacerdotemcon/essionis
2678 547 2908 622 nostra
2932 540 3145 599 Jesum
3167 539 3506 622 Christum.
3542 542 3708 622 ﬁde—

442 615 557 675 lem
584 611 929 675 exstantem
958 621 1015 673 et
1040 613 1149 693 qui
1177 611 1238 695 se
1262 613 1430 695 fecit,
1462 613 1626 672 sicut
1655 611 1865 695 oses
1895 614 1963 695 in
1989 615 2160 675 omni
2188 611 2371 675 domo
2401 615 2555 694 ejus.
2584 617 3052 695 Prmpositurus
3093 637 3239 680 eum
3267 620 3426 678 Mosi
3465 611 3708 681 secun—

438 695 590 778 dum
623 691 1167 778 comparationem
1186 691 1268 778 in
1292 693 1431 770 lege
1462 691 1889 778 sacerd_otum,
1922 693 2095 778 hunc
2119 691 2486 778 sermonem
2516 691 2777 778 induxi_t_
2805 717 2819 756 :
2855 714 2983 778 non
3013 699 3183 757 enim
3209 699 3523 759 minorem
3564 702 3706 778 Opi-

440 774 702 834 nionem
732 773 1055 864 habebant
1079 772 1155 832 de
1184 772 1361 864 Mose
1389 789 1646 864 omnes:
1770 772 2098 864 praemittit
2120 772 2254 864 jam
2287 774 2536 836 semina
2577 775 2973 864 excellentiae
3006 772 3635 864 :et‘incipitquid‘ein
3663 798 3704 843 ει

438 870 676 927 carne,
745 852 1032 933 ascendit
1090 856 1317 933 autem
1373 850 1453 910 ad
1518 850 2138 933 divinitatemtpbi
2204 850 2338 933 jam
2387 870 2516 913 non
2570 856 3012 933 comparatio.
3091 850 3292 932 C(epit
3355 850 3609 917 interim
3663 876 3702 921 a

436 950 632 1016 earne
652 978 668 1004 ,
701 931 875 1011 quod
904 931 1150 1016 aequale
1176 934 1271 1016 est
1298 948 1561 1007 ponere,
1591 936 1661 1016 et
1683 929 1844 989 dixit
1874 930 2101 1016 :_§ic_ut
2120 938 2177 1016 et
2202 929 2411 1016 Moses
2442 934 2510 994 in
2542 929 2906 1016 domo'ejus.
2927 935 3004 1016 Et
3029 952 3155 1016 non
3179 929 3392 1016 statim
3427 937 3490 995 in
3516 938 3705 1016 initiq

435 1008 834 1074 demonstrat
858 1009 1331 1080 excellentiam,
1364 1024 1447 1070 ne
1483 1010 1739 1070 auditor
1771 1008 2053 1080 exsiiiat,
2091 1015 2154 1070 et
2192 1011 2450 1072 obturet
2486 1012 2743 1074 auditus
2771 1008 2790 1072 Ξ
2823 1031 2900 1074 ac
2934 1014 2983 1074 si
3017 1015 3188 1074 enim
3242 1015 3459 1076 ﬁdeles
3488 1008 3700 1087 erant,

441 1098 878 1171 verumtamen
909 1089 1119 1151 adhuc
1149 1089 1436 1171 multam
1470 1088 2238 1171 devotionemhabebant
2259 1094 2428 1151 circa
2457 1091 2704 1152 Mosen.
2739 1093 3040 1160 Fidelem,
3095 1094 3328 1171 inquit,
3361 1105 3704 1157 exstantem

436 1174 493 1234 ei
517 1171 628 1251 qui
655 1191 717 1231 se
739 1168 1281 1251 fecitapostolum
1313 1174 1376 1251 et
1405 1170 1824 1251 sacerdotem.
1875 1168 2045 1251 lfihil
2077 1168 2282 1251 hic_d_e
2312 1171 2594 1251 essentia
2624 1171 2938 1251 loquitur,
2966 1168 3204 1251 neque
3224 1173 3302 1235 de
3340 1174 3698 1243 divinitate,

434 1247 545 1332 sed
587 1247 844 1332 interim
878 1249 956 1308 de
972 1247 1464 1332 dignationibus
1505 1248 1832 1332 humanis.
1857 1248 2063 1332 _Sicu_t_
2086 1256 2141 1332 et
2172 1248 2384 1308 Moses
2415 1249 2482 1310 in
2513 1250 2682 1310 omni
2710 1247 3108 1332 domoejus':
3147 1252 3267 1314 hoc
3298 1259 3415 1326 est,
3459 1254 3526 1313 iu
3585 1273 3701 1332 po-

435 1330 588 1424 pulp
617 1335 681 1392 et
701 1330 768 1390 in
777 1325 1228 1424 (templozlﬂaac
1263 1327 1455 1424 enim,
1490 1327 1572 1386 In
1600 1327 1779 1424 domo
1811 1325 1976 1424 ejus,
2004 1325 2187 1424 dixit,
2222 1334 2548 1424 tamquam
2597 1331 2648 1424 sli
2670 1331 2826 1424 quis
2856 1325 3229 1424 dicithetde
3256 1333 3355 1424 his
3381 1334 3494 1413 qui
3545 1325 3698 1395 sunt

436 1406 500 1470 in
526 1408 737 1470 domo.
776 1407 972 1468 Sicuti
1005 1407 1241 1484 aliquis
1272 1415 1553 1478 curator,
1586 1407 1994 1483 dispensator
2018 1406 2271 1477 domus,
2305 1408 2394 1467 sic
2412 1414 2549 1467 erat
2579 1416 2642 1468 et
2670 1409 2905 1470 Moses.
2934 1411 3098 1483 Quia
3127 1429 3280 1473 vero
3302 1406 3562 1475 domum
3589 1434 3700 1496 ρυ-

416 1495 643 1576 pulum
669 1494 1131 1576 dicit,intulit:
1167 1497 1287 1557 Dei
1309 1495 1529 1576 domus
1567 1515 1776 1576 sumus
1805 1515 1921 1557 nos
1945 1516 1965 1556 :
1999 1496 2119 1557 hoc
2164 1503 2281 1564 est,
2309 1496 2371 1556 in
2404 1503 2705 1576 creatura
2737 1497 2879 1576 ejus
2929 1514 3174 1558 sumus.
3208 1498 3451 1557 Deinde
3497 1494 3688 1559 etiam

415 1574 866 1656 excellentiam
898 1575 1238 1656 signiﬁcat,
1270 1575 1520 1656 Majori
1547 1575 1966 1656 enimdignus
1990 1578 2197 1656 factus
2230 1583 2315 1635 est
2342 1575 2575 1656 gloria,
2609 1574 2792 1654 quam
2822 1577 3079 1656 'Moses.
3112 1576 3352 1656 lterum
3406 1577 3568 1637 redit
3611 1579 3689 1637 ad

418 1667 668 1734 caruerit
706 1673 720 1712 :
750 1654 1101 1734 Secundum
1128 1655 1294 1734 quod
1322 1653 1683 1734 ampliorem
1707 1653 2003 1715 honorem
2019 1653 2230 1734 habet,
2266 1653 2451 1733 quam
2480 1653 2719 1721 domus,
2745 1655 2855 1733 qui
2887 1655 3249 1734 construxit
3275 1672 3423 1713 eam.

498 1731 577 1792 Et
604 1733 761 1810 ipse,
793 1733 1027 1810 inquit,
1059 1731 1349 1795 de—domo
1374 1731 1534 1794 erat.
1556 1734 1635 1793 Et
1655 1751 1783 1794 non
1811 1734 1995 1805 dixit,
2016 1733 2140 1794 Istc.
2156 1731 2411 1811 quidem
2443 1731 3044 1806 servus,illeautem
3061 1733 3394 1805 Dominus,
3428 1733 3536 1793 sed
3571 1733 3691 1794 hoc

413 1809 689 1892 latenter
721 1809 1124 1892 signiﬁcavit.
1174 1812 1233 1872 Si
1278 1813 1505 1873 domus
1545 1817 1683 1874 erat
1711 1813 2014 1891 populus,
2038 1818 2101 1875 et
2134 1809 2267 1890 ipse
2296 1816 2509 1873 autem
2552 1812 2629 1873 de
2659 1814 2898 1890 populo
2927 1818 3199 1892 erat,et
3222 1812 3360 1890 ipse
3390 1813 3585 1891 igitur
3612 1813 3690 1872 de

414 1888 605 1950 domo
634 1888 820 1952 erat':
852 1892 943 1953 sic
959 1895 1128 1953 enim
1160 1897 1221 1951 et
1252 1893 1436 1953 nobis
1466 1909 1625 1953 usus
1651 1888 1749 1952 est
1777 1888 1987 1952 dicere
2022 1912 2037 1951 :
2066 1888 2181 1952 Ille
2211 1909 2289 1951 ex
2317 1891 2505 1951 domo
2526 1888 2698 1952 illius
2731 1888 2848 1952 est.
2875 1893 2993 1952 Hic.
3017 1888 3535 1969 quippe'dom'nm
3558 1910 3688 1953 non

416 1969 627 2048 ipsum
654 1972 960 2048 templum
988 1971 1135 2031 dicit
1169 1991 1184 2030 :
1225 1989 1354 2030 non
1405 1974 1576 2031 enim
1618 1970 1776 2032 illud
1819 1972 1991 2032 Deus
2041 1971 2438 2038 construxit,
2476 1971 2583 2030 sed
2619 1971 2935 2031 homines.
2968 1971 3090 2045 Qui
3131 1988 3285 2031 vero
3325 1971 3467 2030 fecit
3511 1988 3686 2036 eum.

415 2047 586 2110 Deus
610 2058 707 2110 est
735 2070 749 2108 :
782 2047 1001 2112 Mosen
1025 2051 1196 2111 dicit.
1228 2052 1305 2110 Et
1335 2052 1585 2111 intuere
1605 2050 1928 2128 quomodo
1954 2054 2017 2111 et
2045 2050 2320 2111 ostendit
2349 2049 2794 2111 excellentiam
2824 2050 3118 2111 latenter.
3154 2049 3417 2116 Fidelis,
3452 2050 3686 2127 inquit,

418 2128 672 2210 inomni
701 2130 879 2191 domo
913 2130 1065 2210 ejus.
1095 2131 1173 2191 Et
1196 2132 1331 2209 ipse
1362 2135 1562 2191 estex
1584 2129 1796 2210 domo,
1826 2130 1947 2190 hoc
1981 2135 2098 2198 est,
2131 2147 2209 2190 ex
2242 2128 2846 2210 populo._Majorem
2878 2130 3069 2190 habet
3100 2129 3410 2210 honorem
3443 2129 3552 2205 qui
3589 2129 3690 2189 fa-

419 2207 686 2287 bricavit
714 2227 882 2282 eam,
914 2207 1109 2287 quam
1137 2207 1385 2270 domus.
1419 2210 1495 2269 Et
1519 2227 1649 2269 non
1681 2209 1865 2280 dixit,
1893 2210 2149 2287 Quanto
2182 2208 2491 2285 majorem
2521 2207 2716 2269 habet
2748 2208 3062 2269 honorem
3089 2209 3172 2270 ab
3192 2208 3493 2285 operibus
3525 2210 3691 2269 arti-

414 2285 544 2355 fex,
578 2287 711 2368 sed,
745 2285 949 2364 Quam
994 2290 1236 2355 domus,
1285 2289 1396 2368 qui
1427 2289 1796 2368 construxit
1834 2308 1991 2368 eam.
2034 2286 2160 2362 Qui
2198 2297 2410 2368 autem
2456 2287 2667 2368 omnia
2722 2288 3321 2368 construxitLDeus
3347 2296 3456 2347 est.
3497 2287 3691 2368 Yides

414 2366 723 2446 quoniam
762 2386 892 2428 non
935 2368 1010 2430 de
1060 2365 1496 2446 templo—dicit,
1549 2367 1659 2429 sed
1699 2367 1776 2428 de
1823 2366 1998 2446 omni
2030 2366 2308 2444 populo?
2348 2366 2443 2425 Et
2468 2365 2693 2426 'Mases
2720 2366 2965 2445 quidem
2998 2366 3197 2446 ﬁdelis
3215 2368 3287 2426 in
3313 2368 3478 2446 omni
3505 2365 3687 2427 domo

417 2444 570 2523 ejus,
617 2447 777 2507 sicut
827 2465 1041 2507 servus
1080 2447 1147 2506 in
1168 2444 1594 2508 testimonium
1633 2445 2101 2525 loquendorum.
2138 2446 2299 2525 Ecce
2343 2445 2471 2525 alia
2505 2444 2884 2507 excellentia
2936 2444 3081 2522 quia
3100 2450 3207 2525 est
3248 2445 3510 2525 aAFilio,
3558 2451 3622 2505 et
3648 2462 3691 2508 ει

415 2525 645 2585 servis.
685 2526 972 2587 Attendis
994 2526 1224 2585 iterum
1253 2525 1561 2603 quoniam
1589 2523 2053 2604 proprietatem
2074 2542 2189 2602 per
2220 2524 2362 2583 Filii
2385 2525 2882 2602 appellationem
2906 2524 3244 2604 signiﬁcat.
3276 2523 3556 2604 Christus
3577 2544 3695 2584 au-

416 2611 533 2660 tem
556 2605 720 2665 sicut
754 2604 960 2664 Filius
986 2606 1053 2669 in
1074 2605 1251 2664 domo
1283 2605 1433 2683 ejus.
1471 2604 1656 2665 Vides
1680 2604 2002 2681 quomodo
2033 2603 2347 2683 facturam
2376 2609 2436 2662 et
2482 2603 2786 2664 factorem
2815 2603 3161 2683 discernit?
3181 2603 3505 2681 quomodo
3537 2621 3693 2664 ser-

415 2698 593 2752 vum,
630 2688 693 2741 et
721 2683 996 2743 Filium?
1025 2689 1084 2743 et
1118 2683 1221 2743 ille
1248 2682 1503 2761 quidem
1552 2683 1618 2743 in
1649 2688 1950 2761 paternas
1991 2700 2094 2743 res
2126 2682 2292 2743 sicut
2336 2682 2647 2742 Dominus
2699 2682 3074 2760 ingreditur,
3122 2682 3240 2743 iste
3277 2686 3494 2745 autem
3523 2683 3693 2744 sicut

416 2778 643 2843 servus
670 2761 1073 2843 Dei_._Domus
1099 2780 1308 2821 sumus
1328 2763 1449 2843 Dei
1475 2781 1609 2831 nos,
1642 2762 1697 2822 si
1718 2762 2307 2843 quidanﬁduciam,
2346 2769 2401 2820 et
2432 2761 2701 2838 gloriam
2732 2764 2865 2843 spei
2899 2763 3198 2843 usqueiin
3231 2765 3412 2843 ﬁnem
3451 2764 3694 2843 ﬁrmam

418 2842 745 2920 teneamus.
779 2840 897 2901 Hic
919 2842 1147 2902 iterum
1180 2859 1288 2901 eos
1324 2842 1616 2902 hortatur
1632 2840 1802 2903 stare
1834 2840 2101 2913 fortiter,
2131 2845 2343 2903 etnon
2369 2843 2709 2920 subruere.
2742 2840 3247 2920 Domus'quippe
3276 2842 3389 2901 Dei
3421 2840 3689 2914 erimus,

417 2918 590 3000 quod
620 2924 759 3000 erat
777 2920 1011 2993 Moses,
1046 2921 1099 2981 si
1123 2920 1417 2981 ﬁduciam
1449 2927 1510 2982 et
1539 2921 1809 3000 gloriam
1839 2921 1973 2998 spei
2000 2939 2208 2999 usque
2242 2919 2534 3000 adﬁdem
2566 2919 2813 3000 ﬁrmam
2837 2918 3194 2982 teneamus.
3217 2921 3340 2994 Qui
3368 2920 3698 3000 enimdo-

416 2996 527 3079 l_ct,
562 2997 795 3079 inquit,
845 3000 908 3059 in
951 3000 1436 3067 tentationibus,
1479 2996 1683 3078 et'qui
1714 2996 1990 3072 subruit,
2022 2996 2153 3061 non
2184 2999 2498 3079 gloriatur
2526 2999 2685 3079 :Aqui
2727 2999 3068 3079 erubescit,
3107 3000 3220 3078 qui
3250 2998 3691 3079 absconditur,

419 3075 718 3170 ﬁduciam
755 3095 882 3170 non
915 3078 1107 3170 habet
1139 3099 1153 3138 :
1197 3080 1307 3170 qui
1339 3079 1529 3170 dolet,
1579 3075 1711 3170 non
1756 3080 2090 3170 gloriatur.
2134 3075 2660 3170 Déindehlaudat‘
2684 3078 3038 3169 etiam_eos,
3069 3075 3326 3140 dicens:
3357 3078 3695 3170 Siquidem

416 3153 712 3235 fiduciam
734 3168 789 3218 et
810 3156 1077 3237 gloriam
1104 3153 1234 3238 spei
1266 3177 1451 3239 usque
1480 3159 1547 3220 in
1570 3163 1745 3238 ﬁnem
1760 3153 1994 3238 firmam
2015 3166 2348 3239 teneamus.
2380 3157 2847 3239 Ostenditquia
2871 3157 3003 3236 jam
3049 3163 3398 3239 cmperunt.
3429 3153 3697 3239 Oportet

374 3280 379 3289 .
420 3240 637 3317 autem
667 3236 874 3314 usque
906 3239 969 3297 in
1001 3236 1215 3310 ﬁnem,
1243 3244 1306 3298 et
1344 3236 1476 3298 non
1504 3236 1878 3317 simpliciter
1906 3242 2102 3309 stare,
2144 3237 2261 3317 sed,
2299 3236 2552 3317 ﬁrmam
2594 3236 2831 3297 habere
2868 3255 3041 3314 spem
3074 3237 3139 3296 in
3191 3236 3695 3317 satisfactionem

418 3312 563 3375 ﬁdei
597 3331 725 3375 non
747 3312 1097 3378 commotos
1140 3334 1177 3379 a
1218 3312 1703 3379 tentationibus.
1749 3318 1913 3378 Dicit
1940 3317 2111 3378 enim
2134 3315 2463 3394 Scriptura
2498 3314 2575 3376 de
2610 3317 2817 3376 Patre.
2851 3312 2962 3392 qui
2995 3334 3125 3376 non
3157 3323 3255 3378 est
3276 3316 3694 3376 incarnatus:

422 3394 511 3453 De
542 3393 687 3475 cmlo
710 3396 1042 3474 prospexit
1076 3396 1402 3465 Dominus,
1435 3405 1491 3457 et
1514 3397 1676 3459 vidit
1710 3396 1916 3458 Filios
1934 3393 2298 3456 hominum}
2330 3396 2451 3456 hoc
2471 3398 2588 3467 est,
2618 3395 2838 3455 omnia
2865 3396 3110 3474 integre
3133 3395 3464 3475 cognovit;
3491 3399 3553 3455 et
3574 3394 3699 3455 ite-

418 3490 588 3545 rum,
636 3474 1020 3536 Descendens
1061 3476 1320 3543 videam,
1369 3476 1701 3537 secundum
1751 3476 2077 3537 clamorem
2110 3491 2320 3535 eorum
2365 3475 2422 3536 si
2458 3483 2897 3540 consumatur;
2934 3481 2995 3534 ct
3023 3474 3275 3540 iterum.
3324 3474 3476 3535 Non
3493 3482 3699 3552 potest

419 3553 586 3635 Deus
606 3554 771 3632 ferre
798 3557 1109 3635 mquitias
1128 3555 1468 3616 hominum.
1503 3554 1979 3635 Abundantiam
2008 3556 2120 3615 ira:
2164 3553 2443 3635 ostendit
2487 3553 2828 3635 Scriptura
2855 3553 3095 3635 divina.
3141 3554 3344 3614 Malto
3384 3553 3588 3635 magis
3619 3553 3697 3614 de

420 3631 695 3702 Christo,
732 3636 842 3711 qni
884 3631 1083 3697 etiam
1113 3652 1340 3712 passus
1391 3642 1488 3695 est
1521 3636 1585 3694 in
1619 3651 1836 3703 carne,
1883 3632 2187 3695 dicuntur
2214 3633 2359 3694 ista.
2390 3632 2769 3712 Quia_enim
2792 3632 3146 3712 hominum
3184 3631 3698 3710 experimentum

426 3712 719 3771 omnibus
752 3710 942 3772 rebus
972 3710 1336 3774 credibilius
1366 3719 1570 3778 nutat.
1603 3721 1666 3773 et
1709 3713 2176 3778 nrasscientiam
2208 3712 2344 3772 vult
2368 3710 2728 3778 ostendere,
2766 3711 2931 3784 Quia
2973 3712 3084 3788 qui
3129 3728 3356 3787 passus
3387 3716 3482 3771 est
3504 3755 3521 3782 ,
3552 3713 3690 3791 scit,

409 3794 643 3873 inquit,
674 3792 827 3871 quid
855 3792 1150 3875 patitur,_
1171 3791 1294 3853 hoc
1310 3796 1440 3875 est.
1486 3792 1774 3855 humana
1822 3796 2080 3875 natura.
2114 3799 2322 3875 Quare
2344 3794 2589 3875 fratres
2620 3793 2846 3875 sancti.
2879 3792 3063 3875 Quod
3091 3792 3275 3864 dixit,
3305 3793 3535 3875 Quare,
3566 3811 3681 3875 pro

407 3871 802 3952 quaprOpter
826 3871 1061 3952 posuit.
1102 3871 1463 3933 l’ocationis
1486 3880 1717 3932 sanctae
1740 3872 2106 3951 participes.
2135 3872 2305 3952 Nihil
2343 3871 2447 3932 hic
2486 3872 2815 3949 quaeratis,
2847 3872 2901 3933 si
2928 3871 3082 3933 illuc
3110 3873 3318 3952 vocati
3349 3873 3503 3934 estis
3542 3871 3687 3933 :il-

408 3954 493 4014 lic
517 3958 614 4015 est
651 3970 917 4032 merces,
948 3951 1204 4032 illic-gest
1232 3952 1591 4032 retributio.
1623 3952 1787 4025 Quid
1818 3954 2017 4032 ergo?
2043 3951 2444 4032 Considerate
2468 3952 2821 4032 apostolum
2847 3962 2905 4011 et
2933 3951 3311 4032 sacerdotem
3340 3952 3693 4032 confessio-7

408 4033 509 4092 uis
539 4040 769 4111 nostra:
793 4031 1007 4090 Iesum
1037 4029 1348 4111 Christum
1381 4030 1618 4109 ﬁdelem
1638 4050 1761 4111 esse
1784 4030 1858 4097 ei,
1891 4029 2002 4110 qui
2030 4049 2091 4111 se
2120 4031 2291 4111 fecit,
2323 4029 2570 4111 sicutet
2599 4031 2907 4111 Mosesjn
2938 4031 3107 4092 omni
3136 4031 3316 4111 domo
3350 4029 3502 4111 ejus.
3525 4030 3690 4105 Quid

411 4115 529 4180 est,
556 4109 834 4191 [fidelem
864 4109 1296 4191 exstantemei
1314 4111 1423 4191 qui
1442 4129 1502 4169 se
1528 4110 1722 4191 fecit?
1754 4111 1889 4191 Hoc
1906 4109 2028 4181 est,
2056 4109 2380 4191 devotum,
2404 4109 2847 4191 defendentem
2880 4127 2957 4172 ea
2991 4128 3138 4191 quae
3161 4110 3300 4191 ejus
3328 4109 3480 4173 sunt
3500 4155 3515 4181 ,
3554 4127 3688 4171 non

413 4188 881 4268 permittentem
911 4188 1261 4268 corrumpi.
1292 4187 1470 4268 Sicut
1499 4187 1557 4248 et
1586 4190 1794 4249 Moses
1821 4189 1888 4250 in
1918 4190 2085 4249 omni
2105 4188 2283 4249 domo
2307 4188 2458 4268 ejus.
2496 4187 2874 4268 Cognoscite
2904 4190 3059 4267 quid
3081 4195 3175 4251 est
3196 4187 3446 4268 primus
3474 4207 3691 4251 sacer-

410 4235 524 4329 dos
561 4273 623 4348 et
643 4268 880 4346 qualis,
909 4274 1127 4327 etnon
1161 4235 1475 4328 habebitis
1507 4285 1670 4346 Opus
1702 4268 2143 4348 consolatione
2170 4235 2726 4348 alia.JApostol,um
2755 4235 2969 4328 autem
2993 4269 3174 4330 illum
3202 4235 3395 4331 lvl'ocat
3427 4273 3695 4348 propter

410 4347 583 4428 quod
614 4348 847 4409 missus
875 4352 993 4408 est.
1026 4347 1308 4408 Primum
1339 4352 1556 4428 autem
1585 4348 1981 4409 sacerdotem
2006 4393 2022 4421 ,
2065 4347 2301 4428 inquit,
2330 4346 2751 4428 confessionis
2792 4353 3027 4409 nostra;
3051 4393 3068 4423 ,
3100 4349 3222 4410 hoc
3259 4356 3353 4410 est
3396 4346 3594 4409 ﬁ'dei‘:
3629 4356 3695 4408 et

412 4426 515 4489 isti
548 4428 822 4507 populus
867 4428 1248 4489 commissus
1286 4432 1403 4507 est,
1438 4427 1601 4487 sicut
1626 4432 1688 4488 et
1719 4428 1810 4487 illi
1847 4427 2268 4507 commissum
2296 4432 2436 4487 erat
2476 4426 2763 4507 regimen
2810 4428 3069 4505 populi;
3107 4428 3214 4490 sed
3259 4429 3408 4489 huic
3442 4427 3694 4506 majora

411 4509 490 4569 ad
537 4505 831 4569 meliores
864 4524 1091 4567 causas
1115 4506 1455 4568 commissa
1483 4513 1652 4567 sunt.
1692 4508 1775 4567 In
1804 4506 2227 4567 testimonium
2248 4505 2719 4586 loquendorum.
2744 4507 2907 4581 Quid
2933 4508 3121 4568 dicit?
3152 4507 3462 4586 numquid
3496 4505 3694 4568 testi—

414 4588 703 4648 monium
734 4586 1011 4647 hominis
1044 4587 1273 4664 accipit
1302 4587 1512 4646 Deus?
1534 4588 1609 4647 Et
1639 4587 1846 4648 valide
1879 4606 1893 4645 :
1924 4588 1975 4647 si
2009 4587 2179 4648 enim
2205 4587 2429 4648 czelum
2458 4591 2857 4648 contestatur
2886 4593 2949 4648 et
2978 4592 3215 4648 terram
3244 4592 3306 4648 et
3336 4587 3556 4658 colles,
3589 4586 3696 4646 di—

413 4686 564 4730 cens
590 4686 705 4746 per
733 4665 1109 4746 prbpbetam
1144 4685 1158 4724 :
1186 4665 1377 4746 Audi,
1413 4667 1642 4735 caelum,
1675 4677 1728 4728 et
1755 4666 2014 4728 auribus
2042 4668 2310 4745 percipe,
2342 4675 2534 4746 terra,
2565 4667 2861 4745 quoniam
2889 4666 3195 4727 Dominus
3221 4665 3519 4746 loquutus
3549 4674 3639 4726 est
3674 4686 3689 4723 :

414 4755 498 4818 et,
532 4744 780 4814 Audite,
803 4745 1013 4814 calles,
1041 4744 1443 4825 fundamenta
1465 4755 1664 4812 terrm.
1697 4746 2004 4824 quoniam
2024 4744 2334 4806 Dominus
2356 4744 2666 4824 judicium
2692 4746 2829 4824 ejus
2854 4766 2868 4805 :
2895 4747 3094 4807 multo
3117 4744 3320 4824 magis
3346 4746 3643 4825 homines
3675 4765 3689 4803 :

416 4827 537 4889 hoc
566 4832 685 4898 est,
718 4828 884 4888 sicut
906 4824 1119 4896 testes,
1153 4825 1411 4902 quando
1442 4826 1914 4887 confundentur
1953 4826 2053 4885 isti
2098 4846 2113 4884 :
2151 4825 2441 4886 Christus
2473 4832 2688 4886 autem
2720 4826 2886 4885 sicut
2915 4826 3139 4887 Filius.
3174 4827 3287 4886 llle
3316 4825 3576 4903 quidem
3614 4824 3692 4885 de

414 4905 643 4966 alienis
674 4924 893 4968 curam
922 4906 1106 4984 gerit,
1138 4904 1238 4964 hic
1266 4910 1484 4966 autem
1518 4906 1594 4966 de
1619 4906 1919 4984 propriis.
1954 4905 2076 4966 Sed
2110 4905 2295 4965 etiam
2322 4904 2600 4984 gloriam
2617 4905 2785 4984 spei.
2806 4905 2973 4965 Bene
3001 4905 3184 4971 dixit.
3212 4906 3521 4983 quoniam
3547 4922 3692 4984 om-

418 4986 525 5077 nia
556 4986 812 5076 bonain
840 4983 950 5077 spe
980 4990 1185 5077 erant.
1222 4985 1594 5077 Glorientur
1623 4983 1916 5077 quicum
1961 4984 2220 5054 habent,
2254 4984 2438 5045 sicuti
2467 4983 2543 5043 de
2581 4983 2715 5075 jam
2763 4983 2966 5077 factis.
3004 4987 3275 5077 Propter
3322 4983 3690 5077 liocndixit,

414 5063 734 5145 Gloriatio
762 5065 902 5145 spei
919 5084 936 5130 ;
965 5071 1028 5125 et
1057 5063 1268 5134 infert,
1300 5065 1504 5143 Usque
1532 5065 1600 5124 in
1625 5062 1803 5145 ﬁnem
1827 5067 2066 5145 ﬁrmam
2096 5072 2405 5123 teneamus
2431 5081 2591 5145 :“spe
2613 5063 2783 5124 enim
2808 5063 2968 5145 salvi
3001 5062 3151 5125 facti
3175 5081 3418 5145 sumus.
3448 5062 3511 5123 Si
3536 5081 3691 5145 ergo

418 5162 531 5223 spe
560 5143 721 5205 salvi
753 5141 895 5205 facti
929 5162 1176 5215 sumus,
1206 5149 1267 5204 et
1300 5141 1413 5221 per
1434 5141 1809 5221 patientiam
1827 5141 2310 5220 exspectamus,
2346 5142 2525 5223 nullo
2558 5158 2831 5223 maerore
2860 5141 3225 5222 afﬂigamur
3253 5143 3697 5223 inpraesenti—

419 5221 562 5297 bus,
595 5242 807 5303 neque
830 5224 961 5303 jam
996 5242 1166 5284 nunc
1191 5240 1556 5301 quaeramus
1588 5240 1735 5301 qum
1765 5222 1981 5283 futura
2014 5223 2198 5283 nobis
2229 5221 2548 5300 promissa
2567 5224 2747 5303 sunt.
2777 5222 2929 5299 Spes
2960 5221 3142 5303 enim,
3166 5222 3408 5303 inquit,
3438 5240 3574 5301 qum
3597 5221 3693 5283 vi-

416 5304 623 5373 detur,
654 5300 784 5365 nbn
815 5300 901 5363 est
922 5322 1058 5381 spes
1092 5300 1301 5366 :bo’na
1334 5304 1503 5362 enim
1535 5300 1636 5363 hic
1673 5303 1998 5381 percipere
2027 5318 2155 5361 non
2183 5319 2526 5379 possumus
2563 5300 2628 5360 in
2664 5300 2789 5361 ista
2824 5302 3056 5379 pmnali
3106 5303 3258 5362 vita.
3288 5300 3503 5375 Quare
3535 5318 3691 5380 ergo
3766 5306 3773 5313 '

419 5384 603 5445 nobis
636 5402 709 5446 ea
740 5384 1065 5463 praedixit,
1117 5385 1167 5442 si
1219 5400 1345 5463 non
1377 5388 1519 5463 erat
1572 5383 1672 5442 hic
1710 5381 2020 5463 daturus?
2061 5381 2139 5442 Ut
2171 5381 2598 5458 promissione
2650 5381 2899 5463 animas
2943 5387 3196 5463 nostras
3236 5386 3597 5463 recrearet,
3622 5386 3692 5441 ut

417 5459 765 5540 sponsione
822 5461 1212 5525 confortaret
1255 5461 1665 5535 desiderium,
1714 5468 1783 5521 ut
1807 5462 2014 5541 erigat
2060 5467 2346 5521 nostram
2379 5466 2654 5521 mentem
2701 5479 2716 5519 :
2767 5460 3000 5521 idcirco
3046 5459 3218 5522 enim
3274 5460 3490 5521 omnia
3526 5459 3691 5523 facta

418 5550 592 5602 sunL

497 5620 659 5695 Quid
697 5638 848 5697 ergo
882 5621 1260 5681 turbamur?
1290 5620 1487 5680 Nemo
1523 5620 1739 5680 videns
1767 5620 2082 5698 malignos
2108 5620 2597 5697 prosperitatem
2628 5619 2864 5681 habere
2885 5664 2900 5690 ,
2933 5621 3226 5685 turbetur
3259 5639 3271 5676 :
3306 5636 3433 5678 non
3467 5625 3561 5679 est
3590 5617 3691 5698 hic

421 5698 756 5759 retributio
780 5696 997 5774 neque
1031 5700 1480 5777 malignitatis,
1516 5719 1725 5777 neque
1759 5696 2009 5759 virtutis
2043 5719 2057 5757 :
2090 5696 2156 5759 at
2190 5698 2251 5758 si
2274 5699 2623 5776 aliquando
2654 5698 2958 5777 contingit
2982 5744 2996 5763 ,
3028 5706 3090 5758 ut
3126 5698 3342 5775 aliqua
3376 5698 3457 5757 sit
3490 5696 3687 5777 retri—

422 5780 599 5842 butio
629 5778 728 5840 vel
753 5773 1011 5839 malitiae
1044 5780 1141 5839 vel
1173 5773 1423 5840 virtutis
1449 5824 1464 5854 ,
1502 5773 1636 5840 non
1665 5787 1875 5842 tamen
1907 5778 2258 5840 secundum
2306 5773 2475 5857 quod
2512 5776 2775 5856 dignum
2803 5773 2918 5851 est,
2954 5778 3059 5838 sed
3092 5773 3498 5855 simpliciter,
3539 5773 3683 5835 vel-
