4088 6208
357 332 468 390 233
1004 335 1315 395 numne
1356 338 1603 395 scuoL.
1650 300 2111 397 ιλτιςιιιιιιιέῆδε.
2156 370 2224 380 ——
2263 337 2417 395 car.
2462 338 2553 394 IV.
2598 337 2834 395 nonnae.
2884 337 2994 393 vn.
3494 339 3600 393 ess

344 434 444 494 Ab
469 430 579 493 illa
604 428 803 488 multo
829 426 948 487 erit
969 428 1194 488 melior
1213 427 1330 487 ista
1355 428 1779 499 conversatio,
1811 432 2126 505 quantum
2154 432 2326 488 terra
2348 427 2576 488 melius
2599 434 2694 488 est
2722 429 2968 490 caelum.
3003 431 3295 491 Attamen
3319 438 3380 493 et
3407 434 3599 497 aliam

341 507 826 574 similitudinem
858 507 1287 583 inquiramus.
1329 506 1390 565 Si
1429 508 1754 584 contingat
1797 525 1943 567 eum
1970 506 2079 583 qui
2115 505 2300 565 modo
2334 506 2626 583 imperat,
2657 524 2909 567 omnem
2947 509 3255 569 mundum
3286 513 3598 585 obtinere,

338 588 569 651 deinde
592 603 801 664 neque
832 586 1168 657 bellorum,
1198 603 1410 663 neque
1435 603 1739 645 curarum
1772 585 2007 646 habere
2037 586 2236 664 ullam
2265 585 2643 656 molestiam,
2676 587 2781 644 sed
2818 586 2878 646 in
2912 588 3155 648 honore
3186 608 3326 651 esse
3358 597 3600 651 tantum

340 675 409 731 et
451 663 736 729 deliciari
761 708 778 736 ,
810 670 870 725 et
913 665 1114 727 multa
1140 664 1396 741 quidem
1439 665 1677 725 habere
1708 665 1948 725 tributa
1993 663 2299 740 undique,
2331 669 2394 723 et
2432 680 2663 724 aurum
2698 665 2786 725 illi
2814 665 3075 727 affluere
3110 675 3171 728 et
3205 669 3599 730 reconditum

345 765 484 809 esse
518 766 533 805 :
565 745 823 824 qualem
854 743 1035 803 illum
1058 744 1301 824 putatis
1335 743 1623 803 animum
1666 742 1926 816 habere,
1959 743 2010 824 si
2057 743 2275 824 omnia
2316 742 2482 824 bella
2518 745 2710 804 totius
2742 750 2923 806 terra:
2961 746 3293 824 quiescere
3339 749 3601 809 videat?

340 820 765 906 Taleal‘iquid
783 823 915 906 erit
944 823 1194 906 majus:
1228 839 1644 906 nequaquam
1656 827 1890 906 autem
1929 821 2007 883 ad
2044 820 2528 906 similitudinem
2574 820 3307 906 illiusregni'perveni:
3344 834 3605 906 propter

342 905 516 983 quod
546 900 797 981 Oportet
825 907 887 962 et
915 901 1108 983 aliam
1137 900 1464 983 inquirere
1492 900 2006 983 intelligentiam.
2044 901 2323 983 Da_mihi
2348 902 2631 983 aliquem
2661 902 2771 979 qui
2803 903 2884 962 sit
2908 900 3073 964 sicut
3101 900 3603 968 infantu'lus're-

342 980 442 1064 gis
472 1004 488 1042 :
521 980 861 1064 usquequo
890 980 1146 1057 quidem
1177 980 1241 1064 i_n
1269 980 1461 1041 vulva
1490 985 1608 1053 est,
1643 980 1802 1064 n_ihil
1833 981 2063 1064 sentit;
2101 980 2154 1040 si
2180 986 2397 1064 autem
2432 981 2754 1058 contingat
2790 1000 2937 1064 eum
2968 983 3114 1064 inde
3172 986 3411 1063 egredi,
3444 992 3505 1046 et
3538 987 3600 1045 in

344 1058 647 1123 Ihronum
676 1058 955 1138 regalem
984 1059 1354 1129 ascendere,
1388 1076 1515 1118 non
1544 1059 1875 1135 paulatim,
1908 1059 2017 1120 sed
2048 1058 2381 1120 confestim
2415 1064 2645 1121 cuncta
2674 1060 3001 1138 accipere:
3031 1062 3122 1123 sic
3150 1058 3246 1123 est
3274 1066 3463 1125 etiam
3494 1065 3602 1124 ille

341 1149 571 1205 status.
608 1140 719 1200 Est
753 1138 960 1220 et_alia
989 1138 1373 1220 similitudo:
1401 1138 1452 1198 si
1485 1139 1629 1215 quis
1659 1139 1909 1220 vinctus
1935 1144 1997 1199 et
2021 1139 2220 1220 multa
2251 1138 2421 1220 mala
2450 1145 2994 1220 passus,_repente
3024 1141 3102 1201 ad
3132 1143 3345 1220 regale
3371 1144 3601 1204 solium

343 1222 634 1299 rapiatur
665 1238 681 1277 :
726 1217 835 1277 sed
870 1235 1078 1300 neque
1114 1218 1203 1277 sic
1234 1219 1480 1300 integre
1512 1218 1875 1300 pertingere
1917 1216 2100 1300 potui
2131 1216 2210 1277 ad
2231 1217 2430 1300 illius
2462 1218 2639 1300 regni
2671 1218 3176 1300 similitudinem,
3210 1216 3334 1280 Hic
3362 1222 3602 1300 quippe

339 1296 765 1379 quaecumque
793 1297 936 1373 quis
960 1297 1312 1379 perceperit
1342 1298 1504 1379 bona
1527 1340 1543 1364 ,
1577 1296 1644 1355 in
1674 1297 1889 1379 prima
1915 1296 2174 1379 quidem
2204 1296 2336 1379 die,
2371 1313 2445 1358 ac
2484 1297 2536 1357 si
2586 1298 2793 1374 ipsum
2825 1316 3091 1379 regnum
3122 1296 3402 1372 dixeris,
3437 1296 3605 1379 viget

338 1374 409 1439 in
442 1395 520 1438 eo
557 1393 741 1437 amor
786 1382 849 1456 et
888 1375 1224 1454 gaudium,
1265 1379 1327 1437 et
1357 1375 1420 1434 in
1453 1374 1734 1436 secunda
1760 1374 1859 1456 die
1889 1382 1951 1436 et
1982 1377 2044 1434 in
2078 1375 2303 1456 tertia;
2340 1381 2623 1451 tempore
2656 1393 2806 1435 vero
2849 1374 3230 1453 procedente
3275 1374 3605 1456 permanet

338 1456 603 1535 quidem
635 1456 699 1514 in
730 1455 1077 1535 voluptate,
1102 1472 1234 1535 uen
1258 1460 1472 1514 tamen
1502 1459 1719 1515 tanta:
1746 1453 2072 1535 minuetur
2096 1454 2336 1535 quippe
2367 1472 2720 1535 semperex
2749 1456 3209 1535 consuetudine
3228 1453 3603 1534 qualecum-

339 1532 471 1614 que
505 1538 739 1616 bonum
774 1532 941 1593 istud
984 1533 1088 1592 sit.
1120 1532 1258 1593 Illic
1296 1537 1516 1616 autem
1549 1550 1681 1592 non
1712 1533 1922 1616 solum
1964 1551 2093 1593 non
2139 1534 2480 1604 decrescit,
2528 1533 2634 1593 sed
2684 1534 2875 1616 etiam
2906 1532 3323 1612 augmentum
3348 1539 3599 1616 accipit.

340 1611 634 1692 Intelligo
664 1629 940 1689 namque
970 1616 1284 1703 quantum
1312 1611 1394 1671 sit
1413 1612 1694 1703 animam
1725 1611 1880 1703 illuc
1907 1617 2302 1703 pergentem,
2327 1629 2739 1703 nequaquam
2763 1612 2962 1703 tinem
3000 1611 3314 1703 bonurum
3344 1611 3601 1678 illorum

337 1689 955 1771 exspectareneque
986 1691 1440 1771 mutationem;
1473 1689 1629 1771 quin
1664 1691 1875 1768 potius
1905 1689 2370 1771 incrementum
2397 1735 2413 1762 ,
2442 1696 2506 1750 et
2531 1693 2727 1752 vitam
2759 1691 2949 1753 tinem
2981 1710 3109 1753 non
3141 1694 3507 1768 habentem,
3541 1703 3601 1758 et

338 1768 537 1834 vitam
566 1770 740 1831 omni
772 1770 1057 1845 periculo
1088 1770 1376 1839 liberam,
1408 1768 1583 1828 omni
1615 1787 1888 1830 maerore
1920 1775 1982 1829 et
1997 1788 2165 1849 cura
2197 1770 2501 1841 alienam,
2531 1772 2787 1848 plenam
2821 1772 3067 1849 gaudiis
3096 1779 3158 1833 et
3187 1773 3357 1835 mille
3390 1777 3596 1837 bonis.

335 1853 398 1911 Si
434 1851 603 1912 enim
628 1850 727 1910 hic
751 1850 815 1908 in
841 1865 1135 1925 campum
1160 1852 1492 1918 exeuntes,
1517 1852 1578 1906 et
1598 1850 2013 1910 tabernacula
2042 1848 2313 1908 militum
2339 1855 2698 1927 spectantes
2724 1868 2807 1910 ex
2830 1848 3262 1913 ’velaminibus
3290 1854 3610 1924 conferta,

338 1936 397 1990 et
436 1931 651 2011 telaet
696 1928 934 2011 galeas,
986 1927 1083 1987 vel
1115 1927 1607 2011 umbonibns_et
1634 1927 1955 1988 umbilicis
1994 1932 2324 2011 scutorum
2366 1928 2870 2011 resplendentes,
2903 1935 2972 2011 et
3004 1931 3305 2011 rapimur
3347 1939 3603 2011 specta—

337 2009 470 2086 culi
500 2005 845 2076 miraeulo;
877 2007 930 2066 si
963 2022 1113 2086 vero
1142 2006 1341 2086 etiam
1358 2007 1490 2084 jam
1520 2005 1977 2086 Imperatorem
2000 2008 2184 2066 nobis
2216 2007 2545 2086 contingat
2573 2008 2889 2068 modicum
2920 2005 3152 2078 videre,
3180 2011 3313 2070 sive
3339 2005 3604 2072 curren-

338 2083 492 2157 tem,
518 2088 655 2168 sive
676 2086 1066 2168 equitantem
1090 2084 1157 2144 in
1183 2083 1382 2168 armis
1413 2083 1629 2168 aureis
1652 2103 1671 2156 ;
1694 2084 2386 2168 universitatemnobis
2419 2083 2995 2168 liabereputamus.
3021 2088 3184 2161 Quid
3209 2107 3361 2168 ergo
3388 2096 3600 2167 putas,

337 2184 488 2227 cum
539 2165 767 2244 videris
815 2169 1184 2224 sanctorum
1230 2163 1646 2241 tabernacula
1693 2168 1934 2225 aeterna
1982 2163 2048 2223 in
2098 2164 2250 2223 caelo
2299 2164 2552 2244 conﬁxa
2583 2164 3027 2241 ?Suscipiant,
3078 2163 3331 2244 inquit',
3379 2163 3488 2228 eos
3535 2170 3605 2229 in

342 2243 740 2324 tabernaculi;
765 2252 993 2303 (eterna
1021 2258 1777 2324 :_cum_unumq_uemqu_e
1806 2259 2030 2324 eorum
2072 2259 2268 2318 super
2296 2243 2507 2303 radios
2539 2245 2692 2324 solis
2720 2244 2952 2305 videris
2983 2243 3400 2324 refulgentem
3422 2291 3438 2317 ,
3471 2266 3602 2309 non

335 2341 422 2382 ex
452 2340 579 2384 iere
605 2328 668 2383 et
712 2322 885 2382 ferro
906 2365 923 2393 ,
954 2319 1064 2381 sed
1092 2337 1177 2382 ex
1205 2320 1317 2382 illa
1346 2321 1551 2398 gloria
1572 2364 1587 2392 ,
1633 2320 1818 2399 cujus
1849 2320 2191 2382 candorem
2226 2326 2288 2381 et
2326 2323 2804 2384 coruscationes
2847 2324 3072 2384 oculus
3120 2319 3440 2387 humanus
3470 2344 3601 2387 non

338 2406 551 2480 potest
575 2400 910 2480 inspicere.
938 2399 1016 2459 Et
1045 2399 1165 2460 hoc
1186 2399 1449 2480 quidem
1481 2406 1796 2480 quantum
1821 2399 2221 2480 adhomines
2247 2401 2509 2480 attinet:
2539 2401 2693 2477 quid
2721 2408 2934 2463 autem
2953 2403 3084 2480 jam
3108 2403 3312 2465 dicam
3337 2406 3603 2466 multam

340 2478 634 2540 inilitiam
664 2479 1065 2556 angelorum,
1096 2478 1658 2557 archangelorum,
1688 2478 2058 2549 Cherubim,
2090 2478 2448 2554 Seraphim,
2478 2480 2769 2552 Sedium,
2806 2478 3362 2553 Dominalionum,
3409 2485 3606 2544 Prin—

322 2560 672 2636 ‘cipatlmm
698 2600 717 2627 ,
756 2558 1203 2636 Potestatum,
1234 2574 1515 2634 quorum
1556 2557 1964 2634 pulchritudo
2013 2557 2483 2636 inexplicabilis
2530 2575 2788 2619 omnem
2831 2565 3111 2621 mentem
3156 2562 3446 2622 excedit?
3487 2563 3604 2625 Sed

316 2635 649 2716 quamdiu
680 2654 809 2697 non
838 2637 1163 2716 quiescam
1194 2635 1258 2695 in
1286 2637 1511 2713 requie
1534 2635 2207 2716 incomprehensibili?
2229 2637 2380 2710 Qum
2406 2636 2644 2704 oculus,
2676 2637 2909 2714 inquit,
2935 2657 3063 2698 non
3088 2640 3269 2708 vidit,
3299 2658 3409 2702 nec
3432 2643 3608 2703 auris

338 2714 609 2795 audivit,
648 2716 936 2795 nequein
965 2732 1072 2795 cor
1106 2714 1374 2795 hominis
1400 2714 1709 2795 ascendit,
1741 2733 1877 2795 qua:
1899 2716 2279 2795 praeparavit
2310 2716 2476 2775 Deus
2516 2716 2917 2793 diligentibus
2948 2737 3106 2777 eum.
3139 2719 3412 2779 Proinde
3445 2721 3607 2780 nihil

338 2793 771 2856 miserabilius
802 2794 893 2855 eis
915 2838 930 2864 ,
962 2794 1071 2868 qui
1103 2795 1183 2854 ab
1213 2793 1350 2853 istis
1381 2793 1765 2854 exciderint.
1791 2793 1910 2853 Sed
1941 2809 2057 2853 nos
2085 2793 2441 2854 efficiamur
2469 2813 2545 2855 ex
2587 2804 2762 2870 parte
2804 2799 3135 2856 beatorum
3155 2842 3172 2863 .
3205 2805 3275 2857 ut
3319 2801 3607 2859 obtinere

339 2903 709 2948 mereamur
737 2888 907 2947 bona
935 2891 1196 2956 aeterna,
1229 2886 1295 2947 in
1323 2887 1576 2948 Christo
1603 2887 1753 2946 Jesu
1782 2885 2052 2945 Domino
2084 2884 2331 2947 nostro,
2365 2893 2510 2936 cum
2540 2893 2671 2953 quo
2703 2878 2868 2937 Patri
2900 2885 3029 2938 una
3062 2894 3207 2937 cum
3238 2883 3460 2939 sancto
3481 2877 3616 2955 Spi«

340 2969 469 3027 ritu
503 2966 730 3044 gloria,
763 2966 1127 3044 imperium,
1162 2967 1391 3039 honor,
1424 2984 1597 3026 nunc
1627 2971 1687 3025 et
1716 2981 1993 3041 semper,
2025 2966 2088 3023 et
2119 2961 2182 3019 in
2213 2955 2448 3017 saecula
2478 2956 2882 3015 saeculorum.
2916 2958 3148 3022 Amen.

1704 3203 2051 3265 llOMlLlA
2099 3203 2239 3264 VII.

407 3328 792 3388 Fesliuemus
817 3325 1020 3405 igitur
1046 3325 1285 3385 intrare
1321 3325 1387 3386 in
1416 3324 1589 3405 illam
1619 3327 1919 3405 requiem,
1952 3333 2022 3387 ut
2052 3345 2126 3387 ne
2156 3326 2224 3386 in
2257 3322 2534 3405 idipsum
2560 3322 2887 3401 quisquam
2926 3321 3183 3405 incidat
3209 3323 3596 3404 inﬁdelitatis

319 3406 688 3485 exemplum.
725 3401 912 3497 l’ivus
946 3405 1105 3465 enim
1138 3411 1222 3464 est
1240 3404 1594 3498 ‘se'rniopei
1630 3401 1961 3498 et-efﬁcaa‘,
1997 3415 2052 3466 et
2082 3401 2536 3497 penetrabilior
2560 3419 2749 3493 super
2778 3419 3009 3461 omnem
3039 3401 3598 3498 gladiuin'uncipi-

322 3497 463 3553 tem,
490 3481 552 3545 et
564 3485 929 3564 pertingens
955 3502 1148 3564 usque
1176 3482 1257 3544 ad
1281 3483 1649 3544 divisionem
1673 3481 1894 3546 animae
1924 3494 1979 3545 et
2007 3481 2274 3563 spiritus
2295 3529 2310 3549 ,
2338 3481 2770 3564 compaginum
2792 3499 3034 3561 quoque
3059 3490 3115 3564 et
3142 3481 3551 3564 medullarum
3577 3535 3590 3554 ,

318 3574 383 3626 et
411 3561 719 3626 discfetor
739 3561 1192 3643 cogitationum
1218 3570 1273 3621 et
1299 3564 1722 3624 intentionum
1749 3565 1955 3625 cordis
1978 3585 1997 3624 :
2020 3561 2076 3624 et
2102 3582 2231 3624 non
2253 3570 2338 3623 est
2367 3561 2577 3643 ntiqua
2601 3571 2886 3643 creetura
2909 3561 3153 3623 occulta
3175 3562 3245 3643 in
3266 3575 3596 3643 conspectu

317 3643 499 3722 ejus:
530 3645 737 3705 omnia
762 3639 963 3703 autem
991 3641 1164 3702 nuda
1191 3651 1247 3701 et
1275 3643 1602 3722 manifesta
1628 3653 1774 3703 sunt
1805 3645 1871 3705 in
1898 3644 2095 3704 oculis
2126 3662 2278 3722 (νας.
2309 3641 2389 3722 ad
2417 3639 2593 3721 quem
2615 3639 2795 3722 nobis
2821 3658 3015 3722 sermo
3050 3648 3165 3722 est:
3188 3639 3428 3722 Magna
3453 3646 3597 3721 qui-

364 3742 469 3784 em
500 3740 603 3784 res
634 3728 729 3783 est
754 3721 907 3782 fides
931 3728 995 3783 et
1025 3722 1353 3791 salutaris,
1382 3719 1608 3784 et'sine
1635 3723 1753 3784 hac
1784 3740 1910 3783 non
1941 3728 2041 3784 est
2065 3719 2300 3783 salvari
2329 3719 2701 3797 aliquando.
2723 3719 2840 3781 Sed
2871 3737 2998 3779 non
3030 3720 3262 3781 sullicit
3291 3719 3430 3784 sola
3459 3719 3595 3787 hinc

320 3801 610 3880 operari,
629 3819 791 3879 Opus
815 3807 998 3863 estet
1024 3801 1516 3862 conversatione
1546 3807 1740 3862 recta.
1762 3802 2033 3863 Proinde
2062 3802 2254 3862 etiam
2283 3800 2517 3880 Paulus
2541 3799 3001 3880 admoneteos,
3021 3800 3130 3875 qui
3157 3799 3592 3878 dignationem

319 3876 783 3960 mysteriorum
810 3881 1138 3960 suscipere
1164 3886 1578 3960 meruerunt,
1614 3881 1830 3941 dicens
1859 3901 1873 3939 :
1901 3880 2288 3960 Festinemus
2316 3876 2523 3960 igitur
2551 3878 2789 3960 intrare
2833 3878 2900 3938 in
2926 3877 3101 3960 illam
3132 3876 3424 3960 requiem.
3459 3883 3597 3942 Fe-

316 3955 646 4028 stinamus,
679 3960 911 4037 inquit,
939 3955 1246 4037 quoniam
1281 3976 1410 4018 non
1441 3959 1673 4020 sufficit
1704 3960 1882 4030 fides,
1915 3959 2020 4020 sed
2049 3960 2235 4019 debet
2260 3955 2400 4019 addi
2433 3956 2647 4037 etivita
2667 4000 2682 4026 ,
2720 3957 3081 4037 eteniultum
3106 3955 3385 4019 studium
3413 3960 3597 4021 debet

320 4039 643 4103 adhiberi.
674 4034 852 4117 Opus
884 4034 980 4099 est
1008 4039 1247 4116 quippe
1274 4055 1507 4099 revera
1535 4083 1550 4109 ,
1588 4044 1661 4099 ut
1701 4039 2011 4099 intremus
2058 4039 2124 4097 in
2166 4052 2367 4115 regna
2411 4036 2735 4096 caelorum.
2769 4034 2828 4095 Si
2872 4035 3041 4096 enim
3086 4043 3321 4117 terram
3351 4039 3594 4102 intrare

323 4136 462 4178 non
494 4116 906 4198 meruerunt,
936 4117 1051 4195 qui
1084 4122 1295 4180 tantas
1325 4119 1725 4179 calamitates
1759 4118 2159 4196 pertulerant
2192 4119 2258 4198 in
2291 4132 2511 4198 eremo
2535 4158 2551 4186 ,
2587 4118 2916 4198 etterram
2954 4116 3434 4198 apprehendere
3464 4138 3593 4181 non

322 4203 711 4275 potuerunt,
743 4197 900 4275 quia
933 4193 1503 4258 murmuraverunt
1529 4203 1590 4259 et
1625 4193 1915 4258 fornicati
1947 4202 2136 4257 sunt:
2165 4193 2488 4275 quomodo
2517 4211 2633 4255 nos
2665 4194 2890 4275 caelum
2924 4196 3312 4257 merebimur
3341 4197 3599 4260 indiffe-

324 4273 550 4355 renter
576 4273 1100 4354 viventes?0pus
1131 4276 1325 4355 igitur
1354 4277 1539 4337 nobis
1569 4282 1665 4337 est
1693 4281 1756 4337 et
1781 4277 1991 4336 studio
2021 4282 2084 4335 et
2119 4275 2261 4335 tide.
2294 4274 2431 4355 Non
2463 4290 2670 4355 usque
2699 4273 2776 4332 ad
2809 4274 2927 4355 hoc
2957 4281 3202 4335 tantum
3232 4280 3326 4355 est
3351 4278 3598 4340 damni-

326 4354 570 4425 ficatio,
600 4360 674 4416 ut
704 4372 832 4415 non
862 4352 1055 4417 intret
1086 4352 1231 4433 quis
1262 4375 1277 4413 :
1310 4374 1436 4415 non
1464 4356 1633 4416 enim
1661 4355 1845 4425 dixit,
1885 4355 2285 4434 Festinemus
2318 4352 2651 4434 intrarein
2681 4353 2987 4429 requiem,
3020 4372 3097 4434 ne
3127 4354 3495 4434 excidamus
3520 4359 3597 4418 de

324 4433 525 4495 tantis
563 4435 767 4505 bonis,
802 4434 912 4494 sed
939 4432 1119 4513 quod
1139 4435 1417 4494 maxime
1448 4434 1738 4494 homines
1773 4435 1981 4513 erigit,
2014 4435 2136 4493 hoc
2161 4432 2431 4493 addidit.
2459 4432 2618 4506 Quid
2660 4439 2871 4491 autem
2930 4432 3218 4513 esthoc?
3243 4433 3342 4495 Ne
3375 4434 3444 4494 in
3489 4436 3574 4498 icl-

324 4514 533 4591 ipsum
562 4514 905 4592 exemplum
932 4511 1254 4593 quisquam
1294 4513 1529 4573 incidat
1561 4511 1992 4593 inﬁdelitatis:
2017 4514 2138 4593 hoe
2167 4517 2284 4593 est,
2319 4517 2389 4573 ut
2419 4513 2482 4571 in
2528 4515 2739 4593 mente
2775 4515 2992 4571 nostra
3025 4511 3373 4593 habeamus
3420 4513 3597 4593 illam

325 4589 512 4670 spem
543 4596 606 4652 et
629 4589 1195 4670 exspectalioném,
1230 4610 1309 4653 ne
1340 4589 1641 4653 similiter
1663 4592 2059 4653 excidamus.
2090 4590 2260 4670 Quia
2279 4594 2496 4670 autem
2523 4589 2900 4670 excidimus,
2929 4591 3291 4670 exemplum
3323 4592 3600 4667 manife—

325 4667 457 4733 stat
483 4691 498 4729 :
524 4671 620 4732 Ne
651 4672 722 4731 in
748 4667 1052 4751 idipsum,
1093 4670 1729 4751 inquit,incidamus.
1760 4671 2000 4751 Deinde
2029 4687 2107 4729 ne
2141 4668 2407 4751 audiens
2435 4669 2613 4751 quis,
2643 4669 2721 4751 In
2750 4667 3050 4747 idipsum,
3080 4668 3360 4751 eamdem
3391 4670 3597 4747 ipsam

325 4757 514 4830 putet
544 4746 997 4830 prenamfaudi
1031 4746 1578 4829 quid'suhjungit:
1612 4751 1804 4811 Vivus
1836 4750 1995 4809 enim
2025 4756 2112 4830 est
2136 4767 2336 4830 sermo
2368 4750 2485 4810 Dei
2512 4755 2568 4808 et
2598 4746 3387 4830 efﬁcax;etpenetrabilior
3409 4746 3599 4830 super

329 4826 567 4891 omnem
598 4829 876 4908 gladium
904 4826 1283 4909 ancipitem,
1305 4826 1745 4908 e't'pe'rtingens
1777 4846 1968 4909 usque
1999 4826 2078 4887 ad
2107 4827 2471 4909 divisionem
2501 4826 2801 4909 aniniceet
2830 4826 3094 4909 spiritus
3121 4872 3135 4892 .
3171 4826 3594 4909 eompagirium

323 4928 570 4989 quoque
594 4905 648 4989 ξι
681 4905 1109 4976 medullarum,
1132 4915 1186 4968 et
1217 4905 2021 4989 discret01'_cogitationum,
2047 4913 2101 4965 et
2123 4906 2542 4989 intentiouum
2571 4905 2811 4989 cordis._
2835 4905 2952 4963 Hic
2982 4905 3254 4965 ostendit
3286 4907 3594 4989 quoniam

324 4983 391 5049 et
426 4983 535 5049 illa
566 4987 732 5048 idem
760 4990 895 5066 ipse
925 4991 1226 5065 Operatus
1257 4991 1376 5066 est,
1404 4993 1468 5047 et
1495 4983 1674 5066 vivit,
1704 5003 1833 5047 non
1862 4991 1959 5046 est
1988 4986 2365 5066 exstinctus.
2396 4983 2922 5066 Igiturquoniam
2952 5001 3308 5066 sermonem
3333 4986 3592 5056 audisti,

327 5085 413 5127 ne
450 5062 829 5145 simpliciter
859 5062 1136 5145 accipias
1169 5084 1183 5124 :
1213 5064 1427 5145 gladio
1456 5065 1625 5126 enim
1651 5070 1747 5125 est
1783 5064 2264 5145 penetrabilior.
2296 5062 3071 5145 Attendedesceusionem
3103 5063 3281 5123 Pauli
3308 5107 3324 5136 ,
3355 5070 3417 5126 et
3446 5066 3596 5127 hinc

322 5140 665 5208 considera
692 5164 809 5224 pro
834 5163 963 5237 qua
991 5140 1186 5207 causa
1216 5140 1379 5221 opus
1412 5140 2137 5284 habuerunt'proKhetaa
2164 5141 2397 5212 dicere,
2425 5140 2731 5219 gladium,
2760 5140 3297 5217 rhomplueam,et
3324 5161 3543 5205 areum
3578 5165 3593 5202 :

323 5225 477 5284 Nisi
494 5226 962 5284 convertamini.
982 5223 1639 5284 inuuit.rhomnhceam
1662 5242 1833 5284 suam
1863 5223 1921 5284 vi
1967 5222 2154 5284 ravit.
2188 5229 2242 5280 et
2273 5238 2488 5280 arcum
2514 5239 2692 5281 suum
2719 5220 2998 5284 tetendit.
3032 5230 3087 5279 et
3117 5223 3364 5284 paravit
3395 5224 3592 5284 illum.

323 5225 477 5287 Nisi
494 5220 962 5292 convertamini.
982 5220 1639 5302 inquit,rhomphwam
1662 5220 1833 5284 suam
1863 5220 2154 5288 vibravit,
2188 5229 2242 5280 et
2273 5238 2488 5280 arcum
2514 5239 2696 5302 suum
2719 5220 2998 5285 tetendit.
3032 5230 3096 5302 et
3112 5223 3364 5299 paravit
3395 5224 3592 5284 illum.

319 5303 386 5363 Si
424 5305 594 5365 enim
624 5311 765 5382 post
795 5309 969 5366 tanta
1002 5300 1314 5380 tempora,
1347 5300 1581 5380 etpost
1613 5303 2064 5382 perfectionem
2086 5344 2100 5366 .
2131 5317 2259 5382 mn
2292 5303 2498 5382 potest
2529 5300 2787 5360 neruine
2823 5300 3137 5382 sermonis
3171 5305 3416 5363 tantum
3449 5308 3595 5362 ter-

319 5400 493 5450 rere,
523 5379 640 5444 sed
659 5402 821 5453 opus
851 5384 1039 5443 habet
1063 5379 1250 5442 etiam
1288 5379 1694 5449 istis’verb’is,
1722 5388 1789 5441 ut
1817 5379 2109 5442 ostendat
2138 5379 2547 5439 eminentiam
2573 5398 2646 5439 ex
2675 5379 3150 5452 comparatione
3176 5400 3190 5439 :
3215 5382 3416 5440 multo
3448 5399 3595 5445 ina—.-

310 5470 413 5546 gis
444 5472 619 5546 tunc,
652 5463 1129 5546 Penetraluiior,
1160 5463 1392 5540 inquit,
1419 5482 1613 5546 usque
1640 5464 1723 5546 uti
1748 5464 2114 5546 divisionem
2137 5463 2353 5546 anima:
2382 5466 2438 5546 et
2465 5458 2752 5546 spiritus.
2781 5457 2946 5546 Quid
2974 5462 3070 5546 est
3100 5458 3220 5546 hoc
3239 5459 3267 5516 Ἰ
3292 5457 3581 5517 Terribi—

302 5536 444 5608 lius
496 5544 740 5621 aliquid
777 5542 1194 5622 significavit,
1222 5536 1337 5604 aut
1374 5536 1528 5618 quia
1574 5542 1868 5619 spiritum
1910 5542 2145 5604 dividet
2193 5543 2275 5602 ab
2320 5536 2531 5622 anima
2559 5582 2574 5607 ,
2605 5536 2905 5622 autquia
2939 5541 2997 5597 et
3027 5537 3164 5622 ipsa
3199 5537 3580 5622 incorperea

314 5616 626 5705 penetrat
646 5627 710 5684 et
737 5616 1064 5705 pertingit,
1097 5639 1226 5705 non
1259 5616 1507 5681 tantum
1535 5616 1699 5682 sicut
1730 5622 1979 5702 gladius
2006 5637 2301 5699 corpora.
2332 5620 2447 5705 llic
2473 5616 2751 5705 ostendit
2774 5616 3019 5705 quidet
3044 5616 3256 5705 anima
3290 5616 3576 5705 punitur,

313 5695 381 5766 et
405 5703 564 5781 quia
598 5695 909 5781 interiora
942 5695 1424 5781 éxaminantur,
1455 5704 1657 5761 totum
1692 5695 1807 5779 pI‘r
1837 5707 2039 5762 totum
2067 5695 2358 5781 penetrat
2380 5696 2727 5781 hominem.
2758 5695 3189 5781 Eadm-retur
3217 5705 3302 5753 est
3334 5695 3582 5781 cogita—

324 5775 569 5847 (ianum
602 5788 657 5841 ct
685 5780 1107 5842 intentionum
1141 5779 1371 5847 cordis.
1404 5789 1459 5844 et
1488 5798 1615 5841 non
1648 5775 1730 5841 est
1770 5775 2333 5843 creatura—occulta
2369 5776 2435 5836 in
2466 5783 2796 5855 conspectu
2822 5776 2972 5855 ejus.
3002 5775 3118 5836 Hic
3155 5791 3265 5835 eos
3304 5775 3580 5835 maxime
