4088 6208
497 292 602 346 285
1242 286 1299 348 S.
1340 289 1386 349 Ι.
1432 289 1923 351 CIIBYSOSTOMI
1969 295 2281 351 IIOMlLl/E
2324 295 2389 349 ΙΝ
2430 294 2646 353 EPIST.
2687 295 2779 350 AD
2816 294 3021 350 IIEBR.
3638 294 3741 349 236

498 385 750 470 terruit.
782 386 872 470 Ne
905 385 1066 470 forte
1095 384 1398 470 adhucin
1432 384 1553 470 ﬁde
1583 391 1987 470 stantesnon
2019 390 2450 470 cumintegra
2481 388 2913 470 satisfactione
2948 388 3297 470 conﬁditis,
3333 390 3469 470 ipse
3499 409 3642 470 qua:
3685 396 3753 457 in

498 465 689 547 corde
720 469 872 547 sunt
907 466 1268 547 discernet:
1298 465 1386 525 ibi
1415 465 1588 547 enim
1613 468 1914 528 ascendet
1941 474 2005 529 et
2036 469 2308 546 puniens
2328 465 2442 538 (et
2468 468 2872 530 examinans.
2905 470 2983 529 Et
3010 469 3161 547 quid
3190 470 3333 531 dico
3359 465 3437 530 de
3464 465 3756 533 homini-

498 547 619 607 bus
641 546 670 606 7
698 548 764 627 at
791 546 844 606 si
886 544 1150 625 angelos
1188 544 1361 605 dicas
1384 588 1401 616 ,
1434 550 1500 627 at
1528 545 1582 606 si
1618 544 2053 627 archangelos
2075 593 2091 621 ,
2124 554 2189 609 at
2227 550 2281 609 si
2316 547 2708 627 Cherubim,
2738 553 2804 609 at
2845 548 2897 608 si
2946 544 3278 627 Seraphim
3301 594 3319 624 ,
3355 553 3423 611 at
3461 551 3514 610 si
3560 551 3754 612 aliam

499 624 852 707 quamlibet
885 623 1276 707 creaturam,
1310 623 1844 707 omnia_revel_ata
1871 623 2020 688 sunt
2051 627 2240 689 oculo
2269 626 2407 707 ejus
2429 671 2445 698 ,
2472 626 2691 707 omnia
2719 632 2944 707 aperta
2972 631 3035 689 et
3065 623 3435 707 manifesta,
3470 628 3633 689 nihil
3661 638 3758 692 est

499 702 669 797 quod
702 721 848 797 eum
876 702 1296 797 possit‘late‘re
1323 722 1337 761 :
1363 702 1588 797 Omnia
1616 705 1787 765 nuda
1816 714 2117 797 etaperto
2141 702 2513 797 sunt'oeulis
2532 704 2694 797 eius,
2722 702 2998 797 qdquem
3023 706 3203 797 nobis
3209 724 3423 797 sermo
3452 715 3562 797 est.
3591 708 3754 782 Quid

500 787 715 864 autem
744 785 870 852 est,
899 786 1131 864 Aperta
1154 782 1183 841 ?
1211 783 1309 842 Ex
1338 783 1713 860 metaphora
1745 782 2040 862 pellium,
2072 803 2216 864 quae
2244 785 2322 846 de
2348 782 2698 863 pecudibus
2729 782 3176 847 detrahuntur.
3206 785 3382 847 Sicut
3409 787 3580 846 enim
3611 806 3756 848 cum

501 860 775 939 pecudes
823 861 1126 943 occiderit
1166 864 1311 937 quis
1339 866 1449 943 ,Aet
1485 880 1567 943 ex
1604 860 1909 925 carnibus
1950 860 2301 927 detraxerit
2334 860 2599 942 pellem,
2643 864 2862 925 omnia
2900 864 3210 927 interiora
3251 866 3625 943 revelantur
3648 910 3664 938 ,
3696 874 3759 927 et

500 944 724 1019 aperta
759 940 911 1022 sunt
938 940 1141 1001 oculis
1170 941 1405 1022 nostris
1432 960 1446 998 :
1473 941 1563 1001 sic
1588 948 1653 1002 et
1675 944 1806 1004 Deo
1836 949 2059 1022 aperta
2084 940 2420 1022 subjacent
2447 942 2685 1022 omnia.
2720 943 3063 1022 Tuiautem
3089 942 3342 1022 attende
3371 945 3567 1006 etiam
3592 944 3716 1006 hoc
3736 991 3754 1016 ,

500 1018 825 1101 quomodo
869 1037 1121 1101 semper
1157 1035 1319 1101 opus
1363 1019 1556 1101 habet
1571 1018 1913 1101 _corporeis
1949 1018 2260 1101 exemplis
2290 1043 2305 1081 :
2333 1021 2507 1100 quod
2532 1021 2602 1081 ﬁt
2629 1040 2711 1101 ex
2742 1019 3110 1084 inﬁrmitate
3139 1021 3560 1085 audientium.
3591 1025 3757 1098 Quia

501 1100 686 1178 enim,
705 1096 937 1178 inﬁrmi
969 1096 1766 1178 erantdeclaravit,dicens
1794 1102 2008 1164 tardos
2036 1096 2436 1169 eos'essefet
2466 1117 2628 1178 Opus
2658 1100 2964 1162 habentes
2990 1102 3177 1174 lacte,
3201 1118 3332 1162 non
3357 1102 3560 1163 solido
3587 1096 3755 1165 cibo.

503 1175 926 1261 0mnia_nud_a
953 1186 1121 1261 sunt,
1157 1177 1388 1261 inquit,
1421 1186 1476 1237 et
1504 1187 1722 1255 aperta
1750 1180 1951 1261 oculis
1976 1181 2130 1259 ejus,
2163 1180 2243 1241 ad
2269 1199 2444 1260 quem
2467 1175 2647 1261 nobis
2669 1196 2865 1261 sermo
2897 1187 3008 1239 est.
3031 1180 3195 1254 Quid
3225 1185 3343 1249 est,
3367 1182 3451 1242 In
3482 1181 3759 1261 idipsum

502 1255 849 1338 exemplum
868 1256 1261 1338 inﬁdelitatis
1277 1258 1306 1315 ?
1327 1256 1685 1338 Tamquam
1714 1258 1766 1319 si
1791 1255 2056 1331 diceret,
2075 1255 2439 1338 quare—non
2468 1257 2769 1338 viderunt
2796 1257 2973 1319 illam
2998 1264 3236 1321 terram
3270 1255 3760 1337 promissionis?

498 1335 668 1409 Quia
698 1334 1344 1418 acrcipientesrpignus
1376 1336 1798 1418 virtutisDei,
1826 1334 2166 1417 oportebat
2197 1356 2307 1400 eos
2338 1337 2597 1399 credere
2622 1337 2851 1397 timore
2879 1339 3081 1418 magis
3111 1334 3477 1418 obedientes
3496 1384 3511 1409 ,
3541 1346 3603 1400 et
3628 1360 3757 1401 non

501 1430 738 1491 magna
766 1414 1132 1495 imaginari;
1168 1420 1235 1495 at
1263 1420 1434 1476 certe
1464 1414 1993 1492 pusillanimitate
2024 1418 2375 1495 perierunt.
2403 1418 2617 1477 Potest
2644 1422 2861 1477 autem
2888 1414 3062 1478 aliud
3097 1416 3245 1489 dici,
3277 1419 3431 1495 quia
3462 1425 3523 1480 et
3552 1422 3761 1481 maxi-

502 1509 672 1576 tnam
705 1497 949 1576 partem
991 1494 1237 1576 itineris
1271 1495 1673 1576 ambulantes
1699 1540 1716 1568 ,
1748 1514 1894 1557 cum
1923 1497 2001 1558 ad
2028 1494 2174 1576 ipsa
2204 1495 2876 1576 liminapervenirent
2900 1539 2918 1567 ,
2949 1513 3097 1557 cum
3136 1496 3217 1576 ad
3245 1494 3455 1576 ipsum
3498 1505 3757 1576 portum

504 1572 864 1656 intrarent,
892 1572 1165 1656 demersi
1194 1578 1365 1656 sunt.
1397 1573 1534 1656 Hoc
1558 1575 1764 1656 etiam
1792 1576 1859 1635 in
1888 1572 2077 1656 vobis
2097 1619 2113 1647 ,
2144 1574 2389 1656 inquit,
2414 1572 2629 1656 timeo:
2661 1575 2797 1656 Hoc
2825 1580 2958 1644 est,
2993 1576 3078 1656 _In
3104 1572 3376 1655 idipsum
3417 1572 3761 1656 exEmplum

503 1650 894 1733 inﬁdelitatis
914 1671 934 1711 :
961 1653 1126 1733 quia
1142 1656 1208 1733 et
1236 1652 1338 1713 isti
1370 1653 1775 1733 multapassi
1796 1658 1969 1727 sunt,
1990 1654 2156 1715 sicut
2180 1650 2271 1733 eis
2302 1658 2445 1733 post
2474 1654 2812 1732 paululum
2836 1650 3234 1726 testiﬁcatur,
3261 1650 3762 1720 dicenszltecor-

503 1729 741 1813 domini
766 1732 1065 1813 priorum
1078 1731 1355 1813 dierum,
1379 1731 1451 1813 in
1475 1729 1699 1812 quibus
1729 1732 2074 1813 illuminati
2102 1732 2277 1813 estis,
2300 1729 2602 1813 quantum
2623 1740 2931 1813 certamen
2946 1734 3312 1813 passionum
3337 1736 3758 1798 sustinuistis.

501 1809 701 1893 Nemo
729 1809 904 1893 enim
928 1810 1353 1893 pusillanimis
1376 1809 1715 1893 sin—neque
1753 1812 1816 1872 in
1845 1811 1972 1874 ﬁne
2002 1809 2379 1893 renuntians
2400 1812 2607 1893 cadat.
2640 1812 2802 1893 Sunt
2828 1809 3000 1873 enim
3033 1812 3146 1890 qui
3176 1812 3239 1873 in
3273 1814 3585 1893 principio
3614 1835 3762 1878 cum

503 1889 744 1968 ingenti
777 1889 1090 1971 desiderio
1120 1889 1734 1971 arripiunttaliquid,
1767 1898 1990 1969 postea
2017 1908 2172 1952 vero
2203 1892 2539 1969 paululum
2569 1891 2871 1971 quiddam
2898 1889 3204 1955 universo
3229 1889 3303 1954 ad
3306 1889 3502 1971 jiceré
3531 1895 3766 1956 volen-

503 1972 597 2029 tes
623 2011 640 2038 ,
677 1969 1054 2051 universum
1085 1969 1405 2051 amittunt.
1438 1967 1839 2051 Sut'ticienter
1866 1989 1945 2032 ex
1978 1967 2351 2051 parentibus
2393 1967 2632 2051 nostris
2664 1970 2969 2051 docemur
2991 2015 3008 2044 ,
3039 1989 3122 2033 ne
3154 1971 3227 2051 in,
3248 1967 3764 2051 sim_ilia_incida—

503 2064 677 2131 mus.
711 2066 791 2108 ne
819 2047 1056 2131 eadem
1101 2050 1451 2131 patiamur,
1478 2066 1625 2131 quas
1667 2050 1758 2131 illi
1805 2044 2001 2131 passi'
2026 2054 2199 2131 sunt.
2230 2050 2373 2131 Hoc
2395 2055 2527 2131 est,
2560 2050 2645 2131 _In
2680 2049 2955 2131 idipsum
2991 2050 3335 2131 exemplum
3351 2044 3770 2131 infidelitatis.

507 2128 643 2185 Non
663 2127 1083 2194 resolvantur,
1127 2127 1335 2205 inquit
1367 2146 1382 2186 :
1414 2127 1585 2204 quod
1614 2126 2004 2189 etiam'circa
2035 2129 2226 2189 ﬁnem
2259 2129 2408 2189 dicit
2440 2150 2455 2190 :
2496 2126 2847 2190 Dissolutas
2887 2146 3108 2189 manus
3137 2126 3192 2189 et
3223 2126 3533 2190 dissoluta
3559 2149 3765 2203 genua

495 2217 736 2294 erigite.
771 2216 834 2277 Ν
838 2236 865 2275 e
892 2217 959 2276 in
984 2216 1255 2294 idipsum
1281 2214 1622 2294 exemplum
1648 2215 1788 2293 quis
1819 2214 2088 2281 incidat;
2110 2217 2231 2294 hoc
2265 2212 2436 2272 enim
2467 2214 2561 2270 est
2592 2225 2824 2294 revera
2847 2208 3097 2270 cadere.
3120 2209 3210 2270 Ne
3239 2209 3760 2294 deindeaudiens

493 2288 840 2374 quisquam
867 2295 933 2354 in
972 2288 1245 2374 idipsum
1271 2288 1634 2374 exemplum
1658 2288 1949 2374 incidere
1973 2336 1989 2365 ,
2021 2291 2310 2374 eamdem
2342 2297 2608 2374 mortem
2650 2288 3096 2374 suspicaretur
3117 2306 3313 2374 quam
3355 2294 3418 2349 et
3448 2289 3540 2350 illi
3580 2293 3755 2369 passi

494 2366 945 2461 suntgattende
985 2366 1136 2461 quid
1167 2371 1328 2461 dixit
1356 2391 1372 2461 _:
1420 2366 1607 2461 Vivus
1647 2372 1827 2461 enim.
1855 2378 1940 2430 est
1971 2388 2166 2461 sermo
2193 2370 2398 2461 geist
2429 2372 2653 2448 efﬁcax
2673 2412 2688 2434 ,
2720 2375 2774 2427 et
2809 2366 3272 2461 penetratbilior.
3292 2385 3482 2461 supter
3520 2366 3758 2430 animm

493 2443 772 2532 gladium
798 2443 1152 2532 ancipitem.
1183 2450 1371 2511 Omni
1398 2450 1635 2528 quippe
1662 2443 1872 2529 gladio
1896 2450 2131 2532 suavior
2160 2443 2289 2532 est;
2319 2448 2382 2532 i_n
2412 2443 2635 2532 eorum
2665 2443 2951 2532 namqqe
2971 2447 3221 2532 animas
3254 2443 3490 2509 incidet
3509 2465 3754 2532 _sermo,

493 2526 715 2611 plagas
741 2526 1059 2611 quasdam,
1078 2546 1352 2607 operans
1383 2526 1607 2611 saevas,
1639 2526 1701 2611 et
1728 2530 2123 2606 perniciosas
2157 2527 2500 2611 incisiones
2527 2526 2851 2611 importat.
2882 2526 2960 2585 Et
2980 2526 3222 2611 harum
3242 2543 3461 2587 rerum
3488 2528 3756 2611 demon-

494 2604 869 2671 strationem
895 2604 1196 2670 adhibere
1228 2625 1357 2667 non
1384 2624 1545 2685 Opus
1576 2604 1791 2679 habet,
1824 2625 2034 2684 neque
2063 2606 2378 2685 conﬁcere
2414 2604 2849 2685 necessarium
2881 2609 3084 2681 putat,
3119 2606 3363 2667 habens
3390 2611 3522 2667 tam
3553 2608 3758 2669 mani-

494 2690 718 2750 festam
761 2687 1219 2748 narrationem.
1251 2682 1454 2759 Quale
1505 2703 1783 2764 namque
1832 2682 2106 2759 bellum,
2141 2684 2393 2762 inquit,
2422 2684 2566 2764 illos
2613 2682 2934 2764 perdidit?
2959 2685 3173 2764 qualis
3209 2685 3458 2764 gladius
3480 2687 3509 2746 Τ
3534 2703 3754 2749 nonne

497 2768 665 2828 ultro
704 2767 1137 2827 corruebant?
1162 2766 1301 2825 Non
1343 2765 1511 2824 enim
1543 2761 1699 2843 quia
1738 2765 1894 2826 talia
1932 2782 2061 2827 non
2114 2761 2337 2843 sumus
2368 2763 2583 2842 passi,
2614 2761 2825 2843 securi
2860 2761 3001 2824 esse
3028 2761 3329 2826 debemus
3362 2784 3378 2824 :
3411 2782 3755 2843 usquequo

494 2847 665 2906 enim
696 2845 881 2905 hodie
908 2845 1171 2915 dicitur,
1204 2845 1349 2905 licet
1383 2840 1579 2905 nobis
1596 2844 1896 2905 recreari.
1928 2844 2005 2904 Et
2034 2860 2115 2903 ne
2139 2888 2155 2916 ,
2187 2840 2520 2905 audientes
2552 2857 2696 2920 qua:
2726 2840 2806 2901 ad
2834 2843 3113 2903 animam
3146 2840 3550 2920 pertinebant
3575 2888 3593 2918 ,
3627 2840 3755 2906 ne—

492 2927 805 3018 gligentes
831 2923 1271 3013 efﬁcerentur,
1298 2922 1537 2984 addidit
1563 2939 1641 2985 ea
1660 2940 1818 3018 qua:
1847 2923 1927 3015 ad
1955 2940 2189 3001 corpus
2218 2922 2607 3018 attinerent:
2632 2921 2990 3018 tanqenim
3020 2922 3209 3018 sic.ﬁt
3233 2942 3249 2981 :
3275 2923 3441 3018 sicut
3468 2942 3586 3018 re‘x
3614 2925 3753 3018 ali-

539 3000 637 3064 uis
663 3003 906 3083 judices
942 3020 1095 3064 suos
1131 3002 1749 3083 majorapeccantes
1776 3046 1793 3073 ,
1827 3000 2387 3083 primumquidem
2419 3001 2654 3083 spoliat
2689 3000 2917 3062 militia
2943 3044 2958 3070 ,
2992 3005 3052 3083 et
3080 3000 3408 3083 cingulum
3437 3002 3753 3083 aufertac

492 3022 637 3141 quis
663 3022 906 3083 juoices
942 3022 1095 3064 suos
1131 3022 1377 3141 maiora
1413 3022 1749 3080 peccantes
1776 3046 1793 3073 ,
1827 3022 2101 3081 primum
2130 3022 2387 3079 quidem
2419 3022 2654 3078 SpOllal.
2689 3022 2917 3062 mllltla
2943 3044 2958 3070 ,
2992 3022 3052 3062 et
3080 3022 3408 3079 cmguium
3437 3022 3648 3064 auten
3674 3022 3753 3065 ac

492 3102 509 3141 (
536 3082 888 3162 ignitatem,
918 3087 983 3162 et
1011 3081 1519 3162 tunc,u_ciscitur
1543 3101 1558 3162 :_
1583 3082 1675 3143 sic
1704 3083 1896 3143 etiam
1925 3081 2028 3141 hic
2057 3080 2303 3162 gladius
2335 3080 2607 3162 Spiritus
2639 3085 2969 3162 operatur.
3000 3080 3146 3140 Post
3176 3080 3456 3162 hocjam
3484 3082 3561 3143 de
3586 3082 3754 3142 Filio

491 3158 775 3239 disputat
797 3181 811 3221 :
836 3161 933 3241 Ad
957 3180 1131 3241 quem
1152 3160 1354 3233 nobis,
1384 3160 1614 3241 inquit,
1645 3178 1838 3221 sermo
1871 3168 1978 3220 est.
2010 3158 2174 3234 Quid
2208 3164 2326 3232 est,
2357 3159 2454 3221 Ad
2475 3176 2649 3238 quem
2676 3158 3074 3241 notassernto
3104 3167 3197 3241 est
3220 3161 3249 3219 ?
3277 3158 3414 3221 Hoc
3440 3165 3559 3241 est,
3593 3162 3751 3239 Ipsi,

493 3237 725 3319 inquit,
763 3237 1069 3302 reddituri
1100 3258 1322 3300 sumus
1350 3237 1666 3319 rationem
1692 3244 2379 3319 actuuminostrorum,
2405 3237 2979 3319 Et’quomodohoc
3008 3237 3125 3319 ﬁt?
3154 3239 3230 3300 Ut
3264 3257 3393 3299 non
3419 3237 3752 3307 cudamus.

490 3317 722 3398 inquit,
749 3337 959 3397 neque
988 3318 1428 3397 pusillanimes
1451 3318 1804 3380 efﬁciamur
1828 3339 1841 3377 :
1865 3318 2254 3398 sufﬁcienter
2274 3317 2532 3398 quidem
2562 3318 2752 3398 etiam
2778 3317 3057 3398 illanos,
3085 3318 3318 3396 inquit,
3342 3320 3590 3380 docent.
3614 3320 3678 3379 11
3686 3339 3754 3378 a-

490 3395 693 3459 bemus
727 3395 930 3459 autem
963 3395 1019 3458 et
1049 3398 1425 3458 sacerdotem
1451 3415 1742 3475 magnum
1769 3398 2102 3458 intrantem
2130 3396 2329 3475 castos,
2361 3397 2575 3456 Iesum
2605 3395 2849 3457 Filium
2876 3395 3016 3455 Dei.

567 3478 732 3552 Quia
780 3478 951 3537 enim
1012 3483 1352 3554 propterea
1401 3473 1675 3547 addidit,
1727 3476 1877 3537 Non
1930 3476 2090 3536 enim
2135 3473 2447 3543 habemus,
2510 3475 2761 3552 inquit,
2812 3473 3226 3545 sacerdotem,
3276 3493 3408 3536 non
3452 3476 3755 3538 valentem

490 3557 760 3635 compati
804 3554 1276 3648 inﬁrmitqtibus
1321 3555 1557 3615 nostris
1579 3575 1609 3645 ,τ
1645 3554 1881 3616 idcirco
1929 3554 2227 3632 superius
2274 3554 2557 3626 dicebat,
2586 3554 2671 3615 In
2705 3571 2827 3646 quo
2846 3571 3072 3646 passus
3098 3563 3184 3613 est
3205 3554 3334 3691 tpse
3363 3563 3417 3616 et
3445 3560 3753 3622 tentatus.

490 3644 708 3691 nolens
740 3642 825 3691 est
855 3653 955 3691 eos
988 3653 1096 3691 aut
1127 3642 1452 3691 tentantur
1481 3633 1800 3691 adiuvare.
1835 3634 2093 3691 Intuere
2119 3649 2274 3691 ergo
2303 3634 2630 3691 auomodo
2664 3640 2726 3691 et
2753 3633 2858 3691 hic
2890 3633 3166 3691 [diosum
3228 3639 3376 3691 aeit.
3407 3634 3589 3691 Quod
3619 3652 3752 3691 au—

484 3633 708 3714 potens
740 3642 825 3694 est
855 3633 955 3694 eos
988 3635 1099 3714 qui
1127 3642 1452 3714 tentantur
1471 3633 1800 3714 adjuvare.
1835 3634 2093 3714 Intuere
2119 3649 2274 3712 ergo
2303 3634 2630 3711 quomodo
2664 3640 2726 3714 et
2753 3633 2858 3694 hic
2890 3633 3166 3714 idipsum
3205 3633 3376 3714 facit.
3407 3634 3589 3709 Quod
3619 3652 3752 3695 au-

488 3711 615 3775 tem
646 3714 833 3785 dicit,
866 3711 1117 3775 tale'est
1146 3733 1160 3770 :
1192 3711 1418 3792 Venit,
1464 3711 1705 3790 inquit,
1740 3731 1855 3791 per
1887 3713 2056 3773 viam
2087 3711 2218 3789 qua
2253 3717 2315 3772 et
2348 3729 2491 3792 nos,
2524 3712 2727 3790 magis
2766 3717 2984 3792 autem
3013 3711 3092 3773 ad
3129 3712 3407 3792 priorem
3434 3714 3518 3792 [Ῑ.
3550 3729 3756 3791 aspe-

488 3794 797 3870 riorem],
830 3796 893 3853 et
918 3793 1205 3853 omnium
1240 3791 1569 3852 hominum
1596 3792 2143 3870 [humanorum‘lj
2172 3791 2687 3869 esperimentum
2722 3791 2990 3870 accepit.
3024 3791 3163 3852 Illic
3188 3791 3428 3870 quippe
3462 3791 3752 3862 dicebat,
3792 3864 3795 3867 _

485 3872 638 3934 Non
688 3867 775 3931 est
825 3880 1112 3932 creatura
1160 3870 1520 3950 occultatin
1548 3879 1883 3950 conspectu
1929 3867 2060 3949 ejus
2077 3916 2105 3950 ,7
2126 3867 2530 3950 divinitatem
2569 3868 2938 3949 signiﬁcans
2972 3889 2987 3928 :
3030 3867 3451 3950 nunc'autem
3488 3871 3643 3949 quia
3670 3870 3753 3933 de

485 3968 680 4011 carne
709 3951 1019 4027 loquitur,
1051 3948 1721 4029 humiliterdisputat,
1752 3948 2009 4029 dicens:
2036 3948 2351 4029 Habentes
2378 3949 2577 4028 igitur
2591 3948 2949 4029 pontiﬁcem
2962 3966 3250 4029 magnum
3272 3948 3613 4010 intrantem
3640 3968 3756 4010 ca:-

486 4030 580 4089 los
603 4049 623 4088 :
650 4032 711 4089 et
732 4029 1014 4107 ostendit
1045 4028 1355 4107 majorem
1381 4028 1475 4088 illi
1504 4028 1646 4089 esse
1678 4046 1897 4090 curam
1946 4028 2023 4088 de
2055 4028 2263 4107 nobis,
2300 4034 2362 4089 et
2395 4029 2551 4105 quia
2576 4030 2742 4089 sicut
2782 4028 3065 4105 'pr0priis
3110 4028 3322 4098 adest,
3355 4034 3420 4088 et
3451 4047 3580 4089 non
3614 4029 3756 4090 vult

487 4123 596 4186 eos
633 4105 881 4166 cadere.
920 4108 1127 4167 Moses
1150 4105 1329 4186 enim
1352 4150 1368 4176 ,
1398 4107 1642 4184 inquit,
1675 4124 1802 4166 non
1837 4106 2099 4186 intravit
2140 4108 2205 4166 in
2233 4108 2518 4186 requiem
2542 4151 2558 4179 ,
2592 4108 2725 4184 ipse
2755 4117 2968 4186 autem
3005 4108 3288 4169 intravit.
3321 4108 3399 4167 Et
3426 4108 3753 4186 quomodo

485 4184 610 4245 hoc
640 4201 962 4261 nusquam
992 4185 1238 4262 posuit,
1272 4186 1508 4244 mirum
1539 4193 1658 4265 est.
1706 4186 1796 4245 Ne
1840 4183 2357 4265 viderentursibi
2388 4183 2874 4265 excusationem
2910 4185 3238 4265 invenire,
3269 4183 3757 4265 comprehendit

485 4270 699 4343 autem
736 4265 926 4343 etiam
971 4266 1181 4341 ipsum
1216 4282 1232 4321 :
1271 4267 1332 4322 et
1373 4281 1452 4323 ne
1488 4264 1789 4343 videatur
1829 4279 2136 4343 accusare
2168 4264 2349 4343 illum
2392 4264 2601 4325 virum
2625 4309 2639 4331 ,
2674 4268 2895 4342 aperte
2926 4264 3085 4325 illud
3120 4280 3251 4324 non
3281 4264 3453 4343 dicit.
3484 4266 3549 4325 Si
3579 4266 3754 4343 enim

487 4341 643 4401 nihil
684 4341 1047 4419 hujusmodi
1076 4342 1388 4402 dicentem
1422 4342 1574 4403 talia
1604 4341 1910 4403 adversus
1939 4342 2120 4402 illum
2148 4342 2591 4419 proferebant,
2623 4341 2905 4404 dicentes
2938 4364 2955 4402 :
2985 4344 3224 4406 Contra
3253 4342 3477 4405 Mosen
3510 4348 3572 4405 et
3599 4341 3755 4419 con-

484 4418 815 4505 tralegern
847 4429 968 4483 iste
1001 4426 1289 4505 loquitur
1319 4439 1333 4477 :
1367 4425 1569 4505 multo
1598 4423 1914 4505 amplius,
1942 4418 2337 4505 si_dixisset,_
2363 4421 2506 4505 Non
2542 4426 2635 4481 est
2662 4420 3002 4505 Palaestina
3026 4465 3043 4492 ,
3073 4419 3185 4505 _s_ed
3206 4419 3482 4505 caelum,
3510 4418 3759 4496 majora

481 4505 560 4566 de
589 4497 1038 4564 illo‘dicerent.
1086 4497 1206 4560 Sed
1236 4514 1364 4558 non
1392 4502 1595 4557 totum
1624 4498 1906 4574 pontiﬁci
1937 4501 2200 4572 tribuit,
2232 4500 2341 4563 sed
2372 4501 2564 4561 etiam
2596 4517 2633 4561 a
2663 4500 2846 4560 nobis
2886 4498 3118 4576 quaerit
3138 4542 3155 4567 ,
3187 4497 3330 4558 dico
3361 4503 3575 4559 autem
3606 4514 3761 4559 con-

483 4584 850 4646 fessionem.
884 4579 1227 4659 Habentes,
1259 4577 1505 4659 inquit,
1529 4578 1891 4659 pontiﬁcem
1922 4598 2242 4659 magnum,
2272 4580 2611 4640 intrantem
2644 4577 2844 4645 stelas,
2870 4579 3084 4639 Iesum
3115 4576 3353 4659 Filium
3381 4577 3525 4659 Dei,
3560 4585 3763 4636 tenea-

481 4660 1088 4753 mus_con[essionem
1119 4657 1583 4753 ejus._Qualem
1613 4655 2083 4753 contesstpnem
2114 4658 2305 4753 dicit?
2330 4659 2651 4732 Quoniam
2694 4662 2791 4750 est
2831 4656 3254 4753 rqsprrectip,
3302 4655 3613 4753 quoniam
3665 4663 3766 4717 est

486 4735 849 4812 retributio,
886 4735 1195 4817 quoniam
1227 4737 1399 4817 mille
1430 4737 1622 4809 bona,
1656 4736 1811 4812 quia
1843 4736 2136 4799 Christus
2174 4739 2343 4799 Deus
2375 4744 2503 4807 est,
2534 4738 2847 4817 quoniam
2881 4736 3035 4817 ﬁdes
3068 4740 3247 4817 recta
3272 4741 3398 4817 est,
3432 4735 3564 4795 haec
3593 4752 3766 4817 con—

486 4822 804 4882 ﬁteamur.
838 4814 1001 4893 Quia
1036 4833 1187 4878 vero
1231 4816 1367 4877 haec
1393 4832 1547 4876 vera
1573 4819 1746 4886 sunt,
1772 4817 2182 4878 manifestum
2217 4837 2300 4879 ex
2330 4835 2407 4878 eo
2438 4814 2607 4895 quod
2640 4814 2926 4895 pontifex
2970 4816 3032 4874 in
3062 4814 3478 4895 interioribus
3510 4814 3770 4895 consti-

489 4905 665 4960 tutus
697 4904 816 4960 est.
843 4899 983 4958 Non
1014 4895 1421 4968 excidamus,
1454 4894 1898 4956 conﬁteamur.
1945 4897 2008 4957 Si
2039 4898 2209 4958 enim
2242 4897 2432 4957 modo
2461 4893 2786 4967 adessent,
2822 4895 3020 4955 falsus
3052 4900 3220 4954 esset
3253 4894 3364 4972 qui
3415 4893 3715 4970 promisit
3749 4914 3765 4952 :

489 4978 767 5058 proinde
790 4978 982 5058 etiam
1012 4977 1135 5037 hoc
1170 4992 1393 5058 verum
1426 4980 1544 5045 est,
1576 4974 1911 5058 Quomodo
1940 4974 2367 5058 differuntur?
2408 4974 2658 5058 Etenim
2702 4973 2994 5058 pontifex
3036 4979 3255 5058 noster
3287 4989 3566 5058 _magnus
3611 4978 3719 5058 est,
3750 4993 3766 5031 :

487 5052 640 5120 Non
670 5056 831 5117 enim
858 5055 1142 5117 habemus
1167 5054 1554 5134 pontificem,
1596 5054 1706 5133 qui
1730 5073 1886 5134 non
1920 5055 2125 5134 possit
2162 5056 2432 5134 compati
2477 5052 3251 5134 inﬁrmitatibusnostrist
3287 5052 3472 5134 Non,
3514 5052 3765 5129 inquit,

489 5138 746 5217 ignorat
772 5153 917 5213 quae
948 5131 1179 5197 nostra,
1200 5131 1384 5206 sunt,
1417 5134 1582 5217 sicut
1606 5131 1794 5217 ψυμί
1821 5131 2181 5217 pontiﬁces,
2203 5131 2312 5217 qui
2340 5131 2641 5217 ignorant
2667 5150 2777 5217 eo_s
2807 5132 2920 5210 qui
2960 5132 3024 5217 in
3053 5131 3578 5217 tribulationibus
3606 5148 3764 5217 con-

490 5210 693 5279 stituti
727 5210 901 5286 sunt,
933 5221 994 5274 et
1027 5231 1236 5292 neque
1263 5229 1409 5290 quae
1440 5213 1521 5273 sit
1548 5212 1878 5272 tribulatio
1914 5213 1979 5272 in
2012 5210 2422 5283 hominibus,
2460 5212 2697 5292 sciunt.
2724 5211 3134 5292 rlmpossibile
3179 5210 3418 5292 quippe
3460 5216 3557 5270 est
3598 5210 3768 5292 scire

491 5295 873 5358 afﬂictiones
903 5289 1367 5355 afﬂicto—rum’ei
1397 5335 1412 5362 ,
1445 5292 1555 5368 qui
1588 5292 2104 5369 experimentum
2144 5291 2506 5353 amictionis
2540 5307 2670 5351 non
2720 5291 2980 5357 habuit,
3026 5295 3089 5350 et
3129 5289 3521 5350 sensibiliter
3545 5289 3768 5369 omnia

491 5393 622 5438 non
643 5373 952 5437 sustinuit
980 5392 995 5432 :
1031 5371 1318 5451 pontifex
1346 5367 1561 5451 autem
1594 5367 1813 5451 noster
1840 5376 2276 5449 competenter
2294 5371 2812 5451 primumtontnia
2828 5368 3164 5451 _s_ustinuit,
3180 5375 3243 5429 et
3270 5373 3425 5429 tunc
3452 5367 3764 5451 ascendit,

491 5460 563 5517 ut
594 5453 798 5541 possit
825 5446 1124 5541 compati.
1154 5452 1206 5511 Τ
1209 5459 1505 5541 entqtum,
1538 5449 1772 5541 inqqtt,
1794 5467 1914 5541 per
1942 5446 2150 5510 omnia
2175 5446 2510 5541 secundum
2532 5447 3007 5541 similitudinrm
3035 5448 3168 5541 sine
3192 5455 3484 5541 peccat-0.:
3511 5446 3765 5541 Inspice

492 5525 816 5613 quomodo
846 5525 1040 5594 etiam
1071 5547 1269 5613 supra
1300 5526 1574 5607 idipsum
1603 5573 1619 5600 ,
1652 5525 1961 5590 Similiter
1984 5573 2000 5600 ,
2045 5530 2294 5613 posuit,
2329 5534 2391 5589 et
2433 5529 2539 5589 hic
2580 5529 2855 5613 iterum,
2888 5525 3239 5613 Secundum
3266 5525 3765 5613 similitudinem.

496 5606 630 5675 Hoc
656 5619 782 5685 est,
819 5606 1671 5690 persequutionem’passus,
1703 5606 2246 5690 sputa_suscepitt
2262 5613 2607 5690 accusatus
2635 5612 2764 5680 est,
2796 5606 3255 5690 detractionem
3285 5606 3627 5690 sustinuit,
3655 5621 3766 5690 ea-

496 5693 772 5753 lumnias
815 5684 1045 5765 passus
1087 5694 1216 5759 est,
1267 5684 1565 5765 repulsus
1606 5692 1699 5748 est
1719 5684 1754 5757 ,θ
1777 5688 1841 5747 in
1879 5687 2005 5749 ﬁne
2033 5684 2381 5749 cruciﬁxus
2411 5692 2527 5748 est.
2559 5688 2767 5749 Juxta
2806 5684 3312 5765 similitudinem,
3354 5684 3599 5765 inquit,
3634 5684 3768 5743 sine

496 5710 772 5753 lummas
860 5710 1044 5752 assus
1087 5710 1216 5759 ρει,
1267 5710 1565 5765 Πιρωδιιε
1606 5710 1734 5757 881,
1777 5710 1841 5747 In
1879 5710 2005 5749 une
2033 5710 2381 5749 Cl'llClIIXUS
2411 5710 2527 5748 ρδι.
2559 5710 2767 5749 Juxta
2806 5710 3312 5756 ειτηῑιιιιιιιῑηεπι,
3355 5710 3599 5761 Inquu,
3634 5710 3765 5743 smn

492 5780 771 5851 peccato.
801 5710 919 5831 ἢκ
949 5769 1140 5830 etiam
1164 5767 1407 5845 aliquid
1436 5766 1775 5846 signiﬁcat.
1806 5767 2114 5830 Possibile
2148 5773 2243 5829 est
2273 5768 2413 5829 sine
2441 5770 2699 5845 peccato
2726 5766 2919 5828 etiam
2953 5766 3019 5826 in
3048 5764 3575 5825 tribulationibus
3606 5780 3765 5824 eon-
