4088 6208
294 268 400 323 281
950 265 1263 325 MUTIANO
1306 266 1552 325 SClltlL.
1591 266 1908 325 ΙΝΠῖῐὶΓΒ]

1922 266 2052 323 are.
2089 295 2154 308 -
2195 266 2354 325 CAP.
2404 267 2492 323 ιγ.
2552 222 2784 324 nouit.
2825 266 2940 324 vn.
3145 268 3158 282 ε
3434 267 3536 323 2x3

278 366 575 444 stitutum
605 361 835 444 degere
862 381 876 420 :
912 362 1075 444 sicut
1110 363 1301 423 etiam
1335 379 1480 423 cum
1506 363 1691 438 dicit,
1719 364 1800 425 In
1823 365 2238 428 similitudine
2267 367 2499 432 carnis.
2538 383 2667 426 non
2708 367 2829 427 hoc
2857 366 3039 436 dicit,
3070 366 3224 444 quia
3252 370 3557 431 similitu-

276 444 360 525 do
388 442 604 503 carnis
642 441 762 525 fuit
781 486 796 512 ,
828 441 1123 525 sed_quia
1152 460 1410 525 carnem
1441 444 1746 525 suscepit.
1778 445 1992 525 Quare
2019 462 2173 525 ergo
2207 445 2404 517 dixit,
2442 445 2524 505 In
2548 444 3003 508 similitudine?
3032 441 3194 520 Quia
3226 447 3303 507 de
3335 466 3558 525 pecca-

277 523 439 584 trice
492 538 689 582 carne
744 521 1154 599 loquebatur.
1205 520 1477 604 Similis,
1528 520 1775 604 inquit,
1821 523 1939 585 fuit
1980 520 2158 586 carni
2206 530 2487 586 nostrae:
2527 530 2763 604 natura
2791 525 3030 604 quippe
3070 525 3295 587 eadem
3325 520 3510 589 nobis
3537 573 3553 600 ,

276 608 543 685 peccato
577 618 729 685 vero
748 617 1179 685 nequaquam
1210 600 1872 685 eadem._Accedamus
1903 620 2047 683 ergo
2076 622 2214 664 cum
2242 603 2475 684 ﬁducia
2502 604 2584 685 ad
2610 600 3055 685 sedem—gratia:
3081 605 3237 685 ejus,
3267 614 3341 666 ut
3371 609 3553 668 arci-2

278 680 528 764 fiamus
549 680 1063 764 misericordiam,
1088 688 1142 739 et
1168 680 1439 764 gratiam
1458 681 1844 764 inveniamus
1872 685 1938 745 in
1969 680 2328 762 opportuno
2353 684 2626 764 auxilio.
2654 680 2861 757 Quam
2883 684 3031 744 dicit
3052 680 3267 746 sedem
3295 687 3559 764 gratiae?

277 759 505 823 Sedem
554 760 763 837 ipsam
806 759 1090 838 regalem
1114 803 1131 830 ,
1187 759 1265 820 de
1305 777 1437 837 qua
1493 761 1644 821 alibi
1687 762 1919 823 dicitur
1951 782 1966 821 :
1999 759 2186 823 Dixit
2211 763 2520 824 Dominus
2552 763 2821 824 Domino
2852 782 2983 823 meo
3013 784 3033 824 :
3063 764 3218 826 Sede
3244 759 3555 826 a'deztris

278 840 451 902 meis.
485 839 815 921 Quidrestz
855 838 1230 921 Accedamus
1267 857 1404 921 cum
1436 838 1714 921 ﬁducia?
1755 842 1922 915 Quia
1963 843 2329 920 pontificem
2379 843 2517 903 sine
2546 847 2806 920 peccato
2837 842 3173 914 habemus,
3208 850 3558 905 certantem

280 938 429 981 cum
477 919 741 1000 mundo,
770 917 1117 1000 Con/fidite,
1167 918 1413 995 inquit,
1437 917 1550 999 ego
1585 920 1744 980 cnim
1771 922 1896 983 vici
1928 917 2245 982 mundum.
2285 922 2441 984 Nam
2475 917 2645 999 quod
2681 921 2918 999 dictum
2948 928 3079 995 est,
3112 922 3378 1000 Oportet
3409 943 3556 985 eum

277 1000 502 1061 omnia
545 998 708 1080 pati,
743 999 1053 1080 mundum
1085 1004 1298 1080 autem
1331 998 1487 1058 eum
1509 1017 1650 1060 esse
1681 1016 1720 1061 a
1758 1002 2067 1080 peccatis;
2102 1002 2222 1062 hoc
2250 998 2599 1080 signiﬁcat,
2630 1017 2707 1062 ac
2736 1002 2957 1080 sinos
2990 1004 3111 1062 sub
3141 998 3402 1080 peccato
3431 1022 3557 1064 su—

278 1097 450 1160 mus,
486 1077 727 1160 inquit,
758 1077 866 1160 sed
898 1078 1035 1155 ipse
1065 1077 1203 1138 sine
1234 1085 1497 1154 peccato
1523 1083 1639 1160 est.
1669 1077 2062 1160 Accedamus
2086 1089 2238 1160 ergo
2266 1077 2411 1141 cum
2440 1080 2694 1141 ﬁducia.
2724 1079 2914 1160 Sedes
2937 1077 3161 1160 autem
3184 1082 3426 1160 gratias,
3459 1087 3553 1145 est

280 1159 466 1221 sedes
491 1157 738 1239 judicii.
777 1158 960 1239 Nunc
987 1162 1328 1239 propterea
1367 1157 1744 1239 accedamus
1772 1178 1917 1220 cum
1946 1157 2183 1220 fiducia
2199 1204 2214 1230 ,
2249 1164 2321 1219 ut
2348 1159 2737 1238 accipiamus
2769 1157 3268 1225 misericordiam
3298 1162 3557 1239 qualem

280 1234 634 1316 quaerimus
660 1256 675 1295 :
703 1237 972 1318 largitas
1004 1234 1413 1318 quippe_ejus
1449 1243 1546 1318 est
1571 1238 1703 1299 huic
1731 1255 1929 1300 causa
1957 1244 2020 1300 et
2050 1238 2290 1298 donum
2317 1234 2554 1318 regale.
2590 1238 2680 1298 Et
2710 1238 3114 1307 inveniamus,
3147 1234 3378 1317 inquit,
3407 1258 3562 1318 gra-

280 1315 438 1398 tiam
463 1317 531 1378 in
556 1315 1222 1398 auxilio’opportuno.
1254 1315 1654 1398 Benedixit,
1691 1317 1769 1398 lu
1798 1327 2158 1398 opportuno
2191 1315 2439 1380 auxilio
2474 1339 2493 1377 :
2524 1317 2584 1378 Si
2631 1318 2803 1378 enim
2842 1336 3049 1389 nunc,
3080 1315 3324 1397 inquit,
3365 1315 3563 1383 acce—

276 1397 438 1469 das,
492 1396 769 1475 accipies
813 1394 891 1456 et
923 1395 1196 1474 gratiam
1244 1397 1307 1476 et
1362 1394 1910 1476 misericordiam}
1970 1402 2332 1476 Opportune
2382 1398 2620 1476 quippe
2670 1398 2934 1458 accedes
2979 1418 2996 1461 :
3049 1398 3100 1459 si
3148 1394 3362 1459 autem
3408 1404 3563 1462 tunc

278 1472 676 1549 accesseris,
727 1472 1139 1554 nequa—quam
1181 1492 1199 1545 ;
1249 1472 1462 1554 inanis
1529 1474 1771 1554 quippe
1821 1476 1946 1538 erit
2001 1472 2286 1539 accessio
2335 1472 2721 1549 tunc—{non
2770 1477 2942 1551 enim
2995 1477 3117 1539 erit
3172 1483 3327 1540 tunc
3380 1478 3561 1540 sedes

277 1556 531 1637 gratim.
560 1556 779 1637 _Usque
809 1552 962 1637 tunc
988 1552 1434 1637 sedebit__Rex;
1468 1571 1614 1614 cum
1649 1552 1872 1637 autem
1899 1556 2168 1637 rvenerit
2222 1556 2393 1628 linis,
2427 1561 2581 1617 tunc
2609 1562 2863 1637 rsurget
2896 1555 2975 1617 ad
3020 1556 3379 1637 judiciuma
3400 1558 3564 1637 Ea:-

277 1630 801 1715 Eurgeyinquit,
864 1634 1068 1715 Deus,
1111 1630 1341 1715 judico
1401 1634 2088 1715 terramarAccedamus
2140 1652 2290 1714 ergo
2353 1654 2490 1696 cum
2537 1630 2790 1715 fiducia.
2847 1630 3086 1696 lterum
3138 1636 3293 1696 illud
3350 1636 3563 1711 dixit,

279 1717 360 1774 ut
401 1711 563 1795 nihil
614 1711 966 1795 habeamus
1018 1711 1520 1795 inconscientia
1566 1712 1961 1795 malignum;
2007 1714 2133 1776 hoc
2169 1711 2302 1790 est,
2353 1732 2484 1775 non
2526 1711 2937 1795 dubitantes:
2971 1732 3099 1775 non
3150 1715 3320 1795 enim
3356 1720 3567 1795 potest

281 1810 437 1887 cum
469 1792 701 1887 fiducia
743 1792 889 1856 talis
920 1789 1244 1887 accedere.
1294 1789 1538 1887 Idcirco
1556 1789 1773 1887 rdixit':
1805 1794 2102 1887 Tempore
2142 1802 2501 1887 opportuno
2546 1793 2967 1887 exaudit-inte,
3012 1803 3068 1854 et
3098 1797 3167 1856 in
3191 1794 3308 1887 die
3339 1789 3566 1887 arma:

283 1871 508 1953 «ἀμιυί
533 1882 612 1935 te.
639 1872 929 1953 Namque
963 1876 1026 1932 et
1054 1887 1229 1953 nunc
1246 1872 1395 1953 post
1426 1870 1813 1949 baptismum
1842 1870 2195 1951 pec—cantes~
2218 1870 2518 1953 invenire
2562 1873 3001 1953 paenitentiam
3021 1917 3037 1945 ,
3069 1874 3293 1953 gratias
3323 1880 3443 1935 est.
3473 1874 3566 1934 Ne

282 1950 506 2015 autem
533 1952 800 2016 audiens
831 1952 1012 2013 illum
1054 1950 1421 2028 pontificem
1441 1994 1457 2024 ,
1495 1955 1680 2029 putes
1710 1950 1883 2014 stare
1906 1997 1921 2024 ,
1953 1953 2169 2014 statim
2210 1969 2357 2012 eum
2387 1950 2467 2012 ad
2498 1950 2713 2013 sedem
2748 1951 3042 2014 adducit:
3070 1950 3357 2029 pontifex
3391 1955 3564 2014 enim

285 2050 426 2095 non
457 2034 653 2112 sedet,
680 2032 790 2112 sed
819 2036 965 2112 sint.
992 2032 1518 2112 Videsquoniam
1543 2034 1714 2108 quod
1738 2032 1938 2094 factus
1959 2040 2055 2094 est
2077 2033 2384 2112 pontifex,
2403 2050 2533 2094 non
2558 2040 2805 2095 natura:
2824 2042 2941 2107 est,
2970 2038 3075 2095 sed
3096 2037 3470 2098 humilitatis
3498 2046 3561 2098 et

288 2110 800 2193 exinanitionis?
827 2108 962 2193 ﬂoc
990 2114 1051 2171 et
1094 2109 1282 2171 nobis
1308 2127 1482 2193 nunc
1510 2115 1944 2193 opportunum
1972 2108 2331 2193 cst—dicere,
2366 2112 2760 2193 Accedamus
2789 2131 2937 2175 cum
2964 2113 3195 2177 ﬁducia
3225 2120 3548 2193 petentes:

288 2196 545 2253 tantum
569 2188 758 2273 tidem
785 2187 1155 2273 afferamus,
1204 2193 1268 2273 et
1295 2189 1509 2273 omnia
1556 2187 1804 2250 tribuit.
1850 2190 2039 2273 Modo
2079 2195 2329 2273 tempus
2376 2191 2816 2273 estdonorum
2835 2235 2854 2265 ,
2886 2209 3076 2273 nemo
3105 2192 3181 2253 de
3208 2187 3418 2273 seipso
3446 2195 3548 2256 de-

291 2274 531 2349 speret.
567 2269 750 2329 Tunc
778 2276 876 2330 est
902 2267 1366 2346 desperationis
1399 2273 1675 2349 tempus,
1707 2286 1854 2349 cum
1883 2267 2428 2332 thalamus—fuerit
2448 2271 2733 2349 clausus,
2767 2288 2914 2331 cum
2944 2272 3272 2333 intraverit
3300 2267 3435 2335 Rex
3460 2275 3553 2336 vi-

288 2347 446 2411 dere
486 2347 1001 2431 discumbentes,
1050 2366 1195 2408 cum
1239 2348 1531 2431 venerint
1572 2347 1651 2408 ad
1696 2348 1909 2409 sinum
1960 2349 2376 2431 patriarchas,
2421 2350 2534 2427 qui
2571 2366 2648 2410 eo
2679 2348 2825 2412 facti
2868 2350 3105 2411 fuerint
3128 2350 3348 2431 digni:
3388 2370 3559 2414 nunc

291 2434 527 2567 antelmt
562 2426 868 2513 necdum;
901 2425 1110 2488 adhuc
1158 2427 1399 2505 quippe
1447 2426 1775 2489 theatrum
1818 2425 2151 2496 consistit.
2201 2428 2411 2491 adhuc
2440 2425 2626 2509 agon
2678 2433 3035 2508 permanet,
3088 2425 3299 2493 adh'uc
3344 2433 3560 2510 palma

291 2524 422 2567 ben
469 2527 502 2567 e
537 2551 552 2566 .
2156 2513 2164 2533 '

340 2513 552 2571 endet.
2156 2513 2164 2533 '

383 2524 552 2569 nuet.
2156 2524 2162 2533 '

291 2524 785 2669 peFestinemus
811 2585 1042 2669 igitur:
1073 2602 1224 2669 nam
1250 2591 1312 2648 et
1332 2586 1569 2669 Paulus
1594 2585 1754 2648 dixit
1785 2606 1802 2648 :
1832 2588 1941 2651 Sic
1970 2606 2181 2655 curro.
2210 2606 2341 2669 non
2361 2586 2639 2669 ~quasiin
2668 2587 2993 2649 incertum.
3021 2586 3229 2669 Cursu
3254 2605 3417 2669 Opus
3438 2594 3557 2664 est,

291 2671 361 2748 et
393 2684 588 2728 cursu
617 2665 855 2729 valido.
878 2665 1001 2748 Qui
1030 2667 1267 2748 currit,
1301 2667 1622 2748 neminem
1660 2674 2105 2730 occurrentem
2130 2668 2249 2729 sibi
2277 2665 2476 2748 videt,
2508 2668 2643 2748 sive
2668 2685 2783 2745 per
2810 2668 3151 2748 pratarsive
3182 2665 3557 2748 per—aspera

290 2747 441 2807 loca
473 2750 796 2807 transeat:
822 2746 933 2824 qui
965 2745 1196 2818 currit,
1221 2762 1348 2805 non
1373 2744 1451 2805 ad
1476 2750 1868 2823 spectatores
1901 2748 2206 2818 attendit,
2240 2746 2349 2809 sed
2378 2746 2457 2807 ad
2490 2744 2964 2824 palmam;'sive
2983 2744 3211 2810 divites
3238 2748 3367 2809 sint
3385 2744 3561 2822 {sive

290 2763 441 2807 loca
473 2763 796 2807 transeat:
822 2763 933 2884 qui
965 2763 1196 2818 curru,
1221 2763 1348 2805 non
1373 2763 1451 2805 au
1476 2763 1868 2823 speetatores
1901 2763 2168 2809 attendit
2191 2792 2206 2818 ,
2240 2763 2349 2809 sea
2378 2763 2457 2807 au
2490 2763 2799 2824 palmam;
2830 2764 2964 2808 snve
2983 2763 3211 2810 amtes
3238 2763 3402 2822 sunt,
3425 2766 3561 2811 snve

290 2842 640 2906 pauperes,
670 2825 804 2906 sive
871 2824 1121 2885 etrahat
1146 2825 1325 2902 quis,
1368 2825 1503 2906 sive
1532 2825 1764 2906 euadat,
1799 2828 1934 2906 sive
1965 2827 2259 2903 injuriet,
2292 2825 2429 2887 sive
2458 2825 2731 2906 lapidet,
2763 2826 2899 2888 sive
2946 2825 3205 2887 domum
3253 2826 3556 2906 diripiat,
3600 2860 3607 2867 -

290 2903 627 2966 sive'tilios
659 2903 869 2964 videat
896 2909 1009 2964 aut
1036 2920 1341 2983 uxorem,
1379 2905 1517 2965 sive
1546 2905 1720 2965 aliud
1750 2905 1905 2983 quid
1930 2950 1946 2976 ,
1976 2907 2055 2967 ad
2081 2923 2283 2967 unum
2319 2903 2567 2966 tantum
2608 2903 2866 2966 festinat
2894 2906 3210 2967 currendo
3231 2951 3247 2977 ,
3281 2903 3403 2968 hoc
3428 2912 3521 2968 est
3541 2950 3558 2980 ,

287 2988 371 3076 ut
399 2983 670 3076 accipiat
698 2983 1001 3076 palmam.
1033 2982 1156 3076 Qui
1188 2984 1429 3076 currit",
1462 2982 1817 3076 numquam
1845 2989 2014 3076 stat‘:
2050 3002 2197 3047 nam
2224 2985 2277 3045 si
2309 2984 2407 3076 vel
2446 2983 2768 3076 modicum
2799 2984 3103 3076 negligat,
3138 2991 3338 3076 totum
3368 2986 3564 3076 emit-

289 3063 395 3123 tit.
431 3062 555 3137 Qui
581 3062 805 3133 currit,
830 3062 991 3142 nihil
1020 3063 1354 3140 anteponit
1374 3062 1522 3135 fini,
1553 3065 1661 3123 sed
1692 3063 1895 3142 magis
1926 3064 2005 3126 ad
2032 3082 2176 3125 eum
2208 3062 2544 3142 pertendit.
2567 3063 2705 3123 Hoc
2734 3078 2773 3124 a
2792 3062 2914 3142 me
2931 3062 3169 3123 dictum
3192 3069 3288 3125 est
3310 3064 3387 3125 ad
3421 3082 3557 3136 eos,

289 3142 411 3221 qui
440 3142 660 3203 dicunt
693 3161 707 3200 :
738 3142 813 3202 In
850 3141 1188 3221 juventute
1231 3142 1492 3220 quidem
1536 3160 1679 3204 mea
1718 3141 1997 3203 studium
2042 3141 2276 3213 habui,
2310 3143 2375 3202 in
2417 3141 2754 3221 juventute
2778 3141 3092 3220 jejuuavi,
3128 3160 3300 3204 nunc
3343 3148 3561 3206 autem

292 3220 509 3282 senui.
531 3221 812 3282 Maxime
842 3220 994 3282 vero
1025 3221 1505 3300 religiositatem
1535 3228 1953 3300 augmentare
1983 3222 2281 3283 debuisti.
2314 3221 2512 3281 Nemo
2534 3220 2691 3300 mihi
2723 3226 2975 3282 veteres
2999 3220 3265 3300 virtutes
3296 3240 3564 3281 enume-

290 3305 399 3361 ret
430 3320 446 3359 :
482 3318 653 3361 nunc
682 3300 885 3378 magis
917 3300 1087 3379 viget
1112 3299 1284 3379 quis,
1316 3306 1379 3361 et
1410 3300 1472 3360 in
1491 3299 1830 3379 juventute
1861 3301 2079 3362 ﬁrmus
2105 3319 2233 3361 non
2265 3305 2384 3363 est.
2412 3300 2534 3374 Qui
2565 3299 2736 3360 enim
2761 3299 3160 3378 corporalem
3194 3299 3389 3360 istum
3416 3317 3563 3360 cur-

293 3380 383 3439 rit
413 3397 695 3453 cursum,
724 3385 896 3441 recte
927 3379 1106 3451 dicit,
1147 3380 1303 3457 quia
1329 3381 1598 3442 canities
1634 3398 1781 3441 eum
1810 3380 2257 3458 apprehendit,
2286 3384 2349 3441 et
2385 3396 2513 3439 non
2559 3379 2729 3440 valet
2757 3379 3052 3440 similiter
3080 3396 3368 3452 currere,
3405 3380 3563 3457 quia

291 3459 508 3519 omnis
537 3476 703 3538 agon
736 3458 799 3517 in
832 3476 1098 3538 corpore
1123 3459 1505 3520 constitutus
1542 3465 1639 3520 est
1671 3479 1686 3518 :
1714 3464 1782 3519 tu
1811 3476 1963 3520 vero
1991 3460 2073 3520 ob
2103 3476 2299 3538 quam
2335 3474 2594 3520 causam
2629 3476 2891 3538 cursum
2922 3458 3218 3519 minues?
3246 3459 3364 3519 Hic
3390 3458 3560 3538 enim

291 3538 518 3598 animo
548 3537 710 3616 opus
741 3542 861 3610 est,
892 3537 1109 3616 animo
1137 3544 1389 3599 erecto:
1424 3540 1641 3600 anima
1678 3537 1916 3616 quippe
1947 3538 2012 3598 in
2049 3537 2374 3600 senectute
2422 3539 2635 3616 potius
2681 3537 3117 3606 confortatur;
3157 3547 3313 3616 tunc
3355 3537 3561 3616 viget,

292 3622 450 3679 tunc
465 3616 945 3678 exsultat.Sicut
959 3615 1129 3676 enim
1147 3634 1379 3695 corpus
1403 3634 1741 3695 usquequo
1760 3615 2040 3679 febribus
2058 3615 2462 3687 detinetur,et
2484 3615 3036 3695 subsequentibus
3054 3615 3559 3695 (egritudinibus,

291 3711 371 3758 ac
386 3696 439 3757 si
457 3697 540 3756 sit
560 3696 860 3776 validum,
874 3701 1091 3757 tamen
1107 3694 1438 3776 afﬂigitur;
1460 3694 1602 3758 cum
1621 3694 1835 3776 autem
1853 3697 2189 3776 liberatum
2208 3697 2493 3776 fueritab
2510 3694 2881 3756 obsessione
2900 3694 3293 3776 morborum,
3317 3700 3565 3776 recreat

290 3776 629 3855 propriam
659 3775 956 3855 virtutem
991 3795 1007 3834 :
1038 3776 1132 3836 sic
1166 3773 1360 3836 etiam
1387 3776 1604 3837 anima
1634 3776 1699 3836 in
1725 3775 2062 3855 juventute
2091 3775 2374 3855 febribus
2406 3775 2678 3855 laborat,
2712 3779 2773 3855 et
2803 3790 2986 3855 amor
3011 3774 3231 3852 gloriaa
3257 3773 3562 3852 opprimit

290 3852 445 3915 cani
473 3858 536 3915 et
563 3853 938 3915 deliciarum
969 3859 1030 3915 et
1062 3871 1487 3915 venerearum
1521 3852 1741 3915 rerum
1769 3859 1827 3914 et
1857 3856 2133 3916 aliarum
2170 3852 3124 3931 multarumjmaginationum;
3169 3870 3314 3913 cum
3345 3858 3563 3913 autem

288 3940 595 4013 senectus
617 3932 969 4013 advenerit,
992 3950 1220 4013 omnes
1250 3933 1365 3994 has
1391 3934 1722 4011 passiones
1749 3932 2011 4013 effugat,
2041 3933 2202 3995 alias
2230 3950 2343 4011 per
2367 3930 2747 4013 satietatem,
2766 3930 3067 4013 aliusper
3087 3931 3561 4013 philosophiam

291 4012 702 4073 constrictas.
734 4012 865 4073 Has
893 4011 1132 4091 quippe
1153 4029 1304 4074 suas
1338 4009 1608 4091 corpore
1639 4009 2248 4083 relaxat'senectus,
2275 4012 2475 4091 necsi
2506 4009 2654 4071 velit
2675 4010 2891 4091 anima
2923 4010 3049 4071 illis
3082 4010 3174 4071 uti
3209 4009 3518 4091 permittit
3541 4030 3585 4076 :7

288 4093 405 4152 sed
438 4093 605 4151 sicut
634 4092 848 4151 hostes
883 4088 1166 4152 diversos
1190 4088 1550 4161 recludens,
1584 4092 1780 4153 veluti
1807 4092 1873 4151 in
1904 4092 2045 4152 loco
2074 4108 2111 4153 a
2143 4090 2346 4151 turbis
2378 4088 2582 4149 libero
2613 4088 2907 4168 collocat,
2930 4093 2993 4150 et
3015 4088 3283 4154 multam
3318 4090 3376 4152 ei
3408 4088 3557 4168 ope-

288 4176 483 4231 ratur
509 4170 1064 4247 tranquillitatem,
1095 4174 1157 4231 et
1184 4170 1477 4232 timorem
1498 4170 1739 4231 inducit
1772 4171 2173 4246 ampliorem,
2197 4187 2273 4231 ac
2301 4170 2353 4230 si
2388 4168 2605 4229 nullus
2640 4167 2957 4245 inquietct
2984 4168 3175 4231 alius.
3203 4167 3554 4233 Verumta-

288 4270 445 4315 men
477 4254 586 4329 qui
612 4246 1112 4320 consenescunt,
1145 4251 1357 4311 sciunt
1394 4250 1703 4329 quoniam
1732 4247 2031 4329 morituri
2079 4250 2262 4329 suni,
2312 4248 2374 4305 et
2415 4246 2835 4329 quia__utique
2881 4248 3565 4329 appropinquat/erunt

286 4324 515 4392 morti:
541 4330 809 4406 Quando
850 4330 1047 4408 igitur
1084 4324 1459 4408 cupiditates
1505 4327 1696 4408 hujus
1736 4325 1954 4408 smculi
1994 4325 2467 4408 excluduntur,
2512 4324 2876 4408 tribunalis
2902 4330 3118 4386 autem
3148 4324 3562 4408 exspectatio

294 4403 644 4480 subintrat,
682 4413 745 4471 et
772 4403 1205 4470 difficultatem
1237 4424 1382 4486 quae
1411 4411 1550 4468 erat
1575 4403 1659 4486 ad
1684 4404 2071 4486 credendum
2093 4404 2417 4486 demollit:
2461 4420 2676 4486 nonne
2711 4404 2913 4486 magis
2941 4403 3244 4486 attentior
3265 4403 3558 4476 efﬁcitur,

291 4489 351 4576 gi
375 4488 885 4576 voluerit‘iQuid
915 4504 1092 4567 ergo,
1127 4482 1357 4576 inquit,
1391 4504 1535 4576 cum
1565 4484 1909 4576 viderimus
1933 4483 2341 4576 a_juvenib_us
2363 4483 2648 4576 seniores
2673 4482 2967 4576 pejores?
2995 4482 3397 4576 Nimietatem
3428 4501 3563 4576 ma-

289 4567 454 4630 litia:
478 4567 631 4627 mihi
667 4561 865 4628 dicis:
897 4561 1046 4628 nam
1087 4571 1148 4627 et
1191 4561 1255 4625 in
1288 4564 1532 4625 furioso
1561 4562 1847 4626 videmus
1883 4561 2061 4623 nullo
2089 4562 2453 4641 impellente
2480 4563 2652 4623 ultro
2673 4561 2766 4622 ire
2799 4580 2912 4640 per
2953 4579 3257 4641 prmeeps.
3289 4561 3561 4637 Quando

292 4662 459 4728 ergo
485 4664 686 4728 senex
710 4646 1111 4728 curationem
1132 4645 1370 4728 habet?
1396 4662 1523 4728 non
1558 4642 1728 4728 enim
1746 4646 1963 4728 potest
1989 4641 2222 4728 dicere,
2256 4640 2503 4728 Delicta
2518 4641 2873 4728 juecnlutis
2897 4659 3059 4728 mea.
3095 4640 3563 4728 “ignorantia?

292 4716 773 4788 ne'memineris.
811 4725 932 4799 Qui
961 4723 1130 4786 enim
1159 4724 1221 4784 in
1253 4727 1582 4785 senectute
1613 4722 1700 4782 ita
1740 4716 2021 4782 furiosus
2053 4726 2182 4801 est,
2203 4716 2679 4801 ostendit_quia
2712 4720 2868 4801 etin
2905 4716 3242 4801 juventuié
3272 4736 3562 4801 nonrper

296 4805 756 4885 ignorantiam,
782 4821 915 4885 non
942 4802 1486 4885 perimperitiam,
1511 4819 1637 4862 non
1662 4818 1776 4885 per
1792 4804 2038 4885 mtatem
2077 4799 2221 4861 talis
2245 4799 2384 4885 fuit.
2405 4799 2512 4885 sed
2537 4817 2652 4878 per
2671 4799 3149 4885 negligentiam.
3176 4799 3301 4861 Iste
3322 4799 3561 4885 quippe

296 4877 757 4962 p'otestdicere,
780 4877 1020 4944 Delicta
1029 4877 1386 4962 juventutis
1406 4899 1566 4949 mem,
1588 4889 1643 4939 et
1672 4877 2055 4962 ignorantia?
2089 4895 2165 4962 ne
2182 4880 2395 4940 memin
2406 4878 2561 4962 eris,_
2576 4877 2684 4962 qui
2709 4877 3120 4962 insc’nectute
3139 4877 3564 4962 competentia
3627 4918 3632 4939 ε

345 4962 474 5025 erit
494 5007 512 5035 ,
538 4962 649 5041 qui
699 4957 1079 5041 procedente
1109 4965 1290 5022 astate
1318 4965 1604 5022 mutatur
1637 4957 1743 5041 :“s’i
1773 4963 2082 5041 autemet
2110 4958 2174 5018 in
2200 4962 2525 5041 senectute
2547 4958 2635 5018 ita
2666 4957 3045 5041 inhonestus
3074 4962 3167 5041 est
3190 4957 3563 5041 ,_quomodo

343 5035 578 5122 iguum'
620 5035 731 5122 est,
774 5039 1138 5122 hujusmodi
1198 5057 1415 5122 senem
1486 5036 1795 5117 appellari
1830 5035 2026 5122 ,_qui_
2076 5036 2514 5122 nequermtati
2568 5037 2994 5122 reverentiam
3060 5035 3367 5122 exhibet?
3405 5036 3560 5122 __Qui

299 5114 480 5182 en'im
510 5119 684 5194 dicit,
715 5114 977 5182 Peccata
999 5118 1354 5198 juventutis
1396 5114 1549 5180 meai
1575 5114 1658 5179 ne
1682 5114 2328 5198 rmemineris,_veluti
2376 5117 2438 5175 in
2487 5120 2815 5198 senectute
2843 5119 3197 5198 correctus,
3231 5114 3366 5177 hec
3388 5114 3561 5198 dicit.

278 5199 450 5279 Non
472 5193 673 5279 igitur
690 5198 883 5279 exiis
914 5193 1058 5276 qua:
1080 5199 1144 5258 in
1169 5202 1495 5279 senectute
1524 5196 1924 5279 contingunt,
1954 5194 2207 5279 fraudes
2238 5194 2513 5273 teipsum
2542 5210 2581 5256 a
2605 5194 2790 5279 venia
2821 5193 3014 5279 etiam
3045 5210 3267 5279 eorum
3286 5238 3303 5267 ,
3329 5212 3472 5273 qum
3500 5195 3563 5279 in

293 5272 640 5360 iuventute
665 5276 905 5360 fecisti.
935 5272 1270 5352 Quomodo
1296 5276 1467 5360 enim
1497 5272 2155 5360 non_est'_absurdum,
2202 5272 2506 5360 etsupra
2545 5273 2799 5334 veniam
2841 5272 3016 5360 quod
3047 5272 3243 5360 tit,rut
3269 5272 3468 5360 senex
3498 5273 3565 5334 in

302 5351 727 5420 tabernacula
754 5351 995 5422 sedeat.
1029 5374 1228 5418 senex
1259 5354 1339 5416 ad
1369 5356 1609 5416 circum
1639 5353 1914 5423 festinet,
1939 5370 2139 5414 senex
2173 5354 2251 5415 ad
2276 5351 2598 5415 theatrum
2626 5351 2962 5423 ascendat,
2998 5352 3169 5413 velut
3196 5352 3377 5430 pueri
3413 5370 3569 5413 cur—

299 5439 523 5500 rentes
558 5453 705 5497 cum
730 5436 935 5514 plebe.
968 5436 1131 5498 Vere
1151 5433 1442 5496 confusio
1464 5439 1561 5495 est
1583 5438 1646 5494 et
1662 5432 1911 5514 irrisio;
1925 5431 2250 5514 utcanitie
2271 5431 2530 5514 quidem
2555 5436 2869 5514 ornentur
2886 5431 3313 5514 extrinsecus,
3340 5430 3569 5491 intrin-

299 5531 496 5602 secus
516 5508 1150 5602 autem'inielkctum
1196 5514 1477 5602 habeant
1501 5513 1835 5602 puerilem.
1866 5512 1952 5602 Iit.
1965 5508 2588 5602 siquidem’injurietn
2601 5510 2785 5602 illum
2810 5508 3091 5602 iuvenis,
3129 5510 3560 5602 stati_m_canos

303 5595 368 5657 in
403 5593 685 5655 medium
709 5593 1005 5671 proferet,
1029 5592 1245 5655 dicens
1269 5611 1286 5653 :
1309 5592 1424 5654 Vel
1445 5587 1623 5654 canis
1652 5591 1789 5653 istis
1807 5587 2617 5671 exhibe’reverentiamrsi
2644 5587 2886 5671 verogtu
2905 5589 3000 5651 eis
3022 5606 3151 5649 non
3180 5587 3446 5671 exhibes
3469 5605 3570 5671 re-

304 5673 665 5738 verentiam
677 5666 809 5752 jam
832 5690 1056 5744 senex,
1078 5671 1400 5752 quomodo
1414 5670 1723 5752 juvenem
1739 5676 1882 5752 tuos
1904 5685 2101 5752 canos
2123 5668 2401 5752 revereri
2420 5667 2938 5752 desideras‘iNon
2964 5666 3303 5752 revereris,
3326 5667 3567 5752 inquis,

306 5752 430 5817 bos
453 5747 695 5816 canos?
722 5751 837 5813 Sed
869 5757 937 5813 tu
962 5769 1071 5815 eos
1093 5747 1434 5814 confundis
1454 5771 1469 5812 :
1494 5747 1665 5816 D‘eus
1687 5756 1748 5813 te
1771 5748 2133 5826 honoravit,
2154 5748 2497 5812 candorem
2518 5748 2732 5831 capilli
2752 5747 2943 5811 dedit.
2969 5748 3316 5810 Primatum
3332 5748 3570 5811 habere

628 5852 902 5913 Punot.
950 5852 1068 5915 Gn.
1122 5850 1341 5915 LXlll.
1917 5945 1922 5949 r
3188 5858 3260 5919 1⁸1
