4088 6208
530 280 665 344 αιὲε)
1285 284 1340 339 S.
1381 280 1429 340 J.
1472 280 1957 337 cunvsosrom
1999 280 2139 337 HO.“

2181 282 2303 337 LIIE
2347 277 2413 333 lN
2456 281 2673 337 EPIST.
2720 280 2809 336 AD
2854 278 3057 334 lIEllR.
3686 277 3795 331 2‘30

508 395 879 439 ~couscssus
912 377 1061 456 quid
1094 377 1395 458 prodest?
1425 378 1603 439 illum
1636 379 1943 439 honorem
1971 379 2292 457 quomodo
2307 385 2679 441 revereatur
2704 379 3148 458 juvenis,cum
3182 385 3240 439 te
3271 379 3489 440 viderit
3519 381 3797 458 amplius

511 458 818 520 »Iascivia3
862 457 1192 519 deditum?
1227 457 1507 519 Canities
1546 459 1783 536 quippe
1828 465 1978 518 tunc
2002 464 2097 519 est
2129 459 2544 529 venerabilis,
2578 457 2838 535 quando
2877 477 2951 520 ea
2981 460 3145 537 gerit
3175 477 3317 535 quae
3345 457 3644 520 canitiem
3672 460 3805 519 de-

508 542 715 609 ment;
746 554 891 599 cum
924 555 1075 597 vero
1104 537 1475 614 juveniliter
1512 543 1955 605 conversatur,
1990 538 2132 614 plus
2175 537 2520 614 juvenibus
2555 537 2937 599 ridiculosus
2966 539 3107 598 erit.
3144 537 3476 611 Quomodo
3509 540 3802 614 poteritis

512 634 658 677 tuos
699 618 970 696 juvenes
1013 616 1395 696 admonere,
1441 616 1590 696 dum
1632 635 1743 678 vos
1782 633 1972 696 senes
2007 616 2339 677 ebriemini
2378 634 2519 696 per
2539 617 3079 696 incontinentiam
3116 617 3437 677 vestram?
3467 615 3804 696 Nonenim

516 694 715 756 inunc'
743 696 1012 756 irridens
1037 695 1323 755 seniores
1356 696 1489 757 haec
1517 695 1680 765 dico,
1712 695 1818 755 sed
1841 694 2111 775 juvenes
2142 696 2344 775 magis
2372 694 2629 775 irrideo.
2658 696 2777 770 Qui
2807 695 3134 775 enimibtec
3160 696 3371 775 agitis.
3400 696 3516 756 etsi
3544 695 3622 756 ad
3648 714 3805 757 cen—

536 776 835 835 tesimum
869 774 1140 836 veniatis
1168 790 1434 843 annum,
1468 774 1621 833 mihi
1645 775 1919 854 juvenes
1943 774 2267 844 videmini,
2298 781 2358 832 et
2386 774 2625 835 similes
2661 775 2898 852 pueris.
2963 774 3240 854 Iuvenes
3266 775 3460 844 enim,
3488 775 3607 835 etsi
3648 794 3803 835 mo-

537 855 743 917 dicam
775 854 1173 931 disciplinam
1213 854 1530 930 accipiant
1565 858 1626 913 et
1650 852 2086 932 corrigantur,
2120 858 2182 912 et
2212 854 2573 914 senioribus
2613 856 2908 915 meliores
2941 858 3114 915 sunt.
3149 852 3224 913 Et
3270 871 3395 932 non
3429 854 3546 914 iste
3586 872 3807 914 sermo

538 949 744 1003 meus,
769 933 877 994 sed
903 933 1230 1009 Scriptura
1252 932 1416 992 hanc
1447 933 1623 994 novit
1650 931 2097 993 discretionem
2134 950 2149 991 :
2181 932 2475 993 Senectus
2504 933 2693 1006 enim,
2728 932 2970 1011 inquit,
3019 931 3431 1000 honorabilis,
3461 949 3590 993 non
3619 933 3810 995 multi

544 1014 834 1091 temporis
860 1032 879 1080 ;
908 1021 963 1072 et
990 1021 1134 1072 (etas
1159 1011 1488 1071 senectutis
1515 1012 1648 1091 vita
1677 1012 2091 1091 immaculata.

618 1089 865 1171 Etenim
896 1108 1015 1171 nos
1042 1091 1435 1151 honoramus
1462 1090 1889 1171 [canitiem?],
1924 1089 2052 1171 non
2078 1090 2232 1168 quia
2254 1090 2534 1171 colorem
2563 1090 2903 1152 candidum
2929 1090 3142 1161 habet,
3175 1089 3317 1171 ideo
3344 1090 3429 1171 ab
3458 1090 3644 1171 nigro
3677 1108 3808 1171 co—

535 1171 673 1232 lore
702 1170 977 1248 amplius
1003 1170 1437 1241 honoramus;
1466 1170 1575 1230 sed
1603 1170 1757 1248 quia
1780 1169 2083 1230 indicium
2115 1175 2210 1231 est
2238 1171 2383 1230 vitai
2420 1170 2488 1229 in
2522 1172 2754 1231 virtute
2781 1176 3117 1248 provectae.
3163 1176 3224 1229 et
3259 1168 3650 1248 videntes'ex
3681 1168 3811 1232 hoc

537 1247 915 1328 conjicimus
963 1248 1331 1323 interiorem
1383 1247 1774 1310 senectutem
1823 1269 1837 1308 :
1887 1249 1941 1309 si
1973 1265 2124 1308 vero
2172 1250 2497 1328 contraria
2534 1247 2846 1311 senectuti
2877 1248 3226 1328 gesserint,
3264 1247 3597 1309 irrisibiles
3642 1248 3810 1310 ﬁunt
3840 1288 3861 1297 ρ

537 1326 801 1407 propter
832 1329 954 1389 hoc
978 1328 1211 1406 potius.
1242 1329 1400 1388 Nam
1430 1335 1491 1387 et
1519 1347 1734 1407 regem
1778 1328 2198 1396 honoramus.
2226 1332 2288 1388 et
2313 1327 2451 1405 ejus
2488 1342 2843 1406 purpuram
2874 1326 2937 1388 et
2979 1326 3271 1407 diadema
3294 1371 3311 1398 ,
3342 1328 3648 1407 quoniam
3682 1328 3809 1390 ista

537 1406 723 1487 Signa
744 1413 904 1467 sunt
951 1408 1404 1487 principatus:
1434 1408 1486 1467 si
1520 1406 2063 1487 verorviderimus
2110 1406 2290 1487 illum
2317 1424 2461 1466 cum
2509 1422 2799 1487 purpura
2850 1406 3143 1484 conspui,
3184 1408 3266 1467 ab
3296 1406 3632 1485 armigeris
3667 1409 3807 1468 suis

528 1484 925 1557 conculcari,
954 1484 1312 1560 prmfocari,
1359 1486 1425 1545 in
1459 1486 1817 1546 custodiam
1863 1486 2049 1554 mitti,
2097 1484 2429 1560 dissipari.
2480 1484 2792 1558 numquid
2840 1500 3213 1547 reveremur
3240 1490 3395 1545 tunc
3421 1484 3801 1562 purpuram.

528 1579 647 1639 aut
670 1574 1007 1636 diadema?
1034 1587 1265 1651 nonne,
1285 1570 1587 1651 etipsum
1629 1568 1888 1651 schema
1918 1569 2321 1651 plorabimus
2340 1571 2534 1651 ?7Noli
2572 1588 2727 1651 ergo
2757 1575 3018 1650 propter
3046 1588 3241 1651 canos
3273 1570 3435 1651 velle
3470 1570 3805 1651 honorari.

531 1654 795 1734 quando
825 1654 962 1734 ipse
1005 1652 1149 1734 illos
1181 1647 1451 1734 injurias
1481 1670 1497 1721 ;
1526 1665 1675 1734 nam
1705 1653 1767 1709 et
1811 1647 1932 1727 ipsi
1982 1650 2206 1734 ulcisci
2252 1650 2609 1734 se‘debent,
2652 1647 2966 1734 quoniam
3012 1650 3268 1712 schema
3312 1648 3711 1734 splendidum
3738 1659 3810 1712 et

536 1728 915 1794 honorabile
944 1729 1304 1792 confundis.
1343 1730 1480 1789 Non
1505 1728 1818 1807 adversus
1851 1744 2077 1807 omnes
2101 1729 2236 1790 haec
2264 1730 2558 1801 dicimus,
2591 1747 2803 1807 neque
2828 1729 3135 1790 adversus
3180 1733 3569 1792 senectutem
3599 1731 3811 1790 abso—

531 1815 668 1875 lute
701 1812 881 1872 nobis
914 1826 1126 1872 sermo
1156 1815 1285 1878 est;
1319 1825 1449 1869 non
1481 1808 1651 1868 enim
1686 1805 1967 1867 furiosus
1996 1806 2257 1869 effectus
2280 1824 2422 1870 sum
2445 1830 2461 1880 ;
2483 1808 2587 1869 sed
2616 1805 2925 1871 adversus
2948 1808 3233 1887 animam
3255 1808 3631 1887 juvenilem,
3658 1827 3810 1885 quae

535 1896 928 1953 senectutem
965 1887 1295 1950 confundit
1345 1908 1360 1947 :
1397 1887 1540 1948 inde
1577 1901 1695 1965 pro
1726 1886 1989 1947 senibus
2030 1886 2315 1948 dolentes
2356 1888 2489 1949 hrec
2530 1888 2798 1949 dicimus
2830 1885 3363 1949 confundentibus
3413 1905 3631 1949 canos.
3666 1889 3809 1949 Rex

534 1970 792 2048 quidem
819 1974 915 2031 est
944 1986 1136 2029 senex
1170 1968 1221 2029 si
1264 1967 1561 2048 voluerit,
1603 1970 1663 2048 et
1693 1966 1774 2028 ab
1805 1982 1881 2026 eo
1921 1967 2030 2048 qui
2065 1984 2421 2045 purpuram
2461 1967 2676 2048 habet,
2713 1968 2915 2046 magis
2946 1967 3179 2048 regalis
3209 1971 3326 2039 est,
3360 1965 3517 2048 dum,
3542 1968 3809 2048 passio-

538 2044 650 2113 nes
682 2050 878 2112 animi
904 2048 1150 2119 vicerit,
1181 2052 1243 2107 et
1285 2047 1455 2107 velut
1476 2045 1828 2124 armigeros
1859 2044 2115 2125 subjicit
2150 2044 2511 2124 passiones.
2548 2047 2608 2106 Si
2643 2063 2795 2107 vero
2830 2044 3256 2107 abstrahatur
3298 2050 3377 2125 et
3402 2044 3736 2125 dejiCiatur
3762 2064 3803 2107 a

537 2132 725 2202 solio,
764 2133 824 2190 et
850 2128 1087 2189 amoris
1120 2126 1651 2204 pecuniarumLet
1673 2124 1944 2204 ornandi
1990 2142 2224 2202 corpus
2267 2130 2324 2186 et
2367 2125 2741 2186 deliciarum
2780 2130 2844 2185 et
2889 2125 3212 2186 ebrietatis
3259 2130 3319 2186 et
3368 2124 3713 2187 iraCundiie
3741 2134 3809 2187 et

537 2225 961 2271 venerearum
988 2203 1206 2267 rerum
1243 2222 1469 2266 servus
1496 2203 1794 2283 effectus;
1827 2209 1889 2264 et
1930 2203 2165 2283 habeat
2189 2204 2366 2280 [(1ch
2402 2205 2701 2283 capillos}
2731 2205 2874 2266 oleo
2901 2210 3211 2282 comptos,
3241 2211 3303 2264 et
3327 2209 3523 2283 totam
3553 2210 3805 2265 (etatem

537 2306 721 2351 suam
756 2305 871 2365 per
894 2286 1142 2365 malam
1159 2285 1556 2346 voluntatem
1580 2282 1868 2365 injuriet,
1902 2280 2078 2361 quali
2108 2299 2296 2365 poena
2328 2300 2456 2344 non
2481 2280 2583 2365 sit
2613 2280 2842 2363 dignus
2886 2280 3248 2365 hujusmodi
3284 2285 3312 2343 ‘I
3336 2281 3465 2365 Sed
3500 2301 3628 2365 non
3658 2283 3805 2365 etii-

537 2361 796 2429 riamini
832 2366 1016 2436 tales,
1047 2381 1087 2424 o
1122 2363 1416 2443 juvenes.
1454 2361 1667 2440 neque
1715 2363 1895 2443 vobis
1943 2362 2592 2443 peccantibusveuia
2629 2361 2987 2424 tribuetur;
3009 2363 3272 2437 Quare?
3315 2363 3635 2443 Quoniam
3656 2361 3809 2443 licet

539 2448 650 2508 tibi
677 2463 897 2507 senem
922 2462 1062 2505 esse
1081 2439 1144 2504 in
1166 2443 1528 2522 juventute,
1554 2439 1720 2522 sicut
1745 2441 2167 2522 in‘senectute
2190 2442 2633 2522 suntjuvenes
2669 2461 2685 2500 :
2719 2443 2810 2503 sic
2840 2443 3033 2503 etiam
3059 2461 3093 2503 e
3120 2443 3468 2504 contrario.
3506 2439 3681 2522 Sicut
3711 2440 3807 2502 il—

535 2525 621 2588 lic
648 2524 968 2586 neminem
994 2519 1264 2600 capillus
1296 2521 1481 2582 albus
1512 2519 1744 2601 salvat,
1778 2520 1869 2581 sic
1899 2537 2110 2601 neque
2153 2520 2255 2601 hic
2299 2519 2570 2601 nigellus
2590 2522 2876 2601 capillus
2907 2521 3187 2594 impedit.
3218 2522 3279 2582 Si
3311 2522 3480 2582 enim
3524 2521 3809 2583 inhone-

534 2606 797 2666 stiorem
815 2598 1101 2678 haecqure
1131 2601 1509 2680 dixisenem
1539 2598 2031 2680 faciunt,_multo
2062 2598 2336 2680 amplius
2367 2598 2563 2677 quam
2580 2598 2885 2680 juvenem
2914 2620 2928 2659 :
2958 2606 3395 2680 verumtamen
3415 2618 3532 2680 nec
3547 2601 3807 2680 juvenis

535 2684 791 2745 alienus
820 2685 918 2741 est
938 2677 1215 2759 a’culpa.
1244 2679 1510 2739 Iuvenis
1541 2678 1779 2759 quippe
1811 2677 1898 2737 ibi
1929 2683 2176 2738 tantum
2222 2679 2459 2740 habere
2498 2677 2753 2740 veniam
2790 2681 3046 2757 poterit,
3077 2679 3226 2740 dum
3252 2677 3621 2759 imprudens
3661 2678 3803 2750 fuit,

539 2763 691 2821 dum
719 2766 1005 2837 tempore
1038 2758 1277 2837 indiget
1309 2763 1371 2818 et
1397 2757 1798 2836 experientia
1836 2775 1850 2815 :
1881 2774 2026 2837 cum
2062 2762 2275 2818 autem
2326 2775 2487 2836 Opus
2516 2759 2637 2819 erit
2683 2759 3169 2836 temperantiam
3213 2762 3327 2820 aut
3348 2757 3804 2820 'fortitudinem

538 2836 1005 2927 demonstrare,
1037 2836 1475 2927 nequaquam,
1506 2854 1715 2927 neque
1749 2836 2006 2927 quando
2025 2853 2187 2927 opus
2215 2838 2401 2927 erita
2436 2838 2745 2927 pecuniis_
2765 2838 3088 2927 abstinere
3116 2856 3310 2927 _:__nam
3338 2838 3567 2927 est-ubi
3598 2838 3801 2917 magis

540 2919 684 2998 plus
715 2935 869 2998 sene
892 2914 1157 2996 juvenis
1177 2916 1493 2998 culpatur.
1530 2914 1642 2998 llle
1672 2914 1911 2998 quippe
1941 2916 2141 2998 multa
2166 2916 2690 2998 curatione_0pus
2728 2915 2942 2998 habet.
2987 2917 3355 2978 debilitante
3378 2917 3558 2978 illum
3613 2914 3809 2998 sene—

540 2994 712 3058 {:tute
738 3017 753 3056 :
778 2994 908 3057 iste'
926 3001 1139 3058 autem
1167 2995 1346 3056 fortis
1371 3002 1487 3065 est,
1518 2994 1570 3055 si
1598 2994 1869 3074 voluerit
1895 2995 2193 3074 seipsum
2220 3013 2467 3074 regere.
2490 2996 2757 3070 Qualem
2783 2996 3037 3056 veniam
3065 3004 3388 3057 mereatur
3410 3041 3427 3068 ,
3460 3014 3605 3058 cum
3634 2995 3807 3074 rapit

541 3013 712 3058 ctute
738 3017 753 3056 :
778 3013 896 3057 me
926 3013 1139 3058 autem
1167 3013 1346 3056 torus
1371 3013 1487 3065 est,
1518 3013 1570 3055 sn
1598 3013 1869 3054 vonueru
1895 3013 2177 3072 seipsum
2220 3013 2467 3131 regere.
2490 3013 2757 3070 Qualem
2783 3013 3037 3056 veniam
3065 3013 3388 3057 mereatur
3410 3041 3427 3068 ,
3460 3014 3605 3058 cum
3634 3013 3806 3074 rapit

541 3077 818 3156 amplius
845 3094 1039 3153 quam
1062 3092 1302 3156 senex,
1326 3092 1469 3156 cum
1489 3079 1663 3156 tenet
1688 3073 2031 3156 malumin
2052 3073 2263 3156 corde,
2290 3096 2310 3156 ς
2335 3093 2441 3156 um
2472 3092 2600 3156 non
2624 3074 2883 3156 adjuvat
2912 3093 3156 3156 senem,
3185 3075 3334 3136 dum
3362 3075 3560 3156 multa
3580 3092 3806 3152 super-

543 3152 671 3219 ﬂua
694 3152 1005 3234 loquitur,
1040 3154 1191 3214 dum
1218 3152 1683 3234 injuriat,_dum
1710 3152 1876 3234 male
1908 3152 2084 3234 dicit,
2117 3152 2653 3234 duniinebriatur
2674 3155 2702 3212 ‘I
2728 3153 2790 3213 Si
2820 3158 3033 3234 autem
3063 3154 3140 3215 de
3169 3155 3591 3233 temperantia
3622 3157 3806 3233 putat

541 3253 672 3295 non
697 3231 885 3313 posse
922 3233 1196 3313 culpari,
1228 3231 1483 3294 attende
1517 3232 1697 3292 illum
1729 3235 1792 3293 et
1834 3231 1919 3291 ibi
1954 3231 2153 3313 multa
2179 3231 2497 3313 adjutoria
2532 3233 2895 3303 habentem,
2935 3233 2988 3294 si
3029 3238 3242 3293 tamen
3289 3231 3562 3293 voluerit
3592 3231 3733 3313 {ac
3748 3234 3804 3294 si

542 3310 717 3375 enini
736 3331 865 3375 non
899 3312 1375 3391 validiuseum,
1404 3328 1599 3388 quam
1624 3310 2187 3391 senemcupiditas
2216 3310 2521 3383 stimulet,
2552 3320 2763 3373 tamen
2795 3316 2947 3372 sunt
2975 3312 3176 3373 multa
3202 3314 3267 3372 in
3302 3313 3540 3390 quibus
3573 3312 3802 3391 magis,

543 3410 739 3470 quam
763 3410 962 3455 senex
992 3390 1223 3470 poterit
1247 3391 1569 3470 laborare,
1589 3395 1662 3470 ut
1706 3390 2180 3470 bestiamillam
2213 3391 2517 3452 incantet.
2550 3391 2707 3470 Quae
2745 3395 2899 3470 sunt
2943 3390 3106 3453 ista?
3133 3391 3442 3470 Labores,
3471 3390 3803 3470 lectiones,

545 3468 797 3552 vigilia}.
825 3468 1121 3552 Sediq'uid
1147 3469 1224 3531 ad
1256 3485 1372 3552 nos
1407 3469 1562 3539 huic,
1589 3469 1837 3552 inquis.
1882 3468 1993 3552 qui
2027 3485 2155 3528 non
2197 3487 2419 3552 sumus
2461 3468 2806 3552 monachi?
2839 3468 3177 3552 Hmemihi
3221 3469 3416 3532 dicis?
3452 3470 3550 3552 dic
3578 3469 3804 3552 Paulo,

543 3545 691 3612 cum
715 3551 901 3611 dicit:
948 3545 1294 3630 i’iigilnntes
1336 3549 1405 3630 in
1437 3547 1601 3608 omni
1626 3545 1935 3630 patientia
1968 3554 2023 3607 et
2053 3548 2371 3630 oratione;
2415 3564 2560 3611 cum
2610 3548 2782 3630 dicit,
2824 3547 3043 3630 Carnis
3081 3566 3291 3630 curam
3338 3569 3414 3609 ne
3440 3548 3712 3630 feceritis
3737 3545 3808 3609 in

545 3628 1095 3710 concupiscentiis.
1120 3628 1259 3689 Non
1284 3628 1455 3710 enim
1485 3627 1820 3710 monachis
1844 3627 1976 3687 haec
1991 3627 2323 3710 scribebat
2356 3632 2635 3710 tantum,
2652 3627 2760 3687 sed
2784 3628 3081 3710 omnibus
3117 3628 3227 3705 qui
3255 3627 3451 3689 erant
3476 3629 3538 3687 in
3566 3628 3809 3689 civita-

544 3704 911 3795 tibuston
946 3708 1116 3769 enim
1152 3707 1477 3795 memneris
1505 3706 1693 3795 homo
1724 3705 1911 3795 debet
1948 3704 2189 3795 aliquid
2227 3706 2501 3795 amplius
2524 3706 2769 3795 habere
2808 3704 3164 3777 monacho,
3197 3724 3390 3795 quam
3420 3725 3564 3795 cum
3593 3717 3802 3795 uxore

542 3790 969 3849 concumbere
1004 3793 1279 3850 tantum.
1310 3790 1428 3852 Hic
1448 3790 1621 3852 enim
1644 3790 1837 3852 habet
1866 3789 2144 3859 veniam,
2167 3787 2233 3847 in
2261 3788 2405 3849 aliis
2430 3787 2647 3847 autem
2683 3800 3121 3864 nequaquam,
3157 3788 3266 3844 sed
3293 3788 3512 3849 omnia
3544 3788 3825 3864 aquali-

545 3877 642 3926 ter
671 3866 1161 3949 sicut_monachi
1194 3887 1386 3949 agere
1410 3871 1665 3932 debent.
1694 3871 1854 3931 Nam
1884 3873 1945 3929 et
1966 3865 2404 3949 beatitudines
2437 3882 2582 3944 qum
2615 3881 2654 3927 a
2686 3864 2941 3949 Christo
2969 3863 3305 3949 dicuntur,
3337 3882 3463 3949 non
3492 3863 3829 3949 monachis

544 3951 795 4006 tantum
831 3946 1009 4009 dictae
1033 3954 1185 4010 sunt
1216 3944 1556 4024 {alioquin
1591 3955 1761 4011 totus
1788 3944 2064 4009 mundus
2095 3946 2350 4024 peribit,
2381 3950 2445 4007 et
2472 3945 2918 4024 accusabimus
2956 3944 3397 4024 crudelitatem
3427 3944 3566 4006 Dei.
3586 3945 3649 4006 Si
3676 3966 3831 4009 vero

547 4024 975 4086 beatitudines
1002 4028 1155 4089 solis
1183 4022 1516 4090 monachis
1547 4028 1728 4090 dicta:
1758 4032 1931 4100 sunt,
1962 4022 2335 4088 saecularem
2367 4028 2585 4085 autem
2631 4023 2956 4083 hominem
2986 4022 3383 4100 impossibile
3430 4030 3528 4085 est
3555 4042 3665 4087 eas
3696 4026 3832 4087 imé-

546 4104 748 4180 plere,
777 4121 922 4163 cum
953 4105 1090 4187 ipse
1123 4111 1380 4185 nuptias
1407 4108 1622 4187 jussit,
1648 4108 1785 4186 ipse
1816 4122 1972 4186 ergo
2001 4121 2225 4187 omnes
2255 4103 2549 4182 perdidit.
2582 4102 2643 4162 Si
2674 4103 2845 4163 enim
2880 4118 3010 4187 non
3043 4108 3351 4187 potestea
3387 4121 3531 4164 cum
3561 4106 3829 4187 nuptiis,

547 4198 693 4265 quas
727 4184 1194 4265 monachorum
1216 4182 1720 4265 suntfimplere,
1750 4182 1966 4265 omnia
1996 4184 2329 4265 perierunt
2364 4189 2426 4243 et
2454 4187 2757 4265 corrupta
2795 4185 2968 4254 sunt,
2991 4188 3053 4241 et
3083 4182 3146 4241 in
3187 4189 3534 4265 angustum
3565 4185 3828 4265 ορηίιιυτ

550 4261 729 4344 sitea
760 4278 903 4338 qua:
926 4263 1186 4344 Avirtutis
1209 4273 1383 4326 sunt.
1417 4266 1495 4325 Et
1523 4261 1846 4344 quomodo
1875 4262 2290 4344 honorabiles
2321 4266 2473 4344 sunt
2503 4262 2741 4338 nuptite
2782 4277 2929 4338 qua:
2973 4277 3092 4344 nos
3139 4266 3385 4321 tantum
3427 4262 3783 4344 impediunt
3805 4263 3834 4323 ἲ

549 4339 712 4423 Quid
743 4359 898 4421 ergo
918 4342 945 4401 Τ
965 4345 1273 4406 Possibile
1304 4351 1422 4415 est,
1456 4350 1518 4406 et
1542 4339 1724 4405 valde
1758 4343 2089 4423 possibile,
2114 4343 2307 4402 etiam
2336 4341 2648 4423 habentes
2695 4355 2935 4423 uxores
2975 4340 3276 4423 virtutem
3316 4339 3603 4423 aggredi,
3631 4343 3684 4403 si
3719 4361 3823 4404 vo»-

550 4419 889 4481 luerimus.
922 4424 1382 4497 Quomodo?Si
1415 4419 2116 4501 habentem—tamquam
2160 4439 2289 4482 non
2332 4420 2639 4482 habentes
2680 4420 2912 4501 simus.
2963 4419 3017 4480 si
3054 4438 3182 4501 non
3220 4419 3620 4501 gaudeamus
3661 4423 3726 4482 in
3759 4423 3836 4484 iis

551 4516 698 4576 quae
723 4501 1146 4579 possidemus,
1176 4504 1227 4565 si
1253 4502 1493 4565 mundo
1517 4510 1801 4577 utamur,
1831 4498 2159 4580 tamquam
2196 4518 2324 4561 non
2357 4498 2734 4580 utentes._Si
2766 4504 2984 4560 autem
3031 4499 3233 4580 aliqui
3265 4499 3549 4577 impediti
3576 4507 3731 4561 sunt
3756 4521 3835 4561 ex

554 4576 822 4663 nuptiis,
858 4581 1414 4663 sciantiquoniam
1460 4602 1591 4644 non
1623 4583 1864 4663 nuptiae
1895 4576 2022 4663 illis
2050 4578 2931 4663 _impedimeu_tum_i‘uer_unt,
2983 4576 3424 4640 sed'voluntas
3475 4597 3620 4663 quae
3671 4581 3841 4643 male

555 4659 768 4742 utitur
791 4661 1055 4738 nuptiis.
1081 4657 1237 4723 Nam
1262 4681 1471 4742 neque
1500 4657 1737 4724 vinum'
1754 4662 1903 4724 facit
1928 4657 2457 4742 ebrietatem,_se_d
2488 4657 2658 4720 mala
2688 4657 3086 4742 voluntasuet
3120 4657 3837 4742 egcessusmoderatiu.

557 4738 681 4798 nis.
718 4735 907 4821 Utere
941 4759 1085 4801 cum
1117 4735 1556 4804 moderatione
1579 4744 1846 4821 noptiis,
1876 4747 1940 4803 et
1964 4741 2210 4821 primus
2245 4739 2467 4821 crisin
2493 4755 2718 4821 rfgno,
2750 4743 2813 4821 _et
2834 4735 3133 4821 omnibus
3167 4737 3399 4821 frueris
3430 4739 3615 4821 bonis
3644 4759 3662 4799 :
3696 4758 3841 4817 quae

556 4819 775 4902 omnia
800 4836 918 4880 nos
945 4823 1275 4901 contingat
1307 4815 1692 4899 promereri,
1719 4823 1926 4902 gratia
1948 4815 2011 4880 et
2039 4818 2481 4902 misericordia
2512 4815 2766 4877 Domini
2800 4815 3000 4876 nostri
3031 4816 3185 4877 Jesu
3216 4817 3499 4902 AChristi,
3534 4836 3680 4879 cum
3710 4815 3847 4902 quo

562 4899 728 4956 l’atri
768 4916 895 5036 qua
924 4918 1068 4961 cum
1090 4896 1322 4963 sancto“
1338 4902 1579 4981 Spiritu
1608 4896 1837 4983 gloria,
1872 4899 2237 4978 imperium,
2268 4899 2499 4969 honor,
2534 4914 2707 4956 nunc
2728 4901 2790 4956 et
2820 4912 3096 4973 semper,
3130 4904 3192 4957 et
3214 4896 3276 4956 iu
3309 4897 3546 4959 sarcula
3575 4898 3848 4958 saeculo-

562 4994 726 5035 rum.
768 5024 783 5036 .
824 4997 990 5036 men.
1946 5024 1952 5029 -

562 4994 726 5035 rum.
768 4994 811 5037 Λ
824 4997 990 5041 men.

1914 5213 2264 5277 HOMILIA
2313 5215 2484 5278 Vlll.
2582 5231 2603 5241 ‘

635 5337 854 5429 Οῃιηίε
882 5354 1142 5429 namqqe
1168 5337 1461 5429 pontifex
1490 5353 1567 5429 ea:
1591 5334 1945 5429 hominibus
1973 5342 2479 5429 assumptuser
2509 5335 2861 5429 (caminibus
2888 5342 3302 5429 constituitur
3328 5345 3398 5407 in
3430 5346 3511 5409 iis
3530 5364 3668 5429 qua
3685 5359 3836 5410 sunt

554 5426 637 5493 ad
664 5421 879 5486 Deum,
912 5427 984 5477 ut
1006 5414 1450 5507 -ρῙῙὶιξνᾳεοείοηα⁸
1483 5423 1539 5475 et
1567 5414 1882 5507 sagriﬁcia
1908 5431 2027 5507 pro
2042 5414 2330 5507 Peceutis
2359 5414 2380 5476 L-
2414 5416 2527 5507 gui
2575 5416 2925 5507 condolera
2941 5422 3145 5499 possit
3198 5424 3283 5507 iis
3307 5414 3747 5507 quiigﬁorant
3775 5438 3833 5490 et

556 5493 1206 5588 εννρηετνᾳιιρςῑίἁὶη-ει
1238 5495 1367 5574 ipse
1392 5493 1815 5588 circumdatus
1837 5502 1923 5553 est
1955 5493 2342 5588 inﬁrmitate,
2376 5493 2442 5588 et:
2460 5504 2800 5588 propterea
2827 5493 2997 5588 debet
3025 5493 3533 5588 qumquduip
3548 5524 3675 5587 pro
3701 5526 3839 5588 ρο..

554 5584 736 5666 pulo,
767 5571 862 5640 ἱιᾱ
882 5578 1065 5666 etiam
1092 5571 1299 5666 etgro
1313 5573 1635 5666 semetipso
1664 5571 1893 5666 p/ferre
1908 5571 2036 5651 pro
2052 5573 2351 5666 peccatis:
2380 5571 2537 5666 νεῇις
2568 5571 2910 5666 Ostendere
2935 5571 3070 5666 jam
3104 5582 3330 5666 beatus
3359 5571 3602 5647 Paulus
3633 5571 3835 5666 quam

560 5651 765 5723 inulto
798 5658 1025 5744 melius
1055 5651 1809 5744 est'l‘estamentumOhoc,
1838 5667 2035 5744 quam
2052 5657 2272 5744 vetus.
2304 5652 2484 5744 Facit
2509 5652 2631 5744 hoc
2651 5670 2853 5744 ergo,
2872 5651 2996 5719 hoc
3023 5659 3282 5739 longius
3312 5680 3349 5725 a
3380 5651 3836 5744 superioribus

564 5740 1013 5822 instruens.et
1034 5732 1494 5822 prmseminans
1522 5731 2280 5822 _ratioeinationes.Quia
2322 5732 2500 5822 enim
2532 5733 2692 5803 nihil
2722 5731 2862 5798 erat
2896 5731 3282 5822 corporéum
3324 5731 3537 5822 neque
3590 5744 3837 5809 imagi-

567 5818 848 5889 narium,
881 5810 1134 5892 utputa,
1187 5826 1318 5873 non
1348 5810 1680 5890 templum,
1731 5827 1862 5877 non
1889 5815 2113 5875 sancta
2158 5815 2555 5889 sanctorum,
2600 5831 2728 5875 non
2765 5810 3055 5894 pontifei
3091 5826 3336 5884 tantam
3377 5810 3623 5887 habens
3664 5844 3832 5888 con-
