4058 6204
292 243 401 302 319
925 234 1235 295 MUTIANO
1277 237 1520 294 SCIIOL.
1565 237 2026 296 INTERPRE’I‘E.
2054 272 2122 283 —-
2152 241 2302 300 CAP.
2344 244 2455 298 VII.
2499 243 2730 302 IIOMIL.
2775 246 2890 304 XII.
3446 255 3550 310 320

287 377 557 440 decimas
593 372 867 433 homines
905 369 1197 431 morituri
1235 368 1581 443 accipiunt,
1617 366 1754 428 illic
1791 377 1997 429 autem
2025 363 2444 426 testimonium
2491 361 2869 443 perhibetur,
2901 363 3050 443 quia
3080 365 3258 426 eicit.
3315 367 3432 429 Sed
3472 388 3550 431 ne

288 459 578 518 dicamus
613 452 682 589 [ζ.
715 451 883 511 dicat
910 449 1194 540 aliquis],
1222 441 1388 522 Quid
1416 446 1497 510 ad
1535 448 1805 526 antiqua
1833 443 2217 538 reverteris?
2261 443 2377 504 Dic
2413 442 2625 515 nobis,
2744 441 3067 536 Quomodo
3119 444 3257 535 dici.
3284 446 3440 508 solet
3496 453 3545 470 "

290 537 368 589 Et
399 537 559 589 bene
589 531 633 589 il
664 548 772 589 um
801 527 1169 589 annellavnt.
1202 527 1326 587 Per
1355 524 1661 587 Abraham
1709 535 1764 586 et
1805 526 1951 587 Levi
1988 523 2354 586 decimatum
2395 538 2552 589 esse,
2582 538 2690 589 qui
2741 521 3004 582 decimas
3045 533 3306 589 accepit.
3361 527 3545 589 Ono—

290 537 368 597 Et
399 537 559 596 bene
589 521 772 591 illum
801 521 1170 606 appellavit:
1202 521 1326 587 Per
1355 524 1661 606 Abraham
1692 521 1764 606 et
1805 525 1965 606 Legi
1988 523 2518 606 decimatumesse
2537 568 2552 589 ,
2582 521 2693 606 qui
2704 599 2717 606 Δ
2741 521 3004 582 decimas
3045 524 3306 606 accepit.
3361 527 3545 600 Quo-

287 613 525 676 modo?
548 608 764 672 Adhuc
793 599 865 668 id
888 599 1113 670 lumbis
1138 615 1291 672 erat,
1327 623 1462 666 cum
1485 605 1542 665 ei
1583 602 1856 665 obuiauit
1886 600 2343 682 Melchisedeci
2371 599 2492 660 hoc
2521 599 2648 682 e_st,
2701 599 2769 682 iu
2799 618 2876 662 eo
2918 607 3060 682 erat
3087 599 3238 663 Levi
3265 648 3283 678 ,
3321 599 3545 682 quam-

287 711 490 772 quam
521 694 714 752 natus
744 704 875 772 non
903 685 1204 772 es_s_et._Et
1250 701 1380 772 nou
1399 682 1594 772 dixit,
1615 683 1900 772 .Le_vita:,
1941 681 2074 772 sed,
2106 679 2278 740 Levi.
2318 679 2592 772 Intueris
2624 679 3040 772 emi‘uentiam
3061 682 3294 772 {vides
3333 679 3546 772 {inani

286 757 428 834 tum
456 772 724 831 interest
752 767 920 828 inter
934 764 1258 827 Abraham
1300 767 1363 823 et
1399 761 1844 832 Melchisedec,
1881 760 1992 838 qui
2023 764 2244 838 typum
2269 757 2531 838 gerebat
2554 757 2870 838 pontificis
2904 762 3104 822 nostri
3124 762 3248 822 ?Et
3271 757 3547 824 ostendit

286 848 744 915 excellentiam
773 844 1130 924 potestatis,
1159 859 1289 924 non
1307 859 1403 924 ex
1430 839 1810 924 necessitate
1841 835 2247 924 iactaniillle
2277 835 2516 924 quippe
2540 835 2713 924 dedit
2734 836 3035 924 decimas,
3066 841 3236 924 quod
3269 843 3545 920 pertinet

285 931 369 995 ad
400 915 828 996 sacerdotem;
859 924 978 984 iste
1024 915 1373 990 benedixit,
1425 918 1598 997 quod
1628 919 2055 998 meliorisest.
2093 917 2222 977 Ista
2248 915 2629 998 excellentia
2659 920 2722 976 et
2768 915 2846 977 ad
2895 915 3289 998 prrogc—nilos'
3321 939 3544 982 omnes

335 935 369 991 d
400 935 828 996 sacerdotem;
859 935 978 984 iste
1027 935 1373 990 benedixit,
1425 935 1598 997 quoa
1628 935 1906 980 melioris
1938 935 2055 977 est.
2094 935 2222 977 18ιᾶ
2250 935 2629 976 exceuenua
2659 935 2722 976 et
2768 935 2846 977 ao
2943 935 3266 998 rogcmlos
3321 939 3544 982 omnes

335 1006 684 1070 ertransiit.
715 1002 1098 1064 Mirabiliter
1124 1004 1188 1061 et
1215 998 1464 1060 fortiter
1503 997 1780 1059 exclusit
1813 996 2108 1056 Judaicas
2141 993 2447 1075 rationes.
2486 991 2830 1075 Propterea
2886 935 3155 1066 dicebat,
3213 999 3380 1075 Quia
3421 1000 3545 1060 im-

335 1029 684 1070 ertrausm.
715 1029 1098 1064 eramutcr
1124 1029 1188 1061 et
1216 1029 1461 1060 Iuruwr
1503 1029 1780 1059 cxuuau
1813 1029 2108 1056 auuatcua
2142 1029 2447 1055 lduuucao
2486 1029 2513 1053 ι
2537 1029 2830 1071 nuptum:
2886 1029 3155 1066 uiccuut,
3213 1029 3380 1075 qum
3421 1029 3544 1060 1m-

287 1029 532 1149 gecilles
559 1083 714 1158 facti
741 1081 890 1143 estis
922 1099 944 1140 :
981 1079 1138 1158 quia
1166 1079 1300 1139 haec
1327 1080 1616 1138 evertere
1656 1077 1942 1158 volebat,
1974 1093 2072 1158 _ne
2102 1073 2536 1158 gloriarentur
2580 1072 2648 1158 in
2667 1157 2671 1158 ν
2695 1073 2810 1134 eis.
2856 1075 3028 1158 Talis
3073 1078 3245 1158 enim
3293 1084 3389 1138 est
3432 1097 3544 1142 sa-

289 1168 534 1245 pientia
555 1151 734 1226 Pauli
769 1180 783 1220 :
817 1151 1134 1245 praestruii
1163 1158 1465 1245 primum,
1503 1161 1564 1245 et
1592 1151 2238 1245 tu‘ncningreditur‘ad
2267 1166 2342 1210 ea
2369 1169 2513 1245 quae
2549 1152 2680 1210 vult
2708 1153 3068 1245 ostendere.
3102 1155 3240 1245 Dup
3267 1173 3538 1245 ponens,

285 1230 490 1324 genus
521 1230 900 1324 humanum.
935 1242 996 1297 et
1021 1230 1184 1314 quia
1208 1235 1406 1324 multa
1436 1233 1677 1324 indiget
1720 1230 2070 1324 diligentia,
2104 1235 2177 1322 et.
2216 1230 2529 1324 ampliore
2567 1248 2763 1324 quam
2812 1236 3095 1324 arbusta
3119 1234 3220 1296 vel
3267 1230 3536 1324 surculi.

284 1308 423 1386 I’llic
447 1323 618 1384 enim
649 1326 884 1381 natura
913 1308 1254 1392 corporum
1277 1318 1373 1374 est
1398 1319 1460 1373 et
1485 1308 1692 1383 terras,
1730 1308 2474 1392 serviens‘agricolarum
2497 1311 2791 1371 manibus
2819 1331 2833 1368 :
2860 1312 2964 1392 hic
2991 1319 3204 1374 autem
3237 1315 3540 1377 voluntas

282 1409 384 1464 est
414 1401 723 1480 plurimas
757 1386 1143 1480 mutationes
1175 1392 1540 1471 excipiens,
1574 1394 1637 1452 et
1665 1408 1839 1452 nunc
1887 1386 2146 1468 quidem
2172 1386 2364 1459 istud,
2403 1405 2574 1448 nunc
2608 1393 2820 1449 autem
2858 1391 3016 1451 illud
3063 1409 3401 1456 assumens
3429 1417 3445 1468 ;
3480 1405 3542 1458 et

282 1473 586 1560 proclivis
621 1482 716 1538 est
741 1475 822 1537 ad
875 1473 1204 1560 malitiam.

366 1563 707 1638 Pr0pterea
734 1557 988 1638 oportet
1019 1551 1304 1628 undique
1338 1548 1652 1638 cautelam
1684 1547 1989 1638 exhibere
2024 1563 2287 1638 nosLn'e
2327 1544 2487 1638 forte
2526 1545 3096 1638 φδςρι-ηξίεοδωηε.
3124 1637 3129 1638 7
3147 1549 3312 1638 cce
3343 1554 3536 1638 enim)

281 1623 517 1717 inquit:
542 1654 672 1717 non
699 1623 1061 1717 obdor‘miet,
1095 1623 1284 1709 neq-ue
1321 1626 1749 1717 obdormiscef:
1779 1626 1889 1704 qui
1919 1624 2194 1717 custqdit
2223 1623 2466 1717 Israel:
2495 1629 2596 1717 e_t,‘
2618 1625 2715 1717 e
2743 1625 2845 1717 deis
2873 1631 3341 1717 commotionem
3363 1633 3541 1717 pedi-

281 1704 398 1779 ὀπὶ
427 1704 577 1780 tuis.
607 1715 748 1775 Non
775 1711 959 1782 dixit,
983 1704 1486 1778 Comuiovearis,
1518 1705 1650 1776 sed,
1681 1706 1777 1764 Tu
1804 1723 1877 1764 ne
1906 1704 2034 1764 des.
2077 1705 2150 1764 In
2183 1711 2406 1764 nostro
2437 1705 2704 1764 arbitrio
2734 1711 2830 1765 est
2855 1706 3032 1773 dare.
3065 1713 3127 1768 et
3159 1711 3337 1770 nullo
3363 1704 3495 1772 alio
3521 1733 3536 1770 :

281 1797 334 1858 si
366 1797 540 1857 enim
567 1791 964 1855 voluerimus
995 1796 1166 1849 stare
1199 1786 1387 1866 ﬁrmi,
1418 1783 1876 1866 etimmobiles,
1908 1800 2038 1842 non
2070 1782 2637 1866 commovebiinur.
2666 1783 2828 1866 Quid
2850 1788 3055 1866 ergo?
3083 1789 3243 1848 nihil
3272 1791 3384 1850 Dei
3407 1793 3543 1852 est?

280 1876 516 1937 Omnia
543 1873 801 1952 quidem
831 1869 945 1952 D_e_i
978 1874 1150 1939 sunt,
1184 1864 1292 1926 sed
1328 1882 1455 1952 non
1484 1864 1570 1924 ita
1597 1907 1612 1934 ,
1639 1861 2018 1952 utdiberum
2050 1859 2710 1952 arbitrium‘iiedatur.
2751 1862 2812 1952 S_i
2833 1859 3040 1952 igitur
3068 1866 3180 1928 Dei
3213 1868 3395 1940 sunt‘,
3427 1870 3542 1930 in-

282 1955 455 2032 quit,
491 1938 710 2032 omnia
732 1994 748 2020 ,
777 1948 931 2027 quid
960 1964 1113 2032 ergo
1137 1938 1258 2004 nos
1290 1945 1627 2032 culpamur
1644 1941 2056 2032 {Propterea
2087 1938 2218 2030 dixi
2244 1982 2259 2010 ,
2295 1939 2369 1999 Ut
2397 1939 2672 2032 liberum
2709 1938 3046 2032 arbitrium
3082 1938 3538 2032 nostrum—non

284 2018 591 2094 laedatur:
621 2031 688 2090 in
712 2018 935 2090 nostro
959 2018 1177 2103 itaque
1210 2018 1626 2103 arbitrioiest.
1658 2019 2066 2103 onrtei_nos
2096 2018 2609 2103 quippeeligere
2643 2019 2922 2103 primum
2953 2040 3097 2099 quas
3134 2026 3306 2086 bona
3349 2033 3536 2098 sunt;

283 2117 346 2171 et
390 2117 542 2172 tunc
572 2110 746 2188 ipse,
791 2123 937 2188 quae
965 2107 1047 2165 ab
1072 2095 1222 2180 ipso
1255 2108 1440 2171 sunt,
1489 2098 1852 2188 introducit.
1900 2097 2038 2156 Non
2079 2095 2394 2188 antecedit
2431 2095 2682 2188 nostras
2718 2095 3116 2188 voluntates!
3159 2122 3240 2188 ne
3271 2095 3540 2188 lzedatur

283 2192 557 2250 liberum
591 2174 930 2250 arbitrium
959 2203 973 2240 :
1006 2174 1150 2244 cum
1187 2187 1401 2242 autem
1434 2193 1550 2237 nos
1581 2176 1964 2255 elegerimus
1992 2219 2007 2244 ,
2037 2174 2304 2234 multam
2339 2179 2493 2255 tunc
2533 2176 2879 2255 introducit
2916 2181 3431 2243 auxiliationcm.
3463 2185 3542 2244 Et

283 2267 608 2346 quomodo
637 2281 792 2344 ergo
823 2261 1058 2346 Paulus
1089 2260 1301 2346 inquit
1335 2257 1592 2346 :_Neque
1629 2253 2152 2346 ualentis,.n_eque
2181 2253 2495 2346 currentis
2517 2301 2530 2320 ,
2569 2253 2673 2346 sed
2698 2256 3049 2346 ηιίεενςῃείε
3081 2269 3167 2321 est
3204 2261 3365 2322 Dei?
3396 2265 3533 2328 Pri-

285 2331 459 2408 mum
490 2331 920 2426 quidem:_nou
955 2342 1121 2426 sicut
1155 2331 1504 2426 prapriam'
1525 2333 1907 2426 sententiam
1936 2331 2294 2426 intioduxit
2319 2377 2335 2399 .
2385 2331 2494 2424 sed
2541 2333 2738 2426 veluti
2765 2354 2856 2426 ex
2903 2339 2981 2398 iis
3021 2349 3540 2426 qum_p_ropo_sita

282 2431 471 2488 erant
502 2409 620 2487 hoc
655 2421 1042 2499 collegitiet
1065 2409 1626 2499 ex'iis'quieante
1663 2411 2079 2499 praemiserat.
2124 2409 2353 2471 Dicens
2385 2412 2591 2499 enim,
2633 2413 2952 2499 Scriptum
2981 2409 3068 2476 est
3097 2439 3117 2476 :
3163 2409 3536 2487 Miserebor.

284 2506 389 2568 cui
425 2503 756 2564 miserebor
784 2521 803 2560 :
823 2489 894 2561 Et
920 2497 1152 2558 dicitur
1179 2489 1396 2574 igitur.
1429 2493 1640 2570 Neque
1665 2489 1955 2556 uolentis,
1987 2507 2178 2568 neque
2209 2490 2538 2556 currentis.
2571 2491 2678 2552 sed
2708 2489 3056 2558 miserentis
3085 2508 3171 2559 est
3201 2500 3340 2560 Dei.
3369 2503 3536 2564 Dicis

269 2599 425 2660 ergo
458 2579 638 2652 mihi,
668 2580 822 2658 quid
854 2580 1066 2644 adhuc
1093 2581 1446 2660 quaeritur?
1483 2579 1846 2660 Secundum
1877 2581 2034 2642 illud
2065 2586 2280 2643 autem
2312 2585 2406 2641 est
2447 2579 2788 2660 dicendum
2812 2625 2828 2654 ,
2873 2582 3032 2658 quia
3061 2581 3245 2660 cujus
3278 2590 3373 2644 est
3403 2602 3558 2644 am-

267 2659 466 2740 plius,
499 2664 704 2721 totum
731 2678 874 2722 esse
917 2661 1100 2720 dixit.
1134 2659 1435 2740 Nostrum
1464 2659 1634 2740 enim
1665 2661 1906 2739 eligere
1938 2665 2188 2723 tantum
2223 2664 2321 2740 est
2356 2659 2656 2740 et__velle;
2689 2659 2805 2720 Dei
2842 2664 3062 2740 autem
3091 2660 3346 2724 edicere
3377 2670 3441 2726 cl
3475 2665 3556 2725 ad

266 2738 728 2819 perfectionem
757 2740 1132 2817 perducere.
1163 2739 1341 2819 Quia
1365 2754 1521 2819 ergo
1546 2739 1720 2800 illius
1751 2738 1849 2800 est
1879 2739 2192 2819 amplius,
2227 2739 2366 2818 ejus
2395 2738 2557 2819 dixit
2588 2756 2730 2819 esse
2759 2739 3168 2814 universum,
3198 2742 3555 2804 secundum

267 2815 808 2897 consuetudinem
855 2819 1190 2879 hominum
1229 2837 1246 2878 :
1290 2817 1384 2878 sic
1415 2815 1656 2896 quippe
1687 2819 1878 2897 etiam
1924 2815 2042 2880 nos
2086 2815 2381 2880 facimus.
2423 2817 2620 2878 Verbi
2667 2819 2922 2897 gratia:
2955 2819 3246 2882 videmus
3292 2821 3555 2884 domum

267 2900 436 2960 bene
466 2896 862 2978 aedificatam,
896 2903 958 2958 et
981 2897 1250 2978 dicimus
1277 2897 1433 2974 quia
1463 2902 1669 2978 totum
1692 2896 1958 2978 artificis
1989 2902 2134 2978 est:
2168 2901 2231 2958 et
2267 2907 2480 2978 tamen
2517 2913 2648 2978 nou
2674 2896 2872 2978 omne
2909 2915 3072 2977 Opus
3104 2902 3243 2978 ejus
3272 2904 3406 2976 est,
3440 2903 3553 2963 sed

268 2979 467 3037 etiam
495 2977 944 3055 operariorum
967 3021 982 3046 ,
1015 2981 1076 3036 et
1112 2977 1226 3054 qui
1259 2977 1598 3038 materiam
1623 2977 1849 3037 tribuit
1887 2976 2144 3048 domui,
2176 2981 2239 3038 et
2267 2977 2546 3038 aliorum
2575 2975 3006 3053 plurimorum
3049 2998 3065 3037 :
3099 2975 3550 3042 verumtamen

191 3123 196 3128 ,
264 3057 585 3134 quoniam
622 3055 898 3134 amplius
930 3055 1067 3134 ipse
1096 3055 1403 3127 contulit,
1434 3055 1608 3116 illius
1647 3057 2026 3117 universum
2061 3073 2225 3134 opus
2256 3055 2548 3117 dicimus.
2582 3055 2683 3116 Sic
2713 3055 2906 3116 etiam
2941 3061 3003 3117 et
3045 3057 3166 3118 hic.
3211 3059 3450 3119 lterum
3484 3061 3550 3120 in

268 3133 706 3207 multitudine,
740 3133 827 3195 ibi
857 3133 1120 3212 plurimi
1144 3139 1316 3206 sunt,
1348 3152 1571 3195 omnes
1604 3152 1745 3196 esse
1771 3135 2082 3207 dicimus;
2108 3133 2230 3196 ubi
2261 3140 2475 3195 autem
2515 3135 2740 3212 pauci,
2780 3136 3053 3196 nullum.
3091 3136 3193 3198 Sic
3221 3143 3284 3198 et
3311 3137 3550 3200 Paulus

266 3215 432 3295 dixit
461 3235 479 3274 :
514 3215 728 3294 Neque
761 3210 1062 3282 volentis,
1087 3231 1288 3295 neque
1322 3214 1637 3295 currentis
1657 3260 1672 3287 ,
1703 3214 1809 3276 sed
1833 3215 2181 3295 miserentis
2211 3221 2299 3273 est
2333 3213 2472 3295 Dei.
2507 3210 2796 3295 Adstruit
2822 3219 3039 3295 autem
3069 3215 3174 3276 hic
3201 3215 3330 3276 duo
3360 3235 3556 3295 quae-

266 3293 418 3356 dam
446 3291 959 3374 magnaLunum
987 3291 1279 3374 quidem,
1315 3311 1394 3374 ne
1431 3293 1497 3354 in
1523 3295 1892 3374 superbiam
1929 3294 2259 3374 erigamur
2398 3291 2544 3354 Sive
2573 3291 2834 3374 festines
2857 3294 3142 3374 ,_inquit,
3176 3312 3306 3354 non
3342 3291 3554 3374 potest

267 3378 454 3434 tuum
486 3371 629 3434 esse
657 3371 951 3434 eﬂ’ectum
979 3393 993 3432 :
1027 3373 1081 3433 si
1114 3372 1286 3432 enim
1314 3372 1592 3452 desuper
1614 3371 1752 3434 non
1781 3371 2083 3435 adveniat
2111 3371 2555 3452 adjumentum
2575 3416 2592 3444 ,
2627 3371 2846 3452 omnia
2878 3372 2941 3433 in
2973 3389 3144 3436 vano
3171 3371 3387 3435 erunt.
3416 3375 3550 3436 Ve-

267 3452 990 3532 rumtamendquicquid
1035 3452 1304 3532 adeptus
1335 3450 1551 3532 fueris
1577 3469 1802 3512 eorum
1845 3452 1926 3513 ad
1965 3468 2114 3532 qua:
2139 3450 2404 3514 festinas
2433 3495 2450 3523 ,
2498 3450 2911 3532 manifestum
2939 3454 3094 3530 quia
3130 3453 3450 3515 currendo
3487 3461 3554 3515 et

267 3529 551 3594 volendo
584 3529 981 3609 adipisceris.
1015 3531 1154 3590 Non
1183 3547 1340 3609 ergo
1371 3532 1493 3593 hoc
1520 3531 1718 3602 dixit,
1753 3529 2068 3610 quoniam
2098 3531 2164 3591 in
2199 3547 2437 3593 vanum
2468 3531 2825 3611 currimus;
2852 3529 3189 3611 sedquid?
3227 3533 3552 3607 Quoniam

263 3612 330 3672 in
370 3628 617 3674 vanum
646 3611 988 3684 currimus,
1015 3611 1067 3671 si
1099 3614 1395 3670 nostrum
1425 3629 1567 3671 esse
1591 3611 1967 3672 universum
2000 3612 2444 3689 putaverimus
2465 3656 2481 3684 ,
2515 3610 2568 3672 si
2600 3627 2729 3672 non
2761 3610 3108 3688 plurimam
3135 3618 3385 3690 partem
3413 3613 3550 3672 Deo

260 3690 718 3750 tribuerimus.
741 3689 961 3767 Neque
991 3689 1162 3750 enim
1183 3690 1354 3749 Deus
1383 3694 1583 3750 totum
1607 3707 1797 3750 suum
1823 3708 1966 3752 esse
1998 3690 2225 3761 voluit,
2249 3705 2330 3750 ne
2353 3690 2646 3751 videatur
2665 3690 2804 3751 sine
2826 3707 3024 3752 causa
3053 3689 3170 3752 nos
3198 3707 3547 3759 coronare;

257 3787 486 3848 neque
519 3769 748 3831 iterum
786 3773 1113 3840 nostrum,
1143 3786 1224 3828 ne
1268 3768 1333 3828 in
1371 3768 1739 3846 superbiam
1786 3768 2263 3848 incidamus.Si
2308 3769 2480 3830 enim
2531 3768 2862 3848 minimam
2905 3774 3152 3846 partem
3194 3770 3504 3831 habentes
3529 3813 3548 3841 ,

255 3847 403 3911 alta
439 3847 763 3926 sapimus,
791 3847 977 3926 quid,
1007 3849 1060 3909 si
1092 3847 1303 3926 totius,
1321 3864 1437 3908 nos
1479 3848 1691 3926 Operis
1720 3849 1925 3910 nostri
1955 3847 2200 3908 domini
2227 3849 2560 3908 essemus?
2589 3847 2790 3907 Multa
2819 3847 3062 3926 quippe
3098 3850 3268 3909 Deus
3312 3853 3384 3909 ut
3413 3866 3546 3910 am-

254 3925 582 3990 bitionem
615 3925 905 4006 nostram
939 3926 1247 3989 recideret
1280 3925 1426 4006 fecit
1460 3946 1476 3984 :
1519 3925 1612 3988 Et
1654 3927 1857 3988 adhuc
1898 3926 2205 3988 altissima
2235 3926 2352 3986 illa
2378 3944 2618 3986 manus.
2651 3926 2922 3999 Quantis
2966 3925 3081 3988 nos
3137 3928 3549 4006 passionibus

252 4005 713 4080 circumdedit,
742 4010 813 4067 ut
839 4011 1122 4086 nostram
1144 4005 1387 4068 recidat
1410 4007 1850 4086 arrogantiam
1865 4008 1894 4066 ?
1913 4006 2173 4086 quantis
2197 4005 2707 4086 circumvallavit
2734 4007 2952 4086 bestiis
2971 4005 3265 4067 ?Etenim
3287 4006 3549 4084 quando

253 4087 496 4147 dicunt
521 4086 782 4163 quidam
803 4130 819 4156 ,
853 4085 1017 4160 Quid
1044 4086 1164 4145 hoc
1186 4128 1202 4156 ,
1239 4089 1353 4146 aut
1378 4101 1494 4146 cur
1535 4083 1697 4148 hoc?
1733 4083 1961 4147 contra
1999 4083 2174 4164 quod
2204 4085 2336 4144 Deo
2353 4084 2577 4164 placet
2606 4085 2722 4145 ista
2758 4085 3139 4164 loquuntur.
3172 4086 3243 4146 In
3274 4083 3457 4147 tanto
3486 4091 3549 4146 te

255 4168 506 4227 timore
539 4162 898 4235 constituit;
930 4170 992 4225 et
1026 4181 1238 4241 neque
1283 4165 1376 4224 sic
1399 4164 1684 4244 humilia
1714 4165 1886 4243 sapis
1909 4209 1926 4239 ,
1967 4163 2080 4225 sed
2123 4164 2180 4224 si
2226 4162 2538 4224 modicam
2574 4162 3066 4243 prosperitatem
3107 4165 3383 4244 arripias
3407 4211 3424 4236 ,
3469 4166 3549 4227 ad

257 4247 489 4325 ipsum
519 4244 743 4304 caelum
772 4244 1084 4325 pertingis
1115 4245 1246 4304 alta
1273 4243 1602 4325 sapiendo.

338 4325 699 4400 PrOpterea
724 4321 912 4386 etiam
935 4321 1175 4384 celeres
1200 4323 1586 4383 mutationes
1613 4322 1938 4383 exsistunt
1961 4327 2024 4384 et
2049 4322 2278 4396 ruina,
2301 4325 2364 4383 et
2387 4337 2596 4400 neque
2623 4321 2716 4383 sic
2741 4322 3168 4400 corripimur:
3199 4332 3542 4401 pr0pterea

257 4406 513 4463 mortes
550 4401 913 4480 frequentes
944 4408 1005 4462 et
1034 4402 1432 4472 immaturae;
1471 4417 1586 4460 nos
1625 4407 1841 4462 autem
1873 4401 2068 4463 veluti
2103 4401 2498 4461 immortales
2530 4401 2856 4481 sapimus,
2900 4406 2972 4462 ut
3010 4419 3368 4481 numquam
3401 4420 3549 4461 mo-

259 4482 456 4543 rituri
491 4501 506 4539 :
538 4482 630 4542 sic
659 4479 942 4560 rapimus
971 4481 1182 4560 aliena
1205 4523 1220 4550 ,
1253 4485 1318 4540 et
1349 4481 1444 4540 sic
1473 4481 1789 4557 ampliora
1816 4481 2112 4560 cupimus
2137 4524 2152 4550 ,
2193 4486 2266 4540 ut
2298 4496 2654 4560 numquam
2695 4479 3002 4540 reddituri
3049 4479 3367 4542 rationem
3400 4501 3415 4538 :
3453 4482 3548 4542 sic

260 4560 662 4621 aedificamus
688 4605 702 4631 ,
745 4566 1073 4638 tamquam
1118 4559 1222 4640 hic
1267 4563 1579 4637 perpetuo
1619 4559 2064 4640 permansuri;
2113 4564 2178 4620 et
2210 4576 2424 4640 neque
2456 4559 2568 4620 Dei
2604 4561 2873 4640 verbum
2915 4578 3033 4638 per
3079 4560 3371 4639 singulos
3407 4561 3547 4620 dies

260 4641 456 4700 nobis
485 4639 794 4701 insonans
819 4685 834 4706 ,
855 4657 1076 4718 neque
1109 4638 1268 4715 ipsa;
1299 4655 1402 4718 res
1433 4657 1548 4718 nos
1589 4639 1970 4715 corripiunt.
2000 4640 2142 4699 Non
2174 4644 2270 4699 est
2301 4638 2634 4718 dies,rnon
2661 4643 2760 4698 est
2790 4639 2952 4718 hora
2973 4684 2991 4711 ,
3025 4640 3090 4700 in
3126 4638 3256 4718 qua
3283 4655 3413 4718 non
3455 4640 3552 4700 vi-

258 4719 551 4780 deantur
577 4720 808 4778 mortui
840 4716 1212 4795 frequenter
1249 4716 1497 4790 efferri;
1532 4718 1640 4778 sed
1670 4718 1890 4780 omnia
1917 4719 2058 4780 sine
2087 4734 2306 4779 causa.
2341 4717 2659 4780 Duritiam
2702 4717 2878 4778 enim
2903 4716 3195 4779 nostram
3226 4717 3386 4778 nihil
3423 4719 3551 4777 mi-
3605 4740 3614 4748 ·

258 4799 447 4875 tigat,
482 4815 694 4874 neque
726 4816 806 4858 ex
833 4797 1061 4858 alienis
1098 4797 1569 4857 calamitatibus
1612 4796 1912 4858 meliores
1947 4796 2110 4858 effici
2146 4814 2522 4875 possumus,
2557 4797 2758 4875 magis
2795 4802 3014 4858 autem
3048 4798 3351 4858 nolumus
3387 4817 3402 4856 :
3437 4797 3550 4858 sed

258 4875 533 4954 quando
563 4876 681 4936 soli
713 4877 1027 4956 lugemus,
1063 4875 1688 4956 tunchumiliamur;
1723 4881 1785 4936 et
1810 4876 1864 4936 si
1901 4877 2052 4937 item
2078 4893 2340 4956 manum
2372 4893 2556 4937 suam
2585 4876 2875 4956 porrigat
2903 4877 3096 4949 Deus,
3135 4893 3252 4935 nos
3274 4891 3549 4956 manum

261 4953 563 5034 nostram
598 4953 926 5034 erigimus.
966 4955 1164 5016 Nemo
1201 4955 1419 5016 divina
1449 4954 1648 5033 sapit,
1691 4973 1883 5016 nemo
1914 4953 2262 5018 contemnit
2292 4972 2438 5033 quas
2467 4957 2532 5014 in
2564 4953 2736 5016 terra
2766 4953 2954 5034 sunt,
2990 4971 3180 5015 nemo
3211 4955 3290 5034 ad
3322 4955 3550 5017 ctelum

257 5033 579 5097 attendit:
608 5033 717 5111 sed
747 5035 934 5111 sicuti,
959 5051 1108 5095 sues
1136 5034 1435 5111 deorsum
1463 5035 1991 5111 proni_sunt,_ad
2025 5041 2312 5111 ventrem
2343 5034 2632 5111 inclinati
2662 5077 2678 5101 ,
2721 5034 2787 5092 in
2815 5033 3194 5111 volutabris
3211 5033 3496 5111 devoluti
3531 5053 3546 5092 :

254 5117 351 5174 sic
380 5119 448 5174 et
474 5109 734 5189 plurimi
766 5110 1101 5171 hominum
1121 5103 1551 5172 deterioribus
1579 5107 1937 5189 volutabris
1965 5123 2032 5189 se
2062 5103 2398 5189 poiiuuni:
2433 5108 2494 5189 et
2523 5119 2653 5162 non
2685 5105 3000 5189 sentiunt.
3047 5106 3278 5189 Melius
3308 5110 3548 5187 quippe

253 5198 358 5255 est
387 5180 531 5252 luto
561 5189 890 5250 immundo
918 5189 1143 5268 pollui,
1175 5204 1372 5268 quam
1407 5187 1723 5268 peccatis.
1740 5186 1866 5268 Qui
1899 5180 2083 5268 enim'
2103 5183 2242 5268 illic
2265 5180 2601 5268 polluitur,
2634 5199 2834 5258 parvo
2865 5187 3148 5268 iempore
3179 5180 3542 5257 delavatur,

253 5279 323 5333 et
367 5270 650 5331 efficitur
689 5260 936 5330 similis'
958 5269 1015 5330 ei
1050 5267 1160 5344 qui
1199 5260 1337 5326 illic
1384 5260 1510 5326 non
1556 5265 1782 5326 cecidit
1825 5285 1839 5322 :
1873 5263 1984 5342 qui
2035 5278 2187 5344 vero
2228 5261 2293 5320 in
2335 5260 2713 5344 barathrum
2753 5260 3056 5344 ceciderit
3102 5273 3544 5343 peccatorum,

256 5351 463 5412 talem
499 5349 923 5426 pollutionem
953 5339 1204 5424 accipit,
1237 5362 1382 5422 quas
1409 5343 1592 5426 aquis
1629 5361 1757 5403 non
1793 5339 2011 5426 posset
2031 5341 2212 5410 dilui,
2246 5339 2354 5426 sed
2382 5356 2527 5416 quas
2555 5340 2754 5400 multo
2775 5343 3066 5426 tempore
3092 5339 3255 5426 opus
3281 5346 3541 5426 habeat,

259 5419 646 5507 paenitentia
678 5427 964 5507 diligenti
996 5430 1058 5507 et
1085 5419 1387 5507 Iacryiuis
1430 5419 1492 5483 et
1523 5425 1695 5507 luctu
1723 5467 1738 5495 ,
1771 5419 2214 5507 amplioreque
2244 5425 2533 5507 tempore
2577 5433 2776 5507 quam
2818 5419 3246 5484 dilectissimis
3305 5423 3543 5507 nostris

261 5497 555 5570 solemus
598 5497 959 5567 ostendere.
1012 5505 1155 5564 Ista:
1196 5497 1454 5582 quidem
1498 5501 1718 5562 sordes
1760 5497 2166 5562 extrinsecus
2202 5498 2388 5558 nobis
2426 5497 2827 5582 adveniunt;
2861 5508 3205 5582 pr0pterea
3249 5509 3313 5563 et
3358 5503 3545 5566 citius

263 5605 377 5650 eas
410 5585 770 5648 amittimus
807 5606 821 5644 :
866 5585 994 5646 illae
1019 5578 1236 5645 autem
1270 5582 1660 5642 intrinsecus
1705 5585 2134 5663 generantur;
2168 5582 2508 5663 prOptere‘a
2553 5581 2614 5663 ei
2653 5579 2763 5663 vix
2794 5578 3178 5663 delavantur
3206 5587 3267 5663 et
3301 5599 3551 5663 expur-

267 5672 532 5746 gantur.
567 5667 655 5726 De
684 5665 866 5746 corde
882 5665 1074 5746 enim,
1109 5663 1341 5746 inquit,
1376 5656 2055 5746 emeuntcogitatioﬁnes
2083 5656 2404 5746 malignae.
2439 5657 2927 5746 fornicatioues.
2965 5660 3313 5746 adulteria,
3345 5656 3544 5741 furto,

269 5737 434 5821 falsa
466 5745 844 5808 testimonia.
880 5743 1122 5803 Idcirco
1147 5737 1216 5800 et
1239 5742 1556 5819 Propheta
1585 5737 1838 5804 dicebat
1869 5760 1882 5800 :
1914 5738 2046 5802 Cor
2069 5737 2368 5800 mundum
2400 5753 2539 5799 crea
2567 5737 2636 5798 in
2664 5755 2754 5800 me
2783 5740 2947 5800 Deus
2968 5788 2983 5810 ,
3015 5746 3136 5800 etc.
3163 5762 3178 5807 ;
3223 5737 3388 5805 διξάς
3421 5758 3548 5804 an-

491 5853 494 5856 ~
587 5825 871 5884 PATROL.
917 5824 1032 5886 Gn.
1087 5824 1302 5888 LXIII.
3111 5822 3184 5885 18
