4058 6204
487 261 598 317 διε)
1240 249 1294 300 s.
1337 249 1388 304 ι.
1430 247 1913 306 cnnvsosrom
1957 249 2266 307 llO.\llLl/E
2312 249 2377 306 lN
2413 249 2635 308 EPIST.
2676 251 2768 304 AD
2809 251 3014 306 necs.
3638 260 3745 316 35o

492 381 860 464 redargutio
891 376 1303 464 infirmitatis.
1331 375 1405 436 ln
1449 373 1702 464 Christo
1747 378 1964 464 autem
1991 390 2042 464 _e
2089 372 2417 464 contrario
2455 370 2917 464 semelobl‘ata
2953 372 3072 461 est.
3117 367 3274 464 Nam
3310 388 3454 462 qum
3484 371 3755 464 ferinam

495 448 734 527 habent
773 459 1048 539 alicujus
1072 501 1100 539 ,_
1125 452 1739 539 tantumexemplar
1786 451 2330 539 ostendunt,_non
2363 455 2578 539 andem
2628 450 2929 539 virtutem
2963 469 2977 508 :
3017 448 3183 539 sicut
3220 449 3282 508 in
3333 451 3758 539 imaginibus.

493 543 828 621 exemplar
863 528 1138 598 ho'minis
1171 535 1360 621 habet
1387 528 1621 621 imago,
1663 549 1790 591 non
1842 530 2049 621 etiam‘
2075 531 2398 621 vietntem.
2429 528 2705 621 Proinde
2737 531 2973 590 veritas
3010 530 3437 621 etnexemplar
3469 528 3762 621 commuf

499 607 715 684 nican't
755 620 1030 679 invicem
1065 635 1079 674 :
1113 615 1445 690 exemplar
1484 607 1655 672 enim
1686 612 1934 690 aequale
1961 615 2080 680 est,
2115 611 2317 670 virtus
2349 614 2565 690 autem
2595 625 3031 690 nequaquam.
3066 607 3169 669 Sic
3194 607 3389 670 etiam
3420 609 3487 668 in
3517 610 3673 668 caalo
3701 615 3764 667 et

496 704 559 764 in
589 697 1025 762 tabernaculo,
1058 687 1576 772 quippe—aequale
1605 689 1935 772 exemplar
1962 695 2080 759 est,
2105 693 2329 772 sancta
2359 688 2531 749 enim
2557 694 2776 772 erant;
2811 687 3259 772 virtus‘autem
3291 695 3353 750 et
3371 693 3599 772 caetera
3623 704 3764 772 non

495 780 740 842 eadem.
774 775 935 851 Quid
969 765 1194 835 aut—em'
1213 765 1338 841 est,
1368 765 1464 832 A'd
1493 765 1978 851 destructionem
1996 767 2237 851 peccati
2261 815 2277 836 ,
2313 766 2834 851 per-sacriﬁcium
2864 765 3294 851 manifestatus
3320 766 3451 827 est?
3478 766 3641 840 Quid
3667 770 3768 827 est

495 846 884 920 destructio?
913 854 1048 913 Hoc
1077 855 1173 912 est
1219 856 1645 927 contemptus.
1684 848 1822 908 Non
1849 847 1982 926 jam
2024 846 2322 927 ﬁduciam
2353 846 2582 918 habet;
2613 846 3153 927 reprobatumest
3181 847 3354 927 enim
3383 852 3714 924 peccatum
3745 890 3763 916 ,

497 939 733 1000 debens
763 933 1022 1013 quidem
1066 931 1354 1008 recipere
1387 925 1728 1013 ultionem,
1756 925 1908 1013 non
1957 926 2279 1013 accipiens
2310 932 2525 1013 autem
2529 946 2570 1013 _;
2617 925 2738 985 hoc
2767 931 2894 1013 est,
2930 925 3302 1013 violentiam
3332 930 3754 1013 passum‘est:

499 1015 759 1097 quando
783 1002 1084 1092 sperabat
1109 1002 1330 1097 omnes
1358 1010 1720 1097 absumere,
1749 1011 1903 1097 hinc
1931 1002 2492 1097 absumptum‘est.
2529 1005 2649 1097 Per
2675 1004 3294 1097 sacoriﬁcium_suum
3320 1002 3767 1097 manifestans

500 1081 596 1157 est
623 1116 641 1155 :
674 1095 794 1154 hoc
819 1081 936 1159 est,
965 1087 1338 1149 manifestus
1368 1093 1466 1148 est
1489 1085 1748 1147 effectus
1782 1085 1914 1146 Deo
1945 1081 2300 1162 etadstitit.
2336 1085 2465 1144 Nec
2490 1085 2662 1144 enim
2689 1084 2839 1162 quia
2871 1083 3170 1144 sacerdos
3202 1084 3436 1162 saepius
3473 1084 3594 1144 hoc
3619 1081 3771 1143 efﬁ-

498 1176 709 1236 ciebat
735 1173 800 1231 in
829 1185 1024 1259 anno,
1062 1176 1400 1259 prOpterea
1431 1183 1597 1259 vano
1627 1166 1760 1259 iam
1790 1164 1913 1259 hoc
1939 1161 2236 1259 efﬁcitur,
2265 1178 2336 1223 ac
2370 1162 2568 1259 sisit}
2594 1161 2746 1254 quid
2769 1163 2940 1223 enim
2969 1179 3133 1239 Opus
3156 1162 3773 1259 eratomedicamen-

509 1255 611 1320 tis,
648 1265 776 1308 non
808 1241 1209 1307 exstantibus
1243 1241 1673 1305 vulneribus?
1702 1245 1968 1321 Propter
1987 1243 2109 1304 hoc
2135 1243 2501 1321 imperavit,
2536 1242 2751 1320 inquis
2774 1285 2790 1313 ,
2828 1259 3078 1320 semper
3113 1241 3328 1303 offerri
3361 1249 3621 1321 propter
3651 1245 3765 1304 in—

509 1329 897 1399 firmitatem,
913 1332 984 1384 ut
1001 1330 1061 1384 et
1076 1324 1382 1385 memoria
1402 1327 1808 1400 peccatorum
1823 1320 2023 1382 ﬁeret.
2039 1322 2200 1394 Quid
2224 1320 2376 1399 ergo
2400 1323 2549 1400 nos?
2573 1338 2786 1400 nonne
2805 1337 2921 1397 per
2945 1321 3232 1400 singulos
3247 1321 3380 1400 dies
3395 1320 3722 1382 oﬁerimus
3737 1325 3766 1381 τ

508 1407 849 1469 Offerimus
881 1398 1162 1482 quidem,
1205 1401 1310 1463 sed
1342 1398 1421 1461 ad
1449 1401 1956 1482 recordationem
1988 1398 2564 1482 @cientes’mortis
2589 1398 2726 1482 ejus
2762 1419 2776 1457 :
2808 1406 3030 1482 et‘una
3057 1398 3162 1482 est
3198 1399 3329 1461 haec
3358 1399 3601 1482 hostia,
3634 1419 3763 1462 non

509 1488 744 1548 multas.
777 1478 1110 1558 Quomodo
1136 1489 1266 1542 una
1296 1485 1412 1551 est,
1447 1485 1508 1540 et
1537 1497 1665 1539 non
1697 1480 1912 1540 multa:
1933 1481 1960 1537 ‘I
1986 1479 2062 1538 Et
2086 1480 2239 1556 quia
2271 1479 2465 1558 semel
2507 1479 2720 1558 oblata
2747 1482 2842 1538 est
2882 1478 3014 1549 illa,
3047 1479 3258 1558 oblata
3305 1483 3400 1539 est
3441 1480 3507 1539 in
3546 1489 3765 1543 sancta

511 1555 882 1627 sanctorum
910 1583 924 1620 :
951 1563 1070 1622 hoc
1095 1566 1308 1621 autem
1341 1558 1723 1619 sacrificium
1756 1558 2088 1634 exemplar
2108 1555 2212 1617 fest
2242 1557 2438 1617 illius.
2473 1557 2754 1635 ldipsum
2787 1575 3038 1634 semper
3067 1555 3417 1630 offerimus,
3447 1577 3566 1620 nec
3592 1578 3766 1620 nunc

510 1645 766 1722 quidem
796 1642 993 1722 alium
1025 1658 1262 1722 agnum
1291 1683 1306 1708 ,
1357 1640 1637 1722 crastina
1685 1636 1885 1722 alium
1909 1636 2066 1722 ,_sed
2103 1655 2359 1722 semper
2385 1636 2681 1722 idipsym.
2714 1635 2987 1722 Proinde
3013 1654 3214 1722 unum
3236 1644 3340 1722 est
3365 1637 3484 1722 hoe
3506 1638 3765 1722 sacriﬁ-

512 1713 681 1783 cium
713 1743 726 1781 :
754 1720 1042 1796 alioquin
1072 1713 1208 1778 'hac
1257 1717 1555 1796 ratione,
1579 1717 1886 1792 quoniam
1929 1716 1999 1796 in
2037 1713 2259 1796 multis
2290 1715 2461 1796 locis
2478 1713 2779 1786 ’oﬂ‘ertur,
2803 1715 3252 1796 multiChristi
3281 1717 3477 1776 sunt?
3506 1716 3767 1794 Nequa-

512 1821 732 1879 quam,
767 1801 874 1860 sed
906 1793 1075 1879 unus
1107 1797 1347 1879 ubique
1373 1800 1467 1879 est
1492 1795 1808 1862 Christus,
1835 1801 1897 1856 et
1938 1794 2042 1854 hic
2072 1795 2299 1871 plenus
2328 1793 2770 1879 exsistens_,ret
2798 1793 2926 1854 illic
2958 1794 3186 1879 plenus
3209 1839 3225 1867 ,
3265 1812 3469 1879 unum
3505 1812 3762 1879 corpus.

512 1872 687 1942 Sicut
712 1880 882 1940 enim
913 1877 1022 1954 qui
1053 1872 1294 1952 ubique
1325 1872 1615 1946 oll‘ertur,
1648 1892 1849 1954 unum
1879 1891 2111 1951 corpus
2144 1880 2262 1954 est,
2293 1879 2359 1954 et
2387 1891 2517 1934 non
2544 1873 2743 1954 multa
2774 1890 3047 1951 corpora
3077 1892 3092 1932 :
3123 1876 3207 1934 ita
3237 1874 3435 1954 etiam
3467 1877 3528 1934 et
3565 1872 3764 1954 unum

515 1951 1243 2022 sacriﬁcium—Pontifex
1274 1962 1486 2014 autem
1520 1955 1737 2012 noster
1761 1953 1868 2012 ille
1901 1957 2027 2024 est,
2061 1953 2172 2028 qui
2199 1953 2476 2013 hostiam
2522 1951 2935 2012 mundantem
2976 1969 3094 2012 nos
3123 1953 3376 2014 obtulit.
3420 1952 3633 2030 Ipsam
3675 1953 3768 2014 of-

515 2039 776 2099 ferimus
808 2041 870 2096 et
899 2051 1092 2103 nunc,
1115 2051 1257 2110 qua:
1287 2039 1436 2092 tunc
1457 2031 1671 2092 oblata
1701 2031 1984 2108 quidem,
2011 2031 2299 2091 consumi
2324 2047 2454 2091 non
2474 2035 2702 2109 potest.
2727 2031 2863 2091 Hoc
2888 2037 3102 2091 autem
3120 2031 3292 2109 quod
3317 2050 3434 2093 nos
3457 2031 3725 2093 facimus
3747 2076 3765 2104 ,

516 2121 580 2178 in
617 2113 1288 2178 commemorationem
1321 2110 1577 2190 quidem
1618 2110 1686 2170 tit
1724 2111 1858 2188 ejus
1901 2111 2069 2187 quod
2112 2110 2346 2170 factum
2375 2116 2482 2190 est
2519 2129 2533 2168 :
2573 2110 2928 2190 Hoc‘enim
2969 2111 3188 2190 facile.
3222 2111 3455 2188 inquit,
3488 2112 3557 2171 in
3579 2130 3768 2170 meam

517 2192 1168 2256 commemorationem.
1203 2187 1354 2250 Non
1374 2189 1544 2250 aliud
1577 2187 1987 2259 sacriﬁcium,
2019 2190 2182 2248 sicut
2212 2187 2523 2267 pontifex,
2557 2187 2665 2249 sed
2696 2187 2979 2266 idipsum'
3002 2208 3257 2267 semper
3283 2187 3588 2264 facimus;
3621 2207 3766 2252 ma-

515 2277 611 2354 gis
635 2281 855 2354 autem!
874 2269 1374 2354 recordationem
1403 2267 1694 2354 sacriﬁcii
1733 2285 2099 2354 Operamur.

595 2354 715 2414 Sed
749 2352 902 2428 quia
935 2347 1226 2409 sacriﬁcii
1261 2347 1450 2425 hujus
1483 2347 1870 2406 mentionem
1912 2346 2023 2428 feci
2048 2391 2074 2428 ,ί
2099 2345 2241 2428 volo
2276 2363 2479 2428 pauca
2531 2345 2611 2406 ad
2652 2363 2768 2405 vos
2795 2345 3036 2428 dicere.
3081 2362 3224 2423 qua;
3275 2345 3696 2408 recordamini
3747 2369 3762 2408 :

517 2449 723 2512 pauca
764 2425 1018 2512 quidem
1045 2443 1371 2512 mensura,
1402 2443 1698 2512 magnam
1729 2432 1942 2512 autem
1975 2425 2272 2512 habentia
2308 2426 2704 2512 virtute‘m_et
2734 2425 3071 2512 utilitatem
3118 2445 3132 2483 :
3169 2444 3295 2486 non
3329 2428 3497 2512 enim
3549 2433 3769 2512 nostra

518 2504 710 2582 sunt,
744 2504 850 2569 sed
882 2506 1077 2566 divini
1109 2507 1402 2583 Spiritus,
1433 2522 1575 2582 qua:
1606 2504 1926 2564 dicuntur.
1977 2505 2132 2576 Qua:
2161 2520 2315 2583 ergo
2364 2505 2554 2563 sunt?
2602 2504 2862 2563 Plurimi
2910 2523 2991 2565 ex
3049 2505 3168 2565 hoc
3209 2505 3525 2567 sacriﬁcio
3572 2507 3767 2567 semel

518 2591 839 2660 accipiunt
869 2587 932 2645 in
959 2590 1092 2644 toto
1127 2582 1323 2655 anno,
1356 2584 1463 2643 alii
1515 2583 1608 2643 bis
1633 2627 1650 2654 ,
1684 2583 1791 2642 alii
1833 2584 2088 2659 saepius.
2123 2582 2215 2641 Ad
2266 2600 2486 2642 omnes
2532 2600 2684 2660 ergo
2720 2583 2904 2643 nobis
2941 2601 3150 2643 sermo
3180 2589 3298 2654 est,
3359 2602 3488 2646 non
3541 2585 3617 2646 ad
3656 2603 3767 2646 eos

518 2609 649 2651 acc:
700 2609 839 2648 lunt
869 2609 932 2645 In
960 2609 1092 2644 ww
1127 2609 1323 2655 anno,
1356 2609 1463 2643 illll
1517 2609 1608 2643 ms
1633 2627 1650 2654 ,
1684 2609 1791 2642 mu
1833 2609 2088 2659 smptus.
2123 2609 2215 2641 nu
2266 2609 2486 2642 omnes
2532 2609 2684 2660 ergu
2722 2609 2904 2643 uums
2941 2609 3150 2643 sermo
3180 2609 3298 2654 εει,
3359 2609 3488 2646 11011
3541 2609 3617 2646 au
3656 2609 3767 2646 eos

518 2669 629 2746 qui
658 2609 765 2727 hic
799 2668 949 2746 Sunt
979 2669 1250 2746 tantum,
1283 2662 1389 2746 sed
1422 2663 1613 2746 etiam
1648 2661 1726 2724 ad
1756 2679 1866 2746 eos
1895 2662 2005 2738 qui
2040 2663 2104 2720 in
2138 2678 2367 2746 eremo
2386 2660 2607 2746 sedent
2641 2681 2655 2719 :
2692 2662 2982 2746 illi_enim
3027 2663 3236 2746 semel
3269 2664 3333 2723 in
3369 2681 3543 2724 anno
3572 2664 3769 2746 partis

520 2739 856 2834 cipantur;
917 2743 1204 2834 fortassis
1241 2743 1411 2802 enim
1453 2745 1524 2831 et.
1561 2745 1708 2832 post
1752 2739 1911 2800 duos
1970 2757 2198 2834 annos.
2247 2740 2412 2834 Quid
2465 2741 3018 2834 ergo.e.st?‘qqes
3073 2742 3274 2834 magis
3317 2739 3771 2834 accepta—mus?

520 2819 717 2886 eosne
747 2825 856 2902 qui
890 2821 1118 2902 semel,
1156 2838 1236 2880 an
1271 2838 1379 2880 eos
1417 2820 1525 2896 qui
1558 2819 1827 2902 smpius,
1869 2837 1951 2902 an
1982 2820 2124 2880 illos
2172 2821 2284 2902 qui
2328 2837 2476 2880 raro
2525 2820 2892 2902 accipiunt?
2915 2820 3136 2902 Neque
3190 2819 3334 2902 illos
3381 2819 3492 2899 qui
3538 2823 3768 2902 semel,

523 2921 730 2982 neque
758 2898 868 2980 qui
897 2900 1128 2982 saepius
1156 2943 1172 2970 ,
1224 2913 1432 2982 neque
1461 2899 1785 2982 (μείξει-ῳ,
1812 2899 1922 2982 sed
1962 2917 2072 2958 eos
2102 2899 2212 2978 qui
2243 2917 2388 2982 cum
2432 2898 2670 2982 munda
2721 2898 3147 2982 conscientia,
3188 2901 3298 2977 qui
3343 2898 3490 2961 cum
3533 2901 3771 2961 mundo

521 2976 735 3051 cor—de,
765 2976 909 3041 cum
939 2976 1064 3038 vita
1094 2976 1639 3054 irreprehensibili
1675 2997 1688 3035 :
1724 2976 1827 3037 isti
1858 2995 2111 3054 semper
2129 2976 2480 3048 accedant;
2509 2977 2620 3054 qui
2651 2994 2806 3038 vero
2835 2978 2994 3039 tales
3031 2995 3161 3038 non
3209 2976 3394 3049 sunt,
3422 2997 3632 3056 neque
3670 2998 3772 3040 se-

526 3062 672 3121 mel.
709 3059 873 3134 Quid
902 3059 988 3120 ita
1010 3059 1038 3117 ?
1065 3055 1556 3134 Quiajudicium
1589 3056 1708 3115 sibi
1740 3056 2064 3133 accipiunt
2088 3062 2149 3117 et
2172 3056 2647 3118 damnationem
2680 3061 2742 3118 et
2766 3056 3175 3134 supplicium.
3207 3058 3283 3117 Et
3312 3075 3441 3118 non
3471 3055 3721 3119 mireris
3753 3079 3766 3116 :

526 3141 692 3200 sicut
721 3140 893 3198 enim
940 3137 1120 3198 cibus
1168 3134 1549 3196 naturaliter
1579 3134 2290 3215 nutritoriusexstans,
2323 3135 2473 3215 siin
2503 3152 2650 3195 eum
2690 3135 2802 3215 qui
2839 3135 3055 3213 pravis
3086 3136 3240 3198 cibis
3287 3147 3626 3215 corruptus
3675 3146 3774 3197 est

528 3218 798 3286 incidat,
825 3215 1042 3277 omnia
1072 3215 1276 3293 perdit
1305 3221 1366 3275 et
1403 3214 1778 3292 corrumpit,
1809 3219 1872 3275 et
1896 3213 2169 3275 efﬁcitur
2193 3213 2448 3274 occasio
2503 3213 2709 3274 morbi
2741 3233 2754 3273 :
2787 3215 2880 3276 sic
2932 3215 3124 3276 etiam
3169 3217 3287 3276 ista
3338 3213 3588 3293 qumfad
3635 3217 3776 3277 hinc

525 3297 835 3358 terribilia
885 3295 1206 3372 pertinent
1235 3299 1658 3354 sacramenta.
1709 3293 1973 3373 Frueris
2001 3310 2220 3354 mensa
2263 3293 2607 3373 spirituali,
2641 3309 2863 3373 mensa
2891 3294 3128 3373 regali,
3157 3301 3218 3354 et
3260 3294 3490 3354 iterum
3533 3295 3773 3373 polluis

525 3392 708 3437 omne
742 3393 813 3435 os
847 3371 1071 3434 tuum?
1117 3373 1420 3451 perungis
1452 3379 1784 3452 unguento
1821 3371 2099 3452 pretioso
2121 3417 2136 3444 ,
2169 3378 2232 3452 et
2261 3371 2494 3452 iterum
2543 3371 2871 3433 fmtoribus
2921 3371 3076 3452 illud
3121 3372 3344 3452 imples
3367 3373 3396 3432 ?
3441 3371 3556 3434 Dic
3585 3373 3770 3437 mibi.

526 3471 710 3533 rogo,
746 3459 888 3533 post
914 3469 1163 3533 annum
1207 3449 1678 3533 perceptionem
1711 3451 2113 3533 participaris
2145 3451 2226 3530 [Ῑ.
2260 3449 2688 3533 participans]
2721 3470 2735 3509 :
2768 3449 3372 3533 quadraginta'dies
3421 3458 3607 3531 putas
3657 3453 3774 3512 tibi

528 3528 822 3594 sufﬁcere
855 3531 934 3592 ad
963 3528 1439 3608 inundationem
1470 3536 1874 3608 peccatorum
1907 3530 2107 3608 totius
2133 3528 2462 3606 temporis,
2494 3534 2557 3608 et
2581 3529 2811 3589 iterum
2843 3528 3198 3608 septimana
3227 3528 3596 3608 transeunte
3635 3538 3774 3592 tra-

528 3610 637 3672 des
670 3613 944 3688 teipsum
991 3607 1283 3668 sordibus
1316 3606 1582 3688 primis?
1619 3608 1930 3688 Die‘enim
1961 3607 2114 3667 mibi
2137 3652 2153 3679 ,
2184 3608 2238 3688 si
2269 3609 2486 3688 salvus
2519 3607 2719 3668 factus
2747 3606 3171 3688 quadraginta
3197 3607 3434 3688 diebus
3465 3611 3547 3672 ab
3591 3610 3778 3688 aegri-

531 3690 746 3751 tudine
760 3685 992 3767 longa,
1022 3689 1254 3767 iterum
1283 3692 1341 3767 te
1373 3685 1496 3744 illis
1527 3685 2101 3767 mortilicatoribus_
2117 3687 2274 3767 cibis
2307 3686 2790 3767 t_radas,_noqpe
2812 3695 2873 3748 et
2895 3685 3168 3767 primum
3193 3687 3482 3767 laborem
3504 3685 3728 3766 perdes
3749 3689 3778 3747 τ

533 3774 595 3835 Si
621 3768 794 3831 enim
824 3763 1144 3829 naturalia
1172 3765 1263 3825 sic
1288 3765 1640 3833 mutantur,
1665 3771 1906 3840 quanto
1936 3765 2212 3843 amplius
2246 3764 2652 3826 voluntaria?
2679 3763 2910 3841 Utputa
2940 3765 3134 3843 veluti
3159 3765 3318 3843 quid
3347 3766 3488 3827 dico
3506 3763 3535 3826 ξ
3563 3767 3781 3827 Natu—

539 3850 760 3909 raliter
792 3847 1111 3916 videmus,
1169 3851 1232 3906 et
1277 3863 1468 3907 sanos
1517 3847 1824 3909 habemus
1871 3841 2091 3908 oculos
2139 3845 2490 3907 secundum
2539 3850 2872 3914 naturam;
2926 3841 3036 3903 sed
3085 3841 3434 3920 aliquando
3484 3863 3564 3903 ex
3599 3845 3774 3906 mala

540 3928 813 4003 quadam
839 3923 1169 3986 affectione
1195 3925 1442 3986 laeditur
1465 3930 1681 3986 noster
1708 3928 1989 4003 obtutus.
2023 3925 2085 3984 Si
2117 3924 2311 4002 igitur
2336 3921 3027 4003 naturaliamutantur,
3051 3925 3294 3997 quanto
3311 3922 3598 4003 amplius
3625 3939 3774 3999 quae

539 3998 617 4063 ad
638 4004 1033 4081 voluntatem
1065 4003 1425 4081 pertinent?
1445 4002 1880 4081 Quadraginta
1906 4004 2038 4062 dies
2062 3998 2306 4062 tantum
2330 4003 2557 4081 tribuis
2588 3998 3175 4081 salutianimmetuag
3196 4019 3210 4081 :_
3231 3998 3770 4081 arbitrorautem,

541 4079 696 4156 quia
720 4097 935 4158 neque
956 4077 1376 4158 quadraginta
1407 4081 1564 4151 dies,
1598 4085 1657 4142 et
1695 4077 1914 4158 speras
1946 4081 2277 4158 propitiari
2321 4080 2562 4140 Deum?
2587 4077 2832 4138 Jocaris
2882 4077 3107 4155 magis.
3141 4079 3253 4158 Dic
3283 4079 3436 4138 mihi
3458 4123 3475 4151 ,
3506 4079 3637 4140 haec
3667 4079 3775 4138 di-

543 4155 691 4216 cens
723 4171 850 4214 non
881 4157 962 4216 ab
989 4173 1128 4235 una
1149 4155 1411 4217 in'anno
1438 4155 1845 4235 perceptione
1881 4155 1996 4218 nos
2027 4155 2196 4227 veto,
2230 4159 2337 4218 sed
2376 4159 2520 4218 volo
2542 4172 2794 4234 semper
2848 4171 2958 4215 vos
2989 4155 3292 4218 accedere
3322 4176 3336 4214 :
3370 4157 3604 4218 sanctis
3635 4158 3773 4217 haec

543 4249 846 4313 concessa
873 4239 1043 4313 sunt.
1077 4234 1211 4313 Hoc
1237 4234 1762 4296 etiamdiacdnus
1795 4237 2051 4296 insonat
2080 4237 2142 4295 in
2171 4237 2280 4298 illa
2317 4236 2476 4298 hora
2505 4239 2757 4295 sanctos
2805 4249 3038 4313 vecans
3061 4277 3077 4307 ,
3110 4239 3171 4294 et
3217 4252 3330 4313 per
3363 4235 3529 4297 hanc
3556 4248 3774 4296 vocem

546 4311 738 4392 veluti
784 4312 1066 4373 maculas
1095 4312 1458 4392 inspiciens.
1501 4313 1673 4374 Sicut
1717 4315 1884 4373 enim
1923 4313 1988 4372 in
2035 4333 2262 4392 grege,
2308 4314 2418 4375 ubi
2463 4313 2679 4374 multm
2722 4310 2976 4389 quidem
3028 4310 3235 4375 salva!
3264 4318 3412 4374 sunt
3457 4313 3770 4392 pecudes,

545 4391 756 4451 multa:
775 4396 986 4451 autem
1015 4390 1223 4452 scabie
1255 4391 1455 4466 plenas
1495 4397 1666 4464 sunt,
1701 4409 1961 4452 necesse
1993 4390 2088 4452 est
2126 4390 2192 4452 u't
2233 4395 2330 4454 hac
2366 4391 2828 4469 prohibeantur
2854 4406 2892 4450 a
2921 4392 3094 4453 sanis
3126 4411 3139 4450 :
3201 4393 3292 4453 sic
3336 4390 3526 4452 etiam
3569 4394 3632 4452 in
3661 4411 3775 4453 ec-

545 4469 761 4548 clesia,
790 4470 1096 4548 quoniam
1117 4469 1265 4548 alite
1289 4470 1542 4546 quidem
1569 4474 1719 4531 sunt
1745 4471 1936 4532 salvas
1964 4471 2232 4548 pecudes
2253 4516 2268 4543 ,
2299 4472 2442 4532 alia;
2482 4475 2696 4530 autem
2727 4469 2987 4548 vitiatas,
3023 4488 3136 4547 per
3168 4471 3333 4532 hanc
3360 4488 3580 4530 vocem
3610 4488 3773 4548 pro-

547 4547 843 4628 hibentur
870 4547 964 4608 hie
1002 4550 1082 4628 ab
1111 4547 1257 4628 illis,
1284 4553 1624 4628 penetrans
1658 4549 1892 4628 ubique
1924 4546 2038 4628 per
2077 4567 2294 4611 vocem
2322 4550 2492 4610 illam
2525 4546 2910 4628 tremendam
2933 4546 3226 4610 saCerdos
3253 4555 3506 4610 sanctos
3535 4546 3774 4610 vocans

546 4629 610 4704 et
635 4625 982 4686 attrahens.
1023 4625 1186 4698 Quia
1216 4626 1383 4687 enim
1427 4625 1816 4704 impossibile
1846 4625 1944 4690 est
1988 4631 2309 4690 hominem
2339 4629 2502 4690 scire
2549 4627 2853 4704 interiora
2878 4627 3209 4704 proximi:
3245 4628 3400 4703 Quis
3451 4628 3610 4687 enim
3655 4629 3776 4688 scit

546 4703 887 4769 hominum,
931 4705 1172 4779 inquit,
1208 4703 1535 4786 quassum,
1575 4707 1864 4786 hominis,
1912 4709 2039 4768 nisi
2084 4709 2349 4786 spiritus
2399 4707 2665 4786 hominis
2706 4703 2816 4785 qui
2863 4703 2931 4763 in
2977 4704 3115 4783 ipso
3159 4709 3295 4786 est?
3347 4707 3510 4786 hanc
3547 4707 3776 4786 emittit

549 4798 767 4862 vocem
821 4787 1158 4862 postquam
1207 4783 1586 4862 sacriﬁcium
1631 4785 1977 4862 perficitur,
2026 4783 2360 4847 ut'nullus
2401 4783 2772 4862 simpliciter
2804 4787 2866 4842 et
2912 4785 3389 4860 quomodolibet
3428 4784 3506 4844 ad
3536 4783 3776 4844 fontem

549 4859 941 4942 spiritualem
969 4861 1201 4942 veniat.
1246 4861 1491 4942 Etenim
1531 4859 1830 4942 ini—grege
1873 4865 2074 4942 (nihil
2106 4866 2400 4942 prohibet
2431 4859 2650 4925 eodem
2693 4859 3254 4942 iterum’exemplo
3290 4862 3416 4941 uti)
3452 4864 3775 4923 morbidas

549 4937 802 5012 quidem
853 4938 1432 5019 intro_recludimus
1456 4987 1470 5005 .
1503 4946 1564 5000 et
1604 4937 1669 5001 in
1713 4937 1987 5002 tenebris
2023 4937 2331 5004 habemus
2363 4989 2378 5015 ,
2409 4949 2470 5002 et
2507 4943 2703 5002 altera
2747 4937 3534 5019 nutrimenta—tribuimus,
3565 4959 3776 5019 neque

548 5031 628 5072 ex
663 5031 809 5073 aere
849 5017 1112 5098 mundo,
1141 5034 1348 5098 neque
1397 5036 1477 5077 ex
1525 5019 1776 5095 pascuis
1827 5021 2041 5097 puris,
2094 5039 2306 5098 neque
2360 5039 2439 5081 ex
2499 5021 2667 5080 fonte
2699 5017 2807 5098 qui
2865 5016 3014 5078 foris
3051 5025 3188 5091 est,
3218 5038 3323 5081 eas
3355 5016 3776 5098 permittimus

550 5109 824 5176 sumere.
853 5094 930 5152 Et
964 5095 1074 5176 hic,
1098 5095 1289 5176 igitur
1326 5096 1462 5176 ipsa
1493 5094 1616 5156 vox
1654 5115 1770 5174 pro
1804 5094 2072 5158 vinculis
2113 5094 2495 5176 quibusdam
2534 5104 2649 5158 est.
2681 5094 2819 5156 Non
2853 5100 3031 5171 potes
3072 5097 3280 5159 dicere
3311 5118 3325 5156 :
3355 5094 3774 5176 'Nesciebam,

549 5170 922 5251 ignorabam
967 5170 1512 5248 quia'periculum
1551 5170 1841 5251 seq—uitur
1890 5176 2057 5236 hanc
2117 5170 2399 5237 causam.
2448 5177 2723 5236 Maxime
2752 5170 2964 5234 autem
3015 5181 3076 5235 et
3119 5177 3352 5236 Paulus
3401 5175 3774 5238 testiﬁcatus

549 5253 646 5335 est
685 5248 848 5335 hanc
890 5265 1169 5335 causam.
1218 5251 1332 5310 Sed
1374 5253 1560 5335 dicis,
1603 5248 1740 5335 Non
1787 5254 1928 5335 legi.
1981 5255 2117 5314 Non
2159 5262 2257 5315 est
2303 5256 2436 5315 hzcc
2483 5255 2844 5322 excusatio,
2882 5253 2990 5311 sed
3037 5255 3300 5314 crimen.
3330 5257 3448 5316 Per
3487 5255 3773 5335 singulos

549 5327 682 5411 dies
711 5327 908 5411 intras
947 5328 1276 5388 ecclesiam
1302 5374 1316 5399 ,
1351 5335 1412 5389 et
1454 5331 1661 5411 adhuc
1705 5327 1878 5392 istud
1900 5332 2200 5411 ignoras?

629 5405 1077 5491 Verumtamen
1107 5411 1178 5491 ut
1203 5425 1411 5491 neque
1457 5409 1624 5491 hanc
1672 5411 1784 5470 tibi
1816 5405 2296 5491 exe'usationem
2342 5409 2653 5474 invenias.
2691 5412 3122 5491 preptcreaein
3177 5411 3387 5473 altiori
3428 5412 3568 5474 loco
3600 5427 3774 5474 stans

549 5497 780 5574 megna
813 5497 968 5574 voce
1011 5490 1072 5542 et
1101 5487 1387 5574 trementi
1418 5489 1793 5574 conclamat,
1822 5489 2024 5574 veluti
2041 5489 2303 5574 quidam
2333 5487 2830 5574 praeco-,ma'nus'
2860 5489 3200 5574 sustollens
3229 5492 3304 5574 ine
3323 5493 3545 5563 altum,
3583 5493 3772 5552 altius

553 5563 740 5638 etiam
762 5563 898 5635 ipse
919 5567 1093 5638 stans
1127 5563 1422 5624 omnibus
1469 5566 1838 5626 manifestus
1866 5563 2177 5637 efficitur;
2212 5576 2272 5627 et
2309 5563 2502 5628 manu
2535 5568 2642 5627 illa
2673 5570 3018 5638 tremenda,
3047 5575 3106 5628 et
3137 5569 3438 5629 continua
3474 5587 3624 5630 voce
3670 5589 3776 5629 re-

549 5637 859 5724 clamans.
892 5637 1052 5730 alitus
1083 5639 1337 5730 quidem
1383 5649 1588 5730 vocat,
1614 5644 1779 5730 alios
1806 5651 2018 5730 autem
2045 5644 2340 5730 p_1_'_0hi_bet
2370 5665 2383 5703 :
2417 5664 2542 5730 non
2575 5665 2764 5730 manu
2797 5648 2914 5708 hoc
2953 5647 3214 5718 faciens,
3256 5648 3360 5708 sed
3389 5649 3616 5730 lingua
3648 5649 3775 5709 cla‘

551 5718 684 5773 rius
714 5731 906 5790 quam
937 5718 990 5776 si
1025 5733 1212 5776 manu
1252 5718 1370 5779 hoc
1396 5721 1648 5782 faceret.
1691 5723 1827 5782 Vox
1873 5718 2180 5783 enim—illa
2228 5724 2290 5782 in
2319 5724 2600 5784 auditum
2645 5725 2896 5786 irruens
2944 5732 3255 5800 nostrum,
3307 5718 3524 5787 veluti"
3546 5745 3773 5788 manus
