4058 6204
406 323 516 379 359
1041 285 1352 381 MUTIANO
1396 321 1639 378 SCHOL.
1684 318 2147 378 INTERPRE'FE.
2194 353 2256 363 --
2301 323 2453 379 CAP.
2494 323 2561 379 Χ,
2606 319 2839 378 llOMIL.
2886 320 3026 379 XIX.
3547 322 3651 380 589

394 449 518 508 hoc
539 445 731 507 etiam
753 449 872 516 est,
900 465 1025 506 non
1054 447 1410 509 vericordes
1434 449 1504 528 [Γ.
1531 451 1664 509 veri
1689 449 1955 527 cordis]:
1984 465 2114 510 non
2138 445 2650 528 credendoenim
2674 442 3668 528 pusillanimitasefﬁcitur.[Quid

391 534 609 607 autem
641 532 814 596 erat,
835 527 1343 607 'psusillanimitas
1385 523 1733 606 et'licitur?]
1767 523 2103 603 Quomodo
2130 535 2346 589 autem
2383 526 2507 607 erit
2543 525 2700 586 hoc?
2729 525 2790 584 Si
2821 523 3297 607 satisfaciamus
3347 523 3525 589 vobis
3557 547 3672 607 per

393 605 604 667 ﬁdem.
636 603 895 682 Aspersi
927 607 1142 666 corda.
1173 608 1390 680 Quare
1418 625 1547 666 non
1581 603 1768 680 dixit,
1796 607 2087 670 Mundati
2106 610 2134 667 ?
2156 605 2594 668 Ditl'erentiam
2625 604 3022 682 aspersionis
3049 603 3274 664 volens
3303 603 3665 681 ostende—re,

391 687 568 747 aliud
597 684 1026 764 quidemesse
1050 687 1187 758 Dei,
1214 686 1388 748 aliud
1413 693 1628 748 autem
1653 693 1970 748 nostrum.
1997 689 2277 748 Abluere
2306 685 2548 764 quippe
2579 689 2642 744 et
2669 701 3023 764 aspergere
3040 684 3527 764 conscientiam,
3556 687 3664 750 Dei

391 770 529 838 est;
561 762 709 826 cum
743 763 1012 825 veritate
1048 771 1264 828 autem
1296 766 1603 828 accedere
1632 772 1696 828 et
1728 768 1791 826 in
1825 766 2262 829 satisfactione
2305 762 2489 834 ﬁdei,
2523 767 2815 824 nostrum
2857 767 2974 822 est.
3007 762 3252 825 Deinde
3283 765 3475 827 etiam
3521 765 3666 826 ﬁdei

391 845 502 906 dat
530 844 861 924 propriam
901 845 1198 906 virtutem
1245 864 1327 907 ex
1359 846 1628 908 veritate
1669 845 2052 924 proﬁtentis.
2085 845 2248 920 Quid
2293 850 2391 906 est
2415 889 2432 916 ,
2470 841 2691 924 Abluti
2726 859 2974 924 corpus
2994 860 3158 920 aqua
3200 844 3478 924 munda?
3510 845 3666 919 Qua:

391 921 670 1006 mundos
709 923 857 984 facit
885 943 900 982 :
930 941 1013 1006 an
1043 924 1237 1006 forte,
1253 926 1436 1006 quod
1467 943 1599 1006 non
1629 921 1864 988 habeat
1889 927 2296 1006 sanguinem.
2327 921 2930 1006 Deinde‘subjungit
2953 921 3083 1000 jam
3115 923 3286 1000 quad
3314 923 3662 1006 perfectum

390 1009 512 1076 est,
546 1004 792 1085 ho_c__est
818 1003 1172 1085 caritatem.
1204 1001 1356 1066 Νόη
1395 1004 1886 1085 derelinquentes
1908 1051 1922 1072 ,
1952 1001 2185 1082 inquit,
2226 1001 2768 1085 congregationem
2792 1009 3085 1085 nostram
3107 1021 3122 1060 :
3142 1003 3327 1085 quod
3358 1003 3660 1085 facientes

393 1083 719 1153 nonnulli,
753 1083 1289 1162 congregationes
1321 1079 1663 1146 scindunt:
1679 1086 1915 1146 Frater
1940 1079 2172 1164 quippe
2215 1105 2252 1144 a
2268 1079 2490 1237 (fratre
2517 1081 2795 1162 adjutus,
2829 1079 2995 1140 sicut
3026 1080 3250 1140 civitas
3278 1083 3520 1144 munita
3550 1094 3659 1144 est.

393 1163 514 1223 Sed
543 1161 966 1237 intelligamus
994 1163 1254 1225 invicem
1283 1163 1364 1224 ad
1389 1164 1899 1237 provocationem
1930 1164 2237 1225 caritatis.
2324 1162 2430 1222 uid
2462 1167 2580 1232 est,
2612 1159 3048 1237 lntelligamus
3081 1161 3389 1221 invicem?
3427 1161 3488 1222 Si
3515 1165 3659 1237 quis

389 1163 514 1223 Sed
543 1159 966 1240 intelligamus
994 1159 1254 1225 invicem
1283 1163 1364 1224 ad
1389 1164 1899 1242 provocationem
1930 1159 2237 1225 veritatis.
2268 1159 2430 1237 Quid
2462 1159 3048 1242 estflnt‘elligamus
3081 1161 3389 1242 invicem?
3427 1161 3488 1222 Si
3515 1165 3663 1240 quis

391 1242 588 1303 fuerit
616 1243 848 1302 virtute
880 1242 1213 1320 preeditus,
1244 1240 1416 1304 hunc
1443 1244 1792 1318 imitemur,
1821 1245 1886 1304 in
1914 1262 2060 1304 eum
2089 1243 2490 1304 intendamus
2514 1286 2531 1314 ,
2565 1248 2636 1302 ut
2683 1240 3023 1319 diligamus
3059 1245 3122 1302 et
3161 1241 3545 1320 diligamur:
3579 1262 3664 1306 ex

389 1322 736 1383 dilectione
761 1321 1002 1400 quippe
1033 1323 1203 1384 bona
1232 1339 1430 1400 epera
1461 1322 1644 1384 ﬁunt.

469 1398 1044 1480 Magnum’qnippe
1077 1398 1317 1482 bonum
1351 1407 1446 1464 est
1474 1402 1890 1482 congregatio
1924 1422 1939 1462 :
1973 1403 2113 1480 ipsa
2143 1418 2425 1480 namque
2460 1402 2813 1482 caritatem
2834 1404 3141 1478 Operatur
3169 1398 3620 1482 ferventiorem
3643 1449 3660 1476 ,

390 1487 454 1541 et
482 1479 939 1561 ex’earcuncta
969 1480 1212 1561 optima
1242 1479 1638 1561 generantur
1665 1503 1680 1540 :
1717 1479 1878 1542 nihil
1910 1479 2188 1560 namque
2221 1479 2612 1561 bonumest,
2645 1479 2818 1561 quod
2849 1497 2979 1540 non
3017 1497 3134 1561 per
3185 1481 3519 1561 caritatem
3569 1481 3658 1541 ﬁt.

394 1559 819 1640 lstamsigitur
861 1559 1314 1640 conﬁrmemus
1343 1561 1407 1622 in
1454 1562 1729 1623 invicem
1763 1581 1778 1622 :
1817 1561 2158 1623 Plenitudo
2204 1561 2444 1638 quippe
2475 1559 2628 1638 legis
2653 1559 3020 1640 caritasest.
3054 1559 3192 1619 Non
3233 1559 3402 1619 enim
3437 1560 3662 1640 labore

389 1657 558 1717 opus
591 1638 930 1710 habemus,
972 1638 1086 1701 aut
1111 1640 1459 1702 sudoribus
1496 1661 1512 1700 :
1545 1642 1598 1702 si
1626 1641 2046 1702 dilexerimus
2075 1641 2376 1711 invicem,
2405 1643 2763 1718 spontanea
2805 1638 2991 1699 nobis
3045 1639 3152 1700 via
3201 1639 3657 1718 prosternitur,

387 1719 634 1799 ducens
665 1718 744 1780 ad
771 1719 1092 1780 virtutem.
1121 1719 1299 1780 Sicut
1329 1720 1499 1780 enim
1530 1721 1594 1780 in
1630 1720 1860 1780 itinere
1893 1719 2236 1799 contingit,
2262 1719 2314 1779 si
2341 1719 2487 1796 quis
2511 1719 2764 1778 initium
2791 1718 3313 1799 comprehendat,
3345 1719 3517 1778 recta
3556 1721 3664 1785 via

386 1798 671 1869 ducitur,
699 1803 762 1858 et
790 1815 919 1858 non
951 1802 1204 1876 oportet
1230 1799 1552 1861 declinare
1580 1819 1594 1859 :
1628 1799 1720 1861 sic
1746 1800 1938 1860 etiam
1975 1799 2040 1860 in
2069 1797 2370 1870 caritate;
2401 1803 2650 1858 tantum
2677 1798 2893 1875 arripe
2925 1797 3337 1874 principium,
3367 1800 3659 1860 etstalim

389 1894 655 1939 manum
696 1878 808 1957 tibi
857 1881 1148 1955 praebens
1182 1877 1323 1956 ipsa
1351 1884 1411 1940 te
1441 1878 1695 1940 deducit
1727 1883 1789 1938 et
1813 1878 2050 1957 dirigit.
2073 1878 2316 1940 Caritas
2343 1877 2623 1957 proximi
2637 1877 2870 1957 malum
2896 1894 3026 1936 non
3053 1884 3371 1955 operatur,
3405 1895 3534 1938 non
3558 1898 3660 1940 co-

386 1957 564 2049 gitat
603 1955 1588 2049 malum.consideretuquisque
1627 1955 2044 2049 semetipsum
2071 2001 2087 2029 ,
2118 1955 2442 2049 quomodo
2485 1955 2764 2049 afﬁcitur
2790 1973 2946 2049 erga
2997 1957 3280 2049 seipsum
3311 1975 3326 2014 :
3362 1974 3491 2049 non
3536 1958 3658 2020 sibi

388 2035 666 2108 invidet,
698 2035 918 2098 omnia
949 2036 1013 2096 in
1041 2054 1110 2098 se
1138 2035 1429 2098 continet
1451 2038 1645 2110 bona,
1679 2038 1980 2097 omnibus
2017 2054 2085 2097 se
2109 2035 2540 2114 praehonorat,
2569 2035 2789 2096 omnia
2823 2036 2944 2096 sub
2974 2053 3042 2095 se
3079 2036 3216 2095 vult
3241 2036 3654 2099 constituere.

387 2116 450 2176 Si
479 2115 680 2195 igitur
709 2115 961 2176 etcirca
992 2116 1155 2177 alios
1183 2116 1275 2176 sic
1298 2115 1684 2188 aﬂiciamur,
1713 2115 1931 2177 omnia
1962 2115 2130 2176 mala
2159 2115 2501 2195 solvuntur
2539 2133 2554 2172 :
2587 2131 2718 2174 non
2749 2119 2939 2195 erunt
2961 2114 3334 2195 inimicitiae,
3361 2133 3490 2175 non
3531 2134 3658 2176 cu—

389 2193 620 2276 piditas
654 2213 671 2254 :
699 2195 848 2273 quis
885 2195 1055 2276 enim
1081 2213 1210 2256 non
1235 2197 1317 2276 [f.
1348 2195 1465 2258 del.
1496 2198 1660 2272 non]
1692 2195 2148 2276 velitseipsum
2177 2194 2453 2272 amplius
2484 2193 2769 2276 habere?
2799 2194 3048 2276 nullus;
3083 2193 3192 2254 sed
3220 2211 3254 2276 _e
3276 2202 3497 2276 contra
3529 2195 3658 2256 ha—

391 2272 686 2336 bebimus
725 2272 1152 2336 communiter
1176 2272 1432 2347 cuncta,
1461 2280 1525 2334 et
1562 2272 1978 2335 cessabimus
2005 2279 2472 2353 congregantes
2503 2273 2872 2351 nobisipsis.
2898 2274 2978 2332 Et
3025 2273 3150 2333 hoc
3188 2273 3241 2333 si
3290 2272 3660 2342 fecerimus.

388 2353 664 2414 retentio
692 2354 841 2416 mali
872 2354 937 2413 in
965 2353 1155 2415 corde
1185 2354 1399 2414 locum
1439 2371 1568 2414 non
1599 2353 1882 2415 habebit.
1911 2353 2070 2427 Quis
2115 2359 2331 2413 autem
2360 2353 2512 2414 velit
2543 2353 2824 2414 retinere
2863 2353 3150 2412 malum?
3181 2353 3328 2429 quis
3383 2354 3534 2414 velit
3571 2355 3656 2414 si-

389 2434 580 2510 biipsi
603 2433 853 2523 irasci?
884 2451 1100 2494 nonne
1129 2435 1409 2494 maxime
1432 2432 1804 2523 nobisipsios,
1837 2450 2033 2523 quam
2065 2433 2407 2523 omnibus,
2438 2433 2878 2523 ignoscimus?
2906 2432 2966 2523 Si
3010 2448 3165 2511 ergo
3203 2433 3306 2523 sic
3341 2431 3405 2492 in
3439 2435 3657 2523 prpxi-

383 2530 530 2573 mos
556 2512 940 2583 afﬁciamur,
970 2529 1326 2590 numquam
1355 2513 1712 2574 remanebit
1738 2511 1804 2571 in
1845 2511 2037 2572 corde
2073 2511 2226 2590 mali
2258 2511 2552 2571 retentio.
2584 2511 2662 2570 Et
2687 2511 3012 2588 quomodo
3043 2511 3349 2589 possibile
3377 2518 3476 2573 est
3505 2513 3651 2582 hoc,

385 2592 630 2669 inquis,
663 2591 928 2670 diligere
957 2589 1324 2669 proximum
1358 2593 1523 2652 sicut
1551 2591 1878 2669 seipsum?
1913 2591 1975 2650 Si
2010 2607 2140 2650 non
2171 2589 2458 2651 fecerunt
2489 2591 2680 2651 etiam
2703 2590 2824 2652 hoc
2851 2591 2987 2664 alii,
3012 2592 3174 2652 bene
3199 2595 3385 2670 putas
3417 2591 3656 2669 impos-

387 2668 578 2731 sibile
609 2691 624 2730 :
656 2671 706 2731 si
739 2668 1302 2737 autem’fecerunt.
1331 2668 1742 2732 manifestum
1775 2675 1894 2744 est,
1925 2671 2078 2747 quia
2118 2687 2234 2748 per
2262 2670 2718 2749 negligentiam
2747 2687 2785 2731 a
2817 2671 3001 2731 nobis
3029 2687 3161 2730 non
3193 2668 3488 2730 efﬁcitur.
3511 2668 3652 2730 Sed

384 2755 453 2811 et
482 2750 644 2811 alias
668 2749 828 2810 nihil
856 2750 1252 2828 impossibile
1282 2751 1553 2828 imperat
1581 2749 1898 2824 Christus,
1933 2750 1999 2808 in
2035 2754 2285 2810 tantum
2318 2755 2388 2808 ut
2418 2749 2608 2809 etiam
2645 2750 2828 2810 multi
2868 2749 3484 2829 supergrederentur
3511 2749 3651 2829 ejus

440 2835 734 2907 rascepta.
761 2829 1120 2908 Quissergo,
1157 2829 1396 2906 inquis,
1429 2829 1571 2908 fecit
1602 2829 1768 2890 hoc?
1789 2829 1962 2891 Fecit
1980 2829 2102 2890 hoc
2145 2829 2404 2900 Paulus,
2434 2829 2681 2908 Petrus,
2712 2829 2920 2890 omnis
2958 2829 3193 2890 chorus
3252 2836 3647 2890 sanctorum.

440 2848 734 2907 raacepta.
761 2848 918 2903 uuis
941 2848 1120 2908 ergo,
1157 2848 1396 2906 inquis,
1429 2848 1571 2890 Ieeu
1602 2848 1768 2890 nocz
1789 2848 2102 2891 recunoc
2145 2848 2404 2900 Paulus,
2436 2848 2681 2899 retrus,
2712 2848 2920 2890 omnis
2958 2848 3193 2890 cnorus
3252 2848 3647 2890 sanctorum.

388 2848 512 2970 Sed
542 2910 595 2969 si
643 2909 852 2970 dicam
879 2906 1033 2986 quia
1063 2911 1396 2986 proximos
1417 2907 1808 2977 dilexerunt,
1843 2909 2002 2970 nihil
2033 2927 2337 2989 magnum
2373 2909 2516 2970 dico
2543 2928 2557 2967 :
2597 2907 2894 2970 inimicos
2944 2908 3037 2969 sic
3077 2913 3462 2969 amaverunt
3489 2927 3653 2987 quo.

378 2995 573 3056 modo
607 3012 732 3055 non
766 2995 1382 3075 amavitquisquam
1417 2993 1958 3075 suosunanimes.
1990 2994 2148 3075 Quis
2171 2993 2344 3055 enim
2378 2991 2691 3075 suscipiat
2718 3009 2837 3075 pro
2856 2993 3180 3054 unanimis
3207 2995 3271 3055 in
3296 2997 3661 3075 gehennam

378 3075 515 3146 ire,
552 3093 696 3136 cum
733 3077 824 3135 ire
861 3073 1064 3150 possit
1097 3073 1175 3134 ad
1210 3074 1532 3149 regnum?
1578 3073 1805 3134 Nullus
1842 3078 1948 3135 :at
1977 3074 2215 3135 Paulus
2250 3089 2367 3150 pro
2409 3071 2686 3132 inimicis
2740 3071 2862 3131 hoc
2916 3071 3657 3149 susceptum'habebat,

385 3172 508 3233 pro
539 3149 1068 3233 lapidantibuset
1095 3151 1568 3233 ﬂagellantibus
1627 3169 1798 3213 eum.
1837 3152 2062 3226 Qualis
2109 3149 2265 3233 ergo
2300 3152 2500 3233 nobis
2521 3150 2644 3233 erit
2683 3149 2914 3233 ve_nia_,
2962 3151 3171 3227 qualis
3202 3155 3568 3226 excusatio,
3602 3159 3655 3218 si

384 3229 489 3295 vel
519 3229 800 3294 minimas
834 3232 998 3310 parti
1029 3229 1314 3293 caritatis
1338 3232 1637 3302 similem,
1671 3248 1868 3310 quam
1905 3229 2383 3310 ostendit’circa
2414 3230 2709 3310 inimicos
2751 3229 3014 3310 Paulus,
3044 3247 3170 3290 non
3217 3249 3370 3310 erga
3412 3234 3656 3295 amicos

378 3307 904 3374 ostenderimus?
930 3311 1010 3372 Et
1047 3313 1274 3374 beatus
1316 3310 1466 3372 item
1496 3307 1710 3371 Moses
1728 3316 1880 3372 ante
1915 3311 2104 3371 istum
2130 3327 2248 3388 pro
2282 3309 2557 3370 inimicis
2591 3307 2795 3388 voluit
2820 3308 3256 3388 lapidantibus
3282 3307 3429 3372 eum
3458 3312 3657 3374 deleri

375 3392 460 3454 de
491 3392 656 3452 libro
686 3391 821 3453 Dei.
859 3391 935 3451 Et
957 3391 1160 3452 David
1180 3391 1562 3452 rebellantes
1591 3390 1898 3452 adversus
1922 3408 1994 3452 se
2015 3387 2234 3452 videns
2263 3390 2703 3469 interemptos,
2723 3387 2927 3469 dixit:
2957 3388 3097 3469 Ego
3121 3397 3345 3468 pastor
3366 3395 3622 3469 peccavi
3639 3443 3652 3460 .

381 3482 442 3532 et
475 3470 586 3532 isti
614 3470 768 3549 quid
790 3471 1123 3550 fecerunt?
1157 3475 1218 3532 et
1248 3470 1504 3550 Saiilem
1533 3469 1704 3530 inter
1735 3488 1967 3530 manus
1996 3470 2284 3550 habens,
2314 3467 2602 3550 occidere
2633 3467 2840 3550 noluit
2867 3487 2884 3538 ;
2933 3468 3091 3550 quin
3124 3467 3314 3532 etiam
3357 3467 3654 3542 salvavit,

377 3546 742 3630 praesertim
775 3546 922 3610 cum
952 3551 1090 3630 ipse
1123 3549 1513 3630 inpericulo
1542 3553 1712 3610 esset
1745 3550 2156 3610 constitutus.
2181 3549 2242 3609 Si
2266 3553 2478 3610 autem
2506 3547 2641 3608 hanc
2667 3546 2732 3606 in
2763 3547 2959 3614 veteri
2994 3549 3440 3630 Testamento,
3487 3569 3658 3628 qua~

380 3627 514 3691 lem
547 3628 802 3691 veniam
829 3645 947 3689 nos
980 3628 1357 3689 habebimus
1391 3629 1455 3688 in
1486 3645 1655 3686 novo
1682 3630 2094 3690 Testamento
2127 3631 2609 3698 conversantes,
2645 3631 2708 3686 et
2750 3645 2962 3704 neque
2998 3627 3076 3688 ad
3110 3645 3480 3690 mensuram
3511 3627 3655 3692 illo-

383 3726 535 3767 rum
566 3709 1057 3784 pervenientes?
1084 3707 1452 3786 Nisiienitu
1485 3705 1918 3786 abundaverit,
1962 3707 2199 3785 inquit,
2236 3706 2501 3786 justitia
2539 3713 2746 3786 vestra
2778 3705 2928 3786 plus
2979 3726 3163 3786 quam
3209 3706 3555 3769 scribarum
3599 3721 3654 3770 et

379 3787 868 3854 Pharisceorum,
901 3805 1032 3846 non
1067 3785 1388 3847 intrabitis
1414 3789 1484 3846 in
1506 3803 1766 3864 regnum
1803 3785 2114 3846 calorum.
2149 3785 2309 3846 Cum
2352 3801 2506 3864 ergo
2547 3785 3003 3864 etiamminus’
3033 3786 3344 3848 habemus
3380 3789 3463 3849 ab
3496 3790 3647 3856 illis.

377 3865 711 3941 quomodo
747 3865 1181 3926 intrabimus?
1206 3864 1494 3943 Diligite,
1528 3863 1769 3943 inquit,
1804 3865 2099 3926 inimicos
2130 3873 2388 3924 vestros.
2430 3863 2636 3943 Dilige
2675 3863 2873 3941 igitur
2896 3864 3264 3937 inimicum;
3319 3884 3446 3926 non
3483 3869 3655 3930 enim

377 3945 481 4005 illi
512 3950 801 4023 praestas,
840 3943 951 4006 sed
981 3945 1118 4005 tibi.
1153 3942 1785 4021 Quomodo?Similis
1817 3944 2113 4006 eﬁicieris
2147 3945 2302 4004 Deo.
2330 3943 2446 4023 llle
2473 3942 2670 4020 igitur
2697 3943 2748 4002 si
2785 3948 3039 4004 ametur
3063 3950 3208 4016 ate,
3245 3945 3405 4005 nihil
3436 3947 3656 4009 luera—

380 4022 528 4095 tur:
559 4041 595 4085 a
626 4041 942 4086 conservo
974 4024 1215 4102 quippe
1235 4024 1501 4084 dilectus
1536 4029 1671 4084 est:
1707 4028 1773 4082 tu
1802 4031 2019 4086 autem
2051 4024 2103 4084 si
2135 4022 2438 4083 dilexeris
2468 4035 2858 4102 conservum
2881 4067 2897 4096 ,
2929 4039 3236 4102 magnum
3267 4025 3519 4087 lucrum
3551 4027 3655 4088 fa-

379 4103 544 4174 cies,
572 4107 636 4164 et
664 4103 960 4164 efﬁcieris
988 4100 1224 4174 similis
1245 4103 1401 4164 Deo.
1426 4103 1615 4163 Vides
1643 4102 1797 4179 quia
1828 4104 1990 4163 nihil
2016 4103 2238 4182 gratia;
2269 4102 2359 4182 illi
2401 4107 2668 4182 prastas
2693 4145 2708 4173 ,
2741 4100 2852 4182 sed
2900 4101 3010 4162 tibi
3031 4104 3059 4162 Ἰ
3095 4104 3308 4181 ipsum
3355 4107 3654 4167 meritum

378 4183 561 4265 enim
593 4199 720 4265 non
753 4183 1010 4265 illi,‘sed
1043 4183 1155 4242 tibi
1188 4199 1548 4265 comparas.
1580 4182 1745 4255 Quid
1780 4200 1959 4265 ergo,
2003 4181 2242 4265 inquis,
2284 4181 2338 4265 si
2369 4181 2452 4242 sit
2483 4181 2848 4265 malignus?
2876 4183 3083 4265 Tanto
3121 4185 3398 4265 amplius
3449 4187 3656 4265 major
3733 4223 3738 4232 -

377 4263 516 4322 eris
571 4264 633 4322 et
682 4261 970 4322 meritis:
1026 4278 1143 4341 pro
1174 4262 1578 4341 malignitate
1617 4279 1736 4323 sua
1779 4261 1968 4323 debes
2024 4261 2113 4321 illi
2147 4261 2445 4340 gratiam,
2491 4264 2556 4341 et
2597 4262 2678 4341 [Γ.
2713 4261 2884 4340 etsi]
2924 4262 3126 4324 multa
3169 4264 3370 4326 millia
3400 4261 3654 4327 beneﬁ—

380 4342 637 4402 ciorum
685 4340 1067 4418 suscipiens,
1113 4340 1320 4420 adhuc
1347 4340 1558 4402 malus
1591 4357 1928 4420 permanes
1961 4343 2038 4420 [Γ.
2065 4343 2457 4418 permanet].
2490 4340 2552 4420 Si
2593 4340 2765 4420 enim
2797 4359 2926 4401 non
2991 4347 3161 4403 esset
3193 4343 3374 4404 valde
3420 4346 3655 4416 malus,

378 4437 602 4498 neque
621 4420 734 4480 tibi
767 4438 1008 4501 merces
1033 4419 1218 4501 valde
1245 4425 1580 4501 cresceret.
1607 4419 1877 4480 Proinde
1907 4419 2105 4483 causa
2131 4438 2260 4501 non
2295 4419 2552 4481 amandi
2575 4425 2636 4501 et
2663 4419 2949 4492 dicendi,
2981 4421 3146 4495 Quia
3175 4422 3496 4501 malignus
3526 4431 3656 4495 est,

377 4515 590 4562 causa
617 4499 898 4561 amandi.
929 4498 1128 4560 Aufer
1161 4499 1558 4561 contrarium
1588 4503 1994 4572 certatorem,
2023 4503 2086 4561 et
2111 4499 2366 4561 auferes
2397 4498 2772 4561 occasiones
2806 4517 3220 4562 coronarum.
3250 4498 3391 4562 No'n
3439 4503 3661 4565 inme-—

379 4579 480 4660 ris
511 4595 840 4660 praecones
858 4578 1189 4660 quomodo
1221 4578 1512 4660 sacculos
1543 4595 1743 4640 arena
1772 4580 2118 4660 replentes,
2148 4579 2238 4642 ita
2269 4579 2753 4660 exercitantur?
2788 4581 2883 4640 Tu
2915 4585 3132 4660 autem
3165 4598 3327 4660 Opus
3358 4601 3488 4643 non
3533 4583 3658 4644 ha-

382 4659 505 4719 bes
531 4658 812 4719 studium
856 4658 952 4719 his
989 4657 1356 4735 impendere
1389 4679 1403 4718 :
1435 4659 1627 4737 plena
1655 4664 1754 4720 est
1785 4659 1915 4721 vita
1942 4659 2226 4722 humana
2255 4659 2750 4721 exercitantium
2780 4665 2872 4728 te,
2905 4665 2968 4720 et
3009 4657 3377 4722 facientium
3420 4663 3660 4722 fortio—

383 4756 556 4817 rem.
586 4738 725 4799 Non
777 4737 951 4799 vides
1001 4739 1155 4815 quia
1198 4741 1259 4798 et
1319 4739 1586 4800 arbores
1637 4745 1883 4816 quanto
1944 4738 2147 4800 ventis
2195 4745 2727 4810 commoventur,
2777 4745 2960 4800 tanto
3021 4741 3300 4817 amplius
3352 4738 3654 4802 fortiores

383 4815 764 4899 efﬁciuntur
788 4823 854 4899 et
881 4817 1137 4899 densae?
1163 4818 1242 4878 Et
1270 4834 1386 4899 nos
1424 4817 1642 4899 igitur,
1660 4815 1729 4899 ’si
1780 4817 2092 4899 fuerimus
2121 4819 2559 4899 longanimes,
2593 4818 2892 4899 fortiores
2937 4815 3203 4899 erimus.
3252 4820 3366 4881 l'ir
3420 4821 3660 4899 longa-

387 4896 617 4965 nimis,
646 4898 888 4978 inquit,
917 4896 1153 4978 multus
1198 4903 1286 4957 est
1331 4896 1399 4958 in
1431 4895 1795 4978 sapientia:
1814 4896 1926 4978 qui
1965 4906 2170 4957 autem
2208 4895 2303 4978 est
2325 4895 2793 4978 pusillaminis,
2847 4898 3035 4978 [ortis
3081 4900 3336 4960 stultus.
3377 4895 3658 4962 Intueris

389 4983 642 5056 quanta
672 4977 866 5054 hujus
899 4977 1016 5056 viri
1047 4977 1190 5038 laus
1223 4979 1341 5047 est,
1375 4979 1437 5036 et
1466 4979 1712 5056 quanta
1734 4976 2308 5056 illiusaccusatio?
2335 4975 2582 5043 Fortis,
2614 4975 2863 5054 inquit,
2896 4978 3150 5046 stultus,
3182 4979 3302 5040 hoc
3323 4986 3444 5053 est,
3479 4980 3660 5043 valde

387 5054 655 5119 stultus.
689 5055 958 5117 Proinde
986 5073 1114 5116 non
1144 5057 1347 5116 simus
1380 5054 1823 5133 pusillanimes
1858 5055 1938 5118 ad
1977 5056 2252 5118 invicem
2280 5075 2296 5115 :
2329 5073 2459 5116 non
2492 5056 2665 5117 enim
2708 5057 2830 5117 hoc
2868 5076 2950 5118 ex
2997 5057 3345 5121 inimicitiis
3408 5062 3659 5124 contiu-

388 5135 510 5207 git.
544 5135 652 5197 sed
682 5154 763 5197 ex
803 5134 1331 5216 pusillanimitate
1353 5135 1609 5196 animus.
1638 5133 1701 5194 Si
1740 5154 1890 5198 vero
1918 5137 2109 5198 fuerit
2136 5138 2342 5216 fortis.
2374 5138 2590 5198 omnia
2621 5137 2803 5196 facile
2833 5137 3090 5203 tolerat.
3114 5143 3173 5198 et
3197 5139 3358 5202 nihil
3380 5157 3662 5216 eampo-

379 5219 952 5310 teritdemergere,
987 5213 1624 5310 sedoadhtranquillos
1651 5230 1794 5310 eant
1826 5219 2052 5310 postas
2075 5213 2345 5310 adducet
2376 5236 2391 5275 :
2426 5235 2591 5310 quos
2625 5217 2954 5310 contingat
2983 5235 3100 5280 nos
3127 5234 3352 5310 omnes
3377 5213 3670 5310 adipis-ci,

378 5299 597 5379 gratia
630 5303 694 5379 et
721 5291 1162 5379 misericordia
1191 5291 1444 5352 Domini
1482 5293 1684 5379 nostri
1715 5291 1868 5353 Jesu
1901 5293 2163 5379 Christi,
2198 5313 2343 5379 cum
2385 5291 2516 5374 quo
2537 5298 2718 5379 _Patri
2757 5291 2888 5359 una
2932 5315 3079 5359 cum
3114 5302 3342 5360 sancto
3403 5291 3670 5374 Spiritu,

379 5371 622 5456 gloria,
653 5375 1023 5454 imperium,
1051 5371 1286 5446 honor,
1314 5388 1486 5432 nunc
1513 5377 1573 5432 et
1598 5390 1874 5450 semper,
1907 5379 1972 5434 et
1999 5373 2064 5434 in
2097 5375 2334 5437 saacula
2365 5371 2778 5438 saeculorum.
2812 5379 3038 5439 Amen.

1700 5674 2100 5716 ,ἠῦοκν
2113 5684 2222 5695 ...η
