4058 6204
371 242 465 294 t2!
1095 239 1157 294 S.
1199 239 1250 296 «Ι.
1293 239 1780 298 CllllYSOSTO-MI
1824 243 1973 300 llOMI

2014 243 2130 301 ΛᾸΞ
2173 243 2235 301 IN
2279 243 2504 302 EPIST.
2546 246 2639 300 AD
2679 243 2886 301 IIEBR.
3513 242 3616 296 τῆς

381 343 645 422 contigit
685 340 1014 422 damnum,
1071 339 1168 400 vel
1204 337 1427 422 gloria}
1455 337 1820 422 :_cxagitati
1853 343 2100 400 tantum
2131 340 2326 422 estis,
2370 345 2433 398 et
2463 339 3029 422 persequutionem
3078 341 3292 422 passi:
3345 341 3632 422 Christus

382 415 596 486 autem
628 437 742 499 pro
779 419 958 480 vobis
991 415 1370 499 sanguinem
1398 415 1594 487 fudit;
1639 415 1751 479 vos
1787 425 2008 499 autem
2041 437 2155 495 pro
2187 415 2687 494 vobismetipsis’
2711 419 2982 478 necdum
3020 415 3146 480 tale
3175 421 3416 497 aliquid
3467 424 3633 499 passi

385 503 535 566 estis
581 497 758 560 {ille
801 515 1007 573 usque
1059 497 1136 558 ad
1176 501 1442 555 mortem
1499 513 1616 574 pro
1667 497 1932 558 veritate
1972 502 2251 558 certatus
2305 502 2440 570 est,
2496 512 2793 574 pugnans
2847 516 2964 574 pro
3002 500 3215 572 vobis;
3268 517 3381 560 vos
3421 497 3634 561 autem

387 580 655 644 necdum
691 577 770 638 ad
801 575 1086 655 pericula
1122 574 1505 656 pervenistis
1528 618 1545 644 ,
1581 592 1724 656 quae
1756 575 2095 656 minantur
2125 576 2476 656 interitum.
2525 576 2616 656 Et
2646 576 2824 636 obliti
2855 578 3033 643 estis,
3065 578 3306 656 inquit,
3358 580 3638 640 consola-

387 659 602 722 tionis.
638 659 770 719 Hoc
796 653 888 716 est
911 699 928 727 ,
976 671 1203 714 manus
1235 653 1528 726 dedistis,
1561 661 1623 713 et
1662 654 1953 734 dissoiuti
1974 655 2159 734 estis.
2193 655 2504 721 Necdum,
2544 654 2794 731 inquit,
2824 673 3014 734 usque
3038 656 3118 716 ad
3143 653 3508 734 san-guinem
3545 675 3639 718 re-

385 739 642 825 stitistis
667 737 957 796 adversus
978 741 1303 825 peceatum
1331 742 1776 825 repugnantes:
1806 733 1943 794 Hoc
1967 733 2038 825 iri
2063 735 2203 796 loco
2229 734 2622 825 demonstrat
2653 735 2844 825 etiam
2869 733 3200 825 peccatum
3236 733 3641 825 vehementer

389 819 696 880 adversus
735 831 844 874 eos
872 811 1190 890 aspirans,
1223 816 1285 871 et
1311 811 1578 890 diversis
1611 811 1813 872 modis
1838 817 2156 874 armatum
2185 833 2199 872 :
2230 812 2402 890 quod
2449 811 2620 872 enim
2658 811 2896 874 dictum
2940 818 3068 884 est,
3119 814 3398 876 Necdum
3447 816 3640 876 resti-

391 895 579 962 tistis,
607 894 685 955 ad
729 889 970 973 stiautes
999 890 1252 973 dicitur.
1286 891 1374 949 Et
1434 889 1612 973 obliti
1649 891 1822 973 estis,
1861 891 2107 973 inquit,
2153 889 2637 973 consolationis,
2684 908 2796 968 per
2827 910 3010 973 quam
3039 893 3210 973 vobis
3254 894 3444 973 veluti
3495 893 3642 973 ﬁliis

391 910 579 962 usus,
607 910 685 955 au
729 910 970 954 sumes
999 910 1252 950 (llClllll’.
1286 910 1374 949 ni
1434 910 1611 951 owm
1655 910 1822 958 esus,
1861 910 2101 968 inquit,
2153 910 2637 958 conseiauoms,
2684 910 2796 968 per
2869 910 3010 951 uam
3039 910 3210 955 vobis
3254 910 3442 954 velut:
3495 910 3642 973 [um

389 974 730 1055 fabulatur.
762 970 890 1032 Fili
929 969 1033 1036 mi,
1074 970 1305 1055 inquit,
1339 968 1492 1055 n_oli_
1522 969 1826 1055 negligere
1856 969 2254 1049 disciplinam
2285 970 2560 1055 Domini,
2594 987 2784 1055 neque
2810 910 3094 1051 [attigeris
3127 973 3272 1055 dum
3303 971 3390 1055 Aab
3428 991 3505 1055 eo
3528 989 3642 1032 ar—

393 1048 621 1131 gueris.
660 1052 1116 1131 Postquamoex
1147 1050 1338 1131 rebus
1376 1048 1528 1131 ipsis
1559 1049 1850 1131 hortatus
1881 1048 2184 1131 est,f’tuuc
2211 1068 2290 1109 ex
2312 1048 2858 1131 Aabuudantiaeos
2888 1068 2970 1109 ex
2998 1051 3375 1131 testimoniis
3406 1051 3643 1112 adhor-

393 1125 582 1195 tatur.
615 1125 1114 1208 Neque’deﬁcias,
1147 1127 1376 1208 inquit,
1396 1127 1546 1208 dum
1567 1125 1640 1187 ab
1669 1146 1736 1208 e_o
1765 1130 2070 1206 argueris.
2101 1127 2283 1188 Certe
2309 1128 2450 1208 haec
2471 1128 2584 1208 Dei
2610 1130 2803 1208 verba
2828 1134 3000 1200 sunt,
3031 1129 3196 1191 unde
3224 1148 3352 1190 non
3385 1147 3641 1208 parvam

391 1215 484 1274 eis
529 1205 1045 1290 poterit_aﬂerre
1097 1207 1640 1290 consolationem,
1682 1205 1855 1290 dum;
1907 1212 2294 1286 cognoscant
2343 1206 2499 1290 quia
2540 1207 2652 1290 Dei
2701 1224 2863 1283 opus
2891 1212 3038 1290 est,
3089 1226 3284 1290 posse
3331 1205 3441 1270 eos
3497 1210 3643 1271 talia

397 1284 736 1352 sustinere.
777 1287 924 1365 lpso
957 1285 1666 1365 namquepermittente
1685 1284 1841 1363 justi
1866 1284 2202 1362 pressuras
2233 1286 2442 1346 varias
2471 1286 2824 1362 patiuntur,
2853 1286 3017 1346 sicut
3045 1284 3106 1346 et
3135 1288 3332 1348 Paulo
3357 1291 3644 1365 apostolo

394 1371 630 1431 dictum
661 1373 757 1428 est
789 1362 1098 1445 {Sufﬁcit
1137 1362 1251 1445 tibi
1287 1364 1494 1445 gratio
1536 1382 1666 1445 mea
1691 1362 1721 1422 7:
1764 1381 1909 1423 nam
1940 1365 2148 1445 virtus
2177 1365 2248 1425 in
2268 1365 2632 1445 inﬁrmitate
2666 1366 3032 1445 perﬁcitur.
3057 1366 3172 1426 llle
3218 1383 3373 1445 ergo
3401 1362 3496 1428 est
3537 1367 3642 1445 qui

399 1449 726 1528 permittit.
755 1442 946 1528 Quem
968 1442 1195 1528 diligit
1226 1443 1385 1528 enim
1432 1442 1762 1528 Domiuus,
1781 1444 2006 1528 arguit
2039 1463 2058 1502 :
2107 1443 2381 1528 ﬂagellat
2412 1452 2614 1528 autem
2646 1442 2897 1528 omnem
2941 1444 3140 1522 ﬁlium
3165 1442 3359 1528 quem
3397 1442 3642 1528 recipit.

399 1520 538 1590 Non
570 1533 750 1606 potes
778 1520 1012 1606 dicere,
1043 1520 1198 1600 quia
1233 1527 1328 1606 est
1351 1521 1562 1599 justus
1595 1521 1829 1606 aliquis
1860 1522 1970 1606 qui
2004 1520 2236 1600 expers
2265 1520 2703 1606 tribulationis
2738 1520 3028 1606 easistat,
3061 1520 3300 1585 etsi—sic
3335 1520 3648 1586 nobis'vi~

399 1599 669 1677 deatur;
714 1603 821 1665 sed
851 1603 1220 1680 ignoramus
1253 1599 1389 1680 ejus
1435 1605 1661 1660 caetera
1708 1599 2123 1680 calamitosa,
2156 1618 2317 1680 quae
2357 1603 2617 1680 patitur.
2667 1601 2936 1680 Proinde
2969 1619 3228 1663 necesse
3269 1608 3364 1662 est
3398 1621 3646 1664 omnem

399 1689 643 1766 justum
683 1701 798 1766 per
827 1679 1164 1759 pressuras
1195 1679 1774 1766 tribulationesque
1814 1679 2470 1766 transire._Sententia
2509 1679 2748 1766 quippe
2777 1679 3008 1740 Christi
3039 1687 3195 1766 est,
3251 1683 3403 1766 quia
3437 1683 3562 1744 lata
3594 1690 3650 1766 et

400 1757 982 1843 spatiosa'via—est,
1029 1776 1172 1843 qua:
1201 1757 1479 1843 ducitad
1518 1757 1937 1843 perditionem
1961 1764 2188 1843 ;_a_rcta
2233 1774 2383 1843 vero
2419 1765 2479 1817 et
2505 1764 2811 1843 angusta,
2844 1776 2988 1834 quae
3017 1759 3190 1819 ducit
3217 1757 3295 1820 ad
3343 1763 3558 1843 vitam.
3593 1761 3649 1820 Si

401 1836 595 1922 igitur
612 1840 920 1922 perillam
941 1836 1194 1922 venitur
1212 1836 1288 1898 ad
1314 1837 1530 1922 vitam,
1559 1842 1766 1922 etnon
1791 1841 1996 1922 potest
2020 1837 2173 1897 illuc
2200 1836 2761 1922 aliter_pervcniri:
2793 1843 3037 1922 certum
3065 1844 3159 1898 est
3191 1839 3369 1922 quod
3390 1859 3507 1918 per
3535 1857 3654 1901 an-

421 1915 660 1996 gustam
700 1919 868 1980 hanc
902 1918 1074 1996 viam
1106 1933 1327 1976 omnes
1384 1915 1473 1974 illi
1519 1916 1936 1996 transierunt,
1967 1920 2288 1996 quotquot
2327 1915 2407 1975 ad
2439 1917 2632 1976 vitam
2662 1915 2947 1992 perducti
2977 1922 3130 1996 surit
3174 1915 3648 1996 sempiternam.

434 1994 472 2062 n
503 1999 866 2077 disciplina,
900 1995 1132 2077 inquit,
1182 2001 1608 2077 perseverate,
1644 2011 1772 2054 non
1808 1994 1876 2054 in
1920 1995 2253 2077 suppliciis
2278 2011 2538 2077 ,_neque
2568 1997 2634 2053 in
2680 1996 3038 2077 tormentis.
3079 1994 3336 2077 intuere
3371 1996 3523 2076 quid
3567 1998 3653 2058 ait

405 2072 865 2142 Paulus-Unde
899 2075 1212 2153 putabant
1241 2091 1317 2153 se
1333 2073 1668 2153 derelictos
1699 2091 1865 2153 esse,
1897 2090 1979 2133 ex
2033 2075 2154 2134 hoc
2196 2073 2346 2134 dicit
2386 2091 2496 2153 eos
2535 2072 2737 2150 magis
2782 2073 3042 2153 credere
3074 2074 3307 2135 debere
3350 2072 3651 2153 quoniam

406 2177 536 2222 non
569 2163 720 2219 sunt
768 2151 1078 2216 derelicli.
1111 2152 1322 2213 Veluti
1360 2152 1413 2212 si
1445 2152 1705 2224 diceret,
1737 2152 1901 2225 Quia
1930 2158 2107 2213 tanta
2138 2153 2311 2229 passi
2355 2152 2540 2223 estis,
2592 2151 2830 2228 putatis
2863 2152 3036 2228 quod
3081 2169 3194 2213 vos
3235 2151 3385 2214 odio
3427 2157 3656 2217 habeat

407 2239 505 2300 vel
551 2233 981 2313 dereliquerit_
996 2233 1160 2313 Deus
1186 2231 1214 2289 ‘l
1253 2230 1315 2290 Si
1348 2231 1517 2290 enim
1549 2231 1688 2313 haec
1731 2248 1859 2290 non
1891 2231 2270 2313 pateremini
2291 2275 2306 2302 ,
2341 2235 2494 2313 tunc
2523 2231 2725 2313 magis
2752 2229 2874 2313 hoc
2908 2248 3020 2291 vos
3045 2231 3364 2313 conjicere
3406 2252 3654 2312 compe-

403 2320 574 2380 tebat
610 2336 624 2375 :
663 2315 717 2376 si
746 2307 916 2374 enim
947 2309 1224 2388 ﬂagellat
1252 2327 1506 2388 omnem
1539 2308 1742 2368 ﬁlium
1765 2327 1956 2388 quem
1985 2309 2234 2388 recipit,
2268 2309 2397 2388 qui
2428 2325 2556 2368 non
2594 2307 2978 2388 ﬂagellatur,
3008 2310 3147 2370 sine
3168 2307 3374 2371 'dubio
3405 2329 3535 2372 non
3555 2307 3653 2374 'est

403 2399 467 2458 in
486 2410 757 2456 numero
779 2387 1082 2452 ﬁliorum.
1101 2387 1265 2460 Quid
1291 2406 1468 2466 ergo,
1491 2388 1742 2463 inquit?
1769 2387 2034 2464 maligni
2068 2387 2248 2448 nulla
2277 2387 2446 2448 mala
2471 2388 2801 2463 patiuntur
2818 2389 2846 2446 ?
2866 2387 3221 2461 Quomodo,
3247 2390 3481 2467 inquit,
3504 2391 3651 2452 dicis

401 2477 559 2549 quod
601 2475 810 2536 omnis
855 2472 1025 2532 ﬁlius
1068 2469 1478 2548 ﬂagellatur?
1528 2469 1645 2529 Sed
1688 2487 1823 2549 non
1865 2471 2064 2542 dixit,
2101 2470 2255 2549 quia
2306 2469 2518 2530 omnis
2547 2469 2659 2546 qui
2693 2467 3055 2549 ﬂagellatur
3103 2472 3272 2534 ﬁlius
3318 2480 3452 2544 est,
3512 2474 3617 2534 sed
3647 2517 3662 2544 ,

388 2548 613 2616 Omnis
657 2554 827 2613 ﬁlius
879 2551 1263 2629 ﬂagellatur.
1297 2549 1563 2629 Semper
1597 2548 1769 2629 enim
1823 2553 1884 2608 et
1917 2549 2157 2625 ubique
2180 2548 2390 2629 ﬁlium
2430 2550 2728 2626 verberat
2755 2548 2818 2610 et
2846 2551 3118 2629 castigat
3151 2571 3166 2610 :
3211 2552 3332 2612 hoc
3377 2558 3506 2622 est,
3548 2551 3666 2613 de-

393 2633 736 2693 monstrari
767 2649 895 2691 non
923 2625 1153 2710 potest,
1181 2627 1626 2710 quouiamqui
1657 2627 1826 2687 ﬁlius
1855 2632 1974 2710 e_s_t,
2008 2645 2138 2710 uon
2158 2625 2530 2710 Aﬂageiletur
2553 2647 2568 2710 _:
2591 2644 2738 2710 _non_
2756 2629 2990 2705 poterit
3017 2625 3100 2710 [Γ.
3132 2631 3658 2710 poterisldicere.

391 2713 552 2772 Sunt
580 2710 837 2788 quidem
883 2705 1140 2785 plurimi
1179 2707 1289 2784 qui
1324 2705 1732 2843 ﬂagellantur
1782 2707 2081 2784 maligni,
2119 2705 2285 2767 sicut
2335 2705 2690 2777 homicidaa,
2723 2707 3010 2770 latrones
3037 2705 3061 2783 ,’
3093 2705 3408 2781 maleﬁci,
3443 2709 3663 2788 sepul—

393 2809 650 2843 crm-nm
697 2787 1200 2843 denrmdatores:
1236 2785 1344 2843 sed
1394 2785 1482 2843 ili
1530 2802 1647 2843 pro
1690 2803 1810 2843 sua
1860 2785 2202 2843 iniquitate
2263 2785 2584 2843 sunolicia
2636 2787 2996 2843 patiuntur.
3046 2793 3109 2843 et
3154 2805 3284 2843 non
3329 2789 3499 2843 sicut
3554 2788 3661 2843 ﬁlii

393 2785 650 2850 crorum
697 2787 1200 2866 depraadatores;
1236 2785 1344 2846 sed
1394 2785 1647 2866 illipro
1690 2803 1810 2866 sua
1860 2785 2202 2862 iniquitate
2263 2785 2584 2866 supplicia
2636 2787 2996 2866 patiuntur,
3046 2793 3109 2850 et
3154 2805 3285 2849 non
3329 2785 3661 2850 sicut'ﬁlii

393 2864 825 2948 ﬂagellantur,
877 2865 986 2927 sed
1022 2867 1202 2948 sicut
1260 2864 1520 2942 pessimi
1571 2865 1961 2948 puniuntur;
2008 2882 2124 2948 n_os
2171 2870 2386 2948 autem
2434 2865 2785 2948 sicut_ﬁlii.
2839 2866 3082 2948 Deinde
3127 2886 3210 2927 ex
3252 2869 3583 2948 communi
3609 2874 3668 2928 et

392 2943 650 3026 publica
682 2945 1375 3026 consuetudineagere
1405 2961 1550 3003 cum
1583 2944 2008 3026 eisinstituit.
2035 2945 2320 3026 intueris
2349 2943 2676 3026 quomodo
2724 2945 3012 3026 undique
3040 2953 3425 3024 argumenta
3475 2947 3665 3008 dedu-

391 3023 499 3097 cit,
529 3046 611 3088 ex
653 3028 871 3097 rebus,
910 3044 991 3086 ex
1044 3023 1414 3102 Scripturis,
1447 3039 1527 3082 ex
1572 3023 1783 3084 verbis
1815 3023 2109 3094 diversis,
2149 3041 2229 3083 ex
2263 3023 2866 3102 ratiocinationibus
2915 3023 3193 3102 propriis
3215 3070 3231 3099 ,
3265 3045 3345 3087 ex
3379 3027 3667 3087 similitu-

391 3108 648 3168 dinibus
696 3109 758 3167 et
793 3104 1141 3183 exemplis,
1188 3101 1259 3164 ct
1308 3103 1804 3167 conversatione
1853 3104 1998 3165 vitae
2039 3102 2447 3165 communis?
2490 3101 2674 3179 Quod
2725 3102 2781 3164 si
2839 3101 3022 3165 extra
3041 3101 3461 3184 disciplinam
3501 3106 3662 3172 estis.

392 3187 622 3247 inquit.

461 3206 757 3327 (kalendis
787 3264 1132 3342 quoniam,
1167 3262 1330 3343 sicut
1355 3261 1486 3343 jam
1519 3259 1687 3334 dixi,
1717 3262 1838 3324 hoc
1861 3262 2198 3343 confirmat
2219 3304 2237 3333 ,
2267 3261 2579 3343 quoniam
2618 3280 2747 3324 non
2782 3267 2992 3342 potest
3018 3263 3188 3326 ﬁlius
3220 3282 3364 3326 esse
3395 3265 3507 3343 qui
3540 3281 3660 3324 non

391 3346 762 3424 castigatur.
797 3343 970 3406 Sicut
999 3344 1171 3403 enim
1204 3343 1267 3424 in
1299 3341 1592 3424 domibus
1636 3341 2170 3424 patrumfamilias
2201 3341 2432 3402 nothos
2465 3341 2630 3424 ﬁlios
2661 3341 3002 3424 negligant
3030 3350 3246 3422 patres
3271 3388 3286 3415 ,
3319 3361 3397 3405 ac
3421 3341 3476 3404 si
3509 3343 3660 3403 nihil

390 3420 780 3496 doceantur,
831 3440 906 3485 ac
937 3425 989 3484 si
1024 3440 1150 3482 non
1203 3421 1358 3482 ﬁant
1388 3421 1686 3498 gloriosi;
1721 3438 1836 3498 pro
1867 3420 2012 3480 ﬁliis
2046 3427 2264 3481 autem
2301 3420 2578 3498 prepriis
2621 3420 2804 3484 valde
2835 3420 3142 3484 verentur
3171 3442 3254 3484 ne
3289 3440 3401 3483 eos
3430 3424 3660 3484 malum

391 3506 713 3582 opprimat
744 3503 1229 3640 negligentia)".
1261 3500 1323 3560 Si
1357 3500 1551 3577 igitur
1571 3543 1587 3570 ,
1620 3507 1690 3560 ut
1720 3517 1848 3558 non
1880 3499 2159 3576 quisque
2189 3501 2539 3578 castigetur
2559 3543 2574 3569 ,
2609 3502 2957 3562 nolhorum
2987 3508 3082 3563 est
3111 3502 3390 3562 ﬁliorum
3414 3547 3431 3573 ,
3462 3519 3660 3584 Opor—

393 3589 480 3640 tet
537 3600 652 3640 nos
696 3599 821 3640 gau
867 3600 976 3640 ere
1037 3598 1182 3640 cum
1239 3581 1633 3640 castigamur
1670 3599 1684 3636 ε
1723 3578 2040 3640 siquidem
2070 3578 2192 3638 hoc
2242 3578 2387 3638 ﬁliis
2419 3579 2696 3640 nrouriis
2727 3580 3072 3640 adhibetur
3134 3601 3148 3640 :
3206 3581 3475 3640 proinde
3505 3597 3660 3640 nro-

393 3578 499 3644 te't'
537 3600 652 3645 nos
696 3578 976 3662 gaudere
1037 3598 1182 3662 cum
1239 3581 1633 3662 castigamur
1670 3599 1684 3636 ε
1723 3578 2040 3662 siquidem
2070 3578 2192 3662 hoc
2242 3578 2387 3662 ﬁliis
2419 3579 2696 3662 propriis
2727 3580 3072 3662 adhibetur
3134 3601 3148 3640 :
3206 3581 3475 3662 proinde
3505 3578 3660 3659 pro-

395 3669 615 3741 pterea
669 3656 1003 3741 n'obiscum
1063 3660 1229 3721 sicut
1283 3656 1448 3741 cuni
1482 3657 1626 3718 ﬁliis
1663 3658 1795 3737 agit
1831 3659 2024 3741 Deus.
2060 3656 2326 3725 Deinde,
2362 3656 2603 3741 inquit,
2633 3669 2844 3741 patres
2883 3659 3126 3738 quidem
3171 3656 3383 3721 carnis
3436 3656 3660 3720 nostra

390 3736 715 3804 habuimus
736 3739 1110 3807 eruditores,
1145 3747 1200 3798 et
1220 3736 1646 3818 reverebamur
1676 3736 1798 3798 eos.
1828 3737 2071 3818 lterum
2105 3755 2184 3818 e_x
2210 3737 2494 3818 propriis
2517 3736 2922 3818 passionibus
2955 3741 3120 3817 agit,
3152 3757 3298 3816 qua:
3324 3741 3662 3818 patieban—

395 3821 741 3907 tursSicut
765 3821 957 3907 enim
1002 3835 1204 3907 supra
1229 3817 1418 3889 dicit,
1462 3816 1981 3907 Dememoramini
2018 3816 2333 3907 pristinos
2380 3817 2510 3876 dies
2563 3837 2581 3876 :
2629 3817 2944 3907 siceliam
2989 3816 3126 3888 hic,
3160 3816 3368 3907 Reus,
3408 3819 3658 3907 inquit,

393 3901 558 3962 sicut
584 3918 729 3962 cum
759 3899 904 3960 ﬁliis
931 3899 1098 3978 agit;
1133 3904 1194 3957 et
1225 3914 1355 3958 non
1386 3897 1652 3978 potestis
1687 3896 1907 3978 dicere
1933 3896 2089 3973 quia
2117 3913 2620 3978 nonpossumus
2651 3896 2800 3978 talia
2828 3897 3127 3958 tolerare.
3153 3898 3229 3978 Si
3251 3898 3424 3958 enim
3454 3904 3660 3978 patres

394 3981 687 4042 carnales
732 3978 845 4038 ﬁlii
891 3975 1300 4048 reverentur,
1348 3976 1672 4053 quomodo
1703 3993 1834 4036 non
1880 3977 2129 4053 Patrem
2162 3975 2477 4036 caelestem
2523 3976 2801 4052 amplius
2849 3977 3279 4037 reveremini?
3313 3978 3451 4037 Non
3497 3977 3662 4038 enim

392 4059 780 4120 discretione
824 4073 1116 4133 personae
1167 4056 1334 4116 inter
1367 4052 1478 4115 eos
1528 4061 1780 4116 tantum
1828 4063 1925 4114 est
1966 4052 2364 4133 diﬂ'crentia,
2399 4055 2572 4132 quod
2616 4055 2707 4114 illi
2742 4055 3022 4128 terreni,
3053 4055 3158 4116 ille
3201 4056 3508 4128 caelestis;
3558 4053 3661 4116 sed

393 4139 586 4199 etiam
618 4155 701 4197 ex
745 4132 885 4212 ipsa
919 4151 1118 4196 causa
1145 4140 1206 4195 et
1241 4152 1322 4195 ex
1352 4134 1491 4210 ipsa
1525 4152 1595 4194 re
1629 4154 1643 4193 :
1679 4151 1807 4194 non
1839 4133 2011 4212 enim
2027 4132 2103 4192 de
2125 4133 2346 4194 eadem
2369 4149 2568 4194 causa
2589 4179 2605 4205 ,
2630 4133 2728 4194 vel
2758 4133 2835 4194 ad
2860 4153 2960 4194 res
2984 4135 3160 4212 ipsas
3188 4135 3526 4205 erudiunt,
3558 4133 3664 4197 sed

397 4211 787 4306 iliiquidem
801 4213 881 4306 ad
909 4213 1080 4306 quod
1106 4213 1199 4306 eis
1231 4212 1504 4306 videtur,
1531 4212 1666 4306 hoc.
1685 4219 1803 4306 est,
1829 4211 2223 4306 voiuntatein
2243 4228 2436 4306 's'uam
2462 4211 3424 4306 desideriumque.compiontes,
3458 4231 3666 4306 ineque

395 4291 638 4373 ubique
665 4293 836 4372 quod
863 4291 1016 4354 utile
1049 4296 1146 4354 est
1175 4292 1280 4373 vel
1309 4291 1480 4369 quod
1506 4291 1805 4373 conducit
1845 4291 2206 4373 attendunt.
2243 4291 2360 4373 Hic
2390 4300 2604 4351 autem
2637 4308 2764 4352 non
2795 4296 3003 4370 potest
3032 4293 3327 4373 similiter
3351 4293 3476 4353 dici
3513 4312 3528 4352 :
3560 4291 3667 4373 uc:

389 4369 719 4454 que—enim
749 4379 1016 4452 prOpter
1042 4371 1286 4454 aliquid
1316 4388 1453 4454 sua;
1477 4369 1958 4454 voluntatishic
2003 4369 2185 4442 facit,
2204 4369 2328 4454 sed
2357 4369 2945 4454 propter‘nostram
2967 4372 3532 4454 commoditatem.
3565 4371 3664 4454 _ll|i

387 4448 608 4517 autem
652 4448 796 4515 ideo
845 4448 961 4514 v'os
990 4448 1400 4521 erudiebant,
1438 4450 1688 4528 inquit,
1719 4457 1791 4510 ut
1830 4448 1985 4527 ipsis
2031 4449 2254 4510 essetis
2299 4449 2530 4522 utiles,
2561 4449 2914 4528 aliquando
2960 4449 3248 4512 fortassis
3279 4452 3474 4513 etiam
3526 4451 3664 4512 sine

391 4549 626 4596 causa:
651 4533 753 4594 hic
780 4537 996 4594 autem
1026 4531 1185 4590 nihil
1216 4529 1342 4590 tale
1371 4534 1488 4590 est.
1522 4528 1993 4607 Contemplaris
2025 4529 2180 4608 quia
2221 4527 2416 4590 etiam
2445 4529 2508 4588 in
2539 4529 2661 4590 hoc
2676 4527 2952 4608 dignam
2984 4530 3110 4591 illis
3137 4531 3350 4592 attulit
3371 4531 3664 4591 consola-

393 4613 680 4674 tionem?
708 4612 989 4673 Maxime
1019 4610 1188 4670 enim
1218 4608 1390 4670 circa
1420 4609 1564 4669 illos
1587 4626 1702 4669 nos
1740 4608 2122 4670 familiarius
2152 4607 2465 4668 habemus
2487 4625 2652 4685 quos
2675 4607 3151 4687 cognoscimus,
3171 4610 3326 4687 quia
3351 4627 3484 4670 non
3516 4626 3662 4686 pro-

437 4699 536 4752 ter
567 4710 637 4753 se
667 4691 997 4770 imperant
1015 4689 1114 4750 vel
1142 4687 1481 4770 erudiunt,
1516 4687 1625 4748 sed
1661 4687 2020 4770 totumillis
2052 4693 2116 4748 et
2154 4687 2418 4770 plenum
2463 4694 2727 4770 prOpter
2776 4705 2900 4770 nos
2943 4689 3309 4751 celebratur
3353 4689 3661 4770 studium.

451 4787 528 4832 oc
557 4765 798 4849 quippe
829 4777 925 4832 est
950 4769 1218 4849 sincera:
1241 4767 1720 4849 atqueintegrze
1750 4767 2034 4828 caritatis
2055 4811 2071 4839 ,
2095 4765 2362 4849 quando
2391 4767 2634 4849 amanti
2671 4767 2736 4826 in
2768 4766 2950 4849 uallo
2980 4786 3204 4849 sumus
3235 4766 3663 4840 accommodi,

387 4857 455 4912 et
489 4844 701 4912 tamen
723 4844 814 4911 ab
849 4867 926 4909 eo
955 4847 1259 4926 docemur
1287 4848 1356 4926 υἱ
1383 4844 1764 4925 diligimur],
1795 4863 1925 4926 non
1953 4851 2031 4926 ut
2051 4844 2298 4922 aliquid
2337 4845 2647 4926 accipiat,
2693 4845 2803 4906 sed
2843 4847 3046 4926 magis
3092 4853 3164 4908 ut
3199 4849 3442 4908 tribuat
3472 4867 3488 4906 :
3523 4864 3664 4908 eru-

389 4931 516 5000 dit,
550 4929 858 5000 instituit,
887 4927 1198 4988 universa
1224 4923 1407 4996 facit,
1435 4923 1606 4986 circa
1636 4932 1868 4986 cuncta
1898 4924 2192 5004 festinato.
2222 4930 2293 4983 ut
2320 4941 2435 4984 nos
2467 4923 2702 5004 efﬁciat
2751 4923 3021 5004 suorum
3052 4927 3474 5004 receptabiles
3518 4942 3661 5004 mu-

393 5025 640 5072 nerum.
677 5007 788 5069 Illi
834 5007 1025 5072 enim,
1061 5005 1304 5081 inquit,
1336 5005 1406 5064 in
1447 5015 1716 5081 tempore
1748 5021 2099 5082 paucorum
2129 5001 2370 5062 dierum
2413 5003 2747 5063 secundum
2779 5003 3165 5064 voluntatem
3197 5001 3369 5065 suam
3401 5003 3656 5064 erudie-

391 5110 542 5169 bant
585 5121 704 5164 nos
746 5121 766 5161 :
813 5100 913 5160 hic
959 5107 1162 5160 autem
1207 5095 1288 5157 ad
1333 5094 1402 5156 id
1436 5095 1605 5175 quod
1645 5095 1803 5156 utile
1841 5103 1960 5163 est,
1990 5103 2080 5175 ut
2122 5092 2496 5175 recipiamus
2531 5089 3089 5175 sauctiﬁcationem
3121 5089 3273 5168 ejus.
3323 5088 3487 5175 Quid
3516 5094 3653 5175 est,

393 5167 968 5264 Sanctiﬁcationem
998 5178 1176 5264 ejus?
1210 5175 1346 5264 iloe
1371 5167 1501 5264 est,
1535 5174 2084 5264 munditiamejus
2107 5217 2124 5246 ,
2171 5167 2510 5264 u_t:di.gnos
2539 5168 2775 5264 efficiat
2805 5167 3161 5264 secuudum
3205 5168 3376 5264 quod
3419 5174 3648 5264 potesi.

395 5247 920 5337 Festinatitaque
949 5247 1404 5337 ut'accipiatis,
1438 5258 1500 5337 e_t
1523 5259 1774 5337 cuncta
1802 5247 2087 5337 facitiut
2123 5250 2304 5312 vobis
2338 5247 2658 5337 impertiat
2689 5266 2704 5306 :
2743 5264 2853 5337 vos
2897 5252 3114 5337 autem
3152 5248 3401 5306 nullum
3441 5247 3656 5325 geritis

393 5324 673 5407 stu—dium
703 5345 774 5401 ut
803 5324 1070 5400 valeatis
1100 5324 1412 5411 accipere.
1450 5332 1611 5392 Diaei
1627 5380 1639 5400 ,
1669 5333 1910 5410 inquit,
1948 5333 2113 5391 Deus
2151 5347 2316 5391 meus
2346 5346 2404 5387 es
2420 5324 2515 5411 itu
2525 5371 2541 5394 ,
2579 5325 2871 5411 quoniam
2891 5324 3197 5386 bonorum
3230 5324 3507 5411 meorum
3529 5343 3657 5385 nou

392 5403 546 5505 Egi}.
580 5403 816 5483 Deinde
840 5415 1171 5496 subiungit
1201 5432 1216 5472 :
1242 5403 1548 5505 '(Jarnales
1566 5457 1580 5478 ,
1606 5403 2107 5505 .inquit,.patre.s
2132 5405 2734 5505 nostr'os‘habuimus
2758 5404 3043 5505 doctores
3085 5413 3140 5464 et
3171 5403 3561 5505 etlueataras,
3603 5411 3653 5463 et

391 5483 820 5564 i'zcerebamur
836 5514 934 5557 eos
959 5483 982 5557 ἶ
1010 5483 1220 5554 ηοῖῑπθ
1237 5491 1432 5552 multo
1456 5483 1971 5569 amplius-subjici
1997 5489 2272 5569 debemus
2297 5485 2478 5545 Patri
2504 5483 2867 5569 spirituum,
2897 5492 2953 5569 et
2971 5483 3294 5569 Δυἱυιιηηιεῖ
3323 5483 3504 5557 Quod
3541 5500 3656 5569 au-

394 5563 522 5643 tem
551 5579 742 5651 dixit,
782 5575 966 5637 Patri
990 5571 1362 5652 spirituum,
1395 5574 1508 5632 aut
1539 5563 2350 5652 charismatumdicittaut
2385 5565 2789 5652 orationum”
2823 5567 2935 5623 aut
2969 5563 3495 5652 incorporearum
3534 5563 3658 5622 vir-

395 5640 627 5721 tutum.
651 5657 711 5717 Si
729 5640 909 5720 cnim
935 5640 1428 5720 sic‘moriemur,
1461 5654 1614 5709 tunc
1647 5651 1959 5711 vivemus.
1988 5647 2098 5708 Illi
2119 5643 2625 5726 quidem,inquit
2648 5640 2766 5726 ,_ad
2793 5651 3026 5726 tempus
3044 5659 3390 5726 paucorum
3420 5641 3657 5726 dierum

394 5736 755 5800 erudiebant
790 5752 906 5793 nos
949 5729 1281 5792 secundum
1323 5729 1706 5790 voluntatem
1749 5745 1946 5788 suam.
1987 5721 2146 5787 Non-
2173 5725 2346 5787 enim
2395 5724 2459 5784 in
2506 5721 2804 5784 omnibus
2837 5721 3131 5784 voluntas
3178 5721 3437 5782 illorum
3485 5721 3655 5780 utilis

397 5822 572 5893 erat,
607 5815 724 5876 iste
755 5817 970 5875 autem
1002 5810 1080 5874 ad
1109 5809 1293 5869 utilia
1325 5825 1440 5869 nos
1463 5806 1758 5868 instituit.
