4058 6204
403 328 510 386 «U3
987 333 1301 392 MUTIANO
1340 335 1584 392 SCHOL.
1627 335 2089 394 lNTERPRETE.
2136 370 2204 380 --
2245 338 2398 397 CAP.
2443 339 2558 396 Xll.
2602 340 2836 397 llOMIL.
2879 342 3070 398 XXIX.
3560 348 3665 401 ιλξι

480 431 1016 520 Discipliuaergo
1041 432 1446 520 participatio
1476 435 1833 497 sanctitatis
1864 441 1994 509 est,
2026 440 2089 520 et
2130 435 2434 520 maxime,
2469 435 2522 496 si
2559 435 2647 496 ita
2676 436 3129 520 negligentiam
3174 439 3369 516 pellit,
3405 441 3665 520 cupidi-

399 517 562 573 tates
603 511 918 582 excludit,
948 512 1350 572 szecularium
1374 531 1588 573 rerum
1606 532 1856 576 amores
1880 516 2208 585 amolitur,
2232 515 2514 576 animam
2537 511 2881 587 convertit;
2900 515 3049 576 facit
3069 511 3212 575 eam
3228 521 3444 582 omnia
3469 511 3660 587 liuius

399 611 431 650 v
446 593 546 674 ita:
563 590 825 668 culpare
846 609 860 648 :
881 589 1255 674 hocquippc
1271 595 1367 674 est
1380 592 1551 674 quod
1571 593 1714 669 [ἀει.
1739 594 1934 674 quod]
1956 595 2316 674 tribulatio:
2343 612 2488 674 cum
2513 594 2645 674 haec
2662 593 2846 674 ﬁunt,
2871 613 3084 656 nonne
3101 589 3664 674 sanctumperﬁci-

395 673 533 752 tur?
550 688 766 752 nonne
789 669 1131 746 specialem
1147 670 1214 745 [ι.
1237 670 1661 752 spiritualem]
1679 669 1842 733 ad'se
1857 669 2127 752 gratiam
2143 673 2493 751 pertrahit?
2510 672 2999 734 Consideremus
3013 674 3246 752 justos,
3265 669 3434 738 unde
3448 681 3660 740 cuncti

394 751 748 832 claruerint
781 767 795 805 :
828 765 1043 807 nonne
1061 765 1174 825 per
1195 749 1692 832 tribulationes?
1721 749 2215 832 Enumeremus,
2234 752 2293 832 isi
2319 753 2549 830 placet,
2579 753 2662 832 ab
2681 752 2820 829 ipso
2842 749 3030 815 initio
3045 754 3226 825 Abel,
3251 755 3463 832 ipsum
3484 757 3654 818 Noe:

395 847 525 910 non
558 829 729 910 enim
772 832 1006 910 potest,
1038 827 1511 910 cunrsolus_sit
1549 829 1614 888 in
1648 831 2053 891 multitudine
2096 827 2526 910 malignorum
2567 827 2806 909 justus,
2840 827 3367 896 tribulationibus
3398 851 3531 895 non
3561 835 3663 898 af~

394 907 550 988 ﬂigi.
583 907 720 970 Noe
751 906 999 994 qaippe,
1035 906 1267 994 inquit,
1288 907 1488 994 “solus
1521 911 1832 994 perfectas
1881 918 2013 994 erat
2043 909 2111 994 in
2151 906 2546 994 generatione
2570 906 2730 976 ἐπα,
2763 918 2820 994 et
2851 911 2994 994 _Dco
3044 913 3312 994 placuit.
3365 914 3660 994 Intellige

391 984 674 1065 namque
702 985 857 1066 mihi
881 984 1058 1066 quod
1088 985 1347 1066 dico.ASi
1380 984 1552 1048 nunc
1582 984 1709 1049 tam
1747 988 2055 1065 plurimos
2085 984 2423 1061 habentes,
2459 1006 2740 1066 quorum
2771 984 3074 1050 debemus
3108 993 3400 1054 aemulari
3438 984 3661 1055 virtti—

391 1073 544 1146 tem,
568 1063 669 1127 'sic
699 1063 1087 1146 affligimur:
1121 1064 1276 1146 quid
1328 1063 1916 1146 putaspatiebatur
1964 1067 2072 1128 ille
2104 1067 2281 1128 solus
2331 1067 2396 1128 in
2449 1063 2628 1129 tanto
2679 1086 2948 1128 numero
2982 1071 3451 1146 pessimorum?
3493 1074 3658 1133 Num

393 1145 613 1216 vultis,
646 1148 717 1204 ut
743 1143 950 1204 dicam
981 1143 1325 1228 quzecirca
1352 1144 1683 1228 diluvium‘
1706 1147 2165 1228 contigerunt?
2198 1163 2283 1228 an
2315 1147 2506 1208 vultis
2550 1151 2632 1228 ut
2667 1143 3465 1228 Abrahtedemigrationes
3518 1151 3658 1214 fre—

387 1228 659 1303 quentes
688 1239 1021 1304 enarrern,
1042 1226 1155 1282 aut
1179 1221 1598 1304 direptionem
1629 1223 1767 1304 ejus
1809 1221 2058 1296 ux'oris,
2086 1229 2199 1286 aut
2221 1225 2472 1288 diversa
2502 1226 2812 1303 pericula,
2852 1227 3021 1288 bella
3050 1221 3424 1300 numerosa,
3455 1231 3657 1292 fames

388 1300 601 1365 tantas
634 1306 696 1362 et
726 1301 932 1386 tales?
973 1300 1136 1360 Num
1178 1300 1369 1386 vultis
1410 1307 1481 1363 ut
1510 1300 1838 1386 revolvam
1880 1309 2126 1382 quanta
2178 1305 2362 1386 Isaac
2403 1300 2798 1386 pertulerit?
2829 1305 3301 1386 Exagitabatur
3339 1309 3650 1386 undique,

385 1390 449 1444 et
495 1380 1029 1465 Ρθτδβ-(ίυυίὲρηθδ
1080 1379 1466 1465 Ρθῖίθδίλίβη
1516 1381 1861 1465 laborabat
1902 1379 2314 1465 mercenaria
2344 1379 2688 1465 Stfrvilntg,
2720 1385 2864 1445 aliis
2896 1379 3190 1465 fructum
3234 1388 3474 1449 laboris
3513 1379 3653 1465 éjuc

385 1457 814 1524 sumentibus.
843 1459 1009 1546 Pium
1041 1457 1228 1519 vultis
1260 1464 1332 1518 ut
1356 1460 1554 1546 Jacob
1580 1463 1759 1546 vobis
1788 1462 2138 1546 producam
2170 1463 2232 1546 in
2269 1462 2548 1546 medium
2571 1464 2600 1522 ?
2627 1463 2704 1522 Et
2732 1464 2952 1525 omnia
2985 1465 3243 1541 quidem
3285 1466 3424 1546 ejus
3455 1457 3650 1528 enar-

385 1559 533 1603 rare
563 1538 1166 1622 necessariumesse
1196 1555 1324 1598 non
1352 1541 1673 1622 putd,_sed
1705 1538 2310 1622 teStimoniumejus
2341 1542 2628 1622 proferre
2662 1538 3097 1622 opportunum
3127 1538 3394 1622 prorsus
3423 1546 3656 1607 existi-

385 1637 531 1680 mo:
571 1619 707 1696 ipse
742 1617 981 1694 quippe
1010 1617 1279 1700 loquens
1302 1635 1446 1677 cum
1481 1619 1816 1681 Pharaone
1849 1639 1865 1678 :
1892 1618 2157 1700 iMadici
2180 1617 2457 1700 (inquit,
2503 1629 2558 1680 et
2583 1617 2845 1697 maligni
2878 1623 3034 1700 facti
3064 1617 3209 1683 ειὶηι
3239 1624 3370 1686 dics
3403 1627 3520 1688 mei
3540 1671 3556 1693 ,
3599 1635 3654 1686 et

383 1716 515 1759 mm
551 1693 970 1780 pervenerunt
1011 1693 1092 1754 ad
1133 1693 1273 1780 dies
1287 1704 1542 1780 patrum
1567 1715 1858 1780 magum.
1890 1699 2056 1758 Num
2084 1693 2333 1780 Joseph'
2355 1700 2545 1780 vultis
2583 1706 2652 1759 ut
2690 1693 2946 1761 dicam?
2977 1719 3106 1762 non
3137 1703 3348 1780 ipsum
3382 1705 3605 1764 Mosen
3640 1749 3656 1771 .

383 1774 784 1858 num—Iesum
817 1774 1008 1858 Nave,
1047 1791 1200 1858 num
1234 1775 1466 1858 David,
1489 1777 1944 1858 numiHeliam,
1977 1774 2543 1858 numSai-muelem,
2569 1797 2723 1838 num
2754 1780 3098 1858 prophetas
3118 1774 3383 1843 ?honne
3411 1784 3660 1844 univer-

382 1874 490 1919 sos
547 1856 701 1917 istos
748 1871 832 1932 ex
888 1852 1410 1932 tribulationibus
1460 1856 1743 1932 reperies
1792 1855 2292 1917 claruisse?Dic
2322 1856 2492 1917 enim
2545 1852 2849 1928 mihiftu
2878 1852 2965 1920 ex
2994 1861 3122 1920 otio
3171 1867 3233 1922 et
3279 1861 3523 1923 deliciis
3565 1862 3660 1921 vis

384 1937 600 1996 clarus
649 1931 1005 2012 exsistere?
1056 1930 1173 1990 Sed
1227 1931 1350 1992 hoc
1401 1930 1657 2012 penitus
1709 1950 1839 1993 non
1896 1934 2160 1995 valebis.
2223 1935 2387 1994 Num
2457 1937 2786 2012 apostolos
2845 1938 3040 1998 vultis
3094 1945 3167 2000 ut
3217 1941 3479 2001 dicam?
3538 1941 3656 2000 Sed

381 2015 576 2075 etiam
624 2011 742 2093 ipsi
785 2028 1050 2093 omnes,
1107 2017 1421 2093 quantum
1476 2011 1554 2093 ad
1609 2012 2104 2093 tribulationem,
2147 2011 2767 2093 pertinet,_czeleros
2820 2025 3232 2093 superarunt.
3292 2019 3410 2079 Sed
3464 2019 3656 2080 etiam

380 2093 670 2155 Christus
703 2090 822 2150 hoc
859 2088 1019 2148 dixit
1052 2108 1066 2146 :
1101 2088 1183 2148 In
1224 2089 1489 2157 mundo,
1536 2090 1774 2164 inquit,
1817 2088 2283 2151 tribulationem
2327 2090 2666 2159 habebitis;
2718 2100 2779 2154 et
2834 2088 3102 2168 iterum,
3173 2099 3294 2157 Vos
3320 2097 3655 2176 plorabitis

379 2191 436 2242 et
490 2181 798 2260 lugebitis,
856 2183 1126 2243 mundus
1159 2191 1361 2243 autem
1411 2181 1723 2261 gaudebit.
1778 2181 1856 2261 Et
1908 2181 2061 2257 quia
2119 2181 2220 2240 via
2270 2181 2494 2261 salutis
2548 2186 2725 2261 arcta
2761 2185 2855 2241 est
2895 2184 3302 2261 et_angusta,
3354 2182 3490 2259 ipse
3519 2183 3652 2242 Do-

379 2259 594 2321 minus
639 2261 781 2322 vitte
824 2261 946 2322 hoc
981 2262 1141 2322 dixit
1174 2281 1190 2320 :
1222 2259 1430 2322 Arcta'
1460 2269 1582 2327 est,
1630 2260 1863 2337 inquit.
1903 2267 1958 2318 et
1988 2266 2271 2338 anguste
2314 2259 2456 2323 via,
2507 2277 2639 2338 quae
2683 2259 2857 2321 ducit
2894 2259 2974 2319 ad
3023 2260 3235 2320 vitam.
3297 2261 3392 2319 Tu
3433 2267 3648 2322 autem

376 2340 735 2418 spatiosam
761 2341 998 2416 quaeris
1032 2361 1046 2399 :
1077 2343 1141 2401 et
1167 2338 1492 2418 quomodo
1531 2357 1658 2399 non
1701 2343 1803 2418 est
1837 2337 2006 2418 istud
2036 2337 2436 2418 absurdum?
2476 2339 2821 2414 Propterea
2848 2356 2978 2398 non
3011 2338 3384 2418 adipisceris
3418 2340 3610 2400 vitam
3631 2385 3646 2410 ,

376 2413 541 2495 quia
570 2436 684 2495 per
717 2413 912 2480 aliam
942 2413 1293 2497 ingrederis
1327 2418 1525 2490 viam,
1575 2418 1683 2480 sed
1731 2417 1811 2479 ad
1857 2417 2243 2497 perditiones
2289 2417 2543 2497 venies;
2590 2413 2744 2497 illuc
2763 2434 3053 2497 namque
3091 2413 3484 2497 descendens
3532 2419 3653 2480 iter

377 2497 654 2576 elegisti.
691 2497 898 2558 Vultis
931 2495 1123 2559 etiam
1152 2502 1222 2558 ut
1258 2498 1688 2574 producamus
1727 2498 1789 2556 in
1823 2495 2278 2576 mediumreos,
2320 2495 2434 2576 qui
2475 2496 2538 2554 in
2568 2495 2811 2576 deliciis
2846 2495 3207 2576 conversati
3246 2501 3485 2576 sunt,a
3521 2515 3652 2556 no-

383 2573 665 2636 vissimis
691 2576 768 2636 ad
802 2576 1042 2654 primos
1072 2573 1369 2654 superius
1396 2577 1840 2636 recurrentes?
1871 2575 2060 2634 Dives
2092 2574 2196 2654 ille
2223 2574 2335 2650 qui
2362 2575 2691 2651 peruritur
2711 2574 2775 2634 in
2798 2574 3050 2654 camino
3082 2573 3286 2653 ignis;
3313 2575 3509 2635 Judaei
3540 2576 3650 2653 qui

383 2655 582 2714 vitam
611 2652 1030 2716 suam'ventri
1057 2652 1378 2716 donavere
1413 2654 1822 2732 perdendam,
1847 2670 2125 2730 quorum
2155 2652 2309 2713 deus
2340 2659 2562 2714 venter
2585 2656 2712 2726 est;
2742 2653 2839 2713 vel
2868 2653 2960 2712 illi
2987 2655 3096 2730 qui
3121 2652 3188 2711 in
3215 2671 3430 2713 eremo
3451 2652 3650 2714 otium

381 2733 790 2810 requirentes
836 2735 1191 2810 perierunt,
1221 2734 1386 2794 sicut
1436 2735 1627 2795 etiam
1682 2733 1746 2792 in
1793 2732 2104 2803 Sodomis,
2137 2737 2400 2809 propter
2427 2733 2940 2810 gastrimargiam
2969 2733 3330 2808 consumpti
3369 2739 3560 2793 sunt:
3591 2738 3652 2794 et

381 2751 790 2810 requirentes
836 2751 1191 2810 perierunt,
1221 2751 1386 2794 sucut
1436 2751 1627 2795 etiam
1682 2751 1746 2792 in
1793 2751 2104 2803 eonomis,
2137 2751 2400 2809 propter
2468 2751 2940 2810 asmmargtam
2969 2751 3330 2808 consumpti
3369 2751 3518 2793 sunt
3546 2753 3560 2791 :
3591 2751 3652 2794 et

379 2811 482 2871 illi
515 2813 625 2888 qui
649 2813 1045 2889 temporibus
1079 2815 1208 2874 Noe
1237 2812 1519 2882 fuerunt,
1557 2829 1770 2872 nonne
1795 2811 1950 2888 quia
1981 2811 2304 2872 humidam
2331 2820 2393 2871 et
2425 2751 2801 2872 dissolutam
2832 2811 3202 2888 persequuti
3235 2815 3386 2871 sunt
3414 2812 3603 2873 vitam
3625 2813 3654 2870 ?

383 2891 912 2983 In‘satitritctem,
944 2891 1176 2983 ingnit,
1203 2891 1389 2983 panis
1419 2891 1815 2983 (Ie/ludicrum
1837 2889 2064 2983 ndeiiis
2095 2892 2204 2983 qui
2238 2890 2302 2949 in
2335 2889 3656 2983 Spdomisnhabitalbant.“Sioa’utemnpanis

375 2971 694 3032 saturitas
730 2973 976 3030 tantum
1012 2968 1368 3048 iniquitatis
1399 2968 1725 3046 operatur,
1758 2969 1911 3046 quid
1947 2969 2281 3028 dicendum
2312 2974 2408 3030 est
2434 2969 2510 3029 de
2553 2969 2695 3030 aliis
2742 2968 3212 3029 condimentis?
3240 2969 3402 3043 Quid
3431 2970 3604 3030 Esau
3625 2972 3654 3029 ?

379 3067 607 3109 nonne
634 3049 699 3108 in
726 3049 880 3107 vitio
903 3050 1211 3127 degebat?
1238 3050 1389 3127 quid
1415 3050 1538 3120 illi,
1563 3049 1672 3125 qui
1700 3054 1959 3125 aspectu
1986 3049 2403 3127 pulchrarum
2425 3048 2722 3127 captivati
2754 3052 2902 3127 sunt
2932 3048 3306 3127 mulierum,
3338 3049 3448 3124 qui
3472 3055 3655 3110 erant

381 3130 444 3188 in
483 3145 763 3188 numero
807 3125 1085 3188 ﬁliorum
1127 3125 1278 3199 Dei,
1313 3135 1374 3189 et
1400 3146 1515 3205 per
1547 3145 1825 3204 prmceps
1854 3127 1930 3188 ad
1965 3125 2284 3185 infernum
2328 3127 2608 3186 libidinis
2652 3125 3063 3205 deciderunt?
3091 3126 3243 3201 quid
3293 3127 3416 3196 illi,
3444 3128 3553 3204 qui
3589 3128 3652 3187 in

381 3206 714 3268 masculos
743 3207 974 3267 insano
1008 3207 1222 3268 furore
1254 3203 1665 3268 ferebantur?
1693 3203 1844 3282 quid
1885 3223 2106 3285 omnes
2151 3223 2332 3281 reges
2373 3206 2689 3285 gentium,
2735 3203 3270 3285 Babyloniorum,
3310 3203 3655 3285 [Egyptio-

381 3304 560 3356 rum,
591 3302 806 3346 nonne
828 3287 1022 3347 vitam
1057 3288 1222 3347 male
1249 3294 1442 3363 atque
1475 3285 1809 3345 infeliciter
1841 3284 2389 3363 terminaverunt?
2431 3300 2643 3363 nonne
2674 3285 2739 3342 in
2763 3282 3094 3363 tormentis
3131 3282 3498 3363 exsistunt?
3534 3284 3650 3363 Sed

381 3382 591 3430 nunc.
625 3364 724 3424 dic
755 3366 934 3434 mihi,
969 3383 1184 3426 nonne
1208 3361 1362 3426 talia
1385 3366 1613 3426 iterum
1642 3363 1845 3424 ﬁunt?
1877 3363 2150 3423 Adverte
2173 3362 2494 3422 Christum
2522 3361 2833 3421 (licentem
2866 3381 2880 3418 :
2916 3361 3042 3435 Qui
3068 3361 3357 3421 mollibus
3385 3362 3654 3423 vestibus

379 3443 774 3509 induuntur,
829 3445 898 3504 in
943 3444 1224 3505 domibus
1262 3462 1475 3519 regum
1511 3452 1704 3502 sunt:
1737 3443 1845 3519 qui
1893 3460 2043 3502 vero
2081 3459 2209 3500 non
2254 3442 2491 3502 habent
2531 3440 2682 3502 talia
2709 3441 3119 3509 vestimenta,
3156 3440 3218 3500 in
3259 3441 3428 3519 czelis
3478 3446 3651 3502 sunt.

379 3522 588 3582 Molle
620 3539 901 3600 namque
934 3518 1378 3584 vestimentum
1421 3523 1613 3584 etiam
1655 3518 1868 3582 veram
1917 3523 1996 3600 [Γ.
2032 3529 2091 3582 et
2131 3522 2514 3600 austeram]?
2540 3519 2826 3600 animam
2870 3519 3196 3588 dissolvit,
3251 3518 3546 3581 diffundit
3594 3527 3656 3581 et

380 3601 632 3680 frangit
658 3620 672 3659 :
701 3618 777 3662 ac
804 3599 864 3661 'si
898 3619 1195 3680 asperum
1224 3604 1456 3663 habeat
1485 3615 1716 3678 corpus
1749 3599 2034 3680 etforte,
2087 3601 2439 3680 citiusﬂper
2483 3599 2820 3680 delicatam
2864 3600 3416 3680 conversationem
3458 3600 3656 3680 molle

380 3677 745 3756 perﬁcitur.
776 3681 935 3741 Nam
968 3677 1133 3742 unde
1160 3681 1420 3758 putatis,
1448 3686 1559 3742 aut
1581 3677 1661 3740 ex
1689 3679 1864 3756 quali
1896 3685 2143 3740 ratione
2175 3679 2474 3741 mulieres
2503 3679 2595 3738 sic
2620 3696 2761 3739 esse
2787 3678 3024 3738 debiles
3056 3683 3117 3758 et
3145 3677 3476 3739 inﬁrmas?
3496 3696 3654 3758 num

377 3777 464 3819 ex
494 3759 872 3820 conditione
939 3773 1126 3820 sexus
1159 3757 1403 3821 tantum
1427 3762 1454 3818 ?
1494 3761 1942 3835 Nequaquam,
1975 3758 2085 3818 sed
2116 3758 2308 3819 etiam
2334 3776 2414 3818 ex
2442 3758 2934 3818 conversatione
2959 3762 3018 3816 et
3041 3757 3440 3817 educatione.
3473 3757 3654 3831 Quod

376 3838 563 3898 enim
599 3839 720 3897 sub
749 3840 1138 3898 umbraculis
1167 3839 1437 3916 degunt,
1461 3839 1630 3915 quod
1659 3837 1802 3898 oleo
1833 3835 2378 3916 unguntur,_quod
2404 3835 2842 3916 frequentibus
2867 3836 3136 3916 lavacris
3167 3843 3457 3908 utuntur,
3487 3837 3656 3914 quod

377 3916 655 3977 assidue
684 3917 1028 3995 unguentis
1051 3913 1524 3978 abundantibus
1551 3922 1612 3978 et
1640 3913 2035 3978 aromatibus
2065 3914 2556 3995 perfunduntur,
2580 3913 2872 3995 ctjacent
2899 3915 2960 3974 in
2980 3915 3394 3995 straminibus
3418 3913 3654 3976 delica-

378 3995 487 4065 tis,
529 3995 663 4054 hoc
691 3992 982 4072 estquod
1027 4013 1134 4057 eas
1167 3996 1324 4056 tales
1352 3995 1564 4057 efﬁcit.
1599 3997 1676 4055 Et
1705 4000 1776 4055 ut
1817 3995 2044 4055 melius
2088 3993 2206 4053 hoc
2235 4010 2581 4071 agnoscas,
2613 3992 2866 4054 attende
2909 3993 3080 4071 quod
3123 3993 3262 4055 dico
3294 4014 3309 4053 :
3343 4012 3425 4055 ex
3475 3995 3660 4054 horto

376 4074 620 4150 aliquo
653 4073 716 4132 in
744 4092 960 4133 eremo
987 4075 1356 4146 constituto,
1389 4075 1498 4152 qui
1537 4075 1736 4135 ventis
1765 4079 1826 4134 et
1857 4073 2336 4151 tempestatibus
2375 4075 2983 4152 verbe_ratur,isumc
3006 4074 3340 4133 arbustum
3370 4073 3656 4151 aliquod,

375 4163 439 4211 ct
473 4170 658 4230 pone
691 4153 754 4212 in
786 4170 987 4230 epaco
1017 4159 1074 4213 et
1097 4170 1347 4230 aquoso
1381 4150 1549 4220 loco,
1582 4159 1642 4213 et
1673 4153 1917 4213 videbis
1953 4150 2125 4229 quod
2154 4152 2421 4212 multum
2457 4168 2510 4231 a_
2539 4150 2909 4231 fortitudine
2940 4158 3000 4211 et
3029 4152 3338 4231 dignitate
3368 4150 3496 4215 sua,
3518 4170 3658 4213 mu-

375 4229 664 4297 tabitur,
695 4229 891 4307 quam
929 4229 1203 4292 habebat
1230 4233 1292 4292 in
1337 4232 1459 4294 hoc
1489 4233 1630 4292 loco
1669 4232 1835 4292 unde
1863 4235 2114 4291 constat
2143 4248 2286 4291 esse
2320 4229 2721 4291 translatum.
2750 4229 2914 4303 Quia
2949 4229 3170 4290 verum
3201 4237 3264 4292 et
3290 4237 3533 4292 certum
3564 4237 3661 4292 est

373 4309 533 4379 hoc,
571 4310 833 4390 attende
860 4311 1185 4382 mulieres,
1219 4328 1364 4389 quae
1395 4311 1460 4370 in
1490 4311 1662 4390 agris
1700 4315 1902 4388 agunt
1924 4311 2166 4390 vitam:
2202 4309 2497 4390 fortiores
2529 4326 2809 4386 namque
2841 4309 2994 4370 viris
3026 4315 3208 4390 sunt,
3242 4311 3355 4390 qui
3390 4315 3549 4390 sunt
3591 4310 3656 4390 in

372 4389 765 4450 civitatibus
797 4390 1158 4462 constituti;
1183 4388 1252 4450 et
1274 4390 1326 4450 si
1360 4406 1469 4450 cas
1499 4388 1827 4467 permittas
1864 4407 2010 4449 cum
2042 4388 2168 4448 illis
2200 4388 2500 4448 athletico
2529 4405 2707 4467 more
2738 4393 3008 4467 certare,
3033 4389 3268 4447 multos
3290 4388 3657 4465 hujusmodi

374 4468 565 4528 viros
615 4467 739 4527 illa}
770 4469 908 4528 sine
944 4468 1137 4527 dubio
1168 4465 1589 4546 superabunt.
1623 4467 1906 4544 Corpore
1941 4484 2220 4546 namque
2255 4467 2433 4526 molli
2464 4465 2707 4526 reddito
2751 4471 2813 4546 et
2839 4466 3133 4537 delicato,
3177 4484 3444 4546 necesse
3473 4471 3570 4525 est
3601 4472 3661 4528 et

369 4546 682 4607 animam
715 4547 1096 4624 participare
1123 4567 1202 4610 ex
1236 4544 1526 4624 corporis
1551 4548 1798 4606 morbo.
1833 4547 1908 4606 In
1934 4545 2152 4606 multis
2175 4549 2465 4622 namque
2494 4545 2977 4622 compatiuntur
3005 4550 3068 4607 et
3095 4544 3467 4605 afﬁciuntur
3493 4561 3660 4622 ope-

372 4626 686 4705 rationes
723 4623 1394 4702 animzepassionibus
1431 4629 1494 4686 et
1533 4625 1977 4705 affectionibus
2023 4624 2335 4705 corporis.
2380 4625 2634 4684 Etenim
2680 4624 2745 4705 in
2794 4625 3276 4705 aegritudinibus
3320 4623 3508 4705 aliter
3540 4641 3658 4684 nos

372 4702 737 4775 habemus,
779 4710 1040 4780 propter
1083 4705 1252 4782 quod
1301 4705 1526 4764 morbo
1555 4704 2028 4773 mollescimus;
2061 4707 2124 4763 et
2151 4703 2382 4764 iterum
2418 4721 2563 4764 cum
2597 4702 2910 4782 valemus,
2952 4705 3136 4764 aliter
3168 4720 3284 4763 nos
3319 4703 3653 4782 habemus.

369 4781 562 4842 Sicut
595 4782 771 4842 enim
808 4781 886 4860 (f.
922 4781 1151 4860 etiam)
1185 4783 1248 4842 in
1279 4782 1532 4844 chordis
1564 4783 1875 4861 contingit
1904 4803 1918 4838 :
1948 4800 2093 4843 cum
2122 4782 2295 4842 enim
2329 4788 2481 4842 sunt
2509 4781 2628 4859 ipsi
2672 4784 2919 4842 sonitus
2959 4783 3178 4861 molles
3212 4786 3283 4861 et!
3306 4781 3556 4842 delicati
3596 4788 3656 4842 et

370 4877 512 4919 non
563 4859 1034 4921 convenienter
1063 4863 1342 4933 extenti,
1381 4862 1570 4922 etiam
1603 4879 1708 4922 ars
1758 4859 2168 4938 depravatur,
2201 4865 2262 4920 et
2307 4862 2560 4939 cogitur
2601 4861 2754 4921 vitio
2799 4862 3044 4922 servire
3092 4859 3479 4921 chordarum
3519 4880 3534 4920 :
3569 4861 3660 4923 sic

369 4940 579 4999 etiam
624 4939 695 4998 fit
727 4940 788 4998 in
821 4957 1087 5017 corpore
1123 4961 1136 4998 :
1170 4941 1403 5001 multas
1436 4942 1516 5000 ab
1557 4957 1633 5000 co
1659 4940 1872 5000 anima
1901 4939 2166 5016 suscipit
2192 4940 2484 5001 lmsiones
2523 4939 2884 5016 multasque
2923 4939 3358 5000 necessitates.
3388 4941 3664 5013 Quando

368 5019 556 5077 enim
595 5020 800 5078 multa
824 5036 986 5095 Opus
1018 5019 1316 5079 habuerit
1343 5019 1419 5079 ad
1453 5020 1550 5080 sui
1579 5020 2003 5091 curationem,
2037 5035 2322 5079 amaram
2355 5021 2568 5078 anima
2591 5019 2865 5078 sustinet
2892 5019 3286 5078 servitutem.
3316 5021 3650 5096 Propterea

367 5098 689 5165 obsecro,
720 5103 788 5156 ut
816 5101 1105 5157 nostrum
1133 5115 1366 5174 corpus
1400 5097 1559 5158 forte
1588 5097 1948 5160 reddamus.
1980 5116 2093 5156 nec
2120 5097 2275 5156 illud
2307 5097 2646 5156 delicatum
2675 5103 2736 5157 et
2763 5097 3130 5174 aagrotabile
3151 5095 3481 5157 faciamus.
3517 5099 3656 5158 Non

365 5176 448 5235 ad
487 5179 678 5236 viros
702 5181 972 5244 tantum,
1004 5176 1109 5236 sed
1141 5178 1333 5236 etiam
1365 5177 1442 5236 ad
1473 5176 1772 5236 mulieres
1799 5175 1952 5234 mihi
1981 5184 2076 5236 est
2104 5193 2333 5235 sermo.
2365 5175 2528 5249 Quid
2559 5175 2712 5233 illud
2744 5177 2974 5252 smpins
3007 5177 3206 5247 lavas,
3235 5177 3388 5254 quid
3415 5176 3659 5238 deliciis

363 5255 781 5329 corrumpis,
817 5262 878 5315 et
906 5256 1144 5332 gracile
1177 5255 1354 5326 facis,
1386 5272 1424 5313 o
1461 5255 1728 5314 mulier!
1769 5254 1920 5330 quid
1964 5254 2398 5314 fortitudinem
2435 5254 2571 5332 ejus
2600 5254 2944 5314 debilitas?
2971 5254 3212 5316 deliciis
3236 5257 3477 5334 quippe
3512 5255 3649 5316 las—

352 5351 726 5414 situdinem
756 5345 1034 5420 faciunt,
1065 5357 1202 5420 non
1238 5338 1699 5420 fortitudinem.
1738 5336 1798 5396 Si
1839 5342 2056 5398 autem
2097 5340 2179 5420 ab
2215 5344 2307 5398 eis
2341 5342 2676 5420 recedens,
2724 5339 2912 5420 aliter
2954 5343 3362 5420 temetipsum
3401 5353 3659 5416 tractas,

354 5439 517 5490 tunc
550 5432 618 5488 et
662 5418 1072 5502 pulchritudo
1097 5419 1205 5502 tibi
1239 5417 1528 5502 corporis
1566 5420 1939 5502 generatur,
1963 5416 2610 5502 quandosecundum
2640 5419 2964 5502 rationein
2983 5425 3045 5481 et
3077 5416 3248 5502 valet
3276 5428 3339 5483 et
3370 5423 3660 5486 habitum

351 5510 622 5570 obtinet
645 5494 999 5582 salutarem
1033 5497 1144 5582 :si
1165 5494 1652 5582 vero_pluri_mis
1683 5494 1838 5582 illud
1871 5495 2328 5582 circumsepias
2360 5497 2626 5582 morbis,
2676 5515 2886 5582 neque
2928 5499 3046 5560 ﬂos
3093 5500 3195 5563 vel
3237 5503 3426 5582 vigor
3455 5505 3662 5565 aderit

350 5584 699 5663 corporis,
736 5597 948 5656 neque
979 5577 1232 5663 habitus
1261 5573 1590 5663 s‘alhtaris,
1623 5573 1743 5663 sed
1764 5591 2016 5663 semper
2045 5579 2339 5663 mmstuin
2363 5576 2485 5635 erit
2510 5573 2998 5663 etlla-nguidum.

437 5653 643 5726 Scitis
686 5653 901 5743 autem
942 5656 1097 5743 quia
1139 5656 1306 5743 sicut
1345 5655 1604 5743 domum
1634 5653 1977 5743 pulchram
2003 5670 2148 5713 cum
2180 5653 2326 5743 quis
2356 5655 2628 5715 eraserit
2657 5653 2740 5743 [ίῖ
2774 5672 2888 5717 aer
2913 5658 3256 5743 arriserit],
3284 5660 3478 5724 efﬁcit
3508 5666 3658 5743 pul-

354 5745 706 5807 chriorem
734 5759 748 5798 :
781 5739 875 5799 sic
921 5731 1112 5796 etiam
1137 5735 1358 5798 faciem
1393 5733 1727 5814 pulchram
1757 5731 2075 5815 splendor_
2103 5733 2336 5815 annuae
2384 5731 2848 5815 superveniens
2879 5738 3158 5815 amplius
3191 5731 3656 5812 convenustat;

356 5826 412 5888 si
449 5837 618 5886 vero
650 5818 720 5879 in
751 5815 1049 5878 mmstitia
1079 5815 1159 5876 sit
1191 5820 1251 5877 et
1281 5811 1609 5877 doleribus
1643 5812 2013 5885 constituta,
2043 5811 2348 5876 deformis
2380 5811 2672 5877 efﬁcitur.
2705 5811 3008 5880 Mmstitia
3033 5835 3310 5899 namque
3344 5828 3408 5885 et
3432 5811 3660 5886 nmero-4
