4058 6204
192 282 298 338 459
747 280 1063 339 MUTIANO
1101 280 1344 340 SCIIOL.
1401 280 1862 339 INTERPRETE.
1904 313 1975 329 —
2014 286 2168 343 CAP.
2210 286 2325 343 ΧΗ.
2373 287 2602 346 llOMlL.
2648 289 2863 346 XXXII.
3336 296 3445 356 ut)

184 410 292 453 res
318 387 587 452 alterius
625 385 823 464 partis
856 384 1181 467 emineant
1203 403 1219 443 :
1244 384 1334 445 sic
1366 388 1429 467 et
1458 384 1561 467 hic
1589 402 1670 467 ex
1702 387 2181 467 comparatione
2210 386 2469 447 illorum
2514 397 2735 450 nostra
2764 390 3011 467 majora
3049 389 3461 453 declarantur

183 477 250 532 et
292 468 557 529 meliora
605 462 669 525 et
706 464 1145 545 mansuetiora
1169 508 1185 534 ,
1212 462 1808 545 etiadmirationum
1851 464 2246 545 plenissima.
2280 467 2634 545 Dupliciter
2664 462 2943 545 namque
2976 469 3239 531 meliora
3267 481 3459 542 sunt,

182 549 499 628 quoniam
524 550 598 628 et
643 543 894 628 majgra
920 543 1111 628 simul
1149 542 1525 628 _et_clariora
1564 548 1756 628 suni;
1784 542 2471 628 unde_acces§ibilio'ra
2504 542 3277 628 pluribus—exstiterunt.
3328 550 3463 612 Hoc

181 621 430 706 quippe
457 625 649 687 etiam
685 621 1068 707 in'Epistpia
1091 622 1167 684 ad
1199 621 1567 707 Corinthios
1595 622 1908 707 scribens,
1940 623 2092 707 dicit
2120 644 2135 683 :
2164 621 2637 707 Revelataifacie
2664 626 2931 703 gloriam
2961 628 3217 687 Domini
3240 646 3452 707 specu-

182 701 388 768 lhnies
421 710 530 766 :et
565 720 693 763 non
743 702 908 764 sicut
954 701 1165 763 Moses
1196 721 1213 761 :
1245 702 1552 782 velamen
1582 701 1757 762 enim
1792 703 2074 779 ponebat
2109 721 2306 781 super
2352 701 2576 766 faciem
2611 701 2820 767 suam.
2852 707 2993 767 Non
3035 701 3412 769 meruerunt
3442 752 3459 782 ,

182 787 424 864 inquit,
455 784 549 844 illi
582 782 737 844 talia
766 781 1122 864 percipere,
1154 782 1378 864 qualia
1406 780 1592 864 nobis
1619 782 1986 864 contributa
2018 780 2395 844 noscuntur.
2425 783 2589 857 Quid
2620 785 2790 844 enim
2823 785 2914 845 illi
2947 785 3160 846 videre
3194 780 3464 848 merne-L

184 859 393 928 runt?
418 864 745 929 Tenebras
769 859 852 920 iet
896 860 1259 940 caliginem.
1294 859 1655 922 Audierant
1699 859 2077 940 quidemet
2110 879 2327 924 vocem
2354 883 2368 922 :
2394 863 2502 923 sed
2545 868 2609 925 et
2652 868 2723 923 tu
2763 864 2996 925 audisti
3027 883 3251 926 vocem
3277 910 3292 939 ,
3329 885 3459 927 non

188 963 308 1023 per
342 942 644 1023 nebulam
679 938 1074 1023 venientem,
1107 939 1216 1000 sed
1246 957 1363 1017 per
1391 955 1653 1023 rarnem
1680 938 1940 1023 Qhrisii.
1973 939 2112 1001 Non
2146 958 2214 1023 es
2256 944 2683 1023 tumultuatus
2712 987 2728 1013 ,
2762 961 2973 1023 neque
3002 938 3414 1021 perturbatus
3441 990 3459 1016 ,

185 1017 299 1086 sed
327 1022 595 1093 stetisti,
626 1024 688 1080 et
716 1020 1127 1096 colloquutus
1175 1035 1244 1079 es
1282 1017 1641 1081 mediatori.
1674 1018 2044 1096 Signiﬁcant
2083 1020 2276 1082 etiam
2321 1023 2601 1083 tenebras
2648 1017 3153 1083 invisibilitatem
3184 1024 3336 1084 Dei:
3374 1025 3460 1086 Et

185 1102 434 1168 nebula,
464 1099 698 1177 inquit,
725 1097 835 1178 sub
856 1095 1119 1178 pedibus
1144 1097 1297 1176 ejus.
1330 1098 1512 1159 Tunc
1545 1113 1699 1178 ergo
1728 1095 1939 1178 Moses
1970 1099 2204 1169 timuit,
2238 1116 2411 1160 nunc
2436 1105 2649 1162 autem
2684 1103 2909 1162 metuit
2936 1102 3153 1163 nullus
3180 1122 3195 1161 :
3220 1108 3279 1163 et
3310 1108 3462 1165 tunc

189 1183 371 1259 plebs
398 1175 571 1243 stetit
598 1183 730 1240 tota
750 1175 1212 1259 dedrsurq,_nds
1234 1179 1449 1259 autem
1488 1175 1606 1259 etsi
1631 1175 1677 1237 'a
1696 1176 1853 1236 caelo
1882 1175 2184 1238 deorsum
2214 1196 2462 1251 sumus,
2483 1188 2923 1241 verumtamen
2947 1180 3460 1259 propinquamus

192 1254 355 1321 Filio
384 1260 538 1320 Dei:
565 1263 627 1319 et
654 1274 784 1318 non
830 1256 996 1318 sicut
1030 1255 1264 1316 Moses.
1292 1255 1433 1316 Illic
1482 1254 1657 1315 enim
1700 1271 1954 1317 eremus
1998 1262 2176 1330 erat,
2208 1263 2271 1318 et
2300 1258 2714 1320 circumcirca
2762 1254 3086 1331 desertioi
3107 1254 3222 1321 hic'
3245 1266 3460 1321 autem

188 1341 449 1408 civitas.
478 1345 541 1399 et
572 1336 842 1397 millium
882 1336 1222 1417 celebritas
1263 1334 1666 1417 angelorum.
1699 1332 1938 1417 In__hoc
1973 1338 2167 1417 verh_o
2207 1337 2513 1417 gaudium
2554 1338 2872 1417 signiﬁcat
2909 1345 2972 1400 et
2996 1339 3463 1417 jucunditatem

191 1438 310 1495 pro
335 1420 631 1498 caligine,
662 1432 779 1498 pro
804 1414 1085 1477 tenebris
1107 1459 1123 1485 ,
1153 1430 1271 1498 pro
1302 1410 1555 1498 turbine
1585 1412 1964 1498 procelloso.
2001 1410 2436 1498 Efﬁcclesiam
2460 1464 2474 1484 ,
2507 1410 2717 1495 inquit
2739 1463 2754 1491 ,
2785 1410 3257 1498 primitivorum
3282 1464 3296 1485 ,
3327 1437 3464 1498 quae

188 1490 259 1559 in
294 1490 849 1575 ca'lis'consc'ripta
878 1503 966 1575 est
983 1540 1001 1575 ,
1028 1502 1084 1553 et
1110 1490 1479 1575 adjtidicem
1505 1492 1703 1575 Deum
1733 1492 2151 1575 omnium._llli
2177 1511 2304 1575 non
2337 1490 2904 1575 accesseruntfsed
2931 1497 3153 1575 procul
3180 1490 3459 1570 stabant;

192 1596 306 1638 vos
336 1582 551 1638 autem
581 1570 960 1643 accessistis,
988 1570 1220 1650 inquit;
1252 1570 1372 1650 Hic
1395 1577 1611 1650 autem
1642 1574 1831 1631 terret
1864 1587 1973 1632 eos
2002 1572 2307 1633 dicendo:
2346 1574 2729 1650 Etjudicem
2763 1570 2951 1637 θειιηὶ
2987 1577 3259 1636 omnium
3284 1622 3298 1643 ,
3328 1594 3459 1636 non

188 1661 443 1718 tantum
481 1653 855 1735 Iudaeorum
891 1648 1101 1735 neque
1129 1649 1436 1735 ﬁdelium,
1464 1648 1571 1711 sed
1604 1649 1794 1735 toiius
1827 1651 2123 1735 videlicei
2150 1653 2393 1735 mundi.
2421 1648 2483 1714 Ε
2493 1655 2622 1735 tud
2649 1655 2956 1735 Spiritus,
2989 1655 3222 1735 inquii,
3239 1655 3463 1735 justo-

186 1752 333 1796 rum
358 1734 793 1814 perfecturum:
827 1730 1090 1790 Animas
1120 1728 1310 1814 dicit,
1336 1745 1502 1814 quae
1523 1728 1693 1806 apud
1731 1730 1935 1814 Deum
1980 1732 2343 1814 probabiles
2380 1728 2788 1814 exstiterunt.
2817 1734 2909 1795 Et
2941 1734 3022 1794 ad
3041 1728 3461 1814 mmediatorem

190 1807 724 1874 Testamenlinovi
743 1811 978 1890 Iesum,
1010 1815 1067 1890 et
1094 1807 1176 1890 ad
1202 1807 1534 1890 sanguinis
1559 1807 2009 1890 aspersionem;
2042 1809 2308 1890 hociest,
2342 1813 2886 1876 emundationem.
2918 1813 3151 1875 Melius
3176 1860 3190 1881 ,
3224 1814 3459 1890 inquit,

192 1893 566 1972 loquentem,
593 1906 775 1972 quam
802 1886 1066 1972 4_bel._Si
1087 1932 1104 1957 ,
1138 1887 1384 1972 inquit,
1413 1887 1693 1972 sanguis
1711 1887 2022 1972 loquitur;
2055 1889 2257 1948 multo
2284 1891 2487 1972 magis
2511 1891 2824 1972 loquitur,
2856 1894 2967 1970 qui
2999 1893 3153 1953 vivit
3182 1886 3458 1972 occisus.

186 1966 357 2047 Quid
402 1966 621 2049 autem
661 1967 998 2049 loquitur?
1023 1966 1167 2045 Ipse
1197 2011 1211 2032 .
1244 1966 1499 2049 inquit,
1528 1966 1799 2045 spiritus
1841 1966 2127 2049 loquitur
2150 1985 2269 2046 pro
2314 1966 2495 2030 nobis
2536 1966 3458 2049 gemitibus_inenarrabilibus.

187 2045 526 2125 Quomodo
554 2047 843 2129 loquitur
862 2047 892 2105 ‘l
916 2046 1253 2129 Ingressus
1273 2045 1512 2129 quippe
1542 2050 1823 2129 mentem
1844 2045 2210 2129 sinceritate
2232 2045 2595 2129 purgatam,
2624 2050 2813 2129 erigit
2836 2068 3001 2119 eam,
3027 2050 3260 2129 etfacit
3284 2051 3459 2126 loqui

188 2064 526 2125 Quomouo
555 2064 843 2124 loquitur
863 2064 892 2105 τ
916 2064 1253 2187 ingressus
1273 2064 1512 2124 quippe
1542 2064 1817 2106 mentem
1844 2064 2210 2107 smcernate
2232 2064 2595 2126 purgatam,
2624 2064 2813 2129 erigit
2836 2068 3001 2119 eam,
3027 2064 3087 2110 et
3113 2064 3260 2111 fac".
3285 2064 3459 2126 loqui

188 2125 889 2209 inagnaliaLAttendite
918 2143 993 2186 υο
1039 2125 1128 2194 is,
1166 2124 1412 2204 inquit,
1441 2142 1518 2184 ne
1544 2124 1855 2209 respuatis
1899 2124 2280 2209 loquentem;
2310 2127 2432 2188 hoc
2470 2132 2596 2201 est,
2629 2144 2765 2209 non
2800 2128 3161 2209 negligatis.
3193 2129 3266 2209 Si
3280 2130 3463 2209 _em'm

190 2208 293 2269 illi
305 2202 452 2288 ’τιοη
481 2206 865 2288 effugerunt,
888 2202 1474 2288 respuenres:§uper
1515 2202 1747 2288 terram
1777 2202 2143 2288 loquentem.
2168 2204 2369 2280 Quem
2401 2211 2589 2288 putas
2636 2208 2701 2268 in
2752 2208 2873 2269 hoc
2887 2202 3052 2269 'loco
3094 2207 3465 2288 signiﬁcat?

187 2287 348 2348 Mihi
406 2281 661 2364 quidem
716 2281 1199 2364 videtur'quod
1243 2281 1467 2344 Mosen
1532 2281 1872 2364 signiﬁcat}
1931 2282 2114 2357 Quod
2176 2281 2421 2345 autem‘
2453 2285 2642 2358 dicit,
2699 2288 2824 2349 tale
2886 2293 2983 2348 est
3024 2306 3038 2345 :
3083 2281 3290 2347 Si‘illi
3347 2287 3462 2364 qui

190 2362 662 2428 recusaverunt
698 2363 1154 2445 legislatorem
1184 2362 1250 2423 in
1281 2368 1480 2445 terra
1534 2362 1949 2445 constitutum
1975 2406 1991 2433 ,
2023 2379 2154 2422 non
2213 2365 2555 2445 valuerunt
2595 2364 2875 2445 effugere
2908 2387 2922 2424 :
2956 2366 3282 2444 quomodo
3333 2362 3463 2445 va-

187 2445 468 2506 lebimus
498 2440 796 2522 recusare
829 2459 976 2522 eum
999 2485 1014 2515 ,
1047 2440 1373 2522 quinoibis
1402 2440 1676 2522 de_czelo
1718 2441 1876 2522 legis
1909 2447 2222 2522 prterepta
2255 2444 2631 2504 constituit?
2659 2440 2785 2506 Nec
2814 2440 2998 2522 putes
3029 2446 3199 2522 quod
3232 2446 3294 2506 in
3342 2444 3464 2506 hoc

186 2526 341 2586 loco
362 2524 637 2603 alterum
668 2520 1134 2603 dicathlatorem
1162 2520 1346 2598 legis,
1371 2524 1428 2580 et
1455 2520 1731 2603 alterum
1751 2520 2102 2603 Evangelii.
2133 2521 2352 2603 Absit,
2386 2539 2514 2582 non
2547 2523 2667 2584 hoc
2694 2520 2880 2603 dicit,
2911 2524 3020 2584 sed
3050 2520 3171 2585 hoc
3200 2522 3463 2603 signiﬁ—

182 2610 319 2676 cat,
350 2601 667 2681 quoniam
688 2599 993 2681 terribilis
1020 2604 1309 2681 apparet,
1338 2616 1488 2659 cum
1516 2599 1592 2681 de
1614 2598 1770 2660 czelo
1800 2598 2109 2675 loquitur.
2137 2599 2310 2681 Idem
2336 2601 2475 2681 ipse
2500 2609 2596 2662 est
2625 2602 2884 2678 quidem
2911 2608 3040 2665 tam
3071 2604 3189 2664 iste
3216 2648 3231 2677 ,
3260 2598 3461 2680 quam

184 2683 327 2755 ille,
359 2677 473 2761 sed
498 2679 847 2742 terribilior
865 2685 1019 2761 tunc
1053 2677 1292 2761 magis,
1306 2694 1501 2755 quam
1523 2679 1947 2761 illotempore
1969 2697 1983 2735 :
2007 2695 2133 2737 non
2165 2677 2785 2761 enimdiiicreniiam
2809 2699 3098 2760 personae
3118 2677 3462 2761 signiﬁcat,

183 2761 305 2823 sed
333 2759 592 2821 modum
632 2776 763 2836 quo
794 2758 979 2819 nobis
1008 2756 1245 2818 novam
1277 2756 1480 2834 legem
1510 2756 1713 2829 dedit,
1746 2756 2021 2836 alterum
2057 2774 2197 2817 esse
2228 2758 2399 2821 dicit.
2431 2759 2603 2820 Unde
2634 2760 2755 2821 hoc
2798 2756 3047 2822 certum
3087 2756 3232 2823 est'?
3260 2762 3333 2823 Si
3361 2760 3468 2824 illi

180 2839 374 2903 enim.
406 2838 639 2916 inquit,
657 2835 799 2897 non
827 2836 1206 2915 effugerunt.
1238 2844 1590 2895 recusantes
1615 2853 1745 2894 eum
1771 2835 1884 2915 qui
1913 2835 1981 2897 in
2008 2845 2175 2896 terra
2201 2837 2410 2907 fuerat
2440 2838 2821 2898 constitutus
2839 2839 3071 2901 :multo
3100 2839 3301 2918 magis
3323 2860 3461 2904 nos.

180 2924 302 3005 qui
330 2923 967 3016 de__c¢riis‘ioquentem
990 2922 1172 3016 nobis
1198 2923 1554 3016 avertimus.
1582 2922 1745 3016 Quid
1772 2941 1928 3016 ergo
1957 2923 2228 3014 dicimus
2247 2922 2276 2982 ‘l
2299 2922 2595 3016 alius_est
2623 2924 2764 2999 iste,
2788 2926 3472 3016 alius_ilie?quomodo

181 3001 352 3084 ergo
381 3003 564 3078 dixit,
591 3001 791 3084 Cujus
816 3022 946 3065 vos:
981 3003 1174 3084 movit
1206 3012 1435 3084 terram
1461 3011 1634 3064 tunc.
1662 3001 1730 3084 Si
1743 3001 1929 3084 enim
1965 3019 2092 3084 vo_x
2135 3002 2277 3082 ejus
2325 3002 2788 3084 movit_terram
2811 3048 2826 3078 ,
2859 3004 2971 3084 qui
3025 3001 3180 3065 tunc
3210 3004 3471 3067 dederat

188 3078 403 3174 legem
433 3103 449 3142 :
481 3078 918 3174 Nunc-autem
959 3082 1280 3174 promittit.
1308 3128 1324 3174 ε
1358 3082 1569 3174 diecns
1593 3102 1612 3143 :
1634 3079 1851 3174 {idque
1878 3081 2059 3174 simei
2080 3125 2095 3148 ,
2122 3078 2326 3174 elegi).
2358 3078 2608 3174 m‘oiiebo
2652 3078 3027 3174 non'se'luin
3067 3085 3474 3174 terramihsed

188 3158 381 3221 etiam
402 3162 613 3223 caelum
635 3182 655 3222 :
678 3167 922 3223 certum
947 3158 1041 3223 est
1063 3161 1231 3239 quod
1264 3161 1430 3222 idem
1452 3162 1587 3238 ipse
1614 3162 1715 3222 sit.
1742 3159 1924 3235 Quod
1948 3168 2149 3239 autem
2171 3158 2352 3239 dicit,
2380 3158 2603 3239 Adhuc
2629 3159 2825 3226 semel,
2850 3160 3123 3221 dederat
3150 3162 3473 3224 mobilium

191 3240 680 3321 translationem
712 3249 1019 3321 tamquam
1051 3236 1383 3321 rectorum.
1413 3236 1590 3321 Quid;
1625 3244 1719 3300 est
1746 3239 1918 3321 quod
1959 3238 2057 3298 his
2097 3237 2308 3321 verbis
2339 3236 2795 3321 signiﬁcatur?_
2813 3239 3125 3321 Nimirum
3155 3241 3469 3321 quoniam

186 3318 580 3382 auferentur
608 3316 944 3382 cuncta‘de
974 3316 1214 3391 medio,
1246 3324 1308 3379 et
1338 3318 1402 3378 in
1444 3319 1676 3380 melius
1710 3318 2015 3378 universa
2046 3316 2469 3377 mutabuntur
2498 3335 2513 3374 :
2543 3316 2665 3377 hoc
2695 3317 2865 3379 enim
2892 3317 3045 3378 mihi
3078 3317 3140 3378 in
3175 3316 3297 3380 hoc
3327 3320 3473 3380 loco

190 3397 549 3476 signiﬁcari
575 3400 851 3461 videtur:
869 3398 1035 3473 Quid
1063 3415 1216 3477 ergo
1246 3397 1423 3459 doles
1450 3441 1466 3470 ,
1499 3397 1745 3477 inquit,
1768 3413 1913 3457 cum
1941 3395 2188 3477 pateris
2209 3393 2452 3477 aliquid
2472 3394 2550 3477 in
2569 3395 2703 3477 hoc
2732 3396 2969 3477 mundo
2989 3441 3005 3469 ,
3038 3398 3149 3477 qui
3181 3415 3309 3458 non
3342 3416 3472 3476 p0-

192 3472 351 3538 terit
380 3496 759 3556 permanere
784 3523 802 3551 ,
831 3472 941 3555 qui
974 3481 1120 3556 post
1140 3472 1496 3555 'paulnlum
1538 3472 2101 3556 transiturus—est?
2130 3472 2192 3535 Si
2216 3473 2299 3556 in
2337 3473 2707 3556 novissimis
2728 3476 3004 3556 ‘suiculis
3049 3472 3152 3538 hic
3193 3472 3472 3541 mnu—dus

193 3553 472 3619 forsitan
507 3558 795 3636 requiem
825 3553 1189 3627 habuisset,
1223 3561 1376 3617 tunc
1406 3555 1700 3636 tribuiari
1737 3556 1951 3636 potius
1982 3555 2322 3636 Oportebat
2373 3571 2521 3615 eum
2558 3553 2669 3636 qui
2720 3553 2979 3636 festinat
3008 3556 3086 3615 ad
3138 3557 3354 3617 ﬁnem.
3389 3558 3471 3619 Ut

183 3632 909 3775 gzizggmiﬁte—iiigquit,
941 3655 1011 3696 ea
1051 3654 1186 3716 qua:
1212 3643 1357 3696 sunt
1387 3632 1748 3698 immobilia.
1779 3632 1935 3708 Quae
1984 3632 2268 3712 namque
2297 3633 2417 3695 ista
2437 3675 2456 3708 ,
2490 3632 2596 3695 vel
2628 3634 2851 3713 qualia
2881 3639 3033 3697 sunt
3078 3636 3478 3698 immobilia?

254 3718 451 3779 utura
477 3714 787 3777 videlicet.

288 3797 409 3855 Pro
442 3796 566 3857 isto
589 3794 786 3873 igitur
815 3793 942 3855 ﬁne
975 3797 1205 3856 cuncta
1236 3793 1565 3873 faciamus,
1596 3797 1668 3854 ut
1700 3791 1877 3873 illam
1905 3791 2099 3873 vitam
2129 3789 2396 3869 adipisci
2426 3790 2868 3873 possimus,ut
2898 3792 3024 3853 illis
3054 3793 3240 3854 bonis
3265 3792 3475 3873 ineffas

188 3873 444 3935 hilibus
467 3869 896 3952 perfruamur.
920 3873 1038 3948 lta,
1061 3874 1353 3946 obsecro,
1380 3872 1468 3934 ita
1495 3872 1702 3945 facite,
1725 3869 1804 3952 ad
1835 3871 1958 3952 hoc
1980 3870 2294 3952 deprecor
2315 3875 2385 3931 ut
2408 3869 2688 3952 vestrum
2714 3870 3147 3952 inﬁammetnr
3167 3872 3472 3952 studium.

188 3953 406 4015 Nemo
436 3948 501 4013 in
525 3952 806 4025 civitate,
834 3969 978 4029 quae
1009 3967 1242 4013 casura
1270 3956 1366 4012 est
1390 3968 1564 4013 sanae
1589 3951 1818 4012 mentis
1847 3948 2135 4030 aediﬁcat.
2170 3949 2286 4011 Dic
2319 3953 2535 4030 autem
2575 3949 2728 4008 mihi
2751 3994 2768 4024 ,
2797 3952 3064 4030 obsecro
3086 3995 3102 4025 ,
3136 3951 3191 4012 si
3236 3951 3474 4030 aliquis

185 4032 448 4093 diceret
474 4031 785 4121 quoniam
804 4028 964 4121 post
991 4047 1234 4092 annum
1266 4030 1490 4121 civitas
1522 4030 1656 4091 hinc
1678 4034 1822 4121 .tota.
1848 4028 2113 4121 lapsura
2130 4033 2261 4121 est,
2293 4028 2677 4121 aliamvero
2701 4029 3054 4121 quamlibet
3082 4028 3477 4121 permansu-

191 4128 349 4173 ram
374 4107 518 4190 esse
540 4107 868 4190 ﬁrmaret;
883 4126 1072 4190 num,
1099 4109 1646 4190 rogo,ia3diﬁcare_s
1675 4109 1740 4169 in
1768 4108 2022 4169 civitate
2044 4107 2343 4190 ruitura?
2366 4107 2637 4190 _Pro_inde
2662 4107 2854 4190 etiam
2886 4108 3009 4170 hoc
3036 4107 3132 4171 est
3156 4109 3328 4188 quod
3358 4128 3478 4190 ego

192 4206 383 4252 nunc
408 4189 575 4261 dico,
610 4188 754 4249 Non
783 4187 1163 4250 (ediﬁcemus
1185 4186 1259 4248 in
1290 4188 1411 4249 hoc
1434 4187 1712 4250 mundo:
1738 4191 1883 4266 post
1911 4186 2247 4266 paululum
2278 4187 2449 4247 enim
2475 4188 2730 4264 lapsum
2758 4187 2967 4250 iturus
2997 4194 3115 4261 est,
3148 4186 3214 4251 et
3246 4186 3477 4251 cuncta

192 4267 528 4348 perditum
556 4269 763 4328 ibunt.
786 4267 865 4327 Et
891 4267 1044 4345 quid
1073 4266 1213 4328 dico
1236 4266 1408 4344 quod
1437 4267 1712 4348 mundus
1739 4283 2010 4348 casurus
2031 4266 2167 4348 est?
2188 4283 2304 4327 nos
2335 4272 2549 4348 autern
2569 4267 2638 4348 [Γἶ
2663 4283 2781 4329 nos
2809 4268 3024 4344 etiam]
3044 4273 3194 4329 ante
3218 4269 3477 4348 ruinam

192 4345 358 4426 _ejusi
380 4347 741 4426 periemus,
770 4350 838 4408 et
862 4351 1183 4408 tormenta
1216 4362 1384 4426 saeva
1413 4347 1754 4426 patiemur.
1790 4346 1918 4426 Nos
1951 4345 2099 4426 hinc
2129 4345 2642 4426 itaqueplurimi
2672 4364 2896 4426 sumus
2932 4346 3277 4426 egressuri.
3312 4345 3476 4426 Quid

192 4365 350 4425 ejus
380 4364 704 4426 periemus
724 4390 741 4420 ,
770 4364 838 4408 et
862 4364 1183 4408 tormenta
1216 4364 1384 4407 saeva
1413 4364 1754 4425 patiemur.
1792 4364 1918 4406 uos
1951 4364 2099 4406 mnc
2129 4364 2348 4423 itaque
2378 4364 2642 4423 plnl'lml
2672 4364 2896 4408 sumus
2932 4364 3277 4484 egressum.
3312 4364 3476 4420 uuln

192 4424 598 4489 aediﬁcamus
626 4442 823 4503 super
844 4440 1111 4486 arenam
1136 4424 1433 4503 mobilem
1454 4426 1483 4485 ?
1505 4425 1674 4499 Quin
1700 4425 1913 4503 potius
1941 4423 2322 4503 wdiﬁcemus
2352 4424 2416 4483 in
2447 4429 2670 4502 petra:
2696 4425 2963 4503 quidqui
3037 4424 3211 4487 enim
3239 4425 3479 4486 incide-

196 4507 317 4576 rit,
348 4504 593 4583 invicta
618 4502 857 4583 fabrica
883 4508 1276 4581 perseverat,
1300 4502 1463 4583 nihil
1487 4520 1628 4583 eam
1655 4508 2033 4583 commovet,
2061 4502 2222 4565 nihil
2245 4504 2496 4583 evertit;
2521 4509 2583 4565 et
2604 4502 2830 4566 merito
2853 4523 2868 4563 :
2892 4503 2971 4565 ad
2994 4521 3218 4565 omnes
3239 4503 3479 4583 quippe

196 4586 377 4644 ictus
422 4582 744 4644 inadibilis
776 4582 884 4644 ille
928 4583 1106 4643 locus
1137 4582 1429 4655 exsistit,
1460 4581 1626 4643 sicut
1675 4599 1711 4642 e
1740 4586 1966 4661 contra
2004 4582 2120 4661 iste
2152 4582 2396 4642 cunctis
2429 4588 2604 4661 patet
2644 4583 2898 4644 ictibus.
2929 4583 3050 4644 Hie
3093 4581 3378 4661 namque
3406 4581 3481 4644 et

197 4669 400 4724 terra:
430 4670 641 4722 motus
666 4662 975 4736 obruunt,
1006 4665 1069 4722 et
1099 4661 1395 4723 incendia
1423 4663 1831 4734 consumunt,
1855 4666 1917 4721 et
1942 4658 2313 4722 infestantia
2338 4658 2505 4723 bella
2531 4660 2888 4734 devastant,
2913 4667 2976 4723 et
3009 4663 3184 4724 vivos
3217 4658 3335 4722 nos
3365 4678 3481 4723 an-

199 4741 452 4811 t‘erunt,
486 4740 1138 4819 antequamimundus
1169 4741 1289 4801 iste
1319 4739 1653 4801 concidat:
1680 4739 1933 4819 aliquos
1962 4743 2179 4819 autem
2205 4758 2422 4801 secum
2455 4744 2777 4802 tracturus
2805 4746 2904 4803 est
2932 4740 3011 4802 ad
3041 4758 3168 4802 mo:
3187 4746 3337 4801 tem.
3360 4741 3479 4802 Sed

198 4820 407 4882 etiam
436 4824 647 4882 stante
663 4817 912 4880 mundo
944 4821 1208 4880 morbus
1237 4820 1466 4892 irruit,
1497 4824 1561 4879 et
1587 4824 1699 4880 aut
1727 4817 2019 4879 celeriter
2049 4817 2199 4879 hinc
2228 4819 2552 4898 excludit,
2585 4824 2699 4880 aut
2733 4826 3181 4898 permanentes
3216 4820 3319 4879 hic
3349 4837 3479 4881 non

200 4899 367 4960 sinit
400 4899 617 4960 vivere
651 4902 1103 4977 congruenter.
1129 4899 1289 4959 Nam
1316 4898 1529 4977 qualis
1562 4898 1854 4977 voluptas
1880 4941 1898 4972 ,
1929 4900 2043 4977 aut
2072 4914 2217 4974 quas
2242 4897 2610 4977 jucunditas
2632 4943 2650 4974 ,
2678 4897 2789 4959 ubi
2818 4901 3024 4960 morbi
3057 4899 3386 4973 continui,
3419 4906 3483 4960 et

202 4977 719 5039 calumniatores
747 4976 1031 5056 plurimi,
1058 4976 1425 5056 frequentes
1453 4976 1741 5056 insidiae?
1764 4978 1890 5037 Aut
1917 4976 2424 5056 sihorum’nihil
2453 4976 2557 5056 sit,
2588 4978 2759 5056 quod
2791 4977 3186 5056 impossibile
3213 4983 3332 5052 est,
3355 4978 3484 5040 ali-

202 5057 481 5135 quando
509 5057 701 5118 etiam
729 5053 895 5116 ﬁlios
918 5072 1050 5135 non
1081 5053 1389 5118 habentes
1419 5055 1937 5135 inaequanimiter
1962 5054 2251 5130 ferimus,
2280 5053 2663 5135 maeroribus
2697 5053 3037 5130 allicimur,
3069 5073 3199 5117 non
3232 5057 3484 5119 haben-

207 5133 307 5197 tes
340 5136 582 5214 quibus
611 5139 865 5214 nostras
894 5134 1118 5214 domos
1144 5139 1207 5196 et
1230 5139 1459 5198 caetera
1488 5133 1993 5214 contradamus_:_
2011 5138 2073 5214 et
2103 5133 2351 5214 magnis
2383 5137 2763 5214 torquemur
2785 5135 3138 5211 doloribus,
3162 5136 3213 5196 si
3244 5136 3483 5198 nostris

208 5211 548 5276 laboribus
572 5213 777 5276 exteri
807 5212 1243 5292 perfruantur.
1275 5212 1638 5293 Aliquando
1663 5213 1854 5293 etiam
1876 5211 2465 5293 adiinimicosvenit
2482 5212 2827 5293 hereditas,
2851 5218 3057 5275 etnon
3080 5215 3288 5275 solum
3313 5232 3487 5277 mor—
3540 5222 3543 5224 ’

210 5294 342 5355 tuis
367 5294 583 5366 nobis,
612 5290 1043 5371 verumetiam
1068 5290 1418 5371 aliquando
1443 5292 1827 5355 viventibus.
1853 5290 2016 5366 Quid
2048 5291 2247 5371 igitur
2271 5292 2392 5371 hoc
2415 5291 2711 5354 miserius
2738 5297 2946 5370 potest
2975 5311 3118 5355 esse
3143 5294 3247 5355 vel
3276 5293 3486 5355 infeli-

209 5374 351 5434 cius
379 5418 398 5438 .
426 5389 625 5452 quam
648 5371 926 5433 inimicis
951 5366 1089 5434 suis
1112 5366 1505 5451 quemquam
1537 5372 1835 5435 laborare
1858 5416 1875 5444 ,
1907 5366 2195 5452 etut'iﬂi
2223 5370 2565 5452 inideliciis
2595 5366 2868 5452 degant,
2893 5372 3205 5452 pecunias
3236 5389 3487 5452 conge-

212 5453 401 5512 rere?
429 5449 678 5514 Harum
720 5468 938 5512 rerum
983 5449 1281 5529 exempla
1323 5449 1524 5513 inulta
1567 5455 1926 5513 cernuntur
1970 5450 2037 5510 in
2078 5449 2349 5529 diversis
2376 5449 2745 5529 civitatibus
2769 5450 3118 5522 accidisse;
3147 5450 3256 5512 sed
3285 5453 3306 5526 [
3333 5449 3482 5512 add.

212 5532 459 5609 uicem]
486 5547 566 5591 ne
593 5529 966 5609 contristem
997 5527 1291 5609 forsitan,
1319 5531 1555 5609 quibus
1591 5529 1745 5592 talia
1774 5533 2248 5609 provenerunt;
2280 5527 2525 5609 alioqui
2554 5529 2934 5609 nominatim
2963 5529 3230 5609 aliquos
3249 5535 3488 5607 prout--

216 5607 460 5681 tissem,
491 5613 554 5670 et
580 5608 934 5687 plurimum
960 5609 1038 5669 de
1064 5608 1185 5670 hac
1208 5627 1281 5670 re
1310 5607 1565 5687 possem
1596 5607 1920 5687 protelare
1949 5623 2337 5687 sermonem,
2370 5607 2721 5687 pluresque
2751 5608 2975 5669 domos
3012 5607 3350 5670 ostendere
3376 5653 3392 5681 ,
3419 5609 3484 5670 in

215 5688 453 5764 quibus
482 5685 721 5767 inimici
750 5686 1158 5767 dominorum
1189 5685 1334 5751 facti
1365 5694 1515 5749 sunt
1541 5685 1807 5748 domini.
1832 5688 1962 5749 Nec
1996 5685 2117 5749 hoc
2144 5685 2221 5746 de
2250 5685 2630 5767 dominisIfI
2649 5686 2969 5767 domibus]
2998 5687 3287 5767 invenies
3330 5692 3486 5749 tan--

220 5775 383 5838 tum,
419 5766 533 5830 sed
572 5768 762 5829 etiam
799 5764 877 5828 de
925 5768 1129 5830 servis
1180 5768 1525 5842 contigisse
1569 5782 1922 5844 c0gnoscas
1954 5785 1968 5824 :
1995 5783 2163 5843 saepe
2194 5765 2434 5844 quippe
2472 5766 2549 5829 ad
2569 5764 2879 5830 inimicos
2906 5764 3226 5830 hereditas
3262 5776 3481 5830 nostra
