4058 6204
449 337 552 395 "'7
1905 355 2046 411 mox

2103 357 2164 413 lli
2177 357 2244 413 Μ»
3587 363 3705 420 ιδεε

532 450 618 506 lll.
658 452 976 525 insequente
1005 457 1090 512 die
1122 456 1420 529 Imperator
1452 464 1516 514 ad
1565 464 1702 519 idem
1737 469 2054 538 martyrium
2111 485 2204 524 sett
2238 471 2523 527 ecclesiam
2584 476 2732 530 venit
2775 491 2898 533 cum
2954 479 3208 535 satellitio
3262 486 3316 533 et
3354 485 3685 532 armatorum

459 558 644 646 manu,
677 555 840 616 atque
867 549 1114 618 deposito
1146 551 1468 618 diademate,
1522 556 1778 626 reliquias
1811 559 1994 613 debito
2023 561 2168 617 cultu
2219 572 2539 632 prosecutus
2594 577 2678 621 est
2712 585 2729 624 :
2765 570 2838 625 illi
2869 586 3083 640 quoque
3113 570 3303 641 positis
3329 571 3495 623 armis
3540 569 3690 637 paria

459 644 873 730 praestiterunt;
911 651 975 693 ac
1003 655 1108 694 non
1142 653 1454 712 exspectata
1488 647 1775 711 concione,
1809 650 2106 720 imperator
2139 667 2261 708 cum
2287 655 2399 709 suis
2429 659 2674 712 recessit.
2729 659 2989 730 Tuncque
3034 661 3384 716 concionatus
3451 660 3690 730 Chryso-

458 737 666 780 stomus
696 736 798 792 est,
827 729 1180 801 pluribusque
1211 735 1464 804 probavit
1487 748 1604 807 post
1630 741 1757 794 Adae
1791 753 2070 810 peccatum
2093 746 2339 811 homines
2377 747 2442 802 ad
2480 729 2920 806 excellentiorom
2956 763 3156 808 statum
3188 764 3442 808 venturos
3465 729 3605 815 esse,
3640 751 3685 805 si

457 825 607 959 :ccte
637 817 802 964 vstam
831 821 1636 889 instituant;resurrectionem
1686 840 1864 886 tamen
1917 833 2150 889 futuram
2201 836 2434 892 obscure
2473 841 2670 910 priscis
2718 843 2823 896 illis
2887 845 3220 912 temporibus
3278 845 3687 914 praenuntiatam

481 923 624 964 msse
698 913 805 964 icit.

481 913 624 964 uisse
657 913 805 967 dicit.

531 1023 851 1120 lit-Quarta
882 1031 1101 1086 homilia
1144 1034 1194 1088 in
1228 1037 1425 1105 templo
1455 1037 1510 1093 S.
1551 1041 1853 1096 Anastasia:
1884 1043 2066 1098 habita
2109 1044 2240 1101 fuit:
2277 1048 2432 1118 pauci
2487 1049 2635 1104 fuere
2671 1049 2976 1114 auditores;
3011 1056 3302 1120 tamenque
3355 1049 3698 1119 Chrysostoc

457 1127 576 1168 mus
607 1115 673 1169 de
701 1116 821 1172 Johi
852 1123 1111 1190 patientia
1141 1134 1194 1180 et
1224 1127 1422 1183 virtute
1451 1130 1661 1202 longam
1693 1143 1747 1188 et
1776 1133 2076 1204 elegantem
2109 1115 2295 1194 habuit
2317 1142 2622 1198 orationem
2655 1141 2757 1214 (α).

528 1223 590 1278 V.
645 1226 874 1285 llomilia
919 1233 1102 1301 quinta
1147 1237 1197 1290 in
1244 1238 1439 1307 templo
1469 1238 1528 1292 S.
1566 1241 1750 1296 irenes
1785 1241 1967 1298 habita
2007 1254 2112 1300 est.
2175 1245 2232 1303 lu
2272 1263 2334 1303 ea
2383 1249 2815 1319 Cbrysoslomus
2835 1251 2901 1306 de
2937 1249 3256 1306 absentibus
3314 1255 3683 1321 conqueritur,

455 1329 507 1374 et
535 1324 888 1466 praesentibus
927 1328 1356 1396 gratulatur;.de
1388 1331 1720 1400 psalmorum
1753 1345 1915 1390 cantu
1953 1337 2086 1408 agit,
2141 1341 2441 1412 probatque
2475 1343 2796 1398 muliebrem
2829 1356 3017 1399 sexum
3077 1343 3520 1414 impedimentum
3579 1359 3683 1399 non

455 1426 578 1465 esse
605 1427 632 1464 a
700 1414 914 1466 Virtutis
945 1419 1285 1466 exercitium-

455 1426 578 1465 esse
605 1414 671 1466 ad
700 1414 914 1471 virtutis
945 1419 1286 1474 exercitium.

533 1529 614 1588 VI.
647 1532 879 1590 liomilia
908 1547 1058 1593 sexta
1091 1539 1270 1594 habita
1301 1552 1384 1595 est
1412 1541 1463 1596 in
1499 1543 1730 1599 ecclesia
1763 1545 2082 1602 Sanctorum
2120 1550 2584 1620 Apostolorumin
2620 1553 2708 1608 die
2736 1551 3024 1608 Theodosii
3070 1549 3440 1622 imperatoris,
3501 1559 3690 1604 contra

454 1636 552 1716 eos
578 1625 669 1716 qui
700 1639 760 1680 se
791 1626 1056 1685 Catharos
1081 1631 1195 1686 sive
1225 1629 1398 1689 Puros
1429 1635 1714 1690 vocabant.
1754 1636 2196 1711 Chrysostomus,
2226 1653 2508 1715 postquam
2544 1645 2650 1701 duo
2697 1644 2786 1699 alii
2825 1645 3061 1716 episcopi
3095 1643 3403 1700 concionati
3458 1641 3710 1705 fuerant,

455 1713 596 1769 hanc
626 1715 763 1770 dixit
795 1718 1091 1776 homiliam.

525 1803 711 1865 Primo
737 1809 928 1868 ambos
967 1811 1252 1886 episcopos
1287 1815 1489 1884 laudat,
1531 1834 1762 1890 quorum
1796 1821 1932 1878 alter
1970 1821 2192 1892 junior,
2240 1825 2436 1897 inquit,
2491 1829 2640 1883 senis
2671 1819 3020 1898 gravitatem,
3075 1828 3212 1882 alter
3242 1809 3429 1893 se-nei,
3459 1826 3696 1896 junioris

454 1899 692 1968 vigorem
721 1917 834 1973 pra:
860 1918 920 1958 se
957 1905 1185 1962 ferebat.
1219 1907 1424 1964 Deinde
1454 1910 1818 1970 Theodosium
1853 1913 2104 1985 Magnum
2139 1916 2386 1974 laudibus
2417 1917 2594 1984 elfert,
2627 1920 2782 1988 cujus
2813 1921 2930 1974 dies
2970 1927 3098 1974 tunc
3131 1920 3538 1986 celebrabatur;
3579 1920 3701 1972 dies

455 2009 648 2065 nempe
676 2003 735 2050 ut
762 1997 1055 2054 verisimile
1078 2009 1162 2055 est
1190 2003 1382 2057 mortis
1411 2003 1546 2070 ejus,
1581 2007 1671 2076 qui
1706 2005 1954 2062 Januarii
1990 2007 2202 2063 decimo
2231 2011 2464 2080 septimo
2508 2010 2594 2065 die
2628 2011 2876 2080 contigit.
2935 2011 3088 2068 Unde
3114 2013 3363 2082 arguitur
3425 2014 3562 2067 hanc
3592 2009 3694 2064 lto-

456 2085 657 2142 miliam
689 2104 876 2146 mense
914 2088 1176 2147 Januario
1212 2095 1340 2148 anni
1373 2095 1478 2152 599
1509 2098 1708 2153 dictam
1741 2100 1928 2156 fuisse.
1985 2101 2320 2159 Theodosius
2353 2112 2531 2158 autem
2569 2119 2712 2158 anno
2763 2103 2870 2159 595
2901 2104 3136 2159 obierat.
3187 2103 3344 2160 Hune
3396 2105 3693 2174 imperato-

455 2195 571 2236 rem
599 2179 838 2238 celebrat
870 2182 960 2238 ille
987 2199 1016 2238 a
1048 2184 1248 2254 pietate
1276 2195 1330 2241 et
1357 2201 1384 2240 a
1424 2187 1686 2262 victoriis,
1725 2207 1861 2261 quas
1888 2192 2192 2262 opitulante
2229 2193 2338 2248 Deo
2380 2193 2566 2248 retulit
2618 2195 2684 2249 de
2729 2194 2974 2265 tyrannis
3018 2193 3253 2250 Maximo
3307 2202 3362 2249 et
3419 2195 3681 2264 Eugenio.

453 2276 597 2344 Quis
625 2277 714 2330 ille
740 2275 1020 2342 victorias,
1053 2276 1219 2334 tacito
1255 2284 1880 2352 tyrannorum'nomine,
1914 2285 1986 2339 ita
2023 2285 2214 2352 refert,
2248 2296 2307 2341 ut
2339 2288 2405 2341 ah
2433 2287 2556 2343 aliis
2582 2287 2822 2343 historiae
2863 2287 3223 2357 scriptoribus
3245 2295 3562 2344 narrantur.
3659 2326 3670 2332 -

526 2367 756 2424 llomilia
791 2383 920 2424 vero
944 2369 1095 2426 istaec
1132 2371 1186 2426 in
1219 2373 1396 2428 medio
1427 2389 1619 2444 magna
1651 2375 1734 2430 sui
1771 2385 1923 2446 parte
1968 2379 2155 2432 mutila
2179 2388 2285 2444 est,
2314 2379 2385 2433 ita
2425 2388 2482 2432 ut
2529 2378 2931 2449 quamplurima
2964 2393 3150 2434 eorum
3195 2393 3316 2449 qua:
3364 2389 3550 2434 contra
3588 2377 3706 2435 Ca-~

455 2461 642 2517 tbaros
667 2476 759 2516 seu
790 2459 1122 2518 Novatianos
1141 2464 1480 2530 dicebautur,
1525 2467 1897 2523 intercidet-int
1924 2485 1988 2524 ae
2020 2470 2304 2538 perierint.
2363 2469 2648 2524 Novatiani
2682 2481 2860 2526 autem
2901 2481 3026 2526 tunc
3061 2469 3527 2540 Constantinopoli
3575 2487 3690 2525 tn:-

451 2569 559 2621 gno
585 2569 810 2609 numero
835 2565 1010 2621 erant,
1047 2555 1354 2626 episcopum
1385 2572 1495 2612 sine
1530 2567 1690 2613 secta:
1724 2560 2048 2628 peculiarem
2085 2559 2387 2624 habebant,
2423 2574 2487 2614 ac
2513 2574 2634 2614 sese
2663 2559 2956 2632 καθαρούς,
2979 2574 3073 2615 seu
3103 2576 3287 2629 puros,
3329 2561 3702 2630 appellabant,

453 2663 557 2719 qua
597 2650 663 2704 de
686 2663 846 2704 causa
883 2649 1004 2705 illos
1031 2648 1296 2703 acerrime
1330 2649 1647 2719 perstringit
1679 2650 2116 2724 Chrysostomus,
2155 2653 2284 2706 utin
2309 2651 2540 2707 homilia
2569 2652 2673 2708 fine
2701 2653 2904 2708 videas.

523 2739 651 2796 Post
681 2740 827 2795 illam
859 2747 1047 2795 contra
1089 2739 1354 2794 (Iatharos
1400 2739 1699 2807 homiliam,
1746 2741 1798 2796 in
1829 2742 2025 2796 Codice
2053 2739 2314 2796 Vaticano
2341 2742 2586 2810 sequitur
2615 2741 2836 2797 homilia
2865 2740 3018 2812 cujus
3043 2741 3249 2808 titulus,
3285 2742 3545 2799 Adversus
3587 2761 3690 2801 eos

450 2834 540 2901 qui
567 2833 638 2886 ad
659 2833 991 2904 hippodromi
1021 2842 1068 2887 et
1097 2831 1424 2886 theatrorum
1458 2834 1758 2903 spectacula
1785 2851 1840 2890 se
1863 2835 2160 2904 conferunt.
2195 2834 2358 2904 Cujus
2387 2834 2598 2888 initium
2629 2845 2732 2899 est,
2762 2832 3004 2887 Ha'ccine
3023 2834 3274 2904 ferenda?
3302 2835 3529 2888 hwccine
3561 2837 3689 2890 tole-

453 2928 621 2981 randa
645 2929 672 2982 .9
697 2927 837 2982 vobis
860 2926 997 2980 enim
1031 2925 1158 2994 ipsis
1210 2925 1476 2993 iudicibus
1503 2937 1687 2980 contra
1721 2945 1806 2982 vos
1836 2929 1911 2981 uti
1938 2929 2076 2983 volo.
2137 2928 2308 2998 Quam
2348 2928 2616 2984 edidimus
2662 2937 2794 2984 tom.
2835 2927 2920 2995 Vl,
2969 2942 3024 2996 p.
3067 2927 3197 2993 272,
3250 2943 3315 2985 ex
3360 2930 3692 2989 Coisliniano

453 3020 654 3074 tiodice
689 3019 1065 3088 desumptam:
1097 3017 1325 3086 ideoque
1359 3018 1502 3072 illam
1542 3019 1630 3074 hic
1674 3019 2170 3089 prmtermittimus.

529 3110 726 3166 Verum
757 3110 886 3182 quia
921 3109 976 3165 in
1003 3108 1235 3164 homilia:
1270 3124 1426 3164 neme
1459 3113 1739 3180 sequentis
1775 3111 1956 3174 titulo,
1996 3120 2052 3166 et
2083 3112 2134 3166 in
2169 3111 2279 3180 ipsa
2314 3109 2532 3166 homilia
2566 3125 2729 3175 nona,
2761 3110 2930 3164 multa
2967 3110 3234 3166 habentur
3265 3130 3385 3183 quas
3417 3115 3482 3168 ad
3525 3117 3706 3170 istam»

449 3203 1093 3268 homiliam-referuntur,
1127 3202 1215 3257 hic
1249 3204 1557 3259 necessario
1601 3205 1848 3275 quaedam
1890 3205 1955 3260 de
1995 3204 2152 3275 hujus
2195 3204 2428 3260 homilia:
2465 3203 2751 3260 occasione
2787 3203 2958 3272 deque
3004 3204 3125 3259 aliis
3166 3206 3514 3276 quisbusdam
3552 3209 3688 3264 refe-

348 3290 352 3294 ”
451 3299 640 3352 renda.

525 3389 682 3441 Anno
713 3386 842 3454 599,
880 3395 1162 3459 postquam
1197 3404 1362 3444 unum
1390 3389 1500 3458 jam
1535 3405 1736 3445 annum
1767 3392 1819 3445 in
1845 3391 2158 3463 episcopatu
2189 3405 2439 3447 emensus
2471 3401 2591 3446 erat
2640 3390 3088 3462 Chrysostomus,
3138 3392 3423 3448 ordinatus
3482 3407 3675 3461 nempe

447 3493 590 3534 anno
622 3474 749 3543 598,
783 3481 854 3536 26
885 3478 1201 3542 Februarii;
1232 3480 1385 3536 feria
1419 3495 1623 3550 qttat'la‘
1663 3483 2014 3538 hebdomadas
2061 3492 2285 3548 sanctte,
2311 3497 2431 3552 quze
2487 3483 2620 3536 feria
2682 3497 2824 3536 anno
2878 3482 2989 3538 399
3049 3483 3321 3538 incidebat
3369 3484 3421 3537 in
3477 3493 3687 3538 sextam

445 3572 670 3642 Aprilis,
703 3582 811 3628 tant
841 3575 1032 3644 ingens
1053 3573 1229 3644 pluvia
1261 3573 1483 3640 decidit,
1509 3585 1567 3629 ut
1600 3586 1774 3628 metus
1809 3583 1955 3630 esset
1994 3589 2060 3630 ne
2103 3575 2216 3644 agri
2251 3575 2683 3640 devastarentur,
2720 3589 3032 3644 messesque
3075 3589 3263 3630 omnes
3315 3575 3366 3629 in
3393 3575 3689 3645 perniciem

449 3676 691 3721 merent.
751 3665 888 3721 llinc
917 3681 1127 3735 preces,
1156 3665 1578 3736 supplicationes
1600 3676 1654 3721 et
1681 3667 1971 3731 λιτανεῖαι,
2001 3681 2095 3722 seu
2149 3667 2548 3737 processiones,
2599 3667 2852 3735 episcopo
2876 3665 3012 3721 duce
3060 3675 3113 3721 et
3163 3674 3277 3721 toto
3323 3679 3689 3721 concurrente

446 3764 642 3833 populo
668 3763 734 3817 ad
765 3762 1050 3818 ecclesiam
1087 3763 1488 3834 Apostolorum.
1545 3763 1673 3820 Post
1713 3765 1850 3830 haec,
1886 3763 2058 3819 imbre
2088 3773 2356 3827 cessante,
2398 3764 2626 3817 necdum
2661 3762 2874 3818 sublata
2910 3763 3217 3828 formidine,
3265 3762 3488 3833 trajecto
3540 3764 3690 3818 navi-

448 3858 550 3912 bus
588 3857 852 3925 Bosporo,
881 3855 947 3910 ad
975 3856 1260 3912 ecclesiam
1290 3855 1389 3912 SS.
1423 3856 1570 3912 Petri
1592 3867 1648 3913 et
1667 3857 1843 3922 Pauli,
1871 3857 1922 3912 in
1953 3857 2198 3926 opposita
2240 3857 2408 3911 maris
2436 3872 2531 3910 ora
2559 3857 2742 3923 sitam,
2767 3872 2890 3912 cum
2927 3857 3182 3926 episcopo
3230 3865 3372 3911 totus
3398 3863 3570 3911 castus
3600 3869 3692 3910 ae-

445 3953 639 4009 currit.
692 3952 806 4007 lioc
861 3951 1128 4022 perfuncti
1160 3953 1398 4023 periculo
1435 3952 2012 4025 Cortstantiuopolitani
2066 3951 2329 4022 plerique,
2365 3967 2469 4005 una
2525 3961 2728 4004 tantum
2781 3952 3094 4020 interposita
3148 3949 3256 4014 die,
3309 3965 3500 4018 nempe
3558 3948 3689 4002 feria

445 4043 632 4112 quinta
670 4043 722 4097 iu
750 4043 913 4098 Gmna
940 4043 1172 4110 Domini,
1204 4060 1327 4099 cum
1361 4046 1413 4099 in
1439 4043 1741 4100 Paraseeve
1769 4043 1876 4097 ludi
1911 4050 2200 4113 equestres
2230 4043 2588 4114 agitarentur,
2618 4040 2750 4096 nihil
2798 4053 3051 4096 curantes
3086 4042 3228 4096 diem
3285 4040 3427 4095 illam
3481 4055 3702 4094 sacram

447 4134 514 4189 ad
543 4135 646 4189 hoc
674 4134 1040 4203 spectaculum
1073 4137 1695 4198 accurrerunt,.interim
1735 4135 2126 4206 ingemiscente
2164 4135 2416 4205 domique
2439 4137 2661 4189 sedente
2683 4134 3111 4204 Chrysostomo;
3152 4135 3260 4188 imo
3295 4135 3381 4188 die
3407 4143 3688 4202 sequente.

449 4239 644 4296 nempe
669 4224 906 4283 Sabbato
939 4236 1148 4293 sancto,
1181 4228 1248 4281 ad
1277 4227 1570 4282 theatrales
1599 4225 1749 4281 ludos
1779 4241 1838 4282 se
1867 4225 2235 4290 contulerunt,
2268 4226 2357 4280 ubi
2388 4225 2692 4280 meretricia
2727 4235 2884 4280 erant
2922 4225 3252 4295 spectacula,
3289 4240 3410 4294 qua:
3442 4223 3684 4295 singula-

449 4321 544 4376 tim
574 4332 630 4376 et
656 4321 872 4393 egregie
911 4322 1151 4393 depingit
1174 4321 1598 4393 Cbrysostomus
1621 4323 1672 4376 in
1699 4325 1802 4376 ista
1832 4321 2114 4387 concione,
2148 4321 2236 4377 ubi
2259 4322 2311 4375 in
2335 4319 2779 4390 prmvaricatores
2805 4317 3109 4386 lmjusmodi
3143 4317 3463 4388 gravissime
3486 4313 3690 4368 invehi-

450 4423 560 4478 tur,
592 4415 920 4485 demumque
953 4416 1005 4470 in
1036 4415 1158 4470 illos
1185 4415 1746 4470 excommunicationi:
1778 4417 2104 4470 sententiam
2140 4413 2481 4485 pronuntiat,
2511 4411 2608 4468 sed
2651 4411 3048 4467 comminando
3069 4417 3301 4476 tantum,
3340 4421 3398 4464 ut
3442 4417 3592 4478 puto,
3635 4415 3691 4458 et

446 4513 507 4559 ut
529 4504 728 4561 ibidem
759 4506 1004 4576 pluribus
1039 4507 1173 4562 dixi.

517 4617 676 4675 Circa
704 4620 845 4676 diem
872 4634 975 4690 qua
1006 4620 1118 4677 bare
1144 4622 1343 4678 concio
1363 4622 1504 4678 dicta
1537 4621 1660 4688 fuit,
1691 4621 1894 4694 aliquid
1929 4621 2264 4678 difficultatis
2298 4621 2429 4676 mihi
2454 4620 2636 4676 offerri
2664 4620 2975 4676 videbatur.
3027 4618 3170 4673 Dixit
3224 4616 3310 4671 ille
3343 4617 3396 4670 in
3431 4613 3694 4670 concione

446 4722 568 4766 ante
598 4721 701 4766 tres
729 4712 841 4766 dies
876 4712 1042 4766 imber
1067 4713 1268 4784 ingens.
1333 4713 1510 4771 imber
1537 4726 1719 4772 autem
1749 4697 1838 4771 ille
1863 4714 2221 4784 feria-quarta
2255 4712 2477 4783 majoris
2501 4712 2850 4768 hebdomadas
2882 4711 3124 4775 decidit,
3147 4708 3281 4765 feria
3311 4708 3503 4777 quinta
3543 4704 3675 4758 nihil

447 4815 782 4860 memoratur
808 4807 1095 4874 incidisse;
1131 4807 1264 4860 ferio
1292 4817 1446 4862 sexta
1483 4805 1535 4860 in
1568 4807 1864 4861 Parasceve
1890 4805 1955 4858 ad
1980 4804 2136 4859 ludos
2166 4804 2440 4860 circenses
2480 4803 2614 4858 itum
2645 4813 2752 4869 est,
2785 4803 3024 4859 Sabbato
3052 4804 3118 4855 ad
3149 4798 3437 4856 theatralis
3471 4805 3690 4867 specta-

448 4895 605 4963 cula;
632 4896 703 4950 ita
737 4908 794 4953 ut
831 4897 1051 4954 homilia
1088 4899 1236 4953 isttec
1272 4896 1412 4951 dicta
1447 4895 1616 4951 fuisse
1644 4897 1868 4950 omnino
1896 4895 2146 4950 videatur
2179 4893 2456 4951 Dominica
2504 4893 2943 4949 Resurrectionis
2983 4891 3225 4946 Domini.
3261 4888 3454 4944 Verum
3483 4890 3698 4958 aliquid

450 4997 578 5041 tunc
607 4988 754 5041 dubii
787 5003 872 5043 me
915 4989 1239 5052 incessebat,
1292 5003 1408 5049 cur,
1440 4985 1484 5040 si
1512 4986 1627 5041 dies
1653 4984 1936 5040 Paschalis
1967 4994 2128 5052 esset,
2162 5000 2229 5040 ne
2262 4986 2483 5040 verbum
2542 4984 2756 5054 quidem
2805 4986 2871 5039 de
2927 4983 3188 5038 Paschate
3242 4981 3425 5035 faciat.
3487 4979 3689 5036 Verum

445 5079 560 5148 jam
591 5078 734 5133 nulla
773 5078 1067 5134 difficultas
1100 5088 1368 5150 superest,
1409 5093 1532 5133 cum
1570 5077 1622 5132 in
1653 5077 1810 5132 titulo
1831 5078 2064 5132 homilia:
2093 5063 2250 5133 nona:
2297 5075 2595 5146 sequentis,
2628 5076 2762 5130 etin
2823 5075 3045 5130 homilia
3107 5074 3220 5143 ipsa
3271 5073 3485 5127 dicatur
3545 5071 3688 5124 diem

450 5172 602 5228 illum
632 5171 686 5225 in
717 5186 826 5240 quo
865 5181 978 5224 tam
1011 5171 1254 5241 graviter
1277 5171 1394 5226 illos
1419 5169 1748 5226 circensium
1775 5177 1830 5222 et
1861 5167 2204 5222 theatralium
2235 5167 2483 5222 ludorum
2511 5174 2848 5233 spectatores
2891 5165 3190 5218 insectatus
3215 5173 3318 5230 est,
3351 5162 3682 5215 Dominicam

449 5262 839 5334 i'uisse,.atque
867 5261 1004 5317 adeo
1025 5263 1167 5316 diem
1195 5261 1631 5318 Resurrectionis
1652 5259 1900 5315 Domini:
1929 5273 2091 5329 quam
2121 5259 2243 5314 ideo
2261 5272 2365 5311 non
2389 5255 2832 5311 commemoravit
2856 5253 3300 5326 Chrysostomus,
3324 5253 3467 5322 quod
3497 5262 3682 5308 contra

453 5367 791 5432 spectatores
819 5358 939 5415 illos
963 5359 1200 5429 graviter
1226 5372 1523 5415 succensus
1547 5365 1714 5422 esset,
1740 5357 1996 5426 illamque
2022 5369 2134 5410 rem
2167 5354 2323 5408 unice
2348 5353 2613 5424 cogitaret
2642 5351 2740 5420 (ὁ).

450 5628 474 5678 f
515 5565 586 5626 (α)
621 5562 815 5624 Μοιιιΐ..
845 5563 1014 5613 nescio
1043 5562 1232 5625 quibus
1249 5563 1492 5612 rationum
1517 5559 1784 5612 momentis
1805 5562 2003 5616 ductus.
2026 5559 2151 5611 banc
2177 5553 2429 5605 homiliam
2461 5559 2572 5617 post
2592 5553 2941 5617 Septembrem
2977 5564 3197 5600 mensem
3223 5549 3338 5599 anni
3361 5550 3454 5598 598
3479 5548 3690 5600 habitam

472 5629 606 5676 uisse
630 5628 924 5678 suspicatur.

472 5637 606 5676 uisse
630 5637 924 5687 suspicatur.

451 5771 489 5824 Ρ
515 5711 591 5818 (ο)Ι
610 5709 904 5770 Mattbzeius,
929 5713 1014 5772 qui
1042 5712 1201 5761 locum
1229 5708 1446 5762 homilire
1467 5713 1616 5763 aliter
1649 5710 1905 5773 intelligit,
1935 5707 2194 5760 contendit
2222 5705 2664 5757 heminam-eontra
2697 5699 2888 5749 theatra
2917 5696 3131 5748 habitam
3161 5696 3309 5747 fuisse.
3337 5695 3552 5746 Sabbato
3578 5701 3693 5743 ante

493 5787 572 5820 διδ(
594 5786 656 5819 la.

493 5786 636 5820 ast'na
646 5806 656 5817 .
