4058 6204
330 345 442 396 45::
1054 402 1064 410 _
1097 412 1102 417 λ
1789 351 2128 404 uomebat.
3470 351 3575 395 esu
3611 363 3616 370 ο

407 456 514 512 Vll.
555 456 782 512 llomilia
814 460 1038 530 septima
1067 462 1120 517 in
1152 461 1378 518 ecclesia
1411 462 1629 518 Sanctte
1660 461 2169 518 Anastasim-habita
2190 461 2336 527 luit,
2371 462 2458 516 ubi
2491 462 2734 517 modicus
2755 468 2894 526 erat,
2930 459 3102 527 inquit
3129 458 3238 523 ille,
3269 459 3571 511 auditorum

333 563 616 614 numerus,
653 564 829 619 neque
861 561 1042 608 tamen
1084 553 1203 610 ideo
1229 554 1602 622 conqueritur,
1661 554 1753 610 sed
1780 554 2085 624 exemplum
2117 553 2474 607 Samaritana:
2503 552 2698 607 ali‘ert:
2748 567 2910 622 quam
2963 551 3087 606 licet
3126 564 3291 603 unam
3339 559 3570 615 tantum,

328 641 457 711 quia
495 649 674 696 tamen
706 643 956 698 audiendi
992 646 1172 699 studio
1195 645 1461 711 fervebat,
1505 646 1666 716 longo
1700 656 1938 716 tempore
1964 645 2273 713 alloquutus
2301 655 2382 700 est
2405 645 2675 700 Christus.
2726 645 2924 700 Deinde
2950 659 3076 697 vero
3116 642 3356 713 pluribus
3398 640 3572 709 expli-

330 739 421 788 cat
443 731 572 802 quid
600 733 702 788 sibi
743 732 870 788 velit
899 733 1116 801 Paulus,
1151 751 1274 791 cum
1307 738 1405 803 ait,
1446 736 1525 792 De
1557 738 1960 808 conﬁrmatione
1986 736 2277 805 Evangelii,
2310 745 2363 790 et
2395 738 2444 790 in
2478 737 2563 791 his
2593 739 2896 800 orationem
2929 735 3151 790 claudit.

405 819 558 874 Dicta
588 819 763 877 fuisse
792 823 1007 879 videtur
1036 825 1150 881 haec
1181 825 1405 882 humilia
1440 827 1494 882 in
1526 828 1864 884 ltebdomada
1899 827 2218 881 Paschatis:
2251 843 2399 881 nam.
2428 828 2526 896 qui.
2553 827 2806 882 humilius
2852 827 3014 882 hasce
3045 826 3098 880 in
3154 828 3272 894 ipso
3336 831 3584 891 tempore

331 911 643 981 colligebat,
685 923 746 969 ut
775 929 841 970 ex
871 915 1042 972 titulis
1070 918 1397 975 conciunum
1430 918 1879 988 deprehenditur,
1909 919 2000 973 illo
2026 934 2135 988 quo
2163 920 2486 974 dicebantur
2509 919 2698 973 ordine
2732 935 2832 974 cas
2856 918 3161 986 descripsit.

404 1003 543 1059 Vill.
579 1003 814 1060 Humilia
858 1016 1049 1062 octava
1101 1023 1216 1064 rem
1266 1025 1495 1080 prorsus
1542 1010 1815 1066 insolitam
1854 1010 2006 1066 nobis
2035 1011 2256 1070 exhibet
2308 1019 2471 1076 atque
2507 1004 2828 1070 inauditam.
2881 1007 3034 1062 Tunc
3073 1007 3399 1064 Gottborum
3453 1025 3580 1078 pars

331 1097 596 1162 maxima,
633 1099 724 1168 qui
753 1098 836 1152 vel
859 1097 1326 1170 Constantinopoli
1352 1101 1435 1155 vel
1457 1100 1660 1157 circum
1695 1107 1870 1158 erant.
1899 1097 2263 1153 Arianistunm
2295 1100 2662 1157 sectabantur.
2700 1095 2868 1149 Erant
2920 1107 3094 1152 tamen
3127 1096 3398 1152 Catholici
3445 1114 3582 1167 gen—-

333 1192 403 1245 tis
432 1189 675 1257 ejusdem
706 1204 809 1244 non
837 1190 1014 1260 pauci.
1077 1189 1210 1245 Cum
1252 1200 1433 1247 autem
1475 1191 1528 1245 in
1583 1191 1868 1246 ecclesiam
1906 1188 2094 1244 Sancti
2139 1188 2293 1243 Pauli
2329 1181 2734 1250 convenissent,
2781 1186 2947 1255 jussit
2994 1187 3415 1256 Chrysostomus
3441 1185 3579 1242 Gut-

334 1285 456 1338 thus
482 1281 684 1352 aliquot
713 1283 831 1338 loca
857 1284 1102 1354 qumdam
1124 1284 1551 1354 Scripturarum,
1585 1301 1706 1356 quae
1741 1284 1793 1339 in
1815 1283 2124 1340 Gotthicam
2146 1281 2396 1351 linguam
2431 1295 2711 1336 conversa:
2742 1281 2974 1343 l'ucmut,
3005 1279 3258 1334 Gotthice
3289 1280 3490 1350 legere,
3525 1291 3582 1336 et

332 1385 518 1440 postea
545 1373 800 1429 Cotthum
825 1378 1201 1446 presbyterum
1235 1377 1489 1433 Gotthice
1522 1376 1859 1434 concionari.
1891 1376 2001 1431 Cur
2027 1385 2208 1431 autem
2239 1376 2310 1429 ita
2331 1374 2558 1442 jusserit
2591 1373 2724 1428 satis
2748 1373 2992 1428 declarat
3036 1375 3088 1427 in
3119 1373 3382 1428 concione
3409 1388 3572 1442 quam

334 1465 452 1534 ipse
475 1465 819 1520 continenter
840 1474 960 1533 post
989 1466 1246 1522 Gotthum
1280 1468 1658 1540 presbyterum
1692 1467 1883 1523 eadem
1914 1467 1968 1522 in
2011 1466 2240 1522 ecclesia
2272 1464 2495 1530 habuit;
2553 1474 2614 1539 ut
2653 1464 2904 1519 videlicet
2961 1463 3180 1520 Graecos
3230 1463 3584 1535 philosophos

333 1568 635 1624 eorumque
662 1555 1250 1626 religionissequaces,
1289 1566 1344 1612 et
1372 1554 1587 1612 Judaeos
1620 1570 1838 1626 quoque
1865 1553 2071 1625 pudore
2097 1554 2466 1610 sull'underet:
2499 1552 2794 1623 quod'dum
2830 1552 2903 1606 illi
2936 1553 3181 1609 veritatis
3242 1552 3419 1608 lucem
3475 1569 3578 1608 re-

335 1651 617 1713 spuerent,
655 1645 896 1700 barbarae
924 1660 1021 1716 per
1066 1654 1235 1701 totum
1270 1647 1458 1702 urbem
1503 1645 1750 1703 nationes
1810 1644 1922 1701 sole
1969 1643 2314 1715 fulgidiorem
2350 1643 2628 1714 Evangelii
2683 1643 2858 1698 lucem
2904 1643 3381 1712 amplecterentur.
3416 1645 3579 1702 Addit

333 1731 499 1786 etiam
527 1747 675 1798 eum,
705 1734 796 1804 qui
827 1735 877 1790 in
914 1733 1092 1791 Veteri
1129 1735 1477 1794 Testamento
1504 1737 1711 1807 primus
1743 1747 1974 1793 vocatus
1997 1737 2118 1802 fuit,
2146 1753 2340 1808 nempe
2364 1738 2775 1803 Abrahamum,
2795 1737 3088 1792 barbarum
3117 1739 3284 1795 fuisse
3312 1740 3365 1794 in
3398 1741 3577 1794 medio

333 1820 689 1878 barbarorum
726 1835 1062 1893 versantem;
1111 1825 1373 1883 barbaros
1395 1842 1611 1898 quoque
1643 1827 1812 1885 fuisse
1860 1828 1984 1884 illos
2006 1832 2098 1899 qui
2149 1828 2355 1885 Christi
2387 1839 2567 1886 ortum
2637 1830 2796 1900 primi
2850 1829 3269 1899 annuntiarunt,
3322 1831 3581 1887 nimirum

335 1927 550 1983 magos,
575 1917 665 1986 qui
694 1931 762 1972 ex
792 1914 1014 1972 Oriente
1043 1926 1342 1974 venerant-

405 2004 534 2063 Haec
559 2018 742 2063 autem
768 2008 1174 2064 conciebabita
1223 2009 1324 2064 fuit
1357 2009 1410 2064 in
1440 2008 1669 2065 ecclesia
1701 2006 1759 2064 S;
1799 2008 1956 2064 Pauli
2005 2009 2146 2064 intra
2178 2007 2568 2063 hebdomadam
2600 2006 2886 2062 Paschatis
2912 2005 3108 2061 festum
3162 2007 3583 2077 subsequentem

333 2107 391 2153 et
429 2113 527 2169 per
557 2109 832 2164 octavam,
873 2110 932 2154 ut
980 2115 1046 2155 ex
1086 2101 1366 2170 sequentis
1397 2102 1631 2158 humilia:
1683 2102 1858 2164 titulo,
1907 2102 1977 2157 ab
2022 2117 2087 2157 eo
2114 2102 2206 2172 qui
2240 2102 2324 2156 his
2355 2100 2712 2157 concionibus
2762 2099 2949 2156 aderat
2983 2100 3285 2170 praemisso,
3316 2099 3575 2170 liquidum

333 2199 417 2244 est
442 2207 458 2256 ;
486 2191 755 2260 etiamque
783 2191 1139 2246 confirmatur
1168 2208 1231 2246 ex
1266 2193 1333 2247 iis
1362 2208 1481 2262 quae
1513 2193 1667 2247 initio
1703 2194 1940 2247 humilia:
1972 2194 2250 2262 sequentis
2276 2194 2550 2248 dicuntur.

409 2286 621 2340 Etenim
656 2303 776 2339 cum
811 2286 929 2341 illos
957 2286 1271 2359 gravissime
1302 2289 1616 2358 pupugisset
1651 2288 1890 2358 ipsisque
1926 2289 2232 2342 ntolestiam
2264 2297 2503 2343 creasset
2543 2287 2594 2342 in
2626 2301 2690 2342 ea
2727 2287 2970 2354 humilia,
3013 2303 3174 2356 quam
3206 2289 3258 2344 in
3289 2287 3570 2343 Dominica

343 2375 780 2435 Resurrectiunis
808 2377 1012 2434 Christi
1045 2381 1330 2444 habuerat,
1364 2395 1430 2434 eo
1458 2379 1602 2450 quod
1642 2381 1693 2436 in
1725 2381 1811 2436 die
1841 2380 2168 2437 Parascevcs
2195 2388 2244 2438 et
2289 2379 2342 2434 in
2373 2380 2612 2434 Sabbato
2668 2389 2859 2434 sancto
2896 2381 2962 2435 ad
3001 2381 3275 2436 circenses
3308 2391 3364 2436 et
3418 2364 3573 2434 thea-

335 2465 501 2520 trales
541 2464 695 2520 ludos
724 2482 784 2521 se
809 2467 1192 2535 contulissent,
1228 2468 1336 2525 imo
1361 2469 1942 2526 cxcommunicatiuuis
1987 2470 2338 2534 sententiam,
2374 2468 2565 2526 saltem
2607 2471 3102 2537 comminaturium,
3134 2472 3186 2526 in
3221 2471 3340 2526 illos
3391 2482 3576 2540 protu-

337 2555 528 2612 lisset:
559 2555 635 2611 illi
666 2567 844 2611 tamen
878 2569 1084 2628 postea,
1118 2574 1174 2613 re
1199 2575 1386 2614 secum
1419 2560 1564 2615 serio
1604 2574 1892 2630 perpensa,
1920 2575 2023 2614 non
2057 2559 2176 2614 sine
2198 2575 2360 2615 causa
2397 2575 2456 2616 se
2496 2560 2699 2615 acriter
2731 2559 3007 2630 impetilos
3032 2558 3204 2616 fuisse
3235 2560 3504 2625 videntes,
3531 2573 3585 2617 el.

334 2647 485 2718 plura
519 2648 602 2704 bis
628 2650 694 2706 de
731 2651 890 2706 rebus
918 2652 1108 2707 audire
1147 2652 1452 2722 cupientes,
1487 2652 1554 2707 ad
1590 2651 1840 2723 Magnam
1878 2651 2204 2718 Ecclesium,
2239 2661 2296 2706 ut
2335 2651 2583 2707 concioni
2635 2650 2986 2716 interiorem,
3023 2651 3228 2721 ingenti
3272 2665 3500 2706 numero
3531 2669 3590 2710 se

334 2745 634 2801 contulere.
666 2747 865 2803 Verum
895 2749 1088 2805 accidit
1122 2760 1178 2804 ut
1211 2749 1302 2804 illo
1332 2749 1440 2818 die,
1475 2765 1668 2819 nempe
1696 2749 1970 2806 Dominica
2009 2756 2130 2818 post
2167 2747 2399 2812 Pascha,
2443 2749 2661 2820 quidam
2703 2750 2918 2805 adesset
2946 2764 3009 2802 ex
3039 2747 3252 2804 Galatia
3277 2749 3584 2817 episcopus,

334 2842 419 2894 vir
446 2852 558 2896 tum
587 2857 654 2898 ex
679 2853 978 2911 senectute,
1014 2854 1124 2899 tum
1155 2860 1222 2900 ex
1252 2845 1374 2899 aliis
1405 2844 1572 2900 animi
1598 2844 2202 2904 dutihusvencrandus.
2238 2844 2324 2898 cui
2348 2844 2709 2900 concionandi
2743 2846 2912 2900 vicem
2938 2844 3366 2915 Chrysostomus
3391 2844 3578 2900 cessit:

334 2934 478 3007 quod
508 2935 782 2990 auditores
810 2937 1091 3006 tegerrime
1120 2937 1328 2993 tulere:
1359 2950 1571 2992 summo
1601 2935 1744 2990 enim
1777 2935 2150 3007 Chrysostomi
2192 2949 2254 2990 se
2290 2935 2486 2989 iterum
2513 2937 2816 3006 carpentis,
2877 2937 2988 2990 imo
3033 2936 3298 3001 secantis,
3352 2944 3411 2990 ut
3470 2935 3587 3004 ipse

334 3031 435 3094 ait,
467 3030 720 3089 audiendi
753 3031 1026 3088 desiderio
1062 3032 1403 3090 tenebantur.

413 3125 505 3182 IX.
531 3126 871 3197 Quapropter
891 3127 981 3182 ille
1009 3127 1309 3191 Duminica,
1345 3137 1397 3179 ut
1452 3125 1675 3181 credere
1722 3135 1826 3190 cst,
1877 3125 2150 3197 sequenti,
2212 3124 2450 3181 secunda
2513 3125 2770 3180 videlicet
2820 3134 2942 3195 post
2989 3125 3222 3190 Pascha,
3253 3127 3306 3180 iu
3348 3126 3585 3182 Ecclesia

339 3219 527 3290 Magna
556 3220 871 3278 concionem
905 3221 1045 3275 hanc
1081 3219 1288 3284 habuit,
1322 3219 1409 3272 ubi
1436 3220 1618 3274 statim
1646 3219 1989 3275 auditoribus
2018 3219 2340 3290 gratulatur,
2383 3217 2524 3286 quod
2546 3218 2672 3274 licet
2695 3229 2801 3272 tam
2833 3219 3073 3289 graviter
3093 3220 3306 3288 excepti
3361 3221 3414 3272 in
3444 3235 3578 3274 cun-

342 3315 500 3368 cione
523 3312 610 3367 illa
643 3311 936 3369 Dominicae
971 3313 1425 3379 ltesurrectiunis,
1465 3323 1572 3368 tam
1604 3315 1877 3369 ferventer
1909 3324 1964 3369 et
1991 3323 2138 3368 tanto
2169 3329 2397 3367 numero
2423 3314 2617 3368 iterum
2649 3323 3017 3384 compareant.
3053 3313 3194 3367 Tum
3215 3327 3336 3369 sese
3357 3321 3584 3368 excusat

338 3407 482 3473 quod
509 3406 783 3461 Dominica
825 3408 1146 3480 praecedenti
1178 3409 1433 3477 episcopo
1464 3409 1691 3464 Galatiae
1728 3410 1931 3465 seniori
1965 3409 2322 3465 concionandi
2377 3409 2555 3464 locum
2597 3409 2855 3477 cesserit;
2911 3409 3212 3479 iterumque
3241 3423 3430 3466 contra
3480 3410 3591 3464 circ

337 3515 530 3557 censes
559 3501 733 3568 ludos,
775 3504 994 3560 etiamsi
1025 3503 1208 3558 mitius
1248 3505 1689 3575 moderatiusqtte
1715 3504 1974 3574 loquitur,
2013 3520 2234 3574 remque
2270 3505 2447 3575 tangit
2476 3505 2698 3559 omnino
2736 3504 3139 3575 deplorandam,
3182 3519 3302 3574 qua:
3338 3503 3588 3558 hesterna

336 3594 427 3649 die
464 3593 516 3648 in
547 3595 902 3665 hippodromo
940 3597 1261 3666 contigerat,
1295 3597 1440 3652 etab
1465 3595 1767 3664 hujusmudi
1805 3597 1948 3654 ludis
1976 3597 2110 3654 alios
2140 3606 2392 3653 avertere
2433 3597 2682 3654 debebat.
2721 3597 2951 3663 Quidam
2988 3597 3156 3662 enim,
3185 3595 3276 3668 qui
3327 3594 3591 3666 postridie

337 3708 562 3749 uxorem
594 3695 853 3749 ducturus
889 3704 1030 3759 crat,
1059 3697 1183 3749 dum
1220 3710 1341 3749 cum
1379 3695 1499 3752 aliis
1535 3697 1850 3754 cursoribus
1893 3707 2240 3758 concertarct
2282 3697 2636 3769 interceptus,
2686 3698 2985 3753 miserabili
3039 3712 3168 3754 casu
3216 3697 3396 3765 capite
3443 3703 3592 3748 trun-

333 3799 514 3856 catus,
548 3799 604 3844 et
640 3791 898 3846 extremis
933 3791 1191 3846 membris
1213 3791 1473 3850 abscissis
1500 3792 1571 3845 ibi
1604 3801 1898 3853 manserat.
1966 3791 2166 3848 Deinde
2193 3793 2427 3862 explicat
2476 3793 2603 3846 illud
2639 3790 2915 3863 Evangelii
2951 3791 3180 3855 dictum,
3245 3787 3408 3844 Pater
3447 3802 3593 3842 meus

333 3897 500 3950 usque
528 3881 681 3935 modo
711 3889 976 3949 aperalur,
1011 3892 1058 3935 et
1090 3898 1188 3951 ego
1211 3899 1420 3947 operor,
1445 3883 1742 3952 probatque
1767 3882 1962 3939 Filium
1989 3884 2248 3953 aequalem
2272 3899 2396 3939 esse
2416 3882 2585 3943 Patri.
3046 3936 3049 3938 ,

411 3971 480 4026 Χ.
518 3972 745 4026 llunlilia
779 3973 982 4026 decima
1020 3972 1199 4027 habita
1231 3973 1330 4027 fuit
1360 3973 1411 4026 in
1441 3974 1668 4032 ecclesia
1700 3974 1939 4044 Apostoli
1973 3975 2074 4046 (τι),
2109 3984 2396 4045 postquam
2444 3990 2612 4031 senex
2666 3975 2886 4046 quidam
2919 3975 3207 4044 episcopus
3247 3981 3374 4028 ante
3424 3972 3594 4044 Chryo

332 4076 640 4122 sustomum
669 4067 1019 4127 conciouatus
1052 4066 1260 4124 fuerat:
1294 4068 1549 4138 quodque
1579 4069 1980 4126 observandum
2010 4084 2118 4137 est,
2154 4071 2302 4126 illum
2335 4087 2542 4138 senem,
2581 4082 2636 4128 ct
2666 4087 2726 4127 se
2751 4071 3005 4140 juvenem
3037 4079 3218 4137 vocat,
3250 4070 3355 4126 etsi
3379 4085 3446 4124 ex
3475 4069 3595 4123 vulo

331 4155 460 4226 gari
491 4155 745 4224 opinione
773 4171 974 4217 amttam
1005 4155 1076 4209 52
1105 4157 1215 4228 jam
1246 4172 1502 4212 emensus
1533 4171 1652 4212 erat
1684 4158 1782 4229 (ὁ).

415 4247 505 4306 XI.
542 4247 834 4306 Undecima
865 4265 1080 4318 quoque
1101 4260 1155 4305 et
1193 4259 1464 4319 postrema
1531 4254 1752 4307 humilia
1789 4255 1931 4310 dicta
1961 4255 2064 4311 fuit
2096 4269 2126 4309 a
2161 4257 2550 4326 Chrysostomo
2579 4257 2692 4327 (die
2732 4257 2859 4312 festi
2900 4257 3376 4326 Machalueurum),
3437 4266 3587 4327 post-

332 4352 504 4406 quam
534 4352 704 4394 senex.
731 4341 946 4409 quidam
971 4342 1322 4396 conciouatus
1363 4341 1556 4396 fuerat-
1614 4343 1669 4397 ld
1700 4345 1873 4414 ipsum
1909 4361 2052 4416 saepe
2086 4346 2354 4411 videmus,
2381 4347 2516 4402 duas
2544 4361 2735 4417 nempe
2772 4357 2826 4401 et
2859 4346 3150 4415 aliquando
3184 4357 3292 4400 tres
3342 4344 3591 4399 liomilias

333 4431 686 4487 continenter
710 4433 894 4488 haberi
920 4433 974 4486 in
1006 4435 1196 4490 eadem
1227 4435 1456 4490 ecclesia
1491 4444 1545 4489 et
1574 4436 1764 4491 eodem
1815 4438 2067 4494 audiente
2123 4441 2340 4511 populo.
2403 4439 2458 4495 lu
2515 4442 2616 4496 hac
2669 4449 2849 4496 autem
2905 4443 3016 4511 agit
3049 4439 3470 4511 (ihrysostomus
3527 4439 3593 4493 de

334 4525 603 4585 Eleazaro
629 4538 684 4583 et
715 4527 781 4582 de
796 4526 1152 4596 ﬂacbabais,
1172 4544 1308 4600 quos
1337 4532 1531 4606 probat
1555 4531 1642 4587 ille
1663 4530 2011 4601 pro-Christo
2039 4549 2230 4604 passos
2259 4537 2444 4592 fuisse.

404 4750 478 4812 (α)
503 4749 783 4815 ξειιιιωιιιε
805 4752 1061 4815 contendit
1086 4752 1491 4815 lllamhomiliam
1525 4741 1743 4815 habitam
1780 4750 1936 4802 fuisse
1968 4751 2675 4815 ineeel_esia_qus_tolorum,_
2704 4745 2754 4798 id
2779 4761 2932 4815 exeo
2945 4747 3230 4815 conﬁciens
3253 4746 3390 4815 quod
3415 4746 3474 4815 in
3497 4748 3584 4815 def

328 4807 492 4860 cursu
515 4811 654 4876 illius
679 4811 903 4876 dicatur;
934 4813 1006 4876 Ad
1041 4813 1378 4874 Apostolorum
1403 4810 1802 4876 thecasvem'mus
1832 4815 1963 4876 (Col.
1989 4809 2208 4862 526.11%.
2233 4807 2343 4872 Si):
2378 4812 2513 4860 idem
2542 4825 2600 4860 ex
2627 4808 2701 4859 his
2732 4811 2912 4868 verbis,
2940 4808 3014 4876 Iis
3038 4807 3147 4876 quae
3168 4807 3316 4876 Itodie.
3335 4807 3456 4876 lecta
3480 4813 3585 4876 sunt

331 4872 746 4941 (malatia.-
764 4873 814 4932 9,
840 4875 900 4941 3_7
916 4878 934 4936 )
965 4869 1135 4941 demus
1157 4887 1385 4938 cperam,
1410 4887 1521 4941 qua;
1544 4874 1748 4941 ibidem,
1772 4869 1884 4941 post
1905 4875 2094 4941 aliquot
2121 4876 2280 4941 lineas
2300 4869 2555 4941 leguntur,
2581 4885 2680 4941 quo
2695 4879 2932 4941 temp-ire
2968 4869 3179 4941 humilia
3204 4869 3370 4941 habita
3406 4870 3560 4941 fuerit
3577 4907 3588 4920 .

329 4930 612 5004 concludit.
642 4948 660 4981 ι
687 4930 1036 5004 Hine,_lnquit,
1063 4930 1253 5004 cousiat
1281 4930 1493 5004 quo_die_
1511 4939 1636 4985 hanc
1676 4930 2189 5004 honiiliamhahueril
2225 4949 2246 5004 ε.
2274 4930 2511 5004 trilingue
2532 4930 2789 5004 tricesimo
2810 4930 3008 5004 r‘mensis‘
3046 4932 3202 5004 Junii.
3239 4931 3309 4980 Eo
3341 4932 3486 5004 enim‘
3507 4930 3589 4979 die

332 4997 628 5047 celebratur
651 4992 883 5046 memoria
910 4992 974 5048 x'tt
995 4992 1346 5059 apostolorum.
1375 4995 1580 5058 Legitur
1602 5004 1770 5048 autem
1805 4996 1975 5046 Matth.
2007 4996 2060 5056 9,
2083 4998 2144 5046 56
2180 4992 2246 5044 ad
2293 4997 2369 5056 lO,
2400 4997 2447 5044 8.
2491 4996 2542 5046 Id
2580 4997 2695 5044 mihi
2735 5003 2907 5045 notum
2937 5001 3017 5044 est
3047 5007 3108 5042 ex
3135 4992 3421 5052 Synaxariis
3455 4993 3582 5041 (ira:-

333 5071 532 5108 eorum.
560 5074 580 5106 ι
2430 5082 2448 5091 -

405 5119 478 5180 (b)
506 5120 776 5182 Perparam
799 5121 905 5170 haec
929 5126 1102 5171 notant
1123 5118 1455 5180 Benediclini,
1477 5133 1587 5172 cum
1621 5119 1672 5169 in
1697 5121 1788 5172 hac
1813 5121 2016 5170 humilia
2041 5118 2248 5170 minime
2268 5133 2324 5168 se
2342 5120 2580 5181 juvenem
2603 5122 2761 5182 vocet,
2783 5117 2874 5182 sed
2901 5117 3186 5178 episcopum
3209 5116 3296 5178 qui
3315 5118 3431 5164 ante
3452 5113 3604 5163 ilium.

333 5189 454 5231 erat
478 5181 815 5243 wucionatus,
837 5182 1075 5245 juvenem
1098 5184 1240 5233 simul
1265 5189 1316 5232 et
1337 5193 1508 5231 senem
1536 5195 1646 5234 esse
1673 5183 1821 5242 dicat,
1854 5183 1946 5232 sub
1969 5183 2155 5246 duplici
2178 5183 2371 5232 scilicet
2396 5185 2624 5243 respectu
2648 5181 2794 5230 animi
2819 5187 2872 5229 et
2892 5182 3131 5240 corporis.
