4054 6190
425 286 526 342 ιω
1201 279 1258 334 s.
1298 275 1579 334 JOANNIS
1614 273 2092 331 CllttYSOSTOMl
2133 278 2456 339 ARCUIEP.
2488 283 3022 347 CONSTANTINOP.

424 415 543 456 cum
569 413 738 471 neque
763 397 1001 469 pecunia:
1026 395 1130 450 sint
1158 391 1562 463 profunde-udae,
1582 406 1680 444 uec
1709 398 1885 444 tantus
1905 389 2001 440 dn-

423 493 505 546 lor
543 489 882 553 subeundus;
927 485 1021 542 sed
1069 486 1294 555 teipsum
1341 485 1392 536 in
1433 479 1794 535 omnimodam
1826 479 2001 551 perni-

421 584 558 637 ciem
592 580 857 651 conjicis?
881 589 936 634 et
964 574 1233 648 quomodo
1256 571 1367 629 haec
1396 570 1553 629 venia
1577 572 1736 644 digna
1764 572 2000 631 fuerint?

425 674 481 730 Si
513 675 655 730 enim
680 673 913 728 dicerem
944 687 957 723 :
996 672 1198 723 Avarus
1218 710 1235 734 ,
1270 677 1474 736 raptor,
1522 665 1829 725 fornicator.
1854 664 2003 719 adul-

424 781 527 833 ter,
568 783 636 821 ne
660 764 915 821 accedant
940 763 1005 819 ad
1033 762 1341 826 ecclesiam,
1368 760 1413 813 si
1444 759 1767 833 expelicrem
1797 768 1849 813 et
1876 774 1999 827 per-

420 874 676 931 sequerer
702 858 829 917 illo.
843 869 1033 911 manes
1052 855 1143 925 qui
1168 854 1224 911 in
1254 851 1485 922 peccatis
1510 859 1655 919 simt,
1689 867 1756 907 ne
1776 852 1851 908 sic
1879 852 1967 920 qui

419 950 542 1005 dem
582 948 858 1004 excusatio
902 945 1073 1010 foret;
1132 952 1408 1015 oporteret
1459 943 1602 1003 enim
1656 944 1723 1002 ab
1768 945 1832 999 iis
1875 959 2003 1013 pur-

419 1050 600 1111 gatum
658 1038 916 1095 accedere
947 1053 961 1090 :
996 1051 1137 1091 nunc
1183 1044 1361 1090 autem
1404 1048 1508 1088 non
1552 1033 1655 1089 hoc
1707 1034 1852 1098 divo,
1903 1034 1996 1088 sed

419 1131 546 1186 licet
587 1127 898 1194 forniceris,
943 1126 1153 1183 adulter
1195 1126 1306 1188 sis,
1347 1125 1548 1197 rapias,
1600 1125 1855 1194 pecunias
1885 1126 1999 1181 cnl-

418 1222 553 1290 ligas
584 1234 677 1288 per
719 1217 982 1281 fraudem,
1012 1218 1064 1271 in
1090 1216 1372 1275 ecclesiam
1399 1217 1628 1283 accede,
1656 1227 1713 1273 ut
1744 1217 1857 1271 ha-c
1889 1232 1996 1272 non

421 1314 559 1368 ultra
589 1311 879 1368 admittere
917 1310 1093 1365 discas
1125 1331 1138 1366 :
1165 1323 1354 1364 omnes
1383 1309 1619 1376 attraho,
1646 1317 1700 1365 ct
1730 1308 1877 1367 verbi
1911 1325 1997 1364 rc-

419 1407 488 1460 tia
520 1406 749 1475 tmdlque
769 1403 1096 1473 expandens,
1123 1417 1229 1456 non
1254 1416 1416 1456 sanos
1446 1411 1672 1467 tantum,
1700 1400 1793 1456 sed
1821 1416 1994 1471 aegros

417 1494 503 1550 hic
529 1508 723 1564 capere
749 1493 899 1548 volo.
919 1492 1043 1547 llrec
1068 1490 1305 1561 quotidie
1323 1490 1447 1546 dico
1477 1508 1490 1544 :
1517 1491 1674 1558 Veni,
1704 1500 1757 1546 et
1786 1506 1992 1546 mecum

416 1589 699 1642 sanitatem
720 1585 906 1654 accipe
934 1600 948 1642 :
980 1600 1100 1639 nam
1125 1599 1224 1655 ego
1249 1598 1461 1655 quoque
1488 1583 1726 1639 medicus
1744 1581 1995 1654 pharma-

414 1680 489 1734 cis
517 1694 653 1750 Opus
682 1678 851 1733 habeo
885 1695 899 1732 :
926 1676 1086 1731 homo
1110 1692 1341 1746 namque
1374 1691 1513 1740 sum,
1538 1676 1779 1748 ejusdem
1816 1686 1989 1733 tecum

415 1782 618 1827 natura:
666 1770 944 1826 ail‘ectibus
990 1770 1233 1825 subditus
1270 1788 1284 1825 :
1316 1769 1494 1825 verbis
1540 1785 1674 1838 opus
1719 1779 1803 1826 est
1836 1770 1989 1838 mihi,

412 1878 532 1932 qua:
581 1861 940 1916 inordinatum
992 1860 1231 1916 animum
1275 1858 1489 1914 vinculo
1536 1859 1749 1916 frenent
1777 1880 1793 1916 :
1821 1879 1992 1934 tthttc

412 1953 574 2007 vitam
619 1952 758 2009 duco
803 1952 1173 2022 tranquillam,
1223 1951 1369 2007 curis
1391 1962 1444 2007 et
1472 1953 1701 2008 tumultu
1733 1969 1991 2025 vacuam;

412 2043 505 2099 sed
537 2046 708 2114 agitor
738 2043 851 2113 ipse
878 2058 1090 2114 quoque
1111 2043 1566 2115 concupiscentiae
1592 2045 1908 2100 tumultibus
1936 2056 1993 2101 et

412 2134 871 2205 perturbationum
915 2134 1184 2192 fluctibus.
1226 2135 1331 2192 Sed
1359 2151 1454 2191 cur
1478 2137 1558 2191 vel
1588 2152 1673 2191 me
1704 2137 1785 2195 vel
1824 2136 1989 2195 alium

411 2226 661 2294 dixerim,
700 2226 913 2299 quando
944 2228 990 2283 is
1017 2227 1130 2297 ipse
1150 2228 1239 2299 qui
1268 2228 1431 2283 ett-los
1454 2229 1747 2298 attingebat
1772 2229 1986 2294 Paulus,

410 2319 573 2373 multa
604 2335 739 2389 opus
770 2318 1003 2374 habebat
1030 2320 1350 2376 curatione?
1375 2321 1440 2376 Et
1466 2322 1607 2393 quod
1637 2337 1697 2379 ca
1729 2335 1864 2392 opus
1890 2322 1988 2376 lia-

409 2411 602 2476 huerit,
642 2412 753 2481 ipsc
797 2411 950 2464 nobis
1000 2410 1318 2466 declaravit.
1358 2411 1540 2483 Neque
1590 2412 1679 2466 ille
1727 2414 1987 2485 tranquil-

410 2502 512 2556 lam
567 2504 754 2573 agebat
810 2503 1002 2568 vitam,
1060 2503 1155 2561 sed
1211 2504 1374 2558 multa
1428 2504 1596 2559 inibat
1646 2506 1984 2561 certamina:

407 2595 634 2664 idecqne
676 2595 887 2649 dicebat
929 2614 941 2645 .-
983 2595 1185 2665 Castigo
1221 2613 1406 2664 corpus
1445 2613 1645 2662 meum,
1678 2607 1724 2650 et
1768 2598 1822 2651 in
1874 2614 1985 2652 ser-

407 2686 611 2739 ritulem
649 2686 840 2756 redigo.
875 2702 935 2739 ne
975 2687 1107 2755 forte
1155 2685 1273 2740 aliis
1314 2687 1617 2756 prmdicans,
1665 2688 1771 2759 ipse
1805 2705 1983 2757 repro-

405 2776 494 2830 bns
524 2777 753 2847 ινῃὶεἰαν(
784 2778 833 2832 1.
864 2777 984 2832 Cor.
1023 2778 1076 2832 9.
1108 2778 1177 2831 27
1211 2779 1248 2844 ).
1280 2778 1583 2850 Castigabat
1626 2788 1821 2863 autem
1857 2781 1983 2835 illud

402 2867 543 2936 quod
590 2868 929 2938 insurgebat,
953 2878 1008 2924 et
1034 2868 1084 2922 in
1110 2869 1421 2923 servitutem
1459 2869 1731 2938 redigebat
1764 2871 1815 2926 id
1842 2873 1982 2943 quod

404 2958 616 3012 fremnn
647 2959 931 3015 admittere
974 2960 1187 3015 nolebat
1220 2978 1233 3014 :
1261 2960 1487 3031 ideoque
1525 2962 1658 3017 alios
1695 2963 1978 3031 monebat,

403 3049 590 3103 dicens
618 3066 632 3102 :
661 3049 762 3115 Qui
786 3051 881 3104 sibi
906 3052 1101 3105 videtur
1126 3062 1281 3119 stare,
1303 3053 1468 3120 videat
1488 3071 1550 3106 ne
1577 3054 1728 3107 cadat
1756 3056 1833 3124 (l.
1859 3056 1979 3112 Cor.

403 3139 488 3194 10.
522 3140 634 3212 l2).
659 3143 809 3210 Quod
836 3145 879 3198 si
912 3144 1107 3198 Paulus
1134 3160 1237 3199 non
1273 3146 1655 3215 tranquillitate
1685 3145 1835 3201 frueb
1855 3156 1978 3217 .tur,

400 3232 494 3286 sed
530 3234 666 3287 haud
697 3250 850 3290 secus
879 3252 1037 3306 quam
1067 3238 1098 3290 ii
1127 3238 1213 3307 qui
1245 3238 1296 3290 in
1326 3238 1456 3291 mari
1487 3244 1759 3310 navigans.
1782 3240 1981 3296 multos

404 3324 639 3395 undique
667 3326 859 3382 fluctus
886 3329 1141 3383 concitari
1174 3329 1388 3383 videbat
1419 3348 1433 3382 :
1469 3331 1585 3400 quis
1624 3332 1762 3385 ausit
1796 3332 1979 3388 dicere

398 3431 457 3470 se
493 3432 601 3473 non
646 3434 807 3489 cgere
850 3419 1222 3486 correctione,
1278 3420 1556 3475 curatione
1600 3429 1654 3476 et
1707 3423 1978 3495 perpetuis

397 3506 584 3577 vigiliis
603 3509 626 3560 ἲ

479 3596 627 3653 Verbi
653 3598 752 3655 Dei
777 3599 954 3654 tirtus.
978 3629 1034 3639 —-
1065 3597 1196 3656 Veni
1238 3599 1417 3671 igitur,
1446 3610 1497 3656 et
1527 3617 1733 3659 mecum
1755 3602 1976 3661 doctore

397 3691 728 3744 curationem
751 3689 965 3745 adhibe.
989 3688 1141 3759 Quod
1167 3691 1211 3746 si
1247 3705 1411 3746 sanus
1439 3708 1520 3759 es,
1551 3693 1671 3749 ideo
1700 3694 1896 3750 accede
1920 3705 1976 3750 ut

396 3779 575 3833 sanior
619 3781 833 3836 evadas.
891 3781 1120 3836 Verbum
1161 3781 1303 3838 enim
1342 3793 1397 3838 et
1426 3782 1612 3840 morbo
1640 3784 1863 3841 affectos
1906 3785 1974 3841 ab

395 3871 709 3941 aegritudine
739 3875 943 3941 liberat,
969 3884 1023 3930 et
1048 3876 1233 3930 morbo
1254 3876 1452 3933 liberos
1480 3877 1744 3935 firmiores
1773 3881 1972 3950 reddit;

396 3971 579 4032 utpote
610 3964 751 4032 quod
800 3975 852 4021 et
896 3967 1130 4023 admissa
1167 3974 1419 4040 eorrigat,
1470 3979 1524 4026 et
1550 3971 1807 4028 adversus
1838 3990 1974 4028 non-

393 4050 521 4104 dum
544 4050 769 4107 admissa
809 4067 1116 4125 prteservet.
1159 4058 1309 4126 Quod
1341 4061 1384 4113 si
1419 4076 1523 4115 non
1548 4061 1682 4129 hoc,
1712 4050 1789 4121 at
1824 4065 1968 4121 aliud

393 4143 560 4198 habes
588 4155 863 4214 peccatum
893 4166 906 4203 :
940 4148 1064 4215 Quis
1087 4151 1217 4205 cnim
1245 4152 1542 4223 gloriabitur
1566 4171 1621 4208 se
1651 4166 1842 4211 castum
1871 4158 1967 4210 Ita-

393 4236 506 4287 bere
531 4252 619 4288 car
638 4235 666 4289 2’
705 4246 792 4290 aut
833 4238 943 4307 quis
984 4241 1199 4311 ﬁdenter
1235 4243 1417 4296 dixerit
1444 4261 1498 4298 se
1530 4247 1773 4300 mundum
1800 4265 1907 4302 esse
1937 4266 1969 4302 a

393 4336 595 4394 peccato
613 4323 793 4397 (Prov.
818 4329 908 4385 20.
940 4330 1033 4402 9)?
1058 4332 1135 4387 Ne
1156 4333 1333 4402 igitur,
1364 4337 1483 4404 quia
1511 4338 1763 4404 peccasti,
1794 4348 1843 4393 te
1870 4355 1963 4408 pu-

392 4414 512 4470 deat
552 4418 847 4483 accedere;
895 4422 1002 4476 imo
1043 4422 1114 4477 ob
1158 4424 1260 4481 hoc
1304 4425 1474 4496 ipsum
1532 4427 1750 4483 accede.
1796 4428 1967 4484 Nemo

390 4492 533 4565 enim
562 4510 691 4566 dicit
726 4529 740 4566 :
768 4511 900 4579 Quia
929 4512 1082 4566 ulcus
1104 4513 1278 4568 habeo
1297 4557 1312 4581 ,
1347 4517 1610 4575 medicum
1640 4535 1747 4573 non
1776 4535 1964 4575 accer-

391 4616 485 4668 so,
533 4618 703 4673 ueque
731 4602 1076 4673 pharmacum
1107 4604 1352 4675 accipin:
1385 4607 1494 4663 imo
1536 4609 1606 4663 ob
1647 4610 1749 4665 hoc
1790 4612 1963 4682 ipsum

392 4694 622 4747 maxime
664 4702 721 4748 et
761 4692 950 4748 medici
971 4693 1263 4750 advocandi
1296 4708 1442 4761 smn,
1466 4707 1520 4753 et
1546 4704 1959 4769 pharmacnrum

388 4784 497 4837 vim
517 4786 792 4856 requirere
816 4800 949 4856 opus
981 4795 1082 4842 est.
1108 4786 1318 4844 Scimus
1344 4790 1504 4845 etiam
1536 4808 1634 4847 nos
1662 4794 1973 4864 ignoscere,

388 4873 513 4938 quia
532 4878 587 4922 et
614 4868 711 4939 ipsi
739 4869 860 4925 aliis
888 4871 1120 4945 peccatis
1144 4888 1329 4929 sumus
1356 4875 1590 4931 obnoxii.
1641 4876 1766 4935 Ideo
1807 4896 1959 4934 umn-

389 4974 493 5028 qne
525 4958 664 5014 Dens
694 4976 798 5016 non
829 4964 1045 5033 angelos
1081 4964 1234 5021 dedit
1276 4967 1432 5022 nobis
1473 4966 1741 5035 doctores,
1791 4989 1962 5044 neque

390 5049 693 5106 Gabrielem
733 5052 961 5123 desuper
1001 5055 1222 5111 mittens
1267 5057 1441 5127 ipsum
1481 5062 1627 5131 gregi
1681 5062 1957 5131 prmfecit;

388 5142 482 5197 sed
531 5158 594 5197 ex
624 5143 739 5213 ipso
768 5144 897 5198 ovili
930 5155 1166 5215 pastores
1205 5150 1449 5216 assumit,
1479 5167 1542 5207 ex
1575 5151 1764 5207 ovilms
1786 5157 1964 5225 gregis

387 5232 577 5293 ducem
595 5273 614 5304 ,
664 5234 756 5306 qui
778 5234 846 5291 ad
872 5235 1251 5307 ignoscendum
1275 5239 1506 5297 subditis
1531 5256 1737 5311 pronus
1755 5246 1864 5312 sit,
1909 5258 1965 5301 et

389 5324 749 5382 inﬁmitatem
775 5329 1044 5398 propriam
1068 5329 1434 5399 perpendens,
1462 5346 1569 5387 non
1598 5333 1837 5405 insurgat
1863 5336 1961 5391 ad-

388 5434 575 5475 versus
596 5422 909 5491 gregarios;
962 5419 1056 5475 sed
1094 5419 1304 5479 frenum
1334 5422 1527 5482 habeat
1567 5434 1624 5482 et
1651 5426 1967 5485 humilitatis

387 5527 605 5567 causam
620 5528 734 5568 sua:
750 5529 942 5587 nempe
969 5516 1310 5571 conscientiae
1324 5518 1793 5577 necessitudinem.
1809 5521 1961 5589 Quod

386 5614 565 5660 autem
609 5606 725 5664 ba‘e
770 5624 875 5661 non
921 5609 1232 5679 augurando
1261 5610 1397 5667 dicta
1437 5611 1652 5679 fuerint,
1675 5613 1796 5669 andi
1825 5614 1961 5669 Pau-

380 5694 488 5752 lum
521 5697 632 5753 haec
653 5699 975 5755 scribentem
1004 5712 1052 5756 et
1084 5702 1543 5769 philosoxihantcm
1576 5724 1588 5759 :
1614 5706 1679 5759 ad
1702 5705 1956 5761 llebrmos

2110 393 2251 446 enim
2295 396 2570 463 scribens,
2621 401 2699 457 sic
2744 404 2861 460 ait:
2903 404 3078 460 (hnnis
3113 425 3329 481 namque
3368 413 3595 483 pontifex
3622 432 3687 470 ea:

2106 480 2391 537 hominibus
2433 500 2760 559 asstmrptns,
2803 510 2896 562 pro
2936 497 3218 552 hominibus
3241 486 3583 569 constituitur,
3620 488 3683 558 ἰιι

2105 569 2285 637 απεεαι
2308 574 2446 637 dona
2471 586 2521 635 et
2550 581 2804 649 sacriﬁcia
2826 600 2845 647 ;
2871 586 2960 655 qui
2993 590 3263 644 condolere
3300 593 3459 662 possit
3498 595 3561 649 iis
3594 599 3682 666 qui

2104 659 2338 731 ignorant
2363 675 2408 718 et
2447 678 2636 733 errant,
2661 673 2896 740 quoniam
2924 686 2971 729 et
2996 677 3104 748 ipse
3128 659 3470 739 circumdatus
3496 697 3569 740 est
3596 659 3682 741 in-

2103 751 2342 848 ﬁrmitate
2369 769 2388 809 :
2415 767 2473 811 et
2494 770 2758 833 propterea
2782 765 2924 821 debet
2949 771 3375 839 quemadmdum
3402 794 3495 844 pro
3517 795 3685 848 popu-

2102 841 2173 909 lo,
2192 845 2267 938 ita
2288 847 2453 904 etiam;
2462 858 2510 902 et
2527 867 2619 920 pro
2641 854 2903 925 semetipso
2920 857 3108 924 ρΙῙσιτε
3126 841 3458 934 properentis
3492 841 3678 938 (iIebr.

2101 934 2154 989 ὃ.
2184 937 2330 1006 1-5).
2369 938 2554 996 Viden'
2578 959 2736 1014 quam
2766 949 3019 1017 optimam
3041 952 3196 1008 nobis
3223 970 3439 1010 causam
3460 934 3678 1023 dixerit,

2104 1024 2174 1079 ob
2213 1042 2371 1097 quam
2419 1028 2523 1086 non
2563 1036 2772 1105 angeli,
2813 1054 2919 1093 non
2949 1040 3275 1115 archangeli.
3309 1047 3403 1102 sed
3433 1047 3679 1107 homines

2102 1115 2361 1177 Eretrsiis
2389 1123 2769 1195 prmlleiantut',
2805 1138 2855 1187 ut
2882 1131 3172 1191 COHdUiPITO
3208 1137 3416 1207 possint
3450 1139 3537 1207 iis.
3580 1142 3680 1212 qui

2098 1211 2337 1283 ejusdem
2366 1228 2492 1277 sunt
2518 1229 2754 1286 naturm;
2784 1232 3121 1295 peccatorum
3148 1242 3365 1291 suorum
3394 1211 3676 1293 conscien-

2100 1304 2226 1358 tiam
2280 1322 2376 1361 cett
2408 1311 2705 1381 maximam‘
2745 1312 3061 1371 humilitatis
3097 1318 3432 1391 disciplinam
3475 1322 3675 1379 haben-

2100 1398 2222 1451 tes?
2269 1399 2475 1455 Etenim
2508 1414 2563 1458 et
2596 1405 2742 1475 ipse,
2778 1407 2983 1477 inqttit,
3030 1410 3394 1471 circumdatus
3419 1425 3501 1470 est
3525 1417 3672 1473 iulir-

2097 1489 2319 1556 mitate,
2373 1501 2428 1546 et
2485 1503 2762 1564 propterea
2810 1496 3014 1568 debet,
3080 1503 3527 1572 quemadmodum
3577 1525 3676 1579 pro

2098 1582 2315 1653 populo,
2339 1584 2409 1637 ita
2438 1587 2598 1640 etiam
2629 1603 2727 1657 pro
2752 1592 3047 1663 semetipso
3076 1593 3269 1653 oderre
3294 1614 3391 1667 pro
3418 1605 3672 1670 peccatis.

2096 1671 2207 1726 lloc
2244 1673 2413 1743 ipsum
2460 1693 2601 1737 nunc
2637 1695 2849 1751 quoque
2897 1682 3129 1743 efficitur
3173 1703 3187 1740 :
3229 1687 3281 1743 in
3330 1688 3431 1747 hac
3477 1692 3677 1762 quippe

2094 1779 2245 1818 sacra
2294 1782 2476 1826 mensa
2520 1769 2813 1833 adstantes.
2865 1782 2921 1829 et
2965 1777 3301 1835 tremendum
3350 1782 3673 1840 sacriﬁcium
3742 1765 3763 1776 I

2093 1855 2401 1921 altercantes,
2425 1859 2874 1930 quemadmodum
2903 1875 2999 1934 pro
3028 1867 3204 1938 populi
3232 1870 3440 1927 delictis
3461 1874 3672 1931 veniam

2094 1947 2318 2017 petimus
2338 1990 2353 2016 ,
2400 1950 2470 2004 ita
2500 1966 2595 2022 pro
2631 1953 2824 2011 neStris
2846 1953 2976 2024 ipsis
3000 1973 3212 2030 quoque
3242 1976 3523 2035 rogamus,
3550 1982 3672 2020 nra-

2092 2053 2233 2106 mus,
2264 2038 2651 2110 deprecamur,
2680 2052 2734 2100 et
2775 2060 2871 2116 pro
2907 2048 3157 2105 omnibus
3189 2052 3509 2111 sacrificium
3537 2055 3675 2112 0ch-

2090 2129 2301 2183 rimus..
2316 2171 2353 2185 ..
2389 2131 2466 2202 (τι)

2163 2219 2217 2274 5.
2267 2219 2343 2275 Ne
2393 2221 2519 2276 mihi
2564 2238 2805 2293 avarum,
2834 2227 3037 2284 ventris
3073 2245 3308 2299 servum,
3341 2245 3395 2291 et
3429 2252 3548 2292 eum
3578 2240 3668 2310 qui

2092 2319 2294 2366 natura
2317 2312 2642 2370 nobilitatem
2675 2317 2922 2387 nequitia:
2954 2322 3205 2389 prodidit,
3230 2324 3542 2393 adduxeris;
3572 2334 3671 2387 sc-J

2093 2399 2233 2456 hunc
2262 2412 2316 2458 et
2344 2419 2437 2459 eos
2466 2407 2554 2476 qui
2584 2406 2721 2463 sicut
2750 2407 2840 2465 ille
2866 2411 3213 2487 archetypum
3259 2428 3559 2487 servarunt,
3606 2432 3667 2480 et

2091 2492 2291 2562 regium
2338 2494 2699 2553 characterem
2728 2514 2791 2555 ac
2819 2497 3043 2557 formam
3084 2521 3187 2559 non
3236 2507 3614 2569 labefactaruut
3651 2537 3667 2571 :

2089 2589 2144 2636 ct
2180 2592 2303 2638 tunc
2342 2584 2481 2640 scies
2514 2588 2638 2659 quid
2679 2590 2748 2645 sit
2788 2592 2970 2650 homo.
2998 2595 3129 2651 Nam
3156 2594 3245 2653 hic
3269 2616 3478 2674 quoque
3506 2603 3667 2662 homo

2088 2680 2224 2739 erat,
2255 2673 2492 2731 nmlieris
2519 2687 2672 2745 partu
2698 2690 2853 2736 natus
2877 2692 2932 2739 et
2962 2684 3097 2740 lacte
3127 2688 3358 2744 nutritus
3391 2711 3404 2746 :
3437 2692 3490 2746 in
3523 2704 3664 2751 terra

2089 2760 2382 2832 habitabat,
2413 2779 2592 2822 aerem
2624 2769 2876 2841 spirabat,
2900 2783 2953 2829 et
2980 2777 3179 2842 omnia,
3210 2795 3330 2850 qum
3358 2783 3528 2849 nobis,
3565 2786 3664 2856 ipsi

2086 2869 2298 2925 quoque
2318 2860 2615 2915 couununia
2642 2872 2793 2919 erant
2817 2882 2830 2917 :
2853 2869 3176 2935 communia,
3201 2870 3438 2943 inquam,
3461 2891 3521 2931 ea
3545 2894 3666 2946 qua:

2084 2945 2152 3000 ad
2184 2957 2425 3003 naturam
2460 2952 2756 3021 pertinent;
2792 2956 2884 3011 sed
2911 2961 3160 3029 quoniam
3196 2964 3317 3018 vita:
3365 2967 3663 3024 institutum

2085 3049 2560 3118 spectautegregia
2582 3057 2758 3116 erant,
2798 3050 2917 3105 ideo
2960 3053 3062 3113 hac
3096 3064 3239 3111 tanta
3286 3060 3451 3130 gratia
3494 3060 3659 3116 fulsit.

2085 3134 2243 3204 Atqui
2268 3154 2371 3191 non
2397 3140 2636 3206 pecuniis
2659 3142 2947 3198 instructus
2967 3157 3101 3213 erat,
3121 3164 3225 3203 non
3256 3153 3466 3225 generis
3482 3154 3659 3223 Splen-

2084 3226 2234 3291 dorc,
2269 3246 2374 3283 non
2435 3234 2616 3300 patrim
2659 3236 2990 3305 celebritate,
3024 3255 3128 3296 non
3176 3243 3478 3313 eloquentia
3504 3288 3518 3313 ,
3552 3265 3658 3303 non

2084 3318 2274 3388 lingua:
2301 3322 2563 3391 acumine,
2589 3340 2692 3380 non
2717 3340 2993 3383 servorum
3031 3346 3213 3405 grege,
3252 3350 3348 3390 nec
3382 3339 3660 3392 eunucho-

2082 3423 2199 3463 rum
2225 3411 2472 3479 agmine:
2505 3429 2610 3469 non
2647 3416 2837 3473 domus
2859 3417 2956 3493 ipsi
2984 3412 3423 3494 deauratotecto,
3447 3444 3551 3484 non
3574 3446 3662 3485 se-

2082 3499 2205 3554 rica:
2226 3512 2402 3556 vestes
2424 3520 2529 3558 non
2553 3522 2732 3561 mensa
2752 3508 2956 3565 deliciis
2979 3513 3188 3580 referta,
3211 3532 3318 3573 non
3346 3518 3486 3575 aliud
3505 3523 3665 3592 quid-

2080 3592 2219 3660 piam
2240 3607 2303 3648 cx
2334 3593 2417 3658 iis,
2437 3610 2555 3666 qua:
2577 3598 2725 3653 multi
2748 3598 2900 3655 beata
2925 3617 3043 3660 esse
3067 3615 3340 3677 reputant;
3364 3610 3458 3666 sed
3480 3622 3659 3668 estre-

2080 3700 2164 3740 ma
2188 3697 2501 3757 paupertas:
2528 3704 2632 3745 non
2660 3691 2735 3748 illi
2766 3693 2830 3746 ad
2857 3694 3052 3750 victum
3081 3703 3378 3756 necessaria
3407 3714 3659 3774 suppete-

2079 3776 2228 3847 bant,
2249 3780 2340 3835 sed
2364 3781 2502 3852 apud
2528 3782 2737 3838 viduam
2767 3786 3061 3855 mulierem,
3083 3788 3335 3863 illamque
3353 3793 3655 3861 Sidoniam,

2078 3871 2484 3940 emendicabat,
2526 3889 2738 3935 manum
2779 3878 3074 3935 extendens
3101 3890 3154 3936 et
3182 3897 3372 3953 panem
3416 3896 3602 3956 petens
3637 3907 3655 3943 :

2079 3960 2436 4018 habitaculum
2468 3965 2567 4036 ipsi
2592 3976 2705 4021 erat
2734 3968 2983 4039 spelunca
3008 4012 3022 4037 ,
3055 3975 3427 4031 vestimentum
3462 3978 3613 4048 pellis
3636 4023 3651 4044 ,

2077 4067 2261 4108 mensa
2304 4060 2480 4123 terra,
2524 4058 2893 4131 progenitores
2931 4062 3194 4133 ignobiles
3235 4075 3289 4121 et
3329 4083 3397 4122 ne
3436 4070 3656 4126 nomine

2075 4146 2287 4217 quidem
2316 4138 2449 4214 noti,
2472 4149 2645 4219 patria
2675 4151 2813 4215 vilis,
2843 4154 2948 4208 vita
2971 4156 3214 4225 agrestis.
3244 4162 3490 4215 Attamen
3520 4163 3653 4218 nihil

2074 4239 2264 4295 horum
2283 4242 2663 4312 impedimento
2684 4246 2779 4315 ipsi
2803 4247 2900 4303 fuit
2915 4249 2981 4304 ad
3003 4250 3340 4322 splendorem
3359 4267 3410 4315 ct
3425 4259 3655 4315 celebri-

2075 4340 2234 4389 tatem
2253 4333 2345 4388 sed
2368 4335 2525 4390 etiam
2548 4337 2759 4410 regibus
2785 4341 3032 4400 omnibus
3052 4346 3375 4416 opulentior,
3399 4358 3455 4408 et
3480 4350 3654 4421 philo-

2073 4424 2256 4494 sophis
2284 4425 2490 4481 cunctis
2514 4427 2929 4507 rhetoribusque
2970 4436 3280 4507 sapientior,
3314 4448 3369 4497 et
3411 4441 3515 4498 illis
3558 4445 3651 4514 qui

2072 4518 2374 4575 diademate
2425 4521 2784 4591 insigniuntur
2824 4525 3083 4584 illustrior
3111 4539 3226 4586 erat
3250 4550 3262 4585 :
3289 4543 3341 4589 et
3372 4534 3651 4592 nobilitate

2073 4611 2242 4680 magis
2265 4610 2639 4681 dccorabatur,
2672 4630 2829 4686 quam
2858 4617 2893 4672 ii
2921 4619 3009 4693 qui
3058 4621 3229 4692 regias
3261 4625 3421 4687 urbes
3447 4624 3653 4684 habent

2071 4705 2330 4774 patriam:
2359 4706 2543 4761 orbem
2573 4723 2801 4787 namque
2831 4711 3054 4781 patriam
3080 4714 3339 4781 habebat;
3364 4721 3470 4777 imo
3486 4724 3650 4777 etiam

2071 4796 2216 4851 orbis
2246 4796 2347 4869 ipsi
2371 4812 2469 4854 ceu
2499 4814 2659 4868 parva
2687 4800 2816 4856 urbs
2842 4811 2953 4856 erat
2973 4844 2989 4871 ,
3017 4805 3319 4879 clamatque
3349 4810 3547 4868 Paulus
3564 4813 3650 4869 αἱ-

2070 4905 2200 4947 cens
2233 4891 2590 4951 :Circuierunt
2639 4893 2692 4945 in
2734 4893 2932 4949 metatis
2956 4935 2972 4961 ,
3023 4896 3076 4951 in
3121 4899 3334 4969 pellibus
3374 4905 3599 4972 caprinis
3627 4924 3647 4961 :

2068 4984 2246 5053 quibus
2266 4984 2450 5056 dignus
2470 4995 2686 5039 nouerat
2705 4987 2919 5041 mundus
2940 4987 3151 5055 (Habui
3168 4992 3215 5046 1.
3232 4994 3345 5063 37).
3366 4996 3574 5069 Etenim
3594 5001 3648 5054 in

2072 5090 2298 5146 superna
2325 5076 2542 5133 civitate
2570 5077 2901 5145 versabatur,
2922 5080 3072 5151 cujus
3099 5083 3288 5140 artifex
3319 5097 3374 5141 et
3402 5089 3651 5145 conditor

2072 5176 2155 5221 est
2202 5167 2359 5222 Deus.
2404 5158 2528 5224 Ideo
2556 5165 2647 5222 tibi
2673 5182 2960 5241 pauperem
2990 5183 3041 5227 et
3069 5184 3335 5247 agrestem
3361 5178 3529 5233 virum
3562 5181 3648 5236 iu-

2072 5257 2196 5314 dnxi
2234 5258 2430 5329 pietate
2457 5258 2825 5331 conspicuum,
2850 5269 2907 5315 ut
2942 5264 3144 5320 nuilum
3175 5266 3450 5325 obtentum
3484 5268 3651 5326 habe-

2071 5366 2177 5407 res.
2207 5350 2340 5406 Nam
2370 5350 2415 5407 si
2440 5349 2655 5409 divitem
2682 5361 2736 5407 et
2764 5353 3055 5423 sapientem
3086 5356 3434 5429 induxissem,
3465 5360 3649 5419 dicere

2070 5441 2360 5510 potuisses,
2390 5441 2680 5511 Paupertas
2700 5451 2754 5499 ct
2782 5444 3075 5514 ignorantia
3099 5447 3337 5516 impedit,
3360 5453 3648 5518 quominus

2073 5531 2194 5587 talis
2221 5529 2421 5586 efliciar
2445 5548 2457 5583 :
2486 5547 2625 5587 nunc
2652 5542 2829 5587 autem
2859 5534 2925 5590 ad
2953 5536 3153 5591 nullum
3183 5540 3339 5597 talem
3363 5543 3641 5603 obtentum

2132 5714 2205 5771 tu)
2231 5710 2321 5761 Hic
2338 5710 2500 5769 deest,
2525 5716 2578 5760 ut
2602 5719 2820 5775 apparet,
2848 5714 3022 5776 pagina
3046 5715 3225 5767 avulsa.
