4054 6190
217 373 332 435 δῶ

217 487 409 561 μάθῃς
437 478 635 554 μηκέτι
656 477 878 537 τοιαῦτα
904 479 1099 533 ποιεῖν·
1125 476 1269 532 ἐλκω
1292 476 1499 541 πάντας
1533 475 1625 529 zeal
1654 472 1900 529 ἐπισπῶ-

218 592 347 647 μαι,
373 570 468 628 zeal
502 569 573 625 τὰ
590 569 783 623 δίκτυα
803 567 898 622 τοῦ
917 567 1087 635 λόγου
1122 564 1461 636 πανταχόθεν
1476 563 1756 628 ἀπλώσας,
1778 562 1896 633 οὐχὶ

214 660 356 723 τούς
383 655 748 725 ὑγιαίνοντας,
777 651 915 707 ἀλλά
961 652 1059 706 καὶ
1084 652 1213 715 τοὺς
1230 649 1518 714 νοσοῦντας
1531 648 1763 704 ἐνταῦθα
1792 648 1900 711 ζω-

219 746 434 817 γρῆσαι
449 740 726 810 ἐπιθυμῶ.
764 738 949 793 Ταῦτα
968 738 1111 808 λέγω
1129 737 1248 792 καθ’
1270 738 1508 809 ἑκάστην
1525 736 1757 808 ἡμέραν·
1780 735 1901 790 ἐλθὲ

217 834 321 887 zeal
342 828 647 904 θεραπεύου
670 829 787 900 μετ’
813 825 970 898 ἐμοῦ·
1004 826 1098 880 zeal
1125 824 1235 896 γὰρ
1278 823 1391 893 ἐγὼ
1428 823 1688 894 ίατρεύων
1712 824 1900 896 χρείαν

223 920 343 991 ιχω
365 917 694 990 φαρμάκων·
725 912 1014 987 ἄνθρωπος
1034 913 1143 984 γάρ
1176 915 1291 982 εἰμι
1336 912 1434 968 zeal
1460 911 1561 980 τῆς
1608 910 1780 981 αὐτῆς
1819 911 1902 963 σοὶ

221 1007 449 1077 φύσεως
464 1002 823 1073 ὑποκείμενος
854 999 1173 1064 πάθεσι,καὶ
1189 998 1380 1069 δέομαι
1400 998 1660 1069 ῥημάτων
1687 996 1794 1049 τῶν
1814 995 1904 1049 τὸν

217 1095 465 1150 ἄτακτον
479 1089 679 1162 δεσμὸν
699 1087 1079 1160 χαλινούντων·
1092 1086 1212 1139 οὐδέ
1234 1085 1561 1157 ἀπράγμονα
1580 1083 1659 1146 ζῶ
1678 1083 1791 1155 βίον
1808 1084 1904 1137 zeal

218 1181 453 1254 ἡσύχιον
475 1179 571 1234 zeal
602 1177 896 1249 ἀτάραχον,
925 1175 1039 1229 ἀλλ’
1057 1174 1164 1245 ἐχω
1184 1173 1281 1227 zeal
1310 1172 1473 1236 αὐτὸς
1488 1170 1750 1242 θορύϐους
1783 1173 1905 1223 ἐπι-

220 1268 434 1339 θυμίας
458 1266 553 1321 zeal
571 1262 817 1336 ταραχὰς
853 1261 1138 1332 κυμάτων.
1166 1260 1276 1314 Καὶ
1311 1258 1365 1311 τί
1386 1258 1467 1312 δεῖ
1483 1257 1663 1326 λέγειν
1684 1257 1786 1327 ἐμὲ
1809 1257 1902 1310 zeal

217 1355 318 1408 τὸν
337 1355 507 1415 δεῖνα,
528 1353 665 1406 ὅπου
691 1367 756 1419 γε
781 1351 811 1403 ὁ
835 1349 946 1403 τῶν
963 1346 1210 1420 οὐρανῶν
1240 1346 1517 1417 ἁψάμενος
1554 1342 1766 1406 Παῦλος
1807 1342 1903 1398 zeal

220 1439 395 1503 αὐτὸς
424 1438 624 1510 πολλῆς
644 1437 815 1491 ἐδεῖτο
832 1436 939 1507 τῆς
970 1432 1301 1506 θεραπείας;
1333 1431 1445 1486 Kal
1472 1429 1631 1484 τοῦτο
1653 1429 1787 1483 αὐτὸ
1808 1429 1905 1498 δῆ-

220 1530 319 1582 λον
337 1529 476 1599 ημῖν
490 1525 766 1597 ἐποίησεν,
786 1524 869 1578 ὅτι
896 1522 1084 1586 ἐδεῖτο,
1106 1520 1202 1574 καὶ
1227 1519 1348 1574 οὐδὲ
1379 1517 1542 1581 αὐτὸς
1573 1515 1904 1590 ἀπράγμονα

224 1617 334 1687 ιζη
361 1615 496 1686 βίον,
516 1612 654 1668 ἀλλά
677 1609 851 1665 πολλά
892 1605 1002 1680 εἶχε
1033 1606 1403 1679 παλαίσματα·
1451 1604 1533 1659 διὸ
1571 1605 1668 1658 zeal
1693 1603 1900 1672 ἐλεγεν·

234 1701 562 1767 Ὑποπιάζω
584 1717 686 1773 μου
706 1698 767 1753 τὸ
794 1697 952 1770 σῶμα
973 1695 1068 1751 zeal
1083 1692 1432 1764 δουλαγωγῶ,
1481 1692 1554 1765 μή
1578 1708 1695 1757 πως
1722 1690 1905 1754 ἄλλοις

223 1788 496 1863 κηρύξας,
527 1786 691 1851 αὐτὸς
717 1785 974 1856 ἀδόκιμος
997 1782 1267 1854 γένωμαι.
1309 1778 1606 1845 ’Υπεπίαζε
1629 1779 1687 1832 δέ
1718 1778 1781 1832 τὸ
1815 1777 1905 1844 ἐξ·-

224 1876 591 1946 ανιστάμενον
610 1912 627 1937 ,
647 1873 743 1927 καὶ
774 1868 1132 1939 ἐδουλαγώγει
1166 1867 1226 1923 τὸ
1243 1867 1538 1938 ἀφηνιάσαι
1565 1865 1903 1938 βουλόμενον·

222 1965 313 2020 διὸ
338 1962 433 2018 καὶ
461 1960 642 2025 ἀλλοις
669 1957 1115 2031 παρῄνειλέγων·
1167 1956 1229 2010 '0
1249 1953 1446 2009 δοκῶν
1479 1951 1731 2008 ἑστάναι
1753 1952 1906 2017 ,βλε-

225 2050 392 2106 πέτω
407 2049 497 2119 μὴ
522 2048 704 2116 πέσῃ.
746 2045 888 2100 Είδέ
930 2046 961 2099 δ
995 2041 1208 2107 Παῦλος
1231 2042 1334 2096 οὐκ
1367 2039 1608 2096 ἀπέλαυε
1643 2039 1915 2110 γαλήνης,

226 2136 348 2192 ἀλλ’
369 2135 558 2206 ὥσπερ
574 2134 625 2188 οί
645 2131 876 2201 πελάγει
887 2130 1200 2203 φερόμενοι,
1221 2127 1393 2183 πολλά
1410 2125 1746 2197 πανταχόθεν
1760 2124 1909 2197 ἐώρα

226 2223 611 2294 διεγειρόμινα
640 2219 880 2292 κύματα·
909 2220 1001 2283 τίς
1029 2216 1293 2288 τολμήσει
1317 2214 1515 2286 λέγειν,
1540 2215 1623 2268 ὅτι
1652 2214 1714 2266 οὐ
1738 2213 1912 2267 δεῖται

227 2308 577 2381 διορθώσεως
626 2306 737 2361 zeal
767 2304 1066 2376 θεραπείας
1112 2304 1207 2357 zeal
1238 2299 1518 2374 διηνεκοῦς
1571 2299 1908 2370 ἀγρυπνίαςς

319 2393 473 2448 Ἐλθέ
486 2393 665 2447 τοίνυν
685 2392 781 2446 zeal
798 2390 1102 2462 θεραπεύοι)
1127 2388 1247 2461 μετ’
1278 2386 1413 2459 ἐμοῦ
1448 2385 1541 2440 τοῦ
1564 2384 1906 2440 διδασκάλου.

230 2482 300 2536 Εἰ
324 2480 382 2535 δέ
410 2479 569 2552 ὐγιὴς
600 2473 672 2546 εἰ,
711 2478 806 2533 zeal
824 2477 913 2531 διὰ
941 2475 1098 2531 τοῦτο
1125 2475 1453 2547 παραγίνου,
1480 2473 1566 2527 ἵνα
1595 2472 1910 2543 ὐγιέστερος

230 2573 394 2641 γένη·
434 2569 462 2621 δ
490 2566 601 2638 γάρ
622 2565 779 2635 λόγος
803 2563 930 2629 τούς
965 2581 1026 2619 τε
1056 2562 1278 2634 ἔχοντας
1316 2562 1595 2632 νοσήματα
1634 2557 1911 2613 ἀπαλλάτο

229 2675 322 2712 τει
350 2657 450 2727 τῆς
464 2655 796 2728 ἀρρωστίας,
815 2652 943 2716 τούς
975 2669 1035 2705 τε
1073 2652 1172 2704 οὐκ
1204 2650 1427 2721 ἔχοντας
1476 2646 1912 2719 ἀσφαλεστέρους

232 2743 553 2814 καθίστησι,
583 2740 931 2814 διορθωτικός
949 2757 1007 2794 τε
1034 2737 1107 2793 ὢν
1134 2736 1243 2791 τῶν
1291 2736 1618 2808 γενομένων,
1647 2735 1741 2790 zeal
1780 2753 1913 2807 προ.

233 2830 571 2902 φυλακτικὸς
622 2829 731 2884 τῶν
782 2826 992 2883 οὐδέπω
1049 2825 1391 2897 συμϐάντων.
1436 2825 1500 2878 Εἰ
1548 2823 1604 2877 δὲ
1645 2825 1721 2897 μὴ
1756 2821 1913 2878 τοῦτο

234 2920 388 2988 ἔχεις
411 2917 472 2971 τὺ
510 2915 833 2988 ἁμάρτημα,
881 2914 1000 2969 ἀλλ’
1039 2914 1225 2985 ἕτερον
1268 2911 1434 2984 ἔχεις·
1472 2913 1569 2978 Τίς
1626 2912 1736 2981 γὰρ
1769 2927 1913 2966 καυ-

236 3005 494 3075 χήσεται
518 3003 711 3072 ἁγνὴν
744 3004 907 3071 ἔχειν
932 3000 1183 3069 καρδίαν
1205 3016 1225 3066 ;
1248 3000 1286 3069 ἢ
1321 2999 1413 3066 τίς
1435 2998 1912 3068 παῤῥησιάσεται

236 3092 503 3161 καθαρὸς
532 3092 683 3145 εἷναι
702 3089 821 3145 ἀπὸ
844 3089 1170 3159 ἀμαρτίας;
1199 3086 1291 3158 Μὴ
1311 3086 1507 3153 τοίνυν,
1533 3085 1721 3157 ἐπειδὴ
1741 3087 1915 3158 ἥμαρ-

237 3196 360 3245 τες,
408 3177 702 3250 αἰσχυνθῇς
745 3175 1170 3248 παραγενέσθαι,
1226 3173 1361 3229 ἀλλά
1403 3173 1473 3233 δι’
1505 3174 1636 3228 αὐτὸ
1676 3174 1773 3245 μὲν
1821 3168 1913 3226 οῦν

240 3266 403 3320 τοῦτο
430 3266 758 3334 ἀπάντησον.
782 3262 969 3326 Οὐδεὶς
985 3261 1093 3333 γάρ
1132 3260 1302 3330 λέγει·
1349 3260 1568 3332 Ἐπειδὴ
1596 3260 1750 3323 ἐλκος
1784 3259 1912 3330 έχω,

244 3353 354 3406 οὐκ
374 3351 616 3423 ἐπιζητῶ
643 3350 735 3404 τὸν
771 3350 970 3422 ἰατρὸν,
1007 3349 1120 3403 ἀλλ’
1152 3348 1271 3402 οὐδὲ
1303 3346 1665 3418 καταδέχομαι
1698 3347 1921 3418 φάρμα·

244 3457 365 3494 κον·
394 3438 529 3492 ἀλλά
559 3438 627 3492 δι’
656 3436 789 3492 αὐτὸ
825 3436 924 3509 μὲν
951 3431 1045 3490 οῦν
1075 3435 1235 3490 τοῦτο
1266 3433 1504 3507 μάλιστα
1530 3434 1622 3489 zeal
1673 3435 1798 3498 τοὺς
1831 3436 1915 3488 ία-

244 3525 539 3597 τρεύοντας
563 3524 657 3579 zeal
699 3525 810 3578 τῶν
853 3521 1164 3595 φαρμάκων
1221 3520 1321 3592 τὴν
1358 3520 1588 3592 δύναμιν
1635 3517 1919 3592 ἐπιζητεῖν

247 3615 566 3681 ἀναγκαῖον.
604 3613 799 3682 Ίσμενι
826 3609 937 3682 γὰρ
962 3611 1055 3663 καὶ
1076 3610 1237 3680 ἡμεῖς
1265 3609 1675 3678 συγγινώσκειν,
1704 3607 1800 3662 άτε
1825 3606 1923 3660 zeal

248 3701 411 3754 αὐτοὶ
429 3700 634 3771 ἑτέροις
681 3698 1070 3771 ἁμαρτήμασιν
1095 3697 1247 3761 ὅντες
1300 3695 1611 3750 ὐπεύθυνοι.
1660 3693 1759 3748 Διά
1810 3693 1918 3765 γάρ

246 3788 412 3842 τοῦτο
437 3788 532 3841 καὶ
558 3788 587 3839 ὁ
614 3787 746 3851 Θεὸς
772 3787 872 3840 οὐκ
926 3784 1191 3855 ἀγγέλους
1223 3784 1423 3839 ἔδωκεν
1478 3786 1612 3854 ἡμῖν
1663 3782 1918 3837 διδασκά-

246 3874 400 3940 λους,
425 3873 544 3928 οὐδὲ
571 3873 664 3927 τὸν
703 3872 946 3944 Γαϐριὴλ
994 3871 1199 3926 ἄνωθεν
1240 3870 1589 3935 κατενεγκὼν
1619 3868 1923 3939 ἐπέστησεν

248 3961 420 4016 αὐτοῦ
440 3963 559 4026 ταῖς
577 3960 816 4031 ἀγέλαις,
845 3960 959 4013 ἀλλ’
987 3958 1083 4013 ἀπ’
1110 3957 1277 4014 αὐτοῦ
1292 3957 1387 4011 τοῦ
1408 3956 1657 4028 ποιμνίου
1683 3956 1921 4026 ἀναλαμρ

249 4048 433 4102 ϐάνων
454 4050 598 4101 ποιεῖ
618 4044 1001 4118 ποιμένας,άπ’
1019 4043 1197 4099 αὐτῶν
1216 4043 1326 4097 τῶν
1353 4042 1638 4112 προϐάτων
1658 4041 1748 4095 τὸν
1768 4040 1921 4110 άγελ-

251 4136 449 4208 ἀρχην,
505 4135 601 4189 ἵνα
623 4133 1063 4205 ωγγνωμονικύς
1101 4127 1272 4206 ᾖτοῖς
1320 4130 1667 4203 ἀρχομένοις,
1701 4129 1793 4182 zeal
1822 4128 1925 4200 τὴν

248 4223 461 4279 οἰκείαν
481 4221 765 4276 ἀσθένειαν
784 4219 998 4286 ἐννοῶν,
1031 4218 1122 4291 μὴ,
1153 4217 1448 4290 ἐπαίρηται
1474 4216 1612 4270 κατὰ
1658 4216 1767 4270 τῶν
1802 4232 1923 4268 ποι-

256 4310 620 4382 μαινομένων,
646 4308 761 4363 ἀλλ’
789 4308 889 4381 ἔχῃ
907 4307 1124 4379 χαλινὸν
1150 4307 1243 4360 καὶ
1275 4302 1773 4376 ταπεινοφροσύνης
1792 4302 1923 4357 ὐπό-

255 4400 408 4452 θεσιν
453 4395 549 4450 τοῦ
582 4396 783 4450 οίκείου
814 4393 1236 4464 συνειδότος.,τὴν
1278 4392 1544 4463 ἀνάγκην.
1598 4390 1703 4445 Kal
1750 4391 1921 4445 ὅτιού

258 4484 562 4557 στοχασμὸς
594 4483 665 4537 τά
690 4482 975 4554 εἰρημένα,
1008 4480 1236 4534 ἄκουσον
1257 4479 1467 4533 Παύλου
1493 4478 1667 4533 ταῦτα
1681 4478 1922 4550 γράφονρ

254 4589 351 4636 τος
380 4572 477 4626 zeal
507 4568 941 4640 φιλοσοφοῦντος·
982 4570 1095 4631 τοῖς
1118 4567 1226 4638 γάρ
1262 4566 1532 4639 Ἑϐραίοις
1571 4565 1922 4635 ἐπιστέλλων,

256 4657 431 4721 οὕτως
461 4657 589 4726 ἐφη·
608 4654 735 4721 Πᾶς
754 4655 865 4724 γὰρ
902 4654 1211 4724 ἀρχιερεὺς
1237 4653 1306 4718 ἐξ
1344 4651 1671 4722 ἀνθρώπων
1699 4654 1922 4723 λαμϐα-

258 4746 529 4815 νόμενος,
551 4742 703 4811 ὑπὲρ
739 4741 1064 4810 ἀνθρώπων
1087 4741 1457 4803 καθίσταται,
1479 4738 1634 4793 ὥστε·
1663 4737 1922 4808 προσφέ-

255 4847 385 4901 ρειν
402 4830 563 4901 δῶρα
593 4829 692 4883 καὶ
719 4829 955 4893 θυσίας,
976 4825 1389 4898 μετριοπαθεῖν
1426 4824 1759 4894 δυνάμενος
1802 4825 1924 4897 τοῖς

260 4917 547 4987 ἀγνοοῦσι
578 4916 674 4970 καί
703 4915 1133 4984 πλανωμένοις,
1158 4913 1288 4966 ἐπεὶ
1318 4913 1414 4966 καὶ
1435 4912 1619 4978 αὐτὸς
1666 4912 1922 4980 περίκειο

261 5020 354 5059 ται
368 5004 712 5060 ἀσθένειαν·
759 5003 857 5056 καί
885 5001 983 5055 διὰ
1007 5002 1232 5067 ταύτην
1260 4999 1505 5068 ὀφείλει,
1553 4997 1746 5065 καθὼς
1788 4998 1923 5066 περὶ

262 5091 369 5146 τοῦ
403 5091 587 5152 λαοῦ,
604 5091 758 5145 οὕτω
796 5089 894 5143 καὶ
935 5085 1086 5160 [526]
1139 5085 1270 5154 περί
1297 5085 1514 5140 ἑαυτοῦ
1561 5086 1927 5153 προσφέρειν

263 5178 395 5247 περὶ
445 5175 766 5247 ἁμαρτιῶν.
816 5172 968 5239 Εἶδες
1029 5173 1145 5236 πῶς
1188 5173 1383 5245 ἄριστα
1423 5172 1520 5242 τὴν
1565 5172 1743 5225 αίτίαν
1792 5172 1925 5242 ἡμῖν

266 5269 484 5338 εἴρηκε,
503 5265 662 5335 δι”ἣν
680 5264 779 5317 οὐκ
808 5262 1027 5331 ἄγγελοι
1060 5259 1179 5314 οὐδὲ
1201 5260 1552 5332 άρχάγγελοι,
1579 5255 1693 5311 ἀλλ’
1718 5257 1928 5331 ἄνθρωρ

267 5368 354 5405 ποι
397 5354 519 5414 ταῖς
563 5348 906 5420 Ἐκκλησίαις
964 5349 1344 5418 ἐφεστήκασιν,
1374 5345 1461 5400 ἵνα
1493 5345 1754 5398 δύνωνται
1796 5363 1925 5398 συν-

265 5439 455 5509 αλγεῖν
481 5439 593 5499 τοίς
639 5434 943 5506 δμογενέσι,
981 5433 1044 5488 τὸ
1100 5433 1212 5488 τῶν
1241 5433 1457 5488 οἰκείων
1515 5433 1927 5505 ἁμαρτημάτων

268 5547 383 5584 owe
392 5528 503 5591 ιδὸς
525 5527 776 5597 μέγιστον
795 5525 1132 5579 διδασκάλων
1153 5522 1649 5593 ταπεινοφροσύνης
1677 5523 1700 5575 ἐ
1705 5540 1890 5593 λοντες
1909 5540 1925 5585 :

266 5616 373 5670 Kal
397 5614 511 5686 γάρ
528 5615 623 5667 zeal
654 5612 814 5675 αὐτὸς
845 5610 1172 5682 περίκειται,
1190 5609 1374 5679 φησὶν,
1397 5606 1698 5671 ἀσθένειαν,
1720 5606 1817 5661 zeal
1837 5608 1930 5666 διὰ

263 5701 469 5771 ταύτην
497 5699 718 5770 ὀφείλει,
735 5696 917 5761 καθῶς
938 5694 1178 5767 περὶτοῦ
1197 5693 1347 5757 λαοῦ,
1378 5693 1519 5748 οῦτω
1538 5695 1632 5748 zeal
1654 5693 1784 5765 περὶ
1799 5694 1919 5747 ἐαυ-

263 5789 360 5842 τοῦ
393 5785 726 5860 προσφέρειν
757 5784 885 5855 περί
912 5783 1210 5855 ἁμαρτιῶν.
1242 5780 1413 5836 Τοῦτο
1438 5780 1568 5849 γοῦν
1590 5780 1682 5834 zeal
1711 5780 1805 5834 νῦν
1837 5779 1897 5849 γί
1912 5812 1925 5820 -

262 5893 430 5932 νεται·
465 5876 559 5929 καί
590 5874 697 5945 γάρ
713 5876 778 5944 τῇ
801 5874 922 5944 ίερᾷ
948 5872 1117 5942 ταύτῃ
1149 5868 1395 5941 τραπέζῃ
1424 5869 1791 5940 παρεστῶτες,
1829 5868 1922 5922 zeal

266 5965 362 6031 τὴν
381 5960 615 6034 φρικτὴν
634 5961 824 6015 θυσίαν
881 5960 1257 6029 ἀναφέροντες,
1289 5956 1476 6027 ὥσπερ
1523 5956 1660 6027 ὑπὲρ
1693 5953 1798 6009 τῶν
1830 5954 1924 6009 τοῦ

928 366 957 422 r
979 365 1285 433 nouem,
1323 363 1511 432 quon
1548 359 2019 451 meoum'rm
2050 360 2593 421 CONVEN’IENDUM
2632 340 2762 429 επ,
2805 359 2961 418 mc.

3556 358 3664 419 ιιθι

2001 471 2131 526 λαοῦ
2178 471 2663 545 πλημμελημάτων
2706 472 2858 528 αίτοῦ
2867 489 2966 542 μιν
3009 470 3261 541 γενέσθαι
3296 470 3663 550 συγχώρησιν,

2000 558 2142 613 οῦτω
2159 561 2251 613 zeal
2271 559 2412 631 ὐπέρ
2449 560 2557 613 τῶν
2576 559 2860 630 ἡμετέρων
2888 557 3079 613 αὐτῶν
3100 561 3525 635 παρακαλοῦμεν
3568 568 3666 620 zeal

1999 645 2232 715 δεόμεθα
2251 646 2346 699 zeal
2385 644 2697 717 ἱκετεύομεν
2725 646 2819 701 zeal
2866 645 3009 718 ὐπέρ
3038 647 3292 702 ἁπάντων
3319 649 3419 720 τὴν
3477 651 3667 707 θυσίαν

2002 732 2385 804 ἀναφέρομεν..
2400 774 2412 789 .
2424 773 2437 787 .
2448 773 2460 787 .
2475 774 2489 789 .
2786 743 2803 780 =‘

2074 824 2144 887 τ.
2159 820 2249 890 Μή
2272 836 2363 883 μοι
2381 819 2473 872 τὸν
2495 818 2838 890 πλεονέκτην,
2862 821 2957 874 zea‘e
2985 819 3076 875 τὸν
3101 823 3338 894 γαστρὸς
3360 822 3667 890 δοῦλον,καὶ

2001 906 2093 961 τὸν
2119 906 2575 977 προδεδωκότατῇ
2611 907 2846 978 πονηρίᾳ
2863 907 2962 978 τῆς
2997 908 3213 978 φύσεως
3249 910 3352 981 τὴν
3387 911 3668 980 εὐγένειαν

2002 995 2083 1057 εἰς
2112 994 2272 1065 μέσον
2296 994 2531 1064 ἀγάγῃς,
2553 994 2690 1049 ἀλλά
2708 994 2898 1047 τοῦτον
2923 995 3019 1048 zeal
3042 996 3166 1060 τοὺς
3200 996 3320 1050 κατ’
3347 998 3556 1053 ἐκεῖνον
3573 999 3671 1053 άν-

2002 1081 2154 1152 δρας,
2186 1081 2315 1146 τοὺς
2339 1082 2401 1135 τὸ
2423 1081 2728 1154 ἀρχέτυπον
2773 1081 3177 1153 διατηροῦντας,
3223 1084 3320 1139 zeal
3363 1083 3455 1137 τὸν
3497 1103 3671 1157 χαρα-

2003 1170 2180 1240 κτῆρα
2205 1169 2297 1223 τὸν
2322 1168 2610 1240 βασιλικὸν¹
2630 1170 2693 1223 οὐ
2719 1169 3168 1242 λυμαινομένους,
3198 1171 3292 1225 zeal
3313 1172 3432 1225 τότε
3454 1173 3589 1247 ἐίσῃ
3614 1174 3670 1227 τί

2004 1257 2137 1310 ποτέ
2159 1258 2306 1311 ἐστιν
2325 1256 2628 1327 ἄνθρωπος.
2657 1256 2768 1309 Kal
2817 1256 2927 1327 γὰρ
2957 1257 3050 1310 zeal
3092 1252 3246 1321 οὗτος
3271 1257 3553 1330 ἄνθρωπος
3576 1256 3668 1331 ἦν,

2004 1343 2099 1396 καὶ
2114 1343 2222 1399 ἀπὸ
2240 1344 2498 1413 γυναικὸς
2523 1342 2740 1414 ἐτέχθη,
2775 1344 2870 1397 zeal
2890 1343 3123 1412 γάλακτι
3173 1345 3405 1417 ἐτράφη,
3432 1348 3527 1400 zeal
3567 1349 3671 1419 γῆν

2002 1425 2208 1499 ᾦκησε,
2233 1429 2327 1483 καὶ
2358 1429 2490 1501 ἀέρα
2536 1429 2855 1492 ἀνέπνευσε,
2903 1430 2997 1483 zeal
3022 1431 3199 1485 πάντα
3226 1430 3381 1485 κοινά
3416 1433 3567 1503 αὐτῷ
3602 1429 3673 1504 ἦν

1958 1573 1967 1580 _
2006 1517 2145 1587 πρὸς
2166 1518 2337 1587 ἡμᾶς,
2401 1515 2557 1571 κοινά
2581 1516 2650 1569 τὰ
2682 1518 2780 1586 τῆς
2834 1515 3069 1584 φύσεως·
3111 1517 3227 1571 ἀλλ’
3259 1518 3458 1589 ἐπειδὴ
3477 1520 3547 1573 τὰ
3573 1519 3675 1589 τῆς

2005 1604 2376 1676 προαιρέσεως
2403 1604 2663 1675 ἐξαίρετα
2698 1604 2886 1672 γέγονε
2906 1643 2920 1663 .
2960 1605 3047 1658 διὰ
3073 1604 3247 1660 ταῦτα
3283 1607 3377 1661 zeal
3404 1605 3609 1678 ταύτης
3637 1620 3667 1650 ι

2004 1692 2229 1763 χάριτος
2248 1689 2538 1762 ἐξέλαμψε.
2564 1692 2755 1745 Καίτοι
2780 1693 2901 1746 οὐδὲ
2926 1694 3184 1765 χρήματα
3209 1694 3357 1766 αὐτῷ
3382 1697 3584 1767 παρῆν,
3603 1695 3668 1750 οὐ

2005 1778 2194 1847 γένους
2209 1778 2557 1850 περιφάνεια,
2605 1778 2667 1832 οὐ
2699 1778 2956 1850 πατρίδος
2986 1780 3234 1850 μέγεθος,
3269 1783 3329 1835 οὐ
3362 1782 3535 1852 λόγων
3561 1782 3674 1836 δει-

2006 1864 2262 1934 νότης,οὐ
2291 1864 2506 1933 γλῶττα
2544 1865 2883 1936 ἡκονημένη,
2916 1865 3018 1920 οὐκ
3071 1866 3421 1939 ἀνδραπόδων
3458 1869 3669 1938 ἀγέλαι,

2005 1952 2114 2006 οὐκ
2134 1951 2406 2023 εὐνούχων
2433 1952 2619 2024 εσμδς,
2652 1953 2752 2007 οὐκ
2786 1952 2934 2006 οἰκία
2970 1953 3325 2026 χρυσόροφος,
3354 1956 3453 2028 οὐχ
3483 1956 3676 2025 ἱμάτια

2009 2037 2230 2111 σηρικὰ,
2252 2040 2314 2092 οὐ
2343 2037 2593 2110 τράπεζα
2617 2039 2828 2112 τρυφὴν
2855 2039 3075 2110 ἔχουσα,
3098 2042 3198 2095 οὐκ
3218 2041 3348 2098 ἄλλο
3368 2060 3421 2098 τι
3450 2044 3560 2097 τῶν
3583 2044 3675 2097 δο-

2008 2125 2248 2180 κούντων
2266 2121 2405 2179 εῖναι
2427 2126 2638 2190 πολλοῖς
2660 2128 3035 2199 μακαριστῶν,
3058 2127 3191 2183 ἀλλά
3212 2130 3370 2184 πενία
3389 2132 3422 2202 ἠ
3450 2131 3674 2203 ἐσχάτη·

2007 2213 2128 2268 οὐδὲ
2157 2212 2264 2284 γὰρ
2283 2213 2380 2282 τῆς
2428 2214 2732 2282 ἀναγκαίας
2781 2215 3010 2287 ηὐπόρει
3040 2216 3268 2287 τροφῆς.
3317 2216 3453 2271 ἀλλά
3499 2220 3675 2289 χήρας

2008 2300 2283 2370 γυναικὸς,
2317 2300 2595 2355 καὶταῦτα
2628 2301 2906 2365 Σιδωνίας,
2954 2303 3254 2373 προσαίτης
3271 2303 3497 2372 ἐγίνετο,
3519 2306 3677 2376 χεῖρα

2010 2387 2329 2459 προτείνων,
2365 2388 2458 2442 zeal
2497 2389 2660 2460 ἄρτον
2693 2389 2878 2443 αίτῶν·
2921 2391 3017 2444 zeal
3044 2390 3305 2463 σπήλαιον
3348 2387 3417 2464 ἦν
3450 2392 3598 2463 αὐτῷ
3617 2393 3678 2446 τὸ

2009 2475 2235 2546 οἴκημα,
2261 2476 2354 2530 zeal
2383 2475 2564 2547 δέρμα
2596 2475 2656 2529 τὸ
2685 2476 2920 2547 ἱμάτιον,
2964 2478 3060 2531 καὶ
3084 2478 3116 2548 ή
3167 2478 3416 2548 τράπεζα
3440 2479 3534 2548 γῆ,
3584 2480 3679 2533 zeal

2012 2563 2267 2635 πρόγονοι
2288 2562 2490 2635 ἄσημοί
2510 2580 2567 2616 τε
2590 2563 2685 2617 καὶ
2735 2561 3027 2633 ἀνώνυμοι,
3073 2565 3168 2617 zeal
3206 2565 3403 2635 πατρὶς
3435 2564 3677 2636 εὐτελὴς,

2012 2648 2105 2704 zeal
2137 2649 2249 2719 βίος
2281 2648 2638 2721 ἀγροικώδης.
2690 2650 2829 2702 Ἀλλ’
2855 2650 3005 2720 ὅμως
3035 2649 3187 2703 οὐδὲν
3229 2652 3436 2705 τούτων
3463 2652 3680 2720 ἐγένετο

2014 2736 2241 2808 κώλυμα
2271 2736 2349 2808 τῷ
2379 2737 2531 2804 ἀνδρὶ
2559 2735 2694 2807 πρὸς
2722 2736 3097 2807 εὐδοκίμησιν,
3128 2735 3265 2807 ἀλλά
3294 2739 3388 2792 zeal
3418 2737 3680 2808 βασιλέων

2016 2820 2270 2879 ἁπάντων
2291 2823 2666 2896 εὐπορώτερος
2690 2820 2779 2895 ἧν,
2829 2825 2922 2878 zeal
2953 2824 3258 2896 φιλοσόφων
3286 2826 3543 2881 ἁπάντων
3585 2829 3681 2884 zeal

2015 2912 2259 2986 ῥητόρων
2292 2910 2614 2982 σοφώτερος,
2646 2911 2740 2963 zeal
2765 2909 2872 2963 τῶν
2899 2908 2968 2963 τὰ
2998 2910 3304 2983 διαδήματα
3325 2912 3557 2983 ἐχόντων
3584 2930 3685 2967 πε-

2017 2997 2420 3069 ριφανέστερος,
2453 2997 2546 3050 zeal
2577 2995 2775 3066 μᾶλλον
2797 2996 3124 3069 εὐπατρίδης
3143 2997 3251 3051 τῶν
3274 2999 3373 3063 τὰς
3397 2998 3681 3069 βασιλικὰς

2014 3085 2369 3156 κεκτημένων
2400 3085 2603 3148 πόλεις·
2634 3085 2732 3156 τὴν
2764 3084 2872 3157 γὰρ
2901 3086 3227 3158 οἰκουμένην
3259 3085 3371 3159 είχε
3426 3090 3682 3161 πατρίδα,

2015 3171 2215 3243 μᾶλλον
2238 3172 2293 3225 δὲ
2315 3172 2407 3225 zeal
2431 3173 2570 3244 αὐτὴ
2591 3171 2743 3243 αὐτῷ
2762 3171 2933 3243 μικρά
2949 3172 3104 3236 πόλις
3119 3169 3208 3245 ἦν,
3236 3176 3333 3228 zeal
3355 3174 3453 3247 βοᾷ
3470 3177 3682 3243 Παῦλος

2015 3260 2548 3331 λέγων·Περιῆλθον
2557 3259 3025 3329 ἐνμηλωταῖς,ὲν
3034 3262 3277 3331 αἰγείοις
3286 3260 3684 3332 δέρμασινῶν

2016 3349 2126 3403 οὐκ
2142 3343 2221 3419 ἦν
2230 3347 2398 3414 ἄξιος
2412 3350 2445 3401 ό
2458 3348 2708 3415 κόσμος.
2728 3347 2836 3400 Kal
2852 3346 2960 3417 γάρ
2977 3348 3056 3411 είς
3078 3346 3177 3419 τὴν
3188 3348 3302 3403 άνω
3318 3348 3471 3403 πόλιν
3488 3351 3682 3412 ἐτέλει.

2016 3428 2083 3506 ἧς
2105 3434 2352 3507 τεχνίτης
2381 3432 2473 3489 zeal
2497 3434 2560 3506 δη
2570 3432 2870 3505 μιουργδςὸ
2898 3434 3049 3500 Θεός.
3073 3434 3172 3489 Διά
3199 3433 3356 3490 τοῦτό
3380 3454 3462 3490 σοι
3480 3437 3686 3508 πένητα

2018 3523 2112 3576 καὶ
2148 3522 2402 3594 ἄγροικον
2450 3522 2772 3593 παρήγαγον
2820 3521 3244 3594 εὐδοκιμοῦντα,
3275 3523 3363 3578 ἵνα
3411 3525 3685 3596 μηδεμίαν

2018 3608 2149 3681 ἔχῃς
2180 3610 2470 3682 πρόφασιν.
2499 3611 2562 3665 Εἰ
2606 3610 2705 3682 μὲν
2744 3609 2853 3683 γὰρ
2903 3609 3157 3666 πλούσιον
3213 3612 3535 3683 παρήγαγον
3590 3613 3688 3669 καὶ

2023 3699 2208 3767 σοφὸν,
2238 3698 2469 3768 ἠδύνασο
2498 3697 2699 3767 λέγειν,
2726 3698 2809 3753 ὅτι
2835 3699 2901 3770 δὴ
2926 3697 3056 3770 Ἐμὲ
3072 3700 3105 3770 ἡ
3123 3699 3282 3754 πενία
3309 3700 3450 3771 καὶὴ
3475 3701 3687 3771 ἀμαθία

2020 3787 2219 3841 κωλύει
2233 3786 2485 3855 γενέσθαι
2519 3785 2777 3840 τοιοῦτον·
2796 3786 2988 3842 νυνί.δέ
3016 3787 3095 3851 είς
3127 3786 3384 3856 οὐδεμίαν
3416 3787 3698 3858 πρόφασιν

2018 3872 2276 3944 τοιαύτην
2289 3873 2433 3942 ἔχεις
2446 3873 2805 3941 καταφυγεῖν·
2817 3871 3030 3943 καὶγὰρ
3056 3874 3151 3926 zeal
3178 3873 3346 3943 πένης
3362 3869 3430 3944 ἦν
3456 3875 3685 3938 ἐκεῖνος,

2022 3963 2238 4017 πάντων
2252 3966 2282 4007 b
2299 3959 2600 4032 ἀνθρώπων
2620 3957 2958 4030 πενέστερος,
2975 3961 3068 4013 zeal
3081 3959 3178 4032 τὴν
3194 3960 3396 4033 ἔρημον
3422 3961 3574 4033 ᾧκει,
3591 3965 3695 4018 zeal

2021 4050 2086 4103 ἐκ
2113 4048 2394 4120 προγόνων
2431 4046 2643 4117 ἄσημος
2660 4046 2755 4101 zeal
2773 4046 2838 4100 ὲκ
2857 4047 3111 4119 πατρίδος
3137 4048 3230 4102 zeal
3246 4049 3355 4103 ἀπὸ
3379 4049 3484 4103 τῶν
3514 4051 3708 4105 ἄλλωνα

2023 4134 2172 4213 [527]
2199 4136 2474 4190 ἁπάντων⁵
2520 4133 2661 4188 Ἀλλ’
2706 4135 2855 4204 ὅμως
2886 4134 3028 4204 ὑπὲρ
3060 4135 3155 4188 τέν
3180 4135 3331 4206 ἥλιον
3356 4136 3563 4208 ἔλαμψε
3594 4139 3688 4191 zeal

2020 4223 2142 4277 τότε
2170 4222 2264 4277 zeal
2287 4221 2402 4287 νῦν,
2426 4222 2523 4275 καὶ
2544 4221 2675 4292 ὅσην
2707 4220 2859 4291 ἥλιος
2888 4223 3060 4293 ἐφορᾷ
3090 4224 3212 4294 γῆν,
3244 4224 3511 4297 τοσαύτην
3534 4225 3707 4280 ἔπει--

2025 4327 2110 4365 σιν
2141 4307 2304 4363 αὐτοῦ
2338 4311 2370 4379 ἡ
2401 4308 2549 4375 δόξα,
2580 4309 2756 4363 καίτοι
2792 4308 2897 4380 πρὸ
2947 4309 3202 4363 τοσούτου
3249 4313 3440 4383 χρόνου
3474 4314 3690 4382 γεγονό.

2023 4415 2132 4462 τος·
2159 4396 2274 4452 ἀλλ’
2302 4395 2404 4450 οὐκ
2455 4395 2649 4449 ἐσόεσε
2682 4395 2785 4450 τοῦ
2818 4396 3011 4467 χρόνου
3052 4396 3114 4450 τὸ
3177 4397 3377 4467 πλῆθος
3400 4399 3563 4452 αὐτοῦ
3588 4399 3705 4471 τὴνλ

2026 4485 2270 4558 μνήμην·
2292 4484 2393 4538 καὶ
2422 4482 2570 4553 μάλα
2596 4483 2840 4546 είκότως.
2882 4482 3137 4538 Τοιοῦτον
3151 4483 3258 4555 γὰρ
3278 4485 3311 4555 ἡ
3328 4485 3515 4557 ἀρετὴ.
3551 4489 3691 4559 ἰτριίσ⁵

2023 4591 2140 4644 γμα
2169 4572 2457 4636 ἀθάνατον,
2485 4568 2579 4624 zeal
2604 4566 2740 4641 ὑπὲρ
2766 4569 2860 4624 τὸν
2887 4571 3035 4642 ἥλιον
3065 4571 3298 4642 λάμπον.
3350 4572 3511 4636 Ἀλλ’,
3549 4574 3715 4647 ὅπερν

2024 4661 2195 4732 ἔφθην
2221 4657 2390 4713 εἰπὼν
2412 4652 2491 4718 (οὐ
2513 4657 2622 4729 γὰρ
2651 4657 2733 4711 δεῖ
2754 4657 2854 4728 τῆς
2875 4659 3179 4724 ὑποθέσεως
3226 4660 3575 4719 ἐπιλαθέσθαι
3607 4665 3688 4727 είς
3710 4718 3713 4719 ν

2023 4748 2085 4802 τὸ
2109 4746 2345 4815 πέλαγος
2374 4744 2752 4814 ἐξενεχθέντας
2780 4744 2887 4798 τῶν
2926 4746 3214 4817 ἐγκωμίων
3245 4746 3339 4802 τοῦ
3359 4749 3713 4820 προφήτου),,

2025 4834 2120 4888 zeal
2166 4829 2317 4897 οὗτος
2364 4830 2600 4885 δείκνυσι
2651 4830 2722 4885 τά
2771 4832 2866 4885 ἐπὶ
2907 4830 3000 4885 τοῦ
3054 4833 3330 4897 Μωύσέως
3385 4836 3706 4907 εἰρημένα..

2038 4921 2257 4988 Ἐπειδὴ
2296 4920 2405 4992 γὰρ
2442 4919 2589 4984 εἰκὸς
2612 4915 2681 4991 ἦν
2726 4918 2830 4972 ὐνπδ
2872 4919 2982 4973 τῶν
3027 4919 3467 4992 κατορθωμάτων
3526 4924 3711 4978 αὐτὸν)

2026 5009 2357 5081 ἐπαρθέντα,
2390 5009 2453 5061 οὐ
2473 5008 2681 5078 σφόδρα
2705 5002 2842 5061 εἶναι
2864 5010 2974 5069 τοῖς
2995 5007 3209 5072 πολλοῖς
3231 5012 3707 5083 συγγνωμονικὸν.-

2025 5100 2127 5170 δρα
2156 5096 2209 5152 τί
2240 5098 2426 5151 ποιεῖό
2445 5095 2596 5160 Θεός·
2628 5094 2873 5165 ’Δφίησιν
2896 5093 3056 5148 αὐτὸν
3078 5095 3429 5167 γυμνωθῆναι
3448 5100 3545 5168 τῆς
3559 5101 3706 5173 παρ”

2026 5184 2191 5242 αὐτοῦ
2222 5183 2464 5254 χάριτος,
2512 5180 2653 5235 ὥστε
2696 5181 2975 5251 δειχθῆναι
3018 5181 3185 5247 αὐτοῦ
3232 5184 3331 5255 τὴν
3386 5186 3701 5241 ἀσθένειαν·

2029 5271 2311 5345 μᾶλλον-δέ
2346 5270 2610 5341 πρότερον
2636 5268 2934 5337 ἀναγκαῖον
2960 5268 3132 5334 δεῖξαι
3162 5270 3276 5335 πῶς
3300 5271 3361 5325 σύ
3391 5272 3595 5344 σφόδρα
3621 5269 3711 5345 ἦν.

2030 5356 2490 5428 συγγνωμονικός.
2506 5354 2726 5425 Ἐπειδὴ
2739 5353 2847 5426 γὰρ
2865 5353 3072 5409 ἔκλεισε
3091 5355 3187 5410 τὸν
3203 5357 3448 5428 οὐρανὸν,
3477 5360 3574 5414 zeal
3592 5359 3711 5430 τὴν.

2027 5446 2132 5517 γῆν
2161 5443 2415 5515 ἐποίησεν
2442 5443 2655 5511 ἄγονον,
2710 5442 2802 5497 zeal
2851 5441 3009 5513 λιμὸς
3049 5438 3137 5514 ἦν,
3184 5444 3341 5513 λιμὸς
3380 5446 3634 5502 ἁπάνων
3660 5449 3703 5501 όν.

2030 5533 2375 5606 πικρότατος,
2406 5532 2502 5584 zeal
2529 5528 2771 5603 ἀνάλωτο
2816 5529 2980 5584 ὓδατα
3003 5572 3019 5597 ,
3051 5533 3145 5585 zeal
3187 5532 3458 5603 ἐξηράνθη
3488 5534 3709 5606 βοτάνη)

2029 5626 2202 5683 πᾶσα,
2238 5621 2332 5676 καὶ
2374 5618 2633 5673 ἐπέλιπον
2665 5618 2920 5690 ποταμοὶ,
2958 5619 3052 5672 zeal
3088 5619 3315 5690 φοὸερὸν
3366 5620 3464 5691 τῆς
3497 5622 3598 5692 γῆς
3629 5623 3711 5677 τὸ,

2028 5711 2321 5782 πρόσωπον
2361 5702 2448 5779 ἦν,
2504 5706 2731 5761 θάνατον
2759 5704 3037 5774 ἁπειλοῦν,
3084 5706 3175 5760 καὶ
3230 5706 3405 5763 πάντα
3457 5711 3487 5766 ό
3537 5700 3700 5781 λιμὸς

2093 5905 2117 5932 ⁸
2139 5901 2260 5961 [τδρ.
2286 5901 2363 5948 καὶ
2384 5901 2443 5948 τὰ
2463 5907 2560 5958 τῆς.
2585 5898 2753 5949 ΜΑΠΙ

2096 5967 2123 6008 lz
2148 5964 2263 6025 [οε.
2288 5963 2363 6010 καῖ
2392 5964 2596 6011 πάντων.
