4054 6190
417 335 523 397 ιθδ

412 454 582 508 ἐπιὼν
606 449 921 521 ἐπενέμετο,
968 446 1194 502 θάνατον
1248 444 1469 512 ἐπάγων
1495 444 1587 496 τὸν
1630 443 1915 496 οἴκτιστον·
1955 438 2074 492 οὑδέ

412 541 586 603 οὕτως
605 537 862 604 ἀνεδίδου,
900 533 1012 590 ἀλλ’
1041 531 1290 586 ἀπελθὼν
1322 531 1414 584 ἐπὶ
1461 531 1704 601 κορυφῆς
1729 529 1886 600 ὅρους
1912 526 2075 580 ἐκάθ-

411 642 532 697 ητο.
555 629 621 696 τῇ
664 625 872 696 χαλεπῇ
901 621 1071 690 ταύτῃ
1095 619 1340 689 τηκεδόνι
1365 618 1472 670 τῶν
1508 616 1769 671 Ἰουδαίων
1797 616 1888 667 τὸν
1907 615 2076 684 δῆμον

416 711 710 785 παραδούς.
751 709 888 763 Ἀλλ’
909 710 937 762 6
960 706 1336 777 φιλάνθρωπος
1355 704 1506 767 Θεὸς,
1528 705 1622 757 καὶ
1643 705 1675 774 ή
1715 704 1917 770 ἄφατος
1943 702 2077 768 ἀγα-

419 800 600 870 θότης,
653 799 753 852 οὑκ
796 795 1041 867 ἠνείχετο
1099 793 1198 862 τῆς
1258 793 1658 862 αὐστηρότητος
1699 789 1922 858 ταύτης·
1962 787 2075 840 ἀλλ’

417 887 605 956 ἐπειδὴ
638 884 799 946 αὑτὸς
833 882 993 938 αὑτὸν
1016 879 1225 934 οἴκοθεν
1272 878 1648 948 παρακαλέσαι
1677 876 1775 929 οὑκ
1803 874 2076 944 ἠϐουλήθη

416 974 576 1034 λῦσαι
604 973 666 1025 τὸ
687 971 887 1034 δεινὸν,
910 968 1071 1030 αὑτός
1098 984 1157 1020 τε
1185 961 1252 1020 αὖ
1294 967 1454 1019 πάλιν
1496 967 1662 1036 χωρὶς
1683 964 1890 1017 ἐκείνου
1922 960 2078 1014 τοῦτο

415 1061 640 1130 ποιῆσαι
663 1059 764 1113 οὑκ
788 1056 1000 1127 ἢθελεν,
1027 1056 1128 1126 ὅρα
1165 1054 1217 1107 τί
1241 1053 1471 1120 γίνεται·
1507 1053 1768 1122 πρότερον
1790 1048 1938 1118 αὑτῷ
1959 1065 2075 1102 κοι-

415 1147 636 1212 νοῦται,
687 1143 784 1198 καὶ
803 1143 926 1197 τότε
979 1142 1170 1212 ἀφίησι
1197 1141 1286 1193 τὸν
1319 1140 1484 1193 ὑετόν.
1523 1135 1671 1202 Εἶδες
1695 1136 1830 1190 Θεοῦ
1883 1135 1973 1188 καὶ
2019 1137 2078 1187 ἐν

417 1231 591 1301 τούτῳ
614 1229 927 1299 ἀγαθότητα
979 1228 1073 1281 καὶ
1116 1226 1521 1296 φιλανθρωπίαν
1575 1225 1670 1277 καὶ
1703 1225 1784 1286 εἰς
1809 1223 1897 1276 τὸν
1924 1222 2077 1288 ἆγιον

415 1321 611 1392 τιμήνς
631 1317 766 1372 οὑδέ
787 1317 896 1388 γὰρ
914 1316 1176 1386 πρότερον
1201 1314 1376 1383 ἀφῆκε
1407 1313 1504 1374 τὰς
1533 1311 1688 1381 ἡνίας
1702 1310 1808 1363 τῶν
1832 1309 2075 1379 ὄμϐρων,

417 1409 524 1471 hoc
557 1408 646 1460 ὅτε
670 1404 821 1475 αὑτῷ
847 1403 1089 1473 διελέχθη
1115 1402 1208 1456 καὶ
1237 1397 1356 1454 εἷπε
1385 1401 1446 1452 τὸ
1479 1398 1668 1469 μέλλον
1697 1397 1932 1453 ἔσεσθαι.
1985 1396 2077 1448 καὶ

419 1495 640 1567 κήρυκα
702 1491 868 1548 αὑτὸν
913 1491 1014 1559 τῆς
1074 1488 1370 1559 μελλούσης
1429 1487 1685 1556 εὐπορίας
1736 1481 2073 1539 ἀπέστειλεν.

431 1580 648 1650 Ἐπειδὴ
668 1579 776 1652 γάρ
807 1578 875 1632 δι’
898 1575 1065 1631 αὑτοῦ
1105 1575 1176 1629 τὰ.
1215 1573 1515 1646 σκυθρωπά
1540 1573 1780 1640 γέγονεν,
1804 1569 2075 1639 ἠϐουλήθη

419 1653 633 1727 καὶτῶν
654 1663 907 1736 χρηστῶν
932 1662 1096 1717 αὑτὸν
1139 1661 1370 1729 ἄγγελον
1407 1659 1674 1727 γενέσθαι·
1716 1657 1810 1710 καί.
1834 1672 2078 1723 καταγα-

419 1755 534 1824 γὼν
563 1753 672 1808 ἀπὸ
700 1751 793 1806 τοῦ
829 1749 988 1822 ὅρους
1009 1789 1024 1814 ,
1057 1747 1300 1817 ἐπεμψεν
1351 1747 1760 1814 ἀπαγγέλλοντα
1804 1742 2077 1812 πανταχοῦ

419 1841 516 1912 τῆς
535 1841 638 1910 γῆς
666 1837 878 1907 ἐκείνης
906 1837 1004 1906 τὴν
1026 1835 1133 1887 τῶν
1160 1835 1380 1905 δμϐρων
1407 1833 1705 1904 παρουσίαν
1742 1831 1834 1883 καὶ
1865 1829 1961 1900 τὴν
1982 1827 2078 1882 τοῦ

419 1928 580 1999 λιμοῦ
631 1926 804 1982 λύσιν.
844 1925 982 1979 Ἀλλ’
1015 1926 1161 1994 ὅμως
1201 1921 1614 1993 κατενεχθέντος
1649 1920 1712 1990 δὴ
1753 1919 1845 1973 τοῦ
1899 1918 2075 1984 ὑετοῦ,

421 2017 518 2072 καὶ
546 2017 603 2069 ἐν
625 2012 854 2086 βραχείᾳ
880 2010 1072 2082 καιροῦ
1097 2012 1237 2081 ῥοπῇ
1268 2009 1366 2079 τῆς
1382 2009 1634 2079 εὐθηνίας
1657 2007 2077 2078 ἐπανελθούσης,

420 2103 642 2173 ἀγαγὼν
662 2103 787 2164 τοὺς
821 2101 986 2171 ἱερεῖς
1015 2098 1110 2152 τοῦ
1153 2098 1300 2154 Βάαλ
1358 2099 1481 2162 τοὺς
1520 2098 1901 2168 τετρακοσίους
1921 2138 1937 2160 .
1987 2100 2080 2152 καὶ

419 2195 545 2256 τοὺς
583 2189 967 2262 τετρακοσίους
993 2187 1341 2258 ὀγδοήκοντα,
1365 2187 1690 2255 κατέσφαξε,
1734 2188 1826 2240 καὶ
1849 2189 2081 2258 χειμάρα

422 2283 549 2353 ρους
569 2279 780 2349 ἀφῆκεν
794 2275 1062 2347 αἱμάτων.

492 2395 556 2448 δ’.
584 2395 649 2447 Τί
670 2389 762 2448 οὖν
793 2393 964 2446 ταῦτα
993 2393 1128 2464 πρὸς
1147 2392 1246 2460 τὴν
1277 2392 1641 2464 προκειμένην
1661 2393 1915 2447 ὑπόθεσιν
1944 2413 1957 2459 ;
1992 2394 2081 2466 Μὴ

421 2480 748 2552 θορυϐηθῇς,
790 2478 1062 2549 ἀγαπητέ·
1101 2478 1237 2547 πρὸς
1279 2479 1388 2548 γάρ
1410 2479 1539 2531 αὑτὸ
1583 2478 1864 2548 βαδιοῦμαι
1898 2479 2081 2532 λοιπὸν

420 2569 483 2621 τὸ
511 2569 683 2636 πέρας
709 2567 817 2618 τῶν
845 2567 1166 2636 εἰρημένων.
1184 2565 1397 2635 Ἐπειδὴ
1419 2566 1526 2636 γὰρ
1553 2566 1648 2637 τήν
1669 2565 1923 2636 λαμπάδα
1952 2585 2083 2621 κατ-

424 2659 652 2725 ήνεγκεν
681 2652 916 2724 ἐκείνην,
950 2653 1043 2705 καί
1068 2650 1166 2722 τὴν
1193 2652 1349 2722 νίκην
1391 2655 1561 2723 ήρατο
1578 2693 1591 2715 ,
1615 2654 1707 2706 καὶ
1745 2654 1995 2724 λαμπρὸν
2021 2655 2082 2708 τὸ

423 2742 682 2812 τρόπαιον
698 2739 912 2809 ἔστησε,
944 2740 1036 2791 καὶ
1064 2739 1163 2808 τὴν
1187 2738 1397 2808 σφαγὴν
1425 2739 1532 2792 τῶν
1550 2740 1737 2811 ἱερέων
1769 2743 2081 2812 εἰργάσατο,

423 2827 592 2898 ἀπῄει
610 2825 944 2896 χαίρων,καὶ
977 2824 1117 2893 μέγα
1153 2823 1361 2892 φρονῶν
1402 2825 1492 2877 ἐπὶ
1533 2827 1643 2888 τοῖς
1678 2829 2081 2898 γεγενημένοις.

438 2913 746 2966 ’Λπέστειλε
775 2913 911 2982 πρὸς
941 2911 1101 2963 αὑτὸν
1135 2914 1166 2980 ή
1214 2911 1348 2980 γυνὴ
1381 2910 1474 2962 τοῦ
1539 2913 1757 2982 ’Δχαὰίῂ
1819 2915 2086 2984 πορνίδιον

425 3003 640 3066 εὐτελὲς
661 3003 754 3054 καὶ
770 3001 1261 3070 εὐκαταφρόνητον,
1296 3000 1547 3067 λέγουσα·
1587 3002 1730 3055 Τάδε
1771 3001 2087 3069 ποιήσειιίν

421 3109 523 3161 μοι
558 3092 615 3144 οι
634 3091 776 3155 θεοί,
807 3090 902 3142 καί
931 3087 1069 3141 τάδε
1119 3089 1553 3154 προσθείησαν,
1593 3090 1701 3142 ἐὰν
1741 3089 1826 3158 μὴ
1873 3090 1952 3145 θῶ
1975 3090 2088 3157 τὴν

426 3178 638 3248 ψυχήν
667 3194 783 3232 σου
815 3179 1022 3246 αὔριον
1053 3177 1133 3242 ὡς
1170 3175 1308 3241 ἐνὸς
1337 3175 1454 3228 τῶν
1486 3177 1684 3244 ίερέων
1709 3181 1948 3231 τούτων.
1982 3179 2086 3232 Kal

428 3265 713 3333 ἐφοϐήθη,
765 3265 862 3318 καί
912 3265 1138 3332 ἔφυγεν
1167 3262 1311 3316 ὁδὸν
1341 3263 1572 3332 ἡμερῶν
1615 3264 2083 3332 τεσσαράκοντα.

431 3354 500 3406 Τί
527 3348 652 3415 οῦνς
674 3353 707 3421 ή
727 3351 1108 3422 οὐρανομήκης
1137 3351 1316 3419 ἐκείνη
1347 3348 1490 3421 ψυχὴ
1510 3391 1522 3410 ,
1553 3353 1580 3403 6
1603 3351 1694 3402 τοῦ
1721 3352 1922 3420 κόσμου
1953 3370 2089 3404 παν-

431 3439 525 3501 τὸς
557 3438 859 3509 ὑπερορῶν,
889 3438 918 3489 6
945 3434 1105 3505 λιμοῦ
1123 3435 1374 3488 τοσούτου
1405 3439 1836 3507 καταφρονήσας,
1867 3442 1960 3490 καὶ
1993 3439 2082 3508 βα-

435 3526 625 3590 σιλέως
647 3525 790 3579 οὑτω
839 3522 1160 3595 τυραννικοῦ
1203 3523 1602 3587 κατεξαναστάς
1621 3565 1635 3586 ,
1667 3514 1712 3578 δ’
1741 3525 1954 3589 κλείσας
2000 3527 2091 3580 τὸν

434 3613 664 3682 οὐρανὸν
698 3613 792 3666 καὶ
829 3609 1063 3678 ἀνοίξας,
1088 3612 1116 3664 6
1149 3610 1242 3664 νῦν
1293 3611 1392 3680 μὲν
1419 3611 1603 3677 ὑετὸν,
1642 3611 1734 3664 νῦν
1757 3613 1811 3665 δὲ
1837 3613 2093 3683 λαμπάδα

433 3698 798 3766 κατενεγκὼν,
827 3697 974 3768 [598]
1003 3698 1030 3750 6
1059 3698 1161 3762 τάς
1191 3698 1433 3766 ἀνάγκας
1457 3696 1558 3767 τῆς
1612 3698 1823 3767 φύσεως
1849 3718 2094 3753 καταπα-

433 3789 625 3852 τήσας,
657 3789 686 3840 6
749 3785 1184 3857 ἀκατάπληκτος,
1235 3786 1264 3837 6
1305 3785 1580 3856 πανταχοῦ
1645 3785 1896 3858 θαρρῶν·
1942 3782 2093 3852 οὗτος

432 3874 648 3943 ἀθρόον,
680 3872 817 3943 μετά
846 3873 1085 3926 τοσαῦτα
1118 3872 1535 3943 κατορθώματα,
1596 3873 1732 3942 μετὰ
1764 3874 2094 3946 τηλικαύτην

436 3959 766 4031 παρρησίαν,
793 3962 919 4028 μιᾶς
938 3961 1106 4029 κόρης
1127 3960 1523 4030 πορνευομένης
1542 3960 1766 4031 ἀπειλὴν
1785 3963 1881 4014 οὑκ
1899 3963 2093 4032 ἤνεγκε

432 4048 532 4116 τὴν
551 4047 640 4098 διὰ
665 4047 922 4115 ῥημάτων
940 4085 954 4106 .
978 4045 1113 4098 ἀλλά
1133 4045 1314 4097 λοιπὸν
1336 4047 1510 4114 φυγὰς
1533 4049 1626 4102 καὶ
1654 4049 1840 4111 ἄπολις
1865 4049 2092 4116 γίνεται,

436 4130 854 4198 καὶδραπετεύει
879 4130 1012 4197 πρὸς
1040 4131 1139 4200 τὴν
1169 4130 1392 4201 ἔρημον,
1421 4135 1512 4186 καὶ
1535 4135 1938 4205 τεσσαράκοντα
1963 4138 2096 4204 ἠμε-

441 4217 549 4288 ρὼν
580 4217 698 4269 ὁδὸν
724 4217 1012 4286 ἀναχωρεῖ.
1032 4217 1097 4269 Τί
1133 4235 1261 4270 ποτε
1293 4218 1401 4288 ἄρα
1427 4219 1486 4270 τὸ
1510 4221 1706 4283 αἴτιον;
1753 4223 2094 4292 Ἐγύμνωσεν

436 4303 600 4356 αὑτὸν
645 4306 673 4358 6
701 4303 832 4366 Θεὸς
856 4303 957 4372 τῆς
985 4305 1224 4376 χάριτος,
1271 4306 1364 4358 καὶ
1407 4304 1614 4375 ἐδείχθη
1673 4307 1772 4376 τῆς
1809 4308 2020 4375 φύσεως
2060 4311 2094 4380 ή

435 4391 711 4446 ἀσθένεια·
756 4390 921 4464 ἔδειξε
958 4391 1052 4444 τὸν
1080 4393 1385 4462 προφήτην,
1436 4390 1603 4457 ἔδειξε
1645 4394 1737 4445 καὶ
1775 4393 1865 4446 τὸν
1890 4394 2095 4466 ἀνθρω-

436 4497 559 4542 πον,
599 4480 684 4532 ἴνα
716 4478 978 4550 μάθωσιν,
1023 4479 1106 4530 ὅτι
1138 4478 1232 4531 καὶ
1272 4478 1340 4531 τὰ
1364 4478 1626 4550 γενόμενα
1658 4481 1778 4533 τότε
1813 4479 1912 4550 τῆς
1937 4481 2094 4553 χάρι.

435 4585 528 4631 τος
557 4567 778 4635 γέγονεν
806 4565 986 4636 ἔργον.
1031 4565 1216 4618 Ταῦτα
1241 4565 1296 4618 δέ
1345 4565 1513 4618 ἐποίει
1560 4569 1995 4638 συγγνωμονικόν
2036 4586 2095 4632 τε

438 4655 599 4710 αὑτὸν
629 4653 1048 4716 κατασκευάζων
1067 4655 1179 4715 τοῖς
1206 4651 1438 4716 πολλοῖς,
1483 4653 1577 4707 καὶ
1603 4655 1700 4724 τὴν
1722 4655 1785 4707 ἐκ
1816 4655 1922 4708 τῶν
1963 4672 2097 4708 κατ-

438 4741 768 4811 ορθωμάτων
811 4737 1162 4808 ἐγγινομένην
1208 4739 1464 4792 ἀπόνοιαν
1511 4740 1943 4811 ὑποτεμνόμενος
2003 4742 2097 4795 καὶ

441 4826 685 4880 κωλύων.
744 4827 867 4881 ’Ότι
907 4825 1016 4895 γὰρ
1074 4825 1282 4896 μεγάλα
1335 4827 1462 4896 περί
1522 4826 1712 4879 ἐαυτοῦ
1748 4827 1961 4899 ἐφρόνει
2005 4830 2097 4881 καὶ⁸

440 4915 792 4980 ἐφαντάςετο,
825 4915 921 4968 καὶ
965 4913 1075 4968 τῶν
1117 4912 1291 4966 ἄλλων
1346 4913 1600 4967 ἁπάντων
1657 4914 2096 4980 κατεξανίστατο.

439 5003 604 5057 αὑτὸν
624 5005 752 5074 ὑμῖν
772 5005 958 5058 τοῦτον
980 5005 1283 5075 παρέξομαι
1307 4997 1574 5080 μῷτυρα.
1608 5006 1821 5079 Ἐπειδὴ
1838 5009 1944 5084 γὰρ
1968 5004 2098 5080 ἦλθε

442 5092 580 5161 πρὸς
617 5092 780 5144 αὑτὸν
825 5093 853 5144 6
878 5092 1030 5154 Θεὸς,
1061 5095 1154 5146 καί
1195 5090 1381 5163 ἠρώτα
1430 5093 1526 5164 τὴν
1557 5093 1733 5147 αἰτίαν
1776 5096 1873 5165 τῆς
1913 5097 2098 5150 αὐτόθι

439 5176 736 5248 διατριϐῆς,
767 5176 959 5244 λέγων·
1000 5179 1062 5232 Τί
1079 5195 1177 5233 σοι
1204 5172 1339 5242 ὦδε,
1377 5179 1572 5245 Ἠλία;
1597 5180 1711 5241 καὶ,
1746 5182 1804 5233 Τί
1829 5199 1928 5236 σοι
1948 5177 2098 5249 ὧδες

439 5265 646 5336 ἠρώτα,
672 5265 734 5318 οὑ
771 5264 961 5334 μαθεῖν
975 5264 1164 5329 θέλων,
1191 5265 1326 5320 ἀλλά
1345 5268 1478 5336 ἡμῖν
1499 5267 1796 5337 ἐκκαλύψαι
1819 5268 1888 5322 τὰ
1931 5270 2101 5341 ἀπόρο

443 5353 582 5420 ρητα
603 5353 702 5422 τῆς
719 5351 956 5415 διανοίας
979 5351 1144 5405 αὐτοῦ
1191 5352 1531 5424 βουλόμενος·
1571 5354 1692 5406 ἐπεὶ
1724 5354 1819 5406 καὶ
1859 5356 1956 5424 τὴν
1989 5357 2101 5411 Χα-

441 5437 706 5492 ναναίανδ
732 5439 963 5510 Χριστὸς
997 5440 1084 5493 ὅτε
1141 5439 1356 5510 ἠρώτα,
1395 5441 1496 5511 οὑχ
1525 5441 1612 5494 ἵνα
1653 5440 1799 5513 μάθῃ
1823 5483 1836 5505 ,
1856 5441 1970 5495 ἀλλ’
2015 5444 2100 5496 ἵνα

445 5527 588 5596 ἡμᾶς
639 5527 826 5598 διδάξῃ
847 5528 938 5581 τὸν
964 5527 1234 5599 θησαυρὸν
1263 5529 1354 5581 τὸν
1395 5529 1815 5600 ἐναποκείμενον
1840 5530 1975 5600 αὐτῇ
2003 5531 2100 5598 τῆς
2133 5522 2136 5524 ’
2163 5567 2171 5577 .

443 5613 691 5676 πίστεως·
738 5615 916 5684 ἐρωτᾷ
965 5615 1143 5668 τοίνυν
1190 5614 1387 5677 αὑτὸν,
1446 5616 1500 5668 τί
1551 5616 1751 5688 δήποτε
1800 5617 2102 5687 ἀφιγμένος

445 5697 526 5768 εἴη
550 5699 814 5770 τοσαύτην
844 5701 983 5767 ὁδὸν,
1026 5703 1118 5754 καὶ
1157 5701 1470 5756 καταλιπὼν
1505 5704 1686 5767 πόλεις
1733 5705 1828 5759 καὶ
1877 5704 2096 5775 δήμους,

443 5787 539 5854 τὴν
583 5785 788 5855 ἔρημον
835 5788 1167 5852 ἀσπάζεται,
1219 5790 1317 5858 οὑχ
1389 5790 1476 5843 ἵνα
1529 5791 1688 5853 αὐτὸς
1729 5791 1874 5860 μάθῃ
1902 5833 1915 5854 ,
1959 5793 2097 5861 (πῶς

442 5872 601 5952 γάρὸ
649 5870 827 5925 πάντα
863 5871 1012 5936 εἰδώς
1038 5875 1076 5941 ;)
1105 5874 1218 5928 ἀλλ’
1271 5876 1353 5928 ἵνα
1407 5877 1550 5944 ἡμᾶς
1597 5876 1777 5947 διδάξῃ
1842 5880 1929 5933 διὶ
1995 5883 2093 5951 τῆς

1227 332 1286 389 S.
1325 329 1611 388 JOANNIS
1652 323 2133 386 CHRYSOSTOMI
2173 323 2494 383 ARCIIIEP.
2534 326 3079 386 CONSTANTINOP.

3746 327 3844 386 166

2179 440 2520 515 ἀποκρίσεως
2571 446 2775 501 ἐκείνου
2819 449 2887 502 τά
2931 447 3216 517 ἀπόρρητα
3253 445 3349 514 τῆς
3391 446 3627 506 διανοίας
3656 449 3845 509 αὑτοῦ.

2179 531 2272 583 καὶ
2298 532 2378 583 ὅτι
2405 533 2626 596 εἰκότως
2654 537 2862 605 ἀφῆκεν
2893 535 3050 588 αὑτὸν
3085 533 3188 587 ὑπὸ
3221 532 3313 584 τοῦ
3346 533 3510 602 φόϐου
3539 534 3848 602 διασεισθῆ-

2179 633 2287 677 ναι.
2316 620 2409 670 καὶ
2437 620 2515 681 είς
2541 619 2737 673 δειλίαν
2771 623 3028 692 ἐμπεσεῖν
3047 637 3060 649 ·
3093 621 3324 690 ἀφῆκεν,
3346 621 3446 672 οὑκ
3481 619 3659 691 ὧθησε
3683 638 3696 652 ·
3722 641 3849 676 συν-

2181 703 2476 774 εχώρησεν,
2507 708 2605 760 οὑκ
2646 709 2963 779 ἐνήργησεν,
2988 708 3100 761 ἀλλ’
3133 708 3444 777 ἐγύμνωσεν
3475 708 3636 761 αὑτὸν
3665 709 3842 778 μόνον,

2181 791 2275 844 καὶ
2317 792 2591 863 ἠλέγχθη·
2641 795 2824 864 ἐπειδὴ
2869 791 2960 848 οῦν
2993 790 3165 859 εἶπεν,
3221 792 3285 846 Τί
3327 809 3426 848 σοι
3469 790 3606 856 ὧδε,
3643 796 3842 855 Ἠλίας

2181 877 2497 948 ἀκούσωμεν
2549 880 2602 932 τί
2641 896 2803 951 φησι·
2846 881 2918 935 Τὰ
2958 879 3356 948 θυσιαστήριά
3396 897 3512 933 σου
3552 883 3846 935 κατέσκα-

2181 967 2309 1032 ψαν
2329 1005 2345 1026 ,
2401 966 2500 1018 καί
2546 966 2686 1032 τοὺς
2733 966 3041 1036 προφήτας
3088 981 3202 1020 σου
3247 965 3631 1020 ἀπέκτειναν·
3687 968 3849 1036 κάγὼ

2179 1052 2552 1119 ὑπελείφθην
2590 1055 2796 1121 μόνος,
2855 1054 2951 1106 καί
3003 1051 3240 1119 ζητοῦσι
3288 1053 3402 1119 τὴν
3447 1053 3660 1121 ψυχήν
3701 1072 3843 1121 μου.

2194 1138 2354 1209 Ὁρᾷς
2381 1141 2462 1192 ὃτι
2497 1141 2700 1204 πάντας
2740 1141 2984 1211 ἐνόμιζεν
3015 1140 3366 1198 ἀπολωλέναι,
3414 1142 3506 1192 καὶ
3553 1140 3708 1208 μόνον
3749 1141 3847 1194 αὑ-

2180 1225 2270 1280 τὸν
2314 1227 2709 1295 ὑπολελεῖφθαι,
2743 1229 2836 1281 καὶ
2871 1229 2987 1298 μετ’
3020 1227 3179 1280 αὑτὸν
3221 1226 3412 1280 οὑδένα
3446 1223 3584 1280 εῖναι
3627 1229 3842 1299 ἕτερον·

2181 1313 2318 1383 ὅπερ
2345 1315 2507 1367 αὑτὸν
2542 1315 2680 1369 κατά
2711 1315 2902 1386 μικρὸν
2934 1317 3013 1378 εἰς
3053 1315 3308 1367 ἀπόνοιαν
3340 1316 3566 1382 ἀγαγεῖν
3592 1314 3842 1384 ἠδύνατο.

2183 1401 2280 1453 Διά
2311 1401 2373 1470 δὴ
2401 1402 2558 1454 τοῦτο
2587 1404 2616 1454 6
2641 1401 2771 1464 Θεὸς
2801 1401 2986 1454 τοῦτον
3015 1401 3243 1472 ἐξαίρων
3273 1402 3437 1454 αὑτοῦ
3463 1400 3554 1454 τὸν
3589 1401 3847 1471 λογισμὸν

2181 1487 2271 1538 τὸν
2301 1487 2728 1557 πεπλανημένον,
2753 1488 2913 1558 φησί·
2942 1485 3272 1541 Κατέλιπον
3303 1485 3534 1556 ἐμαυτῷ
3560 1487 3847 1541 ἑπτακισ-

2184 1575 2419 1642 χιλίους
2483 1574 2703 1641 ἄνδρας
2728 1615 2742 1639 ,
2787 1577 3004 1641 οἵτινες
3073 1577 3183 1630 οὐκ
3238 1574 3519 1645 ἔκαμψαν·
3572 1575 3721 1642 τόγυ
3769 1574 3850 1639 τῷ

2185 1660 2365 1715 Βάαλ.
2411 1661 2562 1714 Ἐπεὶ
2596 1659 2688 1715 οὖν
2719 1663 2813 1715 καὶ
2850 1662 3010 1733 ἡνίκα
3035 1662 3126 1715 τὸν
3155 1662 3362 1732 αὐχμὸν
3403 1663 3671 1731 ἐπήγαγε,
3709 1679 3850 1732 παρ-

2184 1748 2375 1817 έμενεν
2419 1749 2698 1802 ἐπιτείνων
2747 1749 2844 1820 τὴν
2891 1749 3130 1811 κόλασιν,
3171 1749 3265 1802 καὶ
3313 1748 3451 1818 μετά
3501 1748 3674 1801 ταῦτα
3721 1751 3852 1818 περὶ

2185 1835 2377 1890 ἐαυτοῦ
2407 1837 2616 1906 μεγάλα
2657 1836 3002 1906 ἐφαντάζετο,
3056 1836 3152 1890 ἀτε
3196 1836 3260 1906 δὴ
3306 1835 3464 1906 μόνος
3503 1835 3577 1888 ὣν
3618 1837 3710 1887 ἐπὶ
3750 1836 3846 1905 τῆς

2185 1925 2288 1992 γῆς
2339 1923 2610 1987 τοιοῦτος·
2665 1925 2886 1994 ἀφίησιν
2935 1924 3096 1978 αὑτὸν
3154 1923 3434 1977 αἰσθέσθαι
3492 1921 3590 1992 τὴν
3644 1923 3854 1976 οἰκείαν

2185 2011 2487 2077 ἀσθένειαν,
2531 2011 2793 2066 διδάσκων
2835 2011 2896 2064 τὸ
2953 2010 3152 2082 πλῆθος
3199 2010 3304 2064 τῶν
3353 2010 3740 2073 διασωθέντων,
3782 2009 3850 2062 δι’

2186 2098 2508 2171 ἀμφοτέρων
2545 2098 2747 2151 τούτων
2795 2099 3071 2166 καθαιρῶν
3117 2098 3282 2151 αὑτοῦ
3326 2096 3426 2168 τὴν
3468 2097 3722 2159 διάνοιαν,
3755 2096 3852 2150 καὶ

2187 2185 2388 2238 πείθων
2439 2186 2748 2255 μετριάζειν
2799 2185 3094 2254 πανταχοῦ,
3125 2184 3219 2238 καὶ
3267 2185 3642 2255 συγγνωμικὸν
3687 2179 3848 2248 εἶναι,

2187 2272 2282 2324 κοιλ⁵
2308 2271 2384 2340 τῷ
2417 2270 2561 2342 ζήλῳ
2596 2270 2914 2340 κεραννύναι
2943 2271 3366 2342 φιλανθρωπίαν.

2257 2391 2317 2447 ε’.
2345 2395 2405 2447 Εἰ
2431 2395 2486 2448 δέ
2511 2393 2686 2465 βούλει
2721 2397 2812 2450 καὶ
2850 2397 2941 2449 ἐπὶ
2967 2398 3065 2468 τῆς
3091 2396 3299 2469 Καινῆς
3331 2396 3468 2459 αὑτά
3498 2396 3664 2450 ταῦτα
3701 2397 3847 2462 ἰδεῖν,

2189 2481 2349 2534 πάλιν
2378 2500 2456 2536 σοι
2482 2484 2605 2546 τοὺς
2641 2484 2968 2560 κορυφαίους
3012 2484 3103 2538 καὶ
3141 2483 3378 2554 πύργους
3421 2484 3510 2536 καὶ
3535 2483 3848 2556 προϐόλους,

2189 2569 2280 2621 καὶ
2319 2568 2387 2621 τὰ
2433 2570 2697 2638 κεφάλαια
2741 2571 2848 2632 τῶν
2893 2572 2949 2622 ἐν
2980 2573 3046 2647 τῇ
3087 2571 3258 2646 Καινῇ
3306 2572 3384 2635 εἰς
3430 2571 3589 2641 μέσον
3625 2573 3851 2640 ἀγαγεῖν

2189 2658 2578 2734 πειρασόμεθα.
2611 2660 2817 2732 Ὥσπερ
2858 2660 3092 2713 Μωῦσέα
3143 2659 3236 2712 καὶ
3273 2659 3479 2723 Ἠλίαν,
3527 2657 3668 2712 οῦτω
3708 2659 3854 2712 Παῦ-

2188 2745 2278 2801 λον
2308 2746 2400 2799 καὶ
2420 2746 2622 2815 Πέτρον
2644 2747 2734 2799 ἐπὶ
2761 2747 2856 2816 τῆς
2881 2746 3087 2816 Καινῆς
3113 2745 3434 2800 δείκνυνται.
3463 2746 3726 2816 Καθάπερ
3745 2745 3852 2818 γὰρ

2190 2833 2389 2887 τούτων
2447 2836 2702 2903 ἑκάτερος
2743 2836 2771 2887 6
2813 2834 2913 2905 μὲν
2955 2834 3246 2902 Αἰγυπτίου
3291 2833 3428 2898 ἐνὸς,
3467 2835 3495 2886 6
3541 2834 3598 2888 δὲ
3651 2835 3852 2904 πόρνης

2195 2923 2320 2992 μιᾶς
2365 2922 2588 2991 ἀπειλὴν
2632 2921 2900 2985 δείσαντες
2946 2921 3417 2992 ἐφυγαδεύθησαν·
3467 2920 3608 2974 οὑτω
3654 2922 3717 2992 δὴ
3761 2925 3853 2975 καὶ

2195 3007 2394 3078 Πέτρος
2437 3010 2468 3076 ή
2516 3008 2738 3079 κρηπὶς.
2790 3010 2818 3060 6
2853 3007 3118 3077 θεμέλιος,
3167 3009 3195 3060 6
3241 3007 3446 3071 στῦλος,
3501 3008 3634 3078 μετὰ
3685 3008 3855 3080 μυρία

2194 3096 2640 3167 παραγγέλματα,
2674 3094 2813 3165 μετὰ
2856 3094 2924 3147 τά
2968 3093 3203 3148 τοσαῦτα
3254 3095 3525 3164 θαύματα,
3579 3096 3714 3165 μετὰ
3757 3097 3856 3167 τὴν

2193 3183 2456 3254 τοσαύτην
2492 3183 2825 3251 φιλοσοφίαν,
2860 3181 2978 3234 οὑδὲ
3014 3181 3301 3251 βασιλίδος,
3333 3182 3621 3257 οὑδέιὸἓθ]
3642 3184 3855 3254 ἀνδρὸς,

2195 3269 2328 3322 ἀλλὰ
2342 3269 2584 3340 θυρωροῦ
2605 3269 2769 3340 κόρης
2790 3268 3016 3339 ἀπειλὴν
3036 3267 3223 3322 ἔδεισε·
3244 3269 3334 3322 καί
3351 3265 3418 3340 ἦν
3434 3269 3526 3321 τοῦ
3549 3282 3572 3308 ει
3592 3271 3857 3341 προτέρου

2197 3356 2373 3428 πολλῷ
2404 3356 2793 3426 χαλεπώτερον.
2827 3358 2888 3408 Οἰ
2935 3357 3031 3426 μὲν
3068 3357 3174 3428 γάρ
3215 3356 3488 3420 δείσαντες
3535 3356 3730 3426 ἔφυγον
3763 3359 3859 3427 μό-

2197 3462 2316 3508 νον,
2367 3438 2519 3505 οἶδτος
2571 3443 2628 3495 δέ
2680 3443 2772 3495 καὶ
2824 3443 3023 3513 πτῶμα
3065 3443 3222 3495 ἔπεσε
3273 3443 3684 3513 χαλεπώτατον,
3723 3447 3858 3515 ὅπερ

2197 3531 2429 3593 ᾶπαντες
2477 3530 2682 3583 ἴσασιν·
2733 3529 2916 3601 ἐπειδὴ
2961 3531 3069 3600 γᾶρ
3127 3529 3412 3601 ἐγυμνώθη
3465 3532 3564 3602 τῆς
3615 3533 3857 3606 χάριτος,

2197 3618 2405 3687 ἐδείχθη
2463 3619 2555 3671 καὶ
2601 3619 2633 3688 ή
2687 3618 2874 3670 τούτου
2912 3618 3181 3682 ἀσθένεια,
3223 3619 3405 3690 ἐρήμη
3461 3620 3724 3689 γενομένη
3763 3623 3860 3690 τῆς

2197 3705 2290 3757 τοῦ
2330 3705 2461 3759 Θεοῦ
2493 3705 2829 3776 κηδεμονίας.
2867 3705 3066 3775 Ἀφῆκε
3116 3705 3171 3758 δὲ
3209 3707 3236 3758 6
3273 3706 3403 3767 Θεὸς
3439 3705 3599 3760 αὑτὸν
3650 3710 3860 3770 πεσεῖν,

2201 3793 2381 3867 ἐπειδὴ
2413 3794 2504 3850 καὶ
2537 3794 2719 3846 τοῦτον
2756 3792 2975 3862 ἔμελλεν
3017 3792 3250 3863 ἄρχοντα
3285 3796 3457 3845 ποιεῖν
3480 3793 3579 3863 τῆς
3605 3796 3863 3863 οἰκουμέο

2201 3897 2296 3950 νης
2329 3881 2542 3951 ἁπάσης
2564 3899 2576 3911 ·
2625 3882 2708 3934 ἵνα
2735 3880 2842 3937 τῶν
2881 3880 3092 3933 οἰκείων
3141 3882 3686 3952 ἀναμιμνησκόμενος
3719 3900 3864 3934 πτω-

2204 3968 2405 4039 μάτων,
2436 3968 2545 4020 τῶν
2606 3968 2802 4037 ἐφεξῆς
2841 3967 3136 4037 γινομένων
3183 3967 3528 4040 συγγινώσκῃ
3568 3973 3678 4030 τοῖς
3726 3970 3862 4022 ὑπο-

2203 4054 2619 4123 σκελιζομένοις.
2666 4055 2768 4108 Καὶ
2825 4055 2905 4108 ὅτι
2974 4055 3032 4107 οὑ
3096 4058 3398 4125 στοχασμὸς
3443 4056 3510 4109 τά
3561 4057 3860 4125 εἰρημένα,

2200 4143 2429 4195 ἄκουσον
2464 4141 2623 4197 αὑτοῦ
2657 4141 2899 4209 λέγοντος
2932 4139 3026 4194 τοῦ
3077 4141 3310 4212 Χριστοῦ
3330 4159 3343 4172 ·
3395 4142 3610 4210 Σίμων,
3643 4144 3860 4210 Σίμων,

2200 4231 2454 4295 ποσάκις
2497 4229 2784 4295 ἐζήτησεν
2834 4233 2866 4283 ὁ
2912 4229 3181 4294 Σατανᾶς
3229 4229 3494 4283 σινιάσαι
3539 4247 3614 4286 σε
3644 4231 3724 4297 ὡς
3757 4230 3865 4284 τὸν

2201 4316 2405 4374 σῖτον·
2438 4317 2597 4386 κάγὼ
2639 4315 2890 4383 ἐδεήθην
2933 4317 3064 4384 περὶ
3116 4317 3254 4382 σοῦ,
3298 4317 3397 4369 ἵνα
3439 4315 3520 4384 μὴ
3558 4315 3779 4384 ἐκλίπῃ
3825 4319 3864 4385 ἡ

2201 4405 2401 4471 πίστις
2429 4419 2562 4457 σου.
2589 4405 2693 4457 Καὶ
2717 4405 2798 4460 σύ
2827 4421 2970 4466 ποτε
3001 4404 3384 4472 ἐπιστρέψας,
3408 4403 3695 4472 στήριξον
3723 4405 3864 4470 τοὺς

2200 4491 2498 4558 ἀδελφούς
2532 4507 2666 4545 σου.
2693 4490 2908 4562 Ταύτην
2945 4509 3030 4560 μοι
3059 4491 3145 4554 δὸς
3179 4493 3273 4562 τὴν
3303 4490 3552 4561 ἀμοιϐὴν,
3578 4491 3730 4561 φησὶ,
3765 4493 3864 4560 τῆς

2201 4577 2329 4647 περὶ
2369 4578 2425 4630 σέ
2459 4579 2737 4649 βοηθείας·
2775 4580 2822 4631 εἰ
2856 4577 2961 4650 γὰρ
2995 4578 3068 4653 μὴ
3115 4579 3214 4648 τῆς
3261 4579 3397 4649 ἐμῆς
3428 4578 3697 4641 ἀπέλαυες
3733 4596 3868 4646 προ-

2201 4664 2367 4726 νοίας,
2391 4664 2490 4716 οὑκ
2525 4664 2589 4717 ἂν
2620 4665 2856 4734 ’ήρκεσας
2890 4664 3007 4718 καθ’
3038 4665 3225 4717 ἐαυτὸν
3259 4666 3494 4738 ἐνεγκεῖν
3535 4664 3741 4716 ἐκείνου
3767 4664 3866 4735 τὴν

2202 4749 2406 4818 ἔφοδον.
2461 4749 2683 4804 Ἑννοῶν
2737 4752 2911 4805 τοίνυν
2963 4752 3031 4804 τὰ
3079 4751 3165 4809 σα.
3209 4751 3358 4820 γίνου
3388 4753 3500 4824 ,καὶ
3545 4753 3653 4814 τοῖς
3685 4752 3868 4816 ἄλλοις

2205 4839 2639 4912 συγγνωμονικός
2659 4855 2670 4867 ·
2711 4838 2773 4890 τὸ
2798 4838 2924 4907 γὰρ,
2954 4837 3256 4905 Στήριξον,
3283 4838 3439 4892 τοῦτό
3469 4840 3612 4897 ἐστιν
3639 4841 3868 4891 αἰνιττο-

2207 4925 2396 4994 μένου·
2447 4926 2570 4989 τοὺς
2627 4925 3008 4994 σαλευομένους
3072 4925 3319 4996 στήριξον
3386 4926 3866 4993 συγκαταϐαίνων,

2203 5013 2361 5084 χεῖρα
2405 5012 2632 5086 ὀρέγων,
2695 5011 3099 5083 φιλανθρωπίαν
3158 5013 3590 5082 ἐπιδεικνύμενος
3646 5013 3865 5084 πολλήν.

2204 5098 2312 5150 Καὶ
2343 5099 2370 5150 ὀ
2403 5098 2610 5160 Παῦλος
2637 5099 2665 5151 6
2693 5097 2900 5164 λέοντος
2938 5099 3132 5163 παντὸς
3168 5099 3493 5173 θρασύτερος
3524 5100 3618 5161 ὢν,
3658 5102 3690 5171 ἡ
3723 5101 3868 5154 ἀκα-

2205 5183 2509 5255 τάπληκτος
2539 5183 2704 5256 ψυχὴ.
2744 5185 2803 5237 τὸ
2841 5187 2970 5239 αὐτὸ
3004 5185 3160 5251 τοῦτο
3208 5185 3394 5244 έπαθε.
3445 5187 3554 5248 Καὶ
3602 5187 3701 5256 ὅρα
3749 5186 3871 5249 πῶς

2204 5269 2473 5322 δείκνυσιν
2517 5271 2706 5324 ἐαυτὸν
2763 5271 2996 5343 συνεχῶς
3036 5273 3287 5343 δεόμενον
3326 5273 3434 5326 τῶν
3478 5277 3574 5346 τῆς
3619 5290 3871 5326 ταπεινο-

2206 5356 2475 5429 φροσύνης
2517 5357 2858 5432 φαρμάκων·
2903 5359 3201 5430 Κορινθίοις
3243 5360 3351 5431 γὰρ
3402 5360 3727 5423 ἐπιστέλλων
3760 5377 3870 5430 φη-

2207 5443 2321 5496 σίν·
2359 5444 2440 5496 Οὐ
2490 5441 2640 5498 θέλω
2660 5442 2727 5496 δὲ
2754 5442 2905 5512 ὑμᾶς
2947 5444 3203 5513 ἀγνοεῖν,
3251 5444 3521 5514 ἀδελφοί,
3575 5445 3706 5512 περὶ
3759 5444 3874 5513 τῆς

2204 5530 2465 5598 θλίψεως
2511 5527 2678 5601 ἡμῶν
2723 5528 2833 5597 τῆς
2889 5531 3213 5599 γενομένης
3261 5531 3404 5600 ἡμῖν
3447 5532 3516 5585 ἐν
3563 5531 3636 5599 τῇ
3687 5534 3874 5599 Ἀσίᾳ,

2207 5613 2294 5666 ὅτι
2345 5615 2471 5672 καθ’
2529 5616 2873 5685 ὑπερϐολὴν
2937 5617 3304 5688 ἐϐαρήθημεν
3378 5619 3530 5686 ὑπὲρ
3578 5618 3874 5687 δύναμιν·

2206 5699 2342 5755 ἀλλ’
2380 5702 2545 5756 αὐτοὶ
2591 5703 2659 5754 ἐν
2710 5703 2939 5769 ἑαυτοῖς
2984 5705 3048 5757 τὸ
3102 5706 3394 5774 ἀπόκριμα
3453 5703 3559 5758 τοῦ
3610 5707 3874 5761 θανάτου

2269 5892 2292 5920 ³
2323 5888 2498 5946 Melius
2520 5888 2816 5940 scriberetur
2837 5889 2992 5940 τοῦτο.
