4054 6190
312 301 411 360 465

311 416 596 486 confugere
633 422 783 484 potes
819 431 830 466 :
864 425 983 466 nam
1015 422 1069 465 et
1099 412 1190 466 ille
1218 427 1417 480 pauper
1441 419 1580 475 erat,
1610 408 1879 464 omnium-

311 523 411 577 qne
438 501 715 561 hominum
749 504 1118 574 pauperrimus
1151 519 1164 555 :
1194 503 1250 556 in
1279 505 1494 557 deserto
1521 499 1822 564 habitabat,
1857 513 1888 552 a

311 600 600 670 majoribus
635 608 689 652 et
714 614 744 652 a
775 597 942 668 patria
979 594 1225 667 ignobilis
1247 637 1260 661 ,
1291 610 1499 650 necnon
1532 594 1601 648 ab
1625 592 1744 648 aliis
1769 606 1958 680 οιιι-ἡ

310 693 486 746 nibus.
536 693 785 745 Altamen
836 689 926 744 ille
972 687 1091 759 plus
1131 703 1291 758 quam
1325 687 1406 742 sol
1447 685 1663 750 effulsit,
1706 692 1761 739 et
1798 683 1918 738 illo.

311 793 552 852 tempore
597 789 652 836 et
698 795 840 836 nunc
885 794 1118 849 quoque,
1164 787 1218 834 et
1259 787 1510 847 quantam
1553 775 1634 831 sol
1675 775 1892 846 respicit

312 886 532 939 terram,
569 882 772 928 tantam
805 873 922 942 ejus
940 871 1110 942 gloria
1141 871 1400 940 pervadit,
1421 869 1631 925 etiamsi
1661 876 1785 922 ante
1815 873 1892 921 tot

309 965 504 1020 siccula
535 964 802 1019 exstiterit
821 981 836 1029 ;
855 963 950 1017 sed
971 973 1172 1016 tantum
1204 972 1413 1031 tempus
1433 960 1549 1030 ejus
1575 958 1889 1015 memoriam

309 1072 417 1110 non
442 1055 739 1119 exStiuait;
769 1064 823 1110 et
838 1055 960 1124 jure
991 1053 1183 1109 merito
1209 1052 1444 1122 quidem.
1488 1050 1634 1105 Talis
1662 1064 1890 1120 namque

308 1164 397 1202 res
430 1156 513 1202 est
541 1150 708 1202 virtus
729 1188 746 1210 ,
775 1146 1088 1201 immortalis
1107 1186 1123 1212 ,
1154 1159 1272 1215 qum
1301 1144 1418 1214 plus
1434 1158 1597 1212 quam
1619 1142 1698 1197 sol
1740 1141 1892 1195 etfui-

306 1249 452 1307 geat.
493 1237 732 1302 Verum,
783 1246 840 1292 ut
891 1237 1002 1307 jam
1064 1235 1170 1290 dixi
1218 1236 1440 1305 (neque
1482 1235 1623 1290 enim
1680 1231 1892 1303 oportet

307 1346 431 1394 nos,
466 1331 519 1384 itt
565 1331 840 1401 prophetae
887 1330 1099 1384 laudum
1146 1329 1364 1399 pelagus
1405 1327 1630 1392 delatos,
1666 1327 1888 1380 instituti

307 1424 607 1492 argumenti
636 1423 922 1491 oblivisci),
955 1421 1039 1475 hic
1064 1436 1276 1491 quoque
1301 1420 1388 1474 illa
1417 1419 1651 1483 exhibet,
1677 1434 1795 1487 qua:
1823 1418 1891 1474 de

306 1514 496 1587 Moyse
519 1515 660 1570 dicta
686 1525 828 1570 sunt.
859 1515 990 1583 Quia
1019 1514 1162 1570 enim
1185 1513 1473 1569 verisimile
1496 1522 1610 1567 erat
1633 1513 1801 1579 illurn,
1825 1527 1890 1566 ex

305 1605 572 1674 przeclare
597 1608 760 1677 gestis
789 1609 1006 1670 elatum,
1044 1620 1147 1660 nou
1188 1604 1471 1659 admodum
1513 1618 1736 1673 pronum
1779 1603 1892 1657 fore

308 1697 374 1752 sd
413 1699 620 1751 veniam
669 1697 876 1752 ca-teris
919 1696 1358 1762 concedendam;
1399 1696 1519 1750 vide
1568 1695 1692 1766 quid
1735 1694 1890 1749 faciat

307 1788 453 1841 Deus
477 1803 492 1840 :
522 1787 775 1856 permittit
802 1788 949 1842 illum
977 1788 1142 1858 gratia
1169 1801 1264 1841 sua
1296 1787 1503 1852 nudari,
1530 1796 1586 1841 ιιι
1609 1786 1892 1840 infirmita—

306 1890 419 1933 tent
463 1879 581 1947 ejus
625 1878 1028 1934 ostendatzimo
1068 1895 1195 1934 vero
1238 1894 1270 1934 e
1308 1894 1366 1933 re
1395 1877 1589 1943 fuerit,
1614 1886 1672 1932 ut
1719 1877 1892 1947 primo

302 1969 658 2024 ostendamus
681 1970 948 2041 quomodo
980 1986 1084 2024 non
1115 1981 1254 2025 esset
1275 1970 1341 2024 ad
1363 1970 1568 2024 veniant
1592 1969 1894 2024 conceden-

303 2062 434 2116 dam
465 2075 684 2130 pronus.
717 2062 997 2133 Postquam
1027 2063 1168 2117 enim
1199 2061 1464 2116 clauserat
1482 2060 1692 2127 caelum,
1711 2068 1764 2115 et
1787 2068 1893 2114 ter-

305 2170 426 2208 ram
459 2154 844 2210 infructuosam
877 2155 1203 2217 reddiderat,
1229 2153 1499 2224 famesque
1521 2162 1669 2218 erat;
1701 2152 1888 2219 fames,

303 2247 551 2317 inquam,
599 2249 836 2302 omnium
883 2249 1256 2312 acerbissima;
1304 2256 1357 2301 et
1404 2261 1554 2316 aqua:
1597 2245 1892 2314 absumptte

301 2347 496 2403 erant,
529 2341 792 2395 exsiccata
827 2339 1011 2403 lict-ba,
1043 2341 1256 2395 flumina
1287 2338 1617 2405 defecerant,
1643 2338 1891 2392 horrida~

302 2447 416 2501 que
444 2441 561 2486 erat
604 2440 758 2486 terra:
805 2432 985 2498 facies,
1025 2443 1250 2487 mortem
1299 2433 1582 2496 minitans;
1618 2430 1890 2500 famesque

306 2523 542 2578 ulterius
588 2523 884 2591 procedens
931 2523 1218 2589 s:eviebat,
1249 2524 1600 2578 miserrimam
1634 2522 1892 2577 inducens

301 2624 540 2668 mortem
569 2632 581 2666 :
607 2629 778 2684 neque
803 2615 879 2669 sic
922 2615 1011 2669 ille
1060 2613 1284 2669 inﬂexus
1313 2625 1427 2677 est;
1461 2613 1555 2669 sed
1613 2615 1797 2669 abiens
1839 2615 1892 2668 in

303 2708 508 2760 montis
529 2708 806 2761 cacumine
827 2706 1006 2761 sedem
1039 2715 1245 2775 posuit,
1265 2721 1384 2761 cum
1411 2707 1688 2762 Judaicum
1720 2722 1892 2778 papu-

304 2801 419 2853 lum
442 2800 498 2853 itt
531 2810 636 2852 tam
660 2814 873 2868 gravem
891 2799 1246 2852 calamitatem
1271 2809 1323 2852 et
1350 2798 1522 2852 tabent
1549 2799 1887 2868 conjeciSset.

305 2892 412 2946 Sed
445 2891 710 2960 benignus
741 2891 898 2954 Deus,
919 2901 971 2944 et
991 2889 1270 2944 ineffabilis
1297 2875 1514 2959 ejusque
1532 2889 1762 2952 bonitas,
1783 2897 1892 2944 tau-

305 2991 415 3036 tam
461 2983 804 3035 severitatem
848 2995 952 3034 non
996 2981 1142 3045 tulit;
1172 2980 1265 3034 sed
1311 2981 1560 3050 quoniam
1595 2980 1687 3034 ille
1718 2980 1890 3050 ipsum

308 3075 520 3144 precari
560 3074 778 3129 nolebat
820 3083 875 3128 ιιι
899 3073 1255 3128 calamitatem
1279 3074 1531 3138 auferret,
1559 3087 1680 3127 cum
1713 3083 1891 3128 tamett

307 3168 452 3222 Deus
481 3167 600 3221 sine
631 3167 720 3221 illo
749 3167 800 3220 id
834 3165 1088 3235 perficere
1117 3165 1313 3227 nollet;
1356 3163 1476 3219 vide
1527 3165 1653 3235 quid
1698 3168 1890 3217 factum

304 3260 372 3310 sit
397 3275 409 3310 :
431 3258 612 3328 primo
636 3273 756 3310 cum
788 3257 877 3310 illo
905 3272 1016 3310 rem
1044 3257 1420 3319 communicat,
1440 3265 1491 3309 et
1519 3265 1642 3309 tunc
1665 3277 1675 3324 ι
1697 3255 1892 3310 luviam

305 3351 493 3403 mittit.
522 3348 706 3402 \‘iden‘
735 3347 786 3402 in
818 3348 851 3402 lt
876 3364 918 3402 lC
940 3350 1098 3402 etiam
1121 3348 1208 3402 Dei
1240 3348 1614 3418 benigninttetn
1635 3359 1682 3401 et
1707 3347 1894 3403 huma-

306 3439 554 3503 nitatem,
581 3448 739 3506 atque
783 3441 1038 3493 honorem
1067 3453 1174 3508 quo
1220 3449 1460 3492 sanctum
1492 3440 1660 3492 virum
1703 3453 1889 3508 prosc-

302 3530 611 3598 qnebatur?
637 3528 820 3597 Neque
865 3529 1007 3583 enim
1057 3529 1203 3598 prius
1247 3529 1444 3583 imbres
1486 3529 1697 3594 emisit,
1729 3542 1887 3599 quam

304 3625 462 3678 illum
506 3633 649 3676 esset
703 3622 1008 3693 ailoquutus
1036 3630 1090 3676 et
1117 3621 1241 3692 quid
1285 3620 1520 3676 futurum
1557 3629 1702 3676 esset
1729 3621 1897 3677 dixis-

303 3725 424 3779 set,
463 3713 762 3782 futuraeque
804 3713 950 3765 illum
981 3711 1124 3766 misit
1165 3726 1343 3766 rerum
1383 3712 1720 3767 abundanlim
1753 3729 1891 3782 prte-

301 3822 524 3861 cortem.
551 3807 685 3872 Quia
735 3805 875 3860 enim
933 3820 1028 3875 per
1071 3819 1193 3859 eum
1242 3805 1412 3860 tristia
1460 3816 1769 3870 evenerant,
1799 3823 1887 3859 vo-

303 3900 403 3954 luit
431 3901 596 3955 etiam
629 3901 887 3954 bonorum
919 3898 1266 3968 laetorumque
1294 3899 1535 3952 ntttttiutn
1567 3913 1708 3959 esse.
1733 3910 1892 3964 atque

299 4005 366 4044 ex
401 3997 596 4044 monte
645 3989 894 4044 eductum
941 3988 1086 4042 illum
1117 3989 1260 4042 misit
1290 3990 1377 4058 qui
1412 3989 1606 4059 ubique
1639 3989 1887 4043 imbriunt

299 4081 602 4137 adventum
630 4094 680 4135 et
704 4090 1028 4136 cessaturam
1057 4096 1177 4137 esse
1206 4083 1396 4136 famem
1428 4082 1758 4152 praediceret.
1795 4085 1891 4136 At-

303 4184 494 4230 tamen
520 4189 642 4229 cum
677 4174 886 4229 tandem
912 4174 1084 4246 pluvia
1113 4173 1420 4238 decidisset,
1453 4185 1506 4226 et
1536 4173 1680 4228 brevi
1713 4189 1888 4228 rerum

299 4265 550 4320 omnium
579 4265 730 4334 copia
758 4265 977 4322 advecta
1019 4264 1242 4332 fuisset,
1281 4276 1631 4336 congregatos
1674 4268 1765 4321 ille
1805 4283 1892 4320 sa-

298 4357 558 4411 cerdotes
590 4355 761 4410 Baulis
792 4371 1014 4411 numero
1038 4355 1473 4427 quadringentos,
1501 4359 1607 4412 imo
1632 4359 1888 4428 quadrin-

296 4459 498 4520 gentos
527 4459 583 4505 et
612 4449 876 4520 octoginta
927 4449 1188 4520 jugulavit
1208 4490 1222 4516 ,
1251 4462 1301 4505 et
1323 4452 1594 4522 sanguinis
1625 4462 1891 4508 torrentes

297 4541 507 4595 emisit.

369 4633 430 4686 4.
476 4631 613 4697 Quid
645 4630 759 4685 haec
789 4630 852 4684 ad
885 4631 1182 4686 inStitutum
1214 4634 1494 4687 nostrum?
1523 4631 1600 4689 Nc
1623 4635 1887 4706 turbcris,

295 4742 328 4775 η
360 4725 601 4785 dilecte;
631 4723 696 4777 ad
727 4725 892 4794 ipsam
925 4725 1187 4780 dictorum
1211 4742 1473 4782 summam
1500 4728 1608 4796 jam
1635 4745 1884 4800 propero.

292 4813 594 4886 Postquam
626 4817 766 4870 enim
811 4815 1079 4870 flammam
1131 4817 1270 4870 illam
1328 4833 1359 4872 e
1415 4819 1548 4872 czelo
1602 4820 1786 4885 duxit,
1833 4831 1889 4877 et

293 4907 587 4960 victoriam
611 4907 922 4974 reportavit,
939 4905 1382 4976 splendidumque
1409 4921 1665 4978 tropaeum
1691 4914 1884 4976 erexit,

291 5011 357 5049 ac
390 4995 738 5050 sacerdotum
767 4995 968 5050 cit-dem
997 4997 1256 5065 patravit,
1287 4998 1416 5051 abiit
1459 5000 1697 5068 gaudens
1725 5012 1776 5055 et
1820 5002 1886 5056 de

291 5088 473 5156 gestis
504 5086 783 5155 magnifice
811 5087 1066 5141 sentiens.
1103 5087 1242 5141 Misit
1274 5089 1339 5142 ad
1369 5089 1512 5142 illum
1545 5106 1678 5145 uxor
1710 5092 1886 5146 Acha-

291 5181 380 5232 alii
407 5221 422 5240 ,
477 5177 812 5232 meretricula
855 5177 978 5232 vilis
1010 5190 1065 5233 et
1109 5179 1440 5248 spernenda,
1491 5179 1722 5238 dicens:
1761 5184 1886 5240 "res

289 5274 499 5342 faciunt
531 5272 652 5324 mihi
685 5271 756 5323 dii
781 5311 796 5336 ,
822 5282 867 5324 et
897 5272 1004 5326 [nec
1047 5271 1240 5326 addant
1260 5313 1273 5336 ,
1302 5273 1348 5326 si
1386 5290 1484 5326 non
1527 5290 1741 5344 posuero
1770 5295 1884 5332 cras

287 5363 530 5415 animam
596 5374 735 5412 tuam
781 5361 908 5414 sicut
965 5377 1119 5414 unum
1169 5377 1232 5415 ex
1282 5363 1359 5416 Itis
1401 5365 1764 5418 sacerdotibus.
1817 5367 1883 5421 Et

287 5460 473 5506 tmmst
501 5453 585 5504 ille
603 5494 618 5514 ,
645 5464 691 5505 et
722 5453 851 5522 fugit
879 5452 1007 5505 vium
1043 5452 1382 5522 quadraginta
1412 5454 1608 5508 dierum
1637 5457 1714 5524 (3.
1750 5457 1881 5528 lieg,

290 5547 383 5600 19.
416 5544 479 5597 2.
516 5542 590 5613 ὅ).
623 5545 759 5610 Quid
786 5545 956 5616 ergo?
997 5545 1174 5597 anima
1223 5545 1311 5598 illa
1336 5545 1526 5599 crelum
1569 5547 1837 5617 attingens
1861 5591 1876 5616 ,

287 5637 335 5690 is
367 5635 472 5704 qui
498 5641 661 5689 totum
688 5634 938 5688 mundum
961 5634 1309 5704 despiciebat,
1333 5637 1420 5704 qui
1451 5635 1645 5691 famem
1679 5647 1876 5694 tantam

286 5735 731 5797 contempserat,
777 5727 866 5798 qui
910 5736 1094 5782 contra
1143 5743 1323 5798 regem
1354 5739 1638 5798 tyrannum
1690 5730 1877 5800 hujus.

982 299 998 352 ι
1039 291 1336 366 ΙΙΟΜΙῙΛΑ,
1376 291 1562 366 ouoo
1601 288 1890 361 rusque:

1996 292 2062 349 ili
2099 287 2233 351 CUN
2243 288 2637 355 \‘ENIENDUM
2663 290 2804 368 SIT,
2850 301 2999 358 ETC.

3468 315 3577 373 ‘66

2002 407 2144 463 modi
2178 410 2558 478 insurrexcrat,
2598 414 2690 482 qui
2735 415 2922 470 ca-lnm
2969 417 3231 476 clauserat
3265 433 3320 479 et
3344 441 3574 497 aperue-

1995 508 2110 565 rat,
2137 501 2227 568 qui
2285 515 2427 554 nunc
2470 503 2732 570 pluviam,
2768 522 2908 563 nunc
2945 506 3211 566 flammam
3257 513 3574 588 deduxerat,

1994 590 2083 661 qui
2120 599 2326 646 natura:
2360 596 2708 650 necessitates
2745 599 3189 672 conculcaverat}
3231 605 3322 676 qui
3364 614 3576 669 concuti

1971 683 2103 737 non
2142 692 2384 754 poterat,
2429 695 2482 741 et
2521 687 2718 757 ubique
2762 691 3069 747 conﬁdebat
3110 712 3126 750 :
3172 691 3264 752 hic
3305 709 3534 769 repente
3559 743 3576 768 ,

1996 781 2116 844 post
2145 783 2222 829 tot
2250 776 2508 846 praeclare
2535 789 2684 848 gesta
2702 818 2719 845 ,
2751 791 2866 848 post
2896 791 3095 840 tantam
3118 785 3390 858 ﬁduciam,
3417 794 3579 850 unius

1996 866 2294 924 fornicaria:
2334 870 2525 940 puella:
2568 874 2769 942 minas,
2824 879 2991 934 verbo
3047 890 3252 939 tantum
3299 886 3575 956 prolatas,

1996 976 2102 1016 non
2131 963 2283 1027 tulit,
2323 963 2419 1019 sed
2450 965 2702 1038 profugus
2725 978 2779 1024 et
2805 971 2957 1026 exsul
2987 972 3220 1031 efficitur
3239 1017 3256 1043 ,
3287 979 3352 1034 ad
3385 979 3574 1036 deser-

1999 1062 2107 1108 tum
2145 1053 2417 1125 confugit,
2459 1067 2515 1112 et
2561 1059 2908 1132 quadraginta
2951 1065 3159 1121 dierum
3203 1068 3305 1124 iter
3350 1075 3574 1128 recedit.

1995 1147 2252 1216 Quaenam
2300 1151 2458 1220 igitur
2501 1151 2656 1222 hujus
2700 1157 2776 1210 rei
2826 1172 2987 1213 causa
3039 1161 3166 1215 est?
3216 1161 3357 1218 Deus
3407 1168 3574 1234 gratia

1997 1253 2091 1294 sua
2129 1239 2347 1295 nudavit
2388 1241 2556 1306 illum,
2584 1252 2638 1299 et
2680 1254 2801 1301 tunc
2830 1251 3074 1319 apparuit
3108 1260 3310 1308 natura:
3355 1255 3576 1312 infirmi-

2000 1336 2080 1384 tas
2112 1346 2126 1384 :
2159 1340 2553 1387 monstraverat
2582 1335 2722 1390 Deus
2755 1339 3071 1408 prophetam
3093 1383 3107 1402 .
3160 1347 3478 1400 monstravit
3522 1361 3577 1401 et

1997 1421 2269 1479 hominem
2296 1466 2311 1488 ,
2365 1435 2421 1478 ut
2447 1425 2716 1483 discerent
2744 1445 2806 1484 ea
2833 1445 2956 1501 quas
2997 1445 3121 1488 tunc
3146 1444 3292 1503 gesta
3330 1435 3574 1502 fuerant,

1996 1516 2188 1586 gratiae
2239 1531 2374 1586 Opus
2407 1516 2593 1574 fuisse.
2644 1519 2769 1576 ﬂare
2826 1538 2986 1592 porro
3023 1524 3281 1592 faciebat,
3333 1539 3392 1584 ut
3429 1531 3576 1586 illutn

1996 1606 2063 1659 ad
2110 1607 2319 1661 veniam
2382 1611 2593 1665 castoris
2653 1613 3052 1670 concedendam
3095 1632 3320 1688 pronum
3378 1621 3574 1677 redde-

1997 1707 2101 1762 ret,
2123 1709 2283 1769 utque
2299 1705 2656 1771 arrogmitiam
2681 1719 2744 1759 ex
2773 1709 3027 1775 prtnclare
3046 1710 3212 1779 geSIis
3239 1723 3442 1782 partam
3463 1731 3579 1770 suc-

1997 1789 2197 1845 cideret
2219 1801 2270 1846 et
2287 1793 2582 1848 cohiberet.
2613 1797 2764 1864 Quod
2791 1809 2966 1854 autem
3008 1812 3254 1871 magnum
3301 1805 3573 1877 quidpiam

1997 1881 2063 1935 de
2090 1896 2149 1936 se
2176 1883 2397 1937 sentiret
2424 1893 2477 1938 et
2508 1885 2888 1956 imaginaretur
2910 1931 2924 1955 ,
2953 1891 3204 1962 quodque
3233 1904 3416 1950 contra
3442 1899 3577 1952 alios

1996 1973 2534 2044 omnesinsurgeret;
2566 1977 2713 2031 illuni
2745 1979 2918 2048 ipsum
2945 1983 3019 2035 rei
3053 1985 3240 2038 teStem
3270 1985 3423 2040 vobis
3451 2005 3574 2057 pro-

1996 2059 2184 2115 feram.
2219 2065 2348 2120 Cum
2379 2067 2520 2120 enim
2564 2067 2701 2122 Deus
2733 2069 2901 2138 ipsum
2931 2073 3100 2136 adiit,
3142 2082 3196 2127 et
3225 2075 3576 2146 interrogavit

1996 2168 2092 2210 Cur
2121 2155 2220 2209 isto
2247 2157 2297 2210 in
2327 2157 2444 2211 loco
2474 2169 2794 2226 versaretur,
2824 2162 3009 2216 dicens
3042 2176 3055 2217 :
3090 2164 3224 2231 Quid
3251 2167 3338 2219 tibi
3359 2168 3438 2220 In'c
3464 2180 3536 2221 est
3559 2211 3573 2230 .

1997 2263 2027 2299 0
2074 2246 2188 2300 Elia
2225 2249 2280 2319 ('5
2307 2249 2434 2318 Reg.
2462 2250 2543 2303 19.
2581 2250 2717 2319 15)?
2746 2252 2870 2306 illud
2902 2268 3047 2316 vero,
3078 2254 3214 2320 Quid
3240 2256 3325 2309 tibi
3351 2257 3431 2310 Itic
3463 2260 3577 2312 est?

1999 2339 2363 2408 interrogavit,
2413 2358 2518 2395 non
2575 2351 2631 2395 ut
2672 2343 2783 2413 ipse
2830 2345 3094 2413 disceret,
3143 2348 3236 2401 sed
3277 2357 3335 2402 ut
3381 2363 3573 2404 arcana

1997 2432 2192 2486 mentis
2241 2433 2406 2503 ipsius
2451 2435 2608 2490 nobis
2656 2437 2948 2503 revelaret;
2994 2454 3113 2493 nam
3143 2441 3301 2495 etiam
3330 2439 3576 2496 Clll’iSlUS

1996 2539 2119 2577 cum
2154 2525 2507 2580 Chananmam
2558 2528 2934 2599 interrogavit,
2991 2547 3097 2585 non
3156 2533 3205 2586 id
3254 2531 3379 2588 fecit
3407 2543 3462 2587 ut
3491 2533 3571 2589 di-

1998 2625 2193 2676 sceret,
2242 2616 2336 2671 sed
2363 2626 2418 2671 ut
2447 2616 2567 2672 fidei
2602 2620 2910 2674 thesaurum
2942 2624 2992 2675 in
3027 2624 3136 2692 ipsa
3165 2626 3454 2694 repositum
3480 2643 3577 2679 nos

1997 2705 2213 2761 doceret
2265 2723 2279 2760 :
2328 2707 2619 2780 interrogat
2682 2710 2840 2781 igitur
2897 2713 3044 2766 illum
3088 2730 3183 2768 cur
3223 2722 3425 2768 tantum
3478 2715 3578 2770 iter

1995 2798 2322 2866 su~ceperit,
2372 2814 2435 2853 ac
2478 2800 2674 2854 relictis
2713 2803 2932 2856 urbibus
2960 2814 3011 2858 ct
3057 2805 3264 2874 populis
3307 2805 3574 2860 desertum

1998 2889 2279 2959 delegerit,
2327 2906 2430 2943 non
2475 2902 2531 2944 ιιι
2563 2893 2674 2960 ipse
2715 2893 2945 2948 disceret
2975 2913 2987 2947 :
3017 2897 3284 2965 quomodo
3312 2899 3451 2952 enim
3488 2901 3576 2969 qui

1997 2980 2176 3033 omnia
2221 2979 2459 3033 sciebat?
2508 2981 2602 3036 sed
2645 2993 2700 3037 nt
2733 3000 2829 3037 nos
2873 2985 3090 3040 doceret
3136 3003 3230 3056 per
3275 2991 3582 3058 responsio-

1999 3087 2119 3126 nem
2150 3071 2265 3140 ejus
2291 3083 2496 3128 secreta
2526 3075 2719 3129 mentis
2749 3077 2933 3144 ipsius,
2963 3088 3016 3131 et
3043 3078 3184 3147 quod
3209 3081 3322 3148 ipse
3355 3091 3410 3134 ut
3451 3097 3576 3151 per-

2001 3161 2314 3216 terrefactus
2367 3164 2417 3216 in
2470 3163 2813 3219 formidinem
2863 3167 3156 3232 incideret;
3215 3169 3575 3239 permisisset,

1999 3265 2103 3305 non
2135 3251 2461 3320 impulisset;
2511 3255 2884 3319 concessisset,
2933 3272 3102 3326 neque
3150 3268 3400 3326 Oper-atus
3448 3260 3577 3313 fuis-

1996 3352 2099 3411 set,
2134 3343 2228 3398 sed
2261 3344 2510 3400 nudasset
2541 3347 2688 3400 illum
2718 3349 2883 3417 gratia
2918 3357 3119 3402 tantum
3151 3390 3167 3415 ,
3197 3361 3248 3405 et
3281 3351 3370 3404 ille
3401 3351 3572 3406 victus

1997 3446 2142 3492 esset
2171 3456 2184 3490 :
2215 3454 2335 3492 cum
2378 3455 2509 3509 ergo
2553 3439 2808 3505 dixisset,
2846 3441 2981 3508 Quid
3012 3441 3098 3495 tibi
3126 3443 3206 3496 hic
3230 3485 3246 3509 ,
3280 3440 3435 3496 Elia?
3473 3460 3574 3496 au-

1997 3529 2210 3584 diamus
2246 3530 2371 3600 quid
2417 3531 2504 3584 ille
2545 3530 2781 3585 dixerit:
2838 3531 3034 3585 Alturia
3077 3541 3164 3586 tua
3202 3534 3500 3598 diruerant,
3533 3543 3581 3587 et

1999 3621 2269 3689 prapltetas
2302 3631 2412 3674 tuos
2441 3620 2772 3684 occiderunt;
2801 3631 2845 3674 et
2875 3638 2966 3693 ego
2992 3623 3194 3676 relictus
3222 3639 3334 3677 sunt
3362 3623 3499 3677 solus
3526 3634 3575 3676 et

1997 3720 2226 3781 qutt'rnnt
2253 3713 2474 3765 animam
2505 3731 2664 3766 meum
2698 3714 2771 3784 (ὅ.
2808 3711 2912 3783 ll‘eg
2967 3713 3050 3767 i9.
3079 3712 3189 3783 Η).
3223 3711 3408 3768 Viden'
3427 3713 3570 3783 quod

1997 3819 2184 3857 omnes
2227 3803 2452 3872 periisse
2491 3815 2734 3871 putaret,
2777 3816 2830 3858 et
2859 3819 2917 3858 sc
2959 3805 3131 3858 solum
3161 3819 3442 3872 superesse
3467 3847 3480 3869 ,
3509 3822 3577 3861 ac

1999 3904 2117 3963 post
2158 3893 2304 3947 illntu
2359 3895 2557 3948 nullunt
2590 3910 2710 3950 esse
2754 3896 2956 3948 alium?
3007 3895 3146 3964 quod
3193 3895 3342 3949 illum
3384 3897 3436 3950 itt
3486 3912 3574 3950 ar-

1999 3986 2290 4055 rogantiam
2350 3984 2618 4041 deducere
2673 3987 2922 4055 paulatim
2995 3995 3220 4056 poterat.
3343 3983 3576 4056 Ideoque

2002 4077 2158 4139 Deus,
2192 4087 2247 4131 ut
2275 4076 2409 4130 hanc
2443 4076 2626 4130 falsam
2654 4077 2771 4146 ejus
2796 4076 3104 4146 opinio;.em
3133 4085 3432 4141 amoveret,
3460 4077 3533 4130 ait
3559 4094 3573 4130 :

2000 4169 2200 4238 Reliqui
2227 4171 2348 4223 mihi
2379 4180 2562 4238 septem
2589 4171 2746 4223 millia
2771 4171 3113 4239 virorum,qui
3137 4188 3266 4242 genu
3287 4187 3388 4225 non
3413 4171 3573 4242 ﬂexe-

1997 4271 2113 4315 runt
2156 4272 2270 4315 ante
2297 4260 2429 4314 Bonl
2459 4259 2621 4326 (Ibid.
2657 4277 2702 4315 υ.
2751 4260 2858 4330 18).
2903 4262 3163 4326 Quoniam
3212 4262 3372 4331 igitur
3412 4263 3573 4316 etiam

1997 4353 2208 4422 quando
2258 4352 2551 4405 siccitatem
2609 4351 2936 4414 induxerat,
2988 4350 3103 4420 ipse
3161 4353 3468 4419 pt-rstitcrat
3521 4361 3572 4405 ut

1998 4444 2275 4512 castigatio
2317 4443 2403 4497 illa
2435 4454 2754 4513 auge:ctur,
2789 4454 2843 4498 et
2875 4454 3053 4513 postea
3095 4441 3163 4496 de
3192 4443 3370 4512 seipse
3409 4444 3573 4496 altum

1997 4536 2268 4607 sapiebat,
2323 4551 2386 4590 ac
2426 4537 2470 4590 si
2516 4539 2663 4591 solus
2703 4548 2842 4591 esset
2883 4536 2934 4590 in
2987 4545 3127 4590 terra
3176 4537 3304 4590 tanti
3349 4537 3522 4591 meriti
3560 4559 3573 4592 :

1999 4629 2238 4702 permisit
2268 4629 2404 4684 Deus
2444 4637 2500 4683 ιιι
2528 4629 2848 4684 inﬁrmitatis
2886 4645 2994 4684 suzc
3026 4645 3241 4685 sensum
3269 4639 3323 4684 et
3358 4632 3572 4700 experi-

1999 4731 2233 4778 mentum
2277 4732 2527 4793 caperet,
2559 4722 2757 4776 docens
2808 4732 2938 4792 quot
2982 4736 3163 4778 essent
3209 4722 3296 4792 qui
3345 4723 3572 4776 salutem

1994 4827 2467 4886 consequerentur,
2487 4832 2578 4886 per
2608 4815 2722 4870 inec
2749 4817 2907 4869 ambo
2951 4816 3066 4885 ejus
3112 4816 3346 4870 animum
3395 4815 3566 4885 depri-

1997 4923 2166 4972 mens,
2195 4909 2530 4976 suadensque
2576 4917 2629 4960 ut
2663 4908 2856 4976 ultique
2906 4907 3144 4961 modeste
3184 4916 3403 4978 ageret,
3426 4919 3480 4962 et
3505 4908 3572 4962 ad

1996 4998 2373 5068 ignoscendum
2405 4998 2610 5051 caeteris
2639 5015 2836 5067 (mnus
2863 5007 3029 5063 esset,
3061 5013 3124 5052 ac
3155 4999 3271 5051 zelo
3297 5012 3396 5052 suo
3425 4997 3575 5053 beni-

1994 5092 2251 5160 gnitatem
2283 5090 2622 5143 adtttiscet'et.

2065 5182 2118 5238 5.
2148 5180 2294 5235 Petri
2335 5182 2532 5250 lapsus.
2560 5209 2632 5220 —
2655 5180 2808 5248 Quod
2837 5181 2879 5234 si
2903 5179 3136 5236 volueris
3158 5179 3348 5236 eadem
3376 5181 3489 5250 ipsa
3517 5181 3572 5237 itt

1990 5270 2140 5328 Novo
2177 5272 2528 5328 Testamento
2571 5269 2781 5337 videre,
2831 5285 3042 5325 rursum
3070 5269 3166 5324 tibi
3209 5270 3526 5342 corypltaeos
3553 5313 3571 5338 ,

1992 5375 2186 5430 turres,
2219 5373 2657 5435 propugnatores,
2693 5373 2749 5419 et
2772 5363 3040 5433 principes
3065 5364 3155 5432 qui
3197 5362 3282 5418 hic
3311 5362 3568 5429 ﬂoruere,

1992 5457 2044 5509 itt
2090 5455 2320 5509 medium
2369 5454 2634 5510 adducere
2688 5453 3020 5508 conabimur.
3064 5454 3214 5508 Sicut
3255 5453 3472 5525 Moysen
3515 5462 3571 5508 et

1993 5546 2163 5602 Eliam
2190 5545 2538 5610 ostendimus,
2570 5547 2648 5601 sic
2678 5546 2872 5600 Paulus
2909 5555 2966 5600 et
2991 5545 3179 5601 Petrus
3205 5545 3258 5599 iit
3288 5543 3437 5599 Novo
3461 5544 3570 5600 Te-

1989 5647 2252 5694 stamento
2267 5647 2647 5694 monstrantur.
2663 5638 3122 5706 Quemadmodum
3135 5638 3278 5693 enim
3296 5635 3566 5701 illiambo,

1991 5733 2124 5790 alius
2153 5731 2380 5802 {Egyptii
2429 5734 2605 5800 unius,
2657 5732 2796 5789 alius
2841 5734 3140 5790 meretricis
3189 5731 3347 5789 tutius
3396 5733 3572 5790 minas
