4054 6190
497 236 612 295 uti?

508 348 858 405 fonnidantcs
908 347 961 400 in
992 342 1167 412 fugam
1195 339 1333 393 versi
1363 346 1485 391 sunt
1516 354 1529 388 :
1556 334 1633 388 sic
1659 340 1717 388 et
1745 332 1933 389 Petrus
1951 370 1966 392 ,
1994 327 2083 382 ful-

509 456 658 495 trum
708 436 857 503 illud,
908 433 1313 490 fundamentum
1360 437 1412 482 et
1454 426 1725 487 columna,
1775 429 1895 490 post
1942 419 2084 473 mille

508 532 938 602 praedicationes,
970 534 1089 597 post
1112 533 1189 579 tot
1215 521 1499 583 mirabilia,
1535 525 1655 586 post
1681 524 1879 571 tantam
1920 510 2086 581 philo-

511 600 775 692 sophiam,
799 634 904 675 non
934 617 1155 687 reginae,
1175 627 1347 682 neque
1377 610 1497 673 viri,
1524 607 1618 663 sed
1635 604 1866 661 ostiaria!
1893 600 2087 673 puella:

512 716 682 770 minas
712 710 885 768 timuit
910 718 1163 776 :eratque
1186 703 1311 759 illud
1354 699 1621 772 prioribus
1666 698 1823 765 longe
1847 692 2081 764 gravius.

517 806 597 861 Illi
638 817 865 871 namque
914 800 1165 854 timentes
1214 803 1417 849 tantum
1461 791 1748 859 fugerunt;
1782 786 1868 841 hic
1909 793 2085 841 autem

509 897 828 969 gravissimo
877 893 1028 963 lapsu
1069 887 1264 944 cecidit
1290 885 1482 959 (Jaan.
1515 882 1603 937 18.
1638 879 1748 952 17).
1795 888 1850 936 ut
1900 889 2089 941 omnes

510 990 719 1047 sciant:
754 995 1029 1055 postquam
1054 982 1197 1035 enim
1228 979 1395 1047 gratia
1424 976 1650 1028 nudatus
1677 981 1779 1035 est,
1807 970 2090 1025 inﬁrmitas

512 1082 627 1148 ejus
656 1075 897 1146 apparuit
921 1074 1201 1127 deserente
1218 1086 1337 1124 eum
1363 1068 1450 1122 Dei
1470 1082 1617 1120 cura.
1644 1061 1890 1119 Permisit
1909 1071 2088 1116 autrnt

518 1174 655 1225 Deus
686 1178 741 1223 ut
768 1166 1005 1228 caderet,
1032 1163 1154 1234 quia
1178 1161 1339 1227 etiam
1358 1159 1515 1216 illum
1540 1157 1699 1211 totius
1723 1154 1869 1209 orbis
1896 1151 2093 1222 princi-

508 1277 632 1331 pem
647 1263 1033 1315 constituturus
1049 1262 1165 1310 erat
1179 1270 1194 1317 ;
1215 1264 1271 1309 ut
1286 1266 1506 1308 suorum
1520 1263 1728 1303 memor
1746 1246 2087 1305 delictorum,

514 1357 578 1409 iis
608 1354 695 1423 qui
724 1352 980 1420 deinceps
998 1346 1377 1418 supplantaudi
1406 1344 1581 1400 forent
1620 1355 1817 1411 pronus
1844 1348 1987 1394 esset
2023 1337 2087 1390 ad

513 1445 720 1499 veniam
747 1440 1169 1497 concedendum.
1185 1436 1339 1507 Quod
1357 1446 1533 1490 autem
1562 1434 1678 1489 haec
1698 1447 1803 1489 non
1824 1447 1889 1485 ex
1919 1428 2091 1498 conje-

508 1548 662 1592 ctura
683 1536 880 1601 dicam,
905 1532 1031 1588 audi
1053 1533 1225 1602 ipsum
1252 1528 1527 1585 Christum
1548 1526 1810 1580 dicentem
1842 1521 2088 1583 :‘Simon,

515 1630 717 1692 Simon,
748 1628 941 1693 quoties
985 1624 1191 1694 expetiit
1219 1632 1266 1676 te
1292 1632 1517 1684 satanas,
1571 1628 1625 1672 ut
1666 1617 1917 1671 cribrarct
1963 1623 2094 1667 taut-

507 1736 664 1790 quom
696 1720 917 1773 triticum
946 1732 964 1770 :
991 1725 1039 1770 et
1084 1730 1176 1785 ego
1204 1730 1300 1781 pro
1345 1720 1393 1765 te
1440 1709 1614 1780 rogari
1642 1717 1698 1761 ut
1744 1722 1846 1760 non
1889 1704 2094 1772 deficiat

516 1809 643 1876 fides
673 1820 779 1863 tua.
806 1806 872 1860 Et
902 1817 955 1859 tu
990 1805 1266 1874 aliquando
1303 1815 1573 1855 conuersus
1616 1797 1861 1865 conﬁrma
1908 1798 2092 1863 fratres

514 1910 625 1954 tuos
653 1897 803 1969 (an.
830 1896 922 1952 22.
955 1897 1069 1963 51).
1097 1894 1244 1949 Hane
1266 1892 1417 1953 mihi,
1449 1889 1638 1959 iuqui:,
1664 1885 1845 1941 auxilii
1871 1884 2092 1953 prmstiti

513 1991 580 2045 da
603 1989 1014 2045 retributionem
1042 2005 1054 2039 :
1087 1984 1188 2040 nisi
1208 1983 1357 2039 enim
1387 1996 1503 2034 mea
1531 1979 1744 2047 adjutus
1767 1977 1956 2030 fuisses
1981 1989 2098 2042 pro-

519 2082 772 2145 videntia,
807 2079 949 2133 illius
979 2075 1337 2131 incursionem
1367 2087 1462 2142 per
1494 2083 1544 2125 te
1586 2068 1730 2124 ferre
1756 2084 1860 2122 non
1887 2065 2096 2135 potuis-

513 2192 621 2228 ses.
652 2175 761 2228 Tua
812 2187 943 2242 ergo
972 2171 1234 2241 cogitans,
1281 2168 1400 2221 aliis
1447 2167 1607 2220 etiam
1638 2162 2084 2232 esto-propitius:

517 2265 645 2320 illud
672 2264 839 2328 enim,
868 2262 1136 2329 conﬁrma,
1172 2259 1274 2311 hoc
1300 2254 1691 2310 subindicautis
1719 2263 1801 2308 est
1833 2270 1846 2305 :
1886 2265 1979 2305 eos
2005 2249 2096 2319 qui

521 2357 771 2411 vacillant
795 2352 1078 2416 conﬁrma,
1105 2351 1211 2404 illis
1242 2359 1292 2403 te
1319 2357 1704 2414 attemperans,
1735 2358 1952 2398 manum
1985 2357 2098 2411 por-

516 2447 715 2517 rigens,
746 2443 1132 2496 hmnauitatem
1179 2438 1446 2493 exhibens
1479 2436 1717 2490 multam.
1752 2435 1815 2486 Iit
1853 2433 2049 2487 Paulus
2079 2472 2096 2498 ,

520 2538 675 2590 leone
720 2533 908 2601 quovis
954 2530 1229 2592 audacior,
1277 2526 1668 2594 inmerterrittts
1711 2524 1798 2577 ille
1844 2524 2096 2587 animus,

519 2627 746 2692 tdipsom
774 2636 963 2691 passus
991 2630 1092 2674 est.
1127 2618 1190 2674 Et
1221 2618 1339 2672 \ide
1377 2615 1646 2687 quomodo
1675 2630 1889 2684 semper
1912 2624 2098 2667 osten-

518 2717 607 2768 dat
635 2730 693 2769 se
723 2712 1036 2765 humilitatis
1065 2710 1352 2778 pharmace
1377 2723 1513 2777 opus
1540 2708 1735 2761 habere
1766 2706 2101 2761 :’Corinthiis

520 2819 749 2872 namque
779 2802 1020 2856 scribens
1043 2800 1145 2854 ait:
1165 2798 1302 2852 Nolo
1317 2808 1485 2852 autem
1513 2814 1596 2851 vos
1624 2799 1876 2867 ignorare,
1894 2802 2096 2866 fratres,

522 2897 585 2947 de
614 2892 936 2946 tribulatione
960 2900 1152 2955 nostra,
1181 2905 1292 2959 qua:
1317 2889 1455 2957 facta
1475 2898 1546 2941 est
1571 2886 1780 2940 nobisin
1810 2887 1950 2958 Asia,
1978 2904 2103 2957 quo-

520 2989 656 3039 niam
684 3000 842 3054 supra
868 2982 1073 3035 modum
1102 2980 1297 3051 gravati
1325 2994 1496 3033 sumus
1526 2994 1683 3047 supra
1713 2978 1940 3030 virtutem
1970 2990 1990 3029 .°
2016 2978 2102 3030 sed

521 3077 624 3147 ipsi
652 3077 704 3129 in
744 3073 1116 3143 nobismetipsis
1163 3087 1461 3138 responsum
1512 3070 1686 3124 mortis
1734 3069 2021 3132 habuimus,
2053 3079 2105 3123 ut

522 3185 625 3221 non
653 3166 810 3221 simus
851 3165 1063 3233 ﬁdentes
1102 3164 1153 3217 in
1203 3162 1364 3225 nobis,
1406 3161 1495 3214 sed
1525 3161 1577 3214 in
1622 3159 1727 3213 Deo
1769 3161 1857 3224 qui
1898 3161 2105 3213 suscitat

524 3270 769 3322 mortuos,
800 3256 888 3326 qui
914 3257 975 3308 de
993 3255 1148 3308 tantis
1168 3253 1404 3323 periculis
1430 3269 1519 3306 nos
1546 3253 1748 3322 eripuit.
1775 3252 2106 3320 Sperat-imus

518 3361 693 3403 autem
720 3349 854 3417 quod
882 3364 971 3401 nos
1002 3347 1175 3416 eripiet
1208 3345 1262 3414 (εὶ
1310 3343 1428 3398 Cor.
1462 3345 1511 3398 I.
1546 3345 1580 3398 8
1616 3345 1727 3414 11).
1779 3345 2108 3412 υθειωηιιιίι-

529 3457 665 3503 lttllS,
687 3440 886 3508 inquit,
908 3453 1080 3507 neque
1109 3435 1547 3505 exspectabamus
1577 3450 1674 3488 nos
1695 3434 1875 3489 vivere
1905 3450 2063 3504 posse
2091 3452 2105 3498 ;

523 3533 620 3585 διιιι
652 3534 943 3584 inor-ituros
974 3542 1071 3581 nos
1110 3543 1231 3580 esse
1261 3526 1615 3594 putabamus:
1651 3525 1751 3580 hoc
1778 3525 2112 3596 cuitu-signi-

531 3626 656 3677 ticat
711 3621 876 3685 illud,
931 3618 1042 3690 Ipsi
1088 3618 1138 3671 in
1180 3617 1546 3678 nobismetipsis
1594 3633 1889 3687 responsura
1938 3618 2111 3673 mortis

530 3713 797 3766 habuimus
826 3726 847 3766 :
881 3711 981 3763 hoc
1030 3725 1115 3764 res
1162 3709 1290 3777 ἱυςω
1346 3708 1501 3763 nobis
1546 3707 1964 3778 respondebant,
2014 3724 2113 3765 nos

527 3804 752 3856 ooioino
779 3800 1043 3869 perituras
1070 3816 1207 3854 esse.
1238 3789 1640 3853 Cur'concessit
1666 3797 1826 3866 Deus,
1856 3811 1914 3853 ut
1937 3799 2002 3855 ad
2037 3809 2115 3855 tot

529 3903 787 3961 tatuaque
812 3892 1042 3960 pericula
1072 3889 1418 3944 veniremus?
1475 3885 1549 3942 Ut
1600 3900 1670 3940 ue
1727 3888 1954 3945 ﬁ-leutes
2027 3904 2115 3945 es-

531 4000 717 4037 semus
756 3984 806 4036 iu
835 3983 1009 4048 nobis,
1036 3981 1130 4036 sed
1161 3983 1213 4035 in
1243 3980 1352 4034 Deo
1381 3980 1471 4048 qui
1502 3980 1726 4035 suscitat
1751 3989 2029 4035 mortuos:
2061 3980 2115 4036 id

530 4084 636 4137 est,
668 4082 723 4125 ut
769 4087 872 4126 non
919 4073 1086 4124 altum
1130 4082 1439 4139 saperemus
1458 4110 1474 4133 ,
1504 4084 1609 4122 non
1637 4070 2021 4123 extolleremur
2047 4070 2117 4126 de

533 4162 692 4216 bonis
722 4162 995 4230 operibus.
1029 4159 1182 4229 Quod
1228 4159 1453 4213 subinde
1504 4159 1699 4213 clarius
1728 4159 1892 4224 dicit,
1918 4159 2114 4215 iterum

537 4256 610 4308 ita
654 4254 916 4308 scribens.
964 4254 1248 4322 Postquam
1285 4252 1426 4306 enim
1471 4250 1684 4305 dixerat
1723 4267 1783 4305 se
1828 4255 1881 4305 in
1921 4251 2113 4307 ca-Ium

534 4357 746 4415 πνυκὶ»
772 4356 824 4401 et
863 4346 913 4399 in
947 4345 1249 4415 paradi.~um
1291 4343 1587 4411 ingressum
1622 4339 1805 4402 fuisse.
1837 4351 1998 4411 atque
2024 4359 2116 4397 ar-

532 4455 669 4492 cana
697 4440 779 4492 illa
804 4437 962 4492 verba
986 4435 1275 4497 audivisse,
1302 4433 1575 4502 subjunxit
1606 4450 1618 4484 :
1653 4432 1715 4487 Et
1736 4450 1798 4487 ne
1823 4434 2118 4504 magnitudo

536 4530 902 4584 rcticlatiunum
927 4526 1135 4581 extollat
1158 4542 1253 4589 me,
1279 4525 1428 4578 datus
1454 4534 1528 4578 est
1548 4524 1672 4576 nti/ti
1699 4526 1930 4578 stimulus
1949 4527 2113 4592 carui,

534 4621 747 4691 angelus
794 4630 1005 4682 satanw,
1054 4625 1108 4669 ut
1158 4632 1236 4669 me
1274 4613 1553 4682 caluphizet
1599 4613 1678 4684 (2.
1724 4613 1844 4668 Cor.
1890 4614 1978 4668 I2.
2011 4616 2065 4685 7)
2101 4632 2116 4670 :

538 4716 627 4766 hic
677 4709 979 4766 subiudieat
1019 4709 1142 4762 illos
1166 4708 1255 4774 qui
1285 4722 1344 4760 se
1373 4707 1657 4769 vexabant,
1683 4705 1772 4774 qui
1801 4706 1902 4760 sibi
1953 4706 2123 4762 mole-

542 4804 697 4855 stium
722 4800 1021 4872 pariebant,
1044 4808 1098 4852 et
1121 4814 1180 4852 se
1210 4798 1261 4851 iu
1288 4811 1556 4851 carcerem
1587 4795 1941 4866 eoitjiciebant
1971 4815 1984 4851 :
2017 4797 2122 4851 siu-

539 4893 693 4959 gulos
713 4892 854 4945 enim
880 4891 1090 4945 illorum
1122 4900 1359 4943 satanam
1381 4897 1551 4941 vocat.
1578 4888 1907 4941 Permissqu
1939 4898 2117 4943 autem

546 4984 662 5043 fuit,
694 4982 879 5051 inquit.
915 4991 970 5034 ut
1014 4981 1334 5034 mutationes
1362 4980 1702 5034 sustinerem.
1735 4995 1791 5031 nt
1816 4980 2119 5043 arrogantia

554 5066 1732 5082 .—.—__————_—_—————-—_

1739 5067 2013 5079 ———-—

1210 228 1266 282 8.
1305 223 1580 283 ΙΟΛΝΝΙΞ
1615 215 2081 275 (3111ὶῖ505Το111
2120 210 2430 267 ARCIIIEP.
2471 202 3002 264 CONSTANTlNOP.

3662 199 3765 257 6'68

2194 338 2311 376 mea
2361 321 2766 390 reprimeretur,
2816 327 2868 371 et
2920 328 2971 370 ut
3007 315 3248 370 modeste
3289 328 3448 383 agere
3478 312 3762 370 discerem.

2190 413 2421 482 Ideoque
2442 426 2566 465 cum
2598 410 2764 464 Deum
2811 422 3105 477 rogassem,
3132 406 3183 461 id
3220 404 3362 476 quod
3388 404 3633 475 petebam
3661 418 3765 467 non

2193 506 2508 576 impetravi;
2554 502 2649 558 sed
2680 502 2886 557 insidiis
2927 500 3205 570 expositus
3235 505 3500 568 perpetuo
3544 497 3717 551 mansi
3748 538 3764 562 ,

2190 611 2459 655 arumnas
2489 595 2693 649 habens
2717 593 2770 648 in
2815 592 3160 661 pbarmacum
3189 589 3520 644 humilitatis.
3552 588 3631 641 Ac
3662 586 3766 640 vita

2192 703 2353 758 quam
2399 687 2600 757 pridem
2658 695 2713 740 et
2756 693 2883 738 ante
2926 682 3331 739 conversionem
3370 679 3616 744 duxerat,
3640 679 3767 732 satis

2181 779 2398 836 eratad
2445 779 2595 833 illum
2625 775 2692 830 ad
2719 790 2908 830 sanam
2938 782 3171 828 tuentem
3216 770 3604 826 reducendum.
3635 767 3767 825 Nam

2192 872 2282 941 qui
2311 869 2379 926 ad
2412 869 2575 940 pedes
2600 864 2905 923 Gamaliclis
2935 863 3166 925 sederat,
3192 858 3285 930 qui
3307 870 3556 916 accurate
3579 875 3769 914 secon—

2192 962 2317 1017 dum
2350 970 2618 1030 paternam
2648 956 2820 1026 legem
2863 954 3023 1008 vitam
3051 954 3275 1022 agebat.
3308 950 3397 1019 qui
3431 962 3767 1019 pazernarmn

2197 1052 2538 1106 traditiouum
2579 1046 2861 1102 tenmlator
2886 1052 3021 1108 erat,
3067 1043 3155 1110 qui
3204 1041 3491 1110 prophetas
3532 1039 3770 1108 quotidie

2193 1143 2492 1207 evolvebat,
2523 1139 2609 1209 qui
2640 1140 2690 1193 iu
2719 1139 2833 1208 lege
2859 1135 3115 1192 educatus
3140 1133 3317 1188 fuerat
3350 1150 3362 1184 :
3394 1132 3480 1186 hic
3495 1132 3769 1186 ChriStum

2196 1237 2283 1306 qui
2314 1234 2621 1296 advenerat,
2651 1242 2708 1286 et
2732 1229 2988 1287 miracula
3008 1227 3283 1297 ,patrabat,
3313 1224 3403 1295 qui
3433 1224 3555 1279 talia
3587 1223 3773 1293 loque-

2196 1330 2369 1391 batur,
2392 1325 2760 1392 et‘Seriptnra:
2789 1322 2928 1377 dicta
2962 1319 3289 1390 proponebat
3316 1326 3474 1387 atque
3506 1318 3772 1384 intrrpre-

2186 1420 2428 1482 stabatur,
2472 1433 2576 1473 non
2620 1414 2874 1480 admisit;
2919 1411 3014 1467 sed
3064 1421 3116 1466 et
3165 1420 3442 1480 postquam
3486 1408 3775 1465 cruciﬁxus

2188 1511 2464 1566 fueratet
2508 1514 2918 1567 resurrexerat,
2974 1502 3146 1571 ipsum
3197 1501 3656 1571 persequebatur,
3709 1514 3776 1553 ac

2198 1603 2343 1659 mille
2373 1596 2762 1665 manibus-ejus
2788 1593 3107 1663 discipulum
3141 1593 3157 1623 ⁸
3198 1590 3463 1662 lapidibus
3487 1589 3773 1660 impetivit,

2198 1703 2252 1748 et
2262 1700 2461 1747 contra
2482 1688 2751 1744 Eeelesias
2780 1686 2973 1740 bellum
2988 1685 3238 1757 gerebat,
3257 1694 3418 1752 atque
3434 1683 3561 1754 lupo
3584 1684 3778 1753 quovis

2199 1785 2428 1842 ferocior
2451 1792 2568 1837 erat
2588 1800 2600 1835 :
2621 1790 2674 1836 et
2694 1779 2976 1833 donec'lux
3006 1793 3237 1847 superne
3264 1777 3562 1840 reinlsit,et
3588 1793 3690 1831 vos
3708 1776 3774 1831 ad

2201 1877 2475 1931 veritatem
2499 1872 2648 1926 illum
2668 1869 2945 1925 attrahens
2960 1869 3131 1924 delata
3153 1876 3256 1932 est.
3274 1882 3341 1923 ex
3367 1884 3426 1924 se
3446 1868 3574 1938 quid
3601 1867 3778 1927 facere

2202 1974 2475 2038 oporteret
2492 1964 2637 2019 seire
2663 1978 2767 2017 non
2807 1969 3034 2031 poterat.
3065 1960 3296 2030 Ideoque
3325 1958 3779 2030 ipse-frequenter

2204 2059 2256 2113 in
2278 2055 2519 2127 epistolis
2531 2063 2689 2123 caput
2713 2051 2972 2107 inclinans
2985 2051 3099 2105 haec
3115 2063 3311 2116 versat,
3329 2049 3651 2105 erubescens
3665 2065 3780 2121 pra:

2202 2150 2407 2220 pudore
2429 2162 2615 2202 eorum
2639 2161 2757 2209 qua:
2791 2143 2992 2214 pridem
3017 2142 3248 2198 fecerat:
3270 2157 3332 2197 ac
3347 2141 3630 2197 Timotheo
3654 2144 3783 2198 seri-

2201 2242 2334 2296 bens
2363 2238 2569 2292 dicu-bat
2595 2256 2607 2291 :
2631 2234 2833 2290 Gratias
2850 2251 2946 2304 ago
2966 2234 3011 2288 ei
3029 2234 3115 2303 qui
3132 2249 3210 2286 me
3228 2234 3528 2302 confartatn't
3549 2230 3775 2295 Christo.

2201 2331 2318 2402 quia
2348 2329 2547 2398 fidelem
2579 2343 2656 2380 me
2699 2325 3021 2389 existimavit,
3053 2340 3243 2393 ponens
3272 2325 3325 2376 in
3365 2324 3662 2389 ministerio,
3693 2326 3782 2397 qui

2203 2422 2343 2493 prius
2375 2421 2694 2488 blasphemus
2714 2418 2792 2488 [ei
2820 2426 2864 2470 et
2887 2427 3218 2486 pcrscquntor
3243 2425 3289 2469 et
3331 2417 3732 2472 contumeliosus
3760 2434 3782 2472 .'

2198 2512 2290 2566 sed
2320 2509 2714 2564 misericordiam
2745 2517 3079 2577 consequutus
3107 2524 3240 2572 sum,
3266 2509 3387 2576 quia
3412 2509 3655 2580 ignorans
3684 2510 3782 2579 feci

2200 2606 2255 2657 in
2277 2602 2625 2656 incredulitate
2655 2599 2727 2669 (1.
2765 2598 2898 2653 Tim.
2930 2597 2980 2651 I.
3015 2597 3102 2653 12.
3135 2599 3241 2666 15).
3266 2598 3343 2653 Et
3358 2614 3607 2664 .rursum,
3650 2599 3784 2654 ideo

2205 2690 2601 2744 ut.'sericor.'litnn
2630 2698 2963 2758 consequutus
2982 2703 3120 2752 sum,
3154 2696 3207 2740 ut
3235 2689 3286 2741 in
3310 2705 3391 2742 me
3431 2689 3595 2757 primo
3618 2701 3791 2743 osten-

2206 2784 2342 2837 deret
2377 2780 2513 2835 Deus
2540 2796 2737 2833 omnem
2759 2779 3075 2848 patientium,
3098 2779 3165 2831 ad
3187 2780 3592 2849 informationem
3613 2797 3785 2833 eorum

2205 2878 2291 2946 qui
2314 2875 2549 2929 credituri
2574 2883 2690 2927 sunt
2715 2871 2792 2926 illi
2806 2872 2856 2925 in
2878 2873 3030 2925 vitam
3056 2881 3295 2925 a’ternatn
3317 2872 3391 2939 (I.
3420 2870 3552 2925 Tim.
3589 2875 3639 2928 1.
3671 2873 3783 2941 16).

2210 2967 2278 3022 Ει
2307 2964 2597 3020 Corinthiis
2627 2964 2865 3018 scribens
2894 2961 3106 3016 dicebat
3135 2980 3148 3015 :
3184 2961 3284 3027 Qui
3323 2979 3425 3016 non
3467 2980 3578 3016 sum
3603 2963 3785 3034 dignus

2209 3058 2377 3113 vocari
2424 3056 2703 3126 apostolus,
2749 3056 2867 3123 quia
2900 3064 3225 3123 persequutus
3249 3071 3359 3109 sum
3403 3054 3680 3110 Ecclesium
3708 3057 3782 3125 (1.

2212 3147 2329 3200 Cor.
2372 3147 2458 3200 15.
2491 3144 2569 3215 9).
2902 3204 2903 3207 η

2283 3239 2336 3295 6.
2390 3236 2631 3291 Ecclesite
2672 3236 2900 3308 prwfecti
2926 3236 2992 3289 ad
3021 3236 3217 3291 ucniam
3236 3238 3615 3292 concedendam
3640 3241 3787 3309 proni

2213 3334 2311 3385 sint
2337 3341 2551 3401 Oportet.
2578 3359 2650 3369 —
2681 3330 2802 3383 llzee
2844 3339 3024 3384 autem
3069 3332 3248 3385 omnia
3302 3332 3531 3398 liebant,
3562 3332 3789 3401 illosque

2218 3423 2358 3475 haus
2376 3420 2656 3476 deserebat
2672 3420 2837 3489 gratia
2860 3434 2954 3473 sua
2986 3421 3227 3485 nudatos,
3251 3430 3310 3476 ut
3340 3432 3617 3493 postquam
3638 3424 3791 3477 iniit--

2216 3512 2451 3565 mitatem
2506 3525 2654 3565 suam
2702 3510 3026 3577 didicerant,
3051 3521 3107 3566 et
3134 3512 3404 3581 quomodo
3445 3512 3579 3567 nihil
3623 3513 3793 3582 pHSsil

2218 3601 2378 3655 ln-mo
2401 3603 2515 3656 sine
2540 3616 2770 3670 superna
2793 3615 2926 3669 ope,
2960 3616 3080 3656 cmn
3109 3602 3176 3657 ad
3203 3602 3511 3671 j‘tdicialem
3539 3602 3792 3658 thronum

2215 3690 2587 3756 ascenderem,
2616 3701 2671 3746 et
2700 3692 2929 3760 praefecti
2951 3703 3005 3746 et
3026 3693 3289 3763 principes
3321 3696 3793 3754 constituerentur.

2219 3782 2436 3837 multam
2466 3780 2845 3836 humanitatem
2864 3791 2918 3836 et
2939 3785 3433 3854 attemperationem
3450 3785 3792 3850 exhiberem,

2219 3885 2378 3945 atque
2405 3874 2469 3928 ad
2502 3874 2709 3929 veniam
2740 3874 2964 3929 subditis
2991 3877 3384 3933 concedendam
3417 3880 3565 3948 proni
3596 3891 3795 3936 essent.

2222 3965 2451 4038 Ideoque
2475 3966 2678 4022 Calatis
2707 3968 2948 4021 scribens
2972 3967 3184 4023 diccbat
3216 3986 3228 4022 :
3264 3967 3493 4032 Fratres,
3525 3972 3568 4024 si
3599 3988 3797 4038 ρωπος-

2219 4068 2435 4128 cupatus
2465 4058 2613 4129 fuerit
2639 4057 2787 4111 homo
2809 4060 2862 4111 in
2885 4059 3054 4127 aliqua
3076 4060 3382 4127 delicto,vos
3402 4062 3488 4123 qui
3510 4063 3801 4130 spirituales

2221 4151 2359 4216 estis,
2390 4151 2620 4204 instruite
2651 4151 2963 4220 huiusmodi,
2994 4152 3320 4208 considerans
3345 4154 3557 4224 teipsnm
3585 4172 3647 4209 ne
3675 4165 3721 4209 ct
3747 4166 3802 4207 tu

2223 4240 2423 4293 tcttteris
2450 4237 2591 4308 (Gal.
2623 4239 2675 4294 6.
2712 4242 2788 4303 1),
2824 4238 2947 4296 Haec
2969 4242 3145 4310 itaque
3171 4243 3422 4308 scientes,
3444 4253 3723 4313 protervos
3739 4255 3805 4298 ω

2221 4346 2558 4387 conzumaces
2609 4331 2955 4395 attrahamus.
2992 4343 3046 4387 et
3085 4332 3151 4386 ad
3199 4335 3405 4389 veniam
3456 4338 3806 4404 peccantibus

2223 4424 2617 4479 concedendam
2653 4423 2801 4492 proni
2827 4424 3020 4489 simus,
3045 4425 3371 4496 multamque
3415 4426 3802 4498 benignitatem

2223 4514 2573 4569 exhibeamus
2600 4529 2721 4568 eum
2765 4513 2960 4568 divinis
2983 4515 3186 4586 legibus
3220 4535 3234 4571 :
3265 4527 3320 4571 ut
3344 4528 3399 4572 et
3438 4518 3541 4587 ipsi
3580 4521 3804 4575 multam

2225 4615 2563 4676 peccatorum
2592 4606 2799 4659 veniam
2826 4622 3238 4679 consequamur,
3258 4611 3424 4680 gratia
3462 4622 3517 4669 et
3556 4613 3807 4684 benigni-

2228 4707 2334 4752 tate
2358 4697 2566 4751 Domini
2595 4700 2760 4752 nostri
2787 4697 2912 4753 .iesn
2930 4699 3150 4767 Christi,
3173 4718 3266 4770 per
3295 4719 3452 4772 quem
3481 4714 3534 4759 et
3560 4720 3682 4759 eum
3702 4721 3811 4776 quo

2228 4787 2370 4843 Patri
2399 4787 2562 4857 gloria
2586 4828 2603 4847 .
2649 4804 2750 4841 una
2775 4804 2903 4843 cum
2932 4786 3131 4858 Spiritu
3173 4802 3387 4859 sancto,
3418 4798 3558 4849 nunc
3584 4804 3642 4850 ct
3669 4812 3808 4851 scm-

2227 4892 2345 4947 pcr,
2373 4887 2427 4931 et
2453 4876 2504 4930 in
2535 4878 2728 4932 sa‘enla
2756 4873 3090 4934 seculorum.
3121 4884 3312 4938 Amen.

2294 4991 2309 5022 ⁸
2346 4989 2665 5050 Stephanum.

3427 5080 3801 5093 ——_

1960 5102 2304 5165 HOMILIA
2348 5104 2428 5164 ll.

543 5206 671 5263 Cum
702 5203 1013 5268 Imperatrix
1039 5205 1202 5257 media
1232 5213 1377 5257 nocte
1398 5203 1452 5254 in
1480 5218 1717 5272 magnam
1744 5202 2010 5256 ecclesiam
2035 5218 2122 5256 ue-

620 5300 804 5357 nisset,
846 5295 1057 5361 indeque
1101 5294 1338 5363 reliquias
1378 5302 1653 5362 martyrum
1684 5291 1914 5358 tulisset,
1948 5308 2124 5361 prose—

619 5398 833 5456 cutaquc
878 5394 1001 5439 esset
1045 5401 1131 5452 per
1179 5384 1395 5436 medium
1437 5382 1607 5451 [orum
1664 5400 1819 5452 usque
1865 5383 1934 5436 ad
1990 5382 2126 5452 Dry-

616 5479 759 5547 piam
803 5477 905 5545 (ιι),
946 5491 1062 5527 cum
1102 5474 1401 5543 martyrium
1446 5473 1508 5527 ab
1557 5473 1676 5526 urbe
1704 5474 1920 5528 distaret
1951 5490 2124 5527 novem

611 5587 687 5647 (α)
710 5584 990 5649 lat-tyriqu
1012 5584 1136 5633 illud
1168 5584 1218 5633 in
1253 5582 1432 5645 Drypia
1462 5593 1570 5635 erat
1608 5584 1815 5636 ecclesia
1849 5585 1902 5636 S.
1928 5585 2129 5637 Thema:

548 5669 749 5730 apostoli
772 5676 825 5719 et
846 5668 1086 5730 martyris.
1111 5676 1165 5717 ut
1188 5667 1309 5715 infra
1330 5667 1519 5715 chitnr.

2308 5204 2466 5273 signis
2505 5221 2592 5259 seu
2638 5205 2943 5260 milliaribus
2964 5222 2986 5260 :
3012 5208 3151 5262 dicta
3175 5219 3248 5264 est
3275 5209 3486 5265 [seruilia
3525 5212 3579 5267 in
3620 5224 3809 5283 marty-

2306 5296 2381 5346 rio
2399 5336 2411 5357 ,
2436 5295 2552 5364 ipsa
2580 5308 2823 5361 prasente
2846 5314 2963 5351 cum
2991 5309 3095 5353 tota
3124 5301 3323 5356 ciuitate
3341 5312 3387 5356 et
3412 5305 3809 5375 ntagistratibns.

2308 5386 2357 5438 I.
2379 5384 2512 5451 Quid
2529 5386 2703 5441 dicam
2722 5387 2744 5441 ἵ
2760 5387 2884 5458 quid
2905 5389 3129 5459 loquar?
3147 5393 3356 5447 essulto
3376 5402 3437 5448 et
3464 5395 3695 5458 insanio,
3718 5396 3809 5451 sed

2236 5476 2438 5531 insania
2452 5494 2572 5548 quae
2592 5480 2699 5548 ipsa
2716 5480 2971 5550 sapientia
2989 5482 3178 5536 melior
3189 5492 3269 5539 est
3287 5501 3301 5536 :
3320 5484 3678 5554 tripudiansct
3696 5486 3814 5542 eho

2232 5583 2357 5622 reas
2381 5583 2548 5639 agens
2570 5571 2811 5625 sublimis
2833 5571 2993 5640 feror,
3011 5571 3309 5643 ebriusjam
3333 5589 3397 5630 ex
3425 5575 3521 5631 hac
3546 5578 3813 5648 voluptate

2235 5662 2517 5731 spirituali.
2539 5663 2675 5730 Quid
2695 5663 2868 5719 dicam
2884 5664 2908 5718 ’ἓ
2924 5665 3047 5735 quid
3076 5664 3296 5737 loquar?
3315 5679 3679 5740 martyrunmc
3703 5684 3809 5724 vir-
