  <div class='ocr_page' id='page_1' title='image "/cluster/home/n/w/nwhite01/storage/ocr_20150623/63/hvd.32044054112164/364.png"; bbox 0 0 4054 6190; ppageno 0'>
   <div class='ocr_carea' id='block_1_1' title="bbox 391 253 495 306">
    <p class='ocr_par' dir='ltr' id='par_1_1' title="bbox 391 253 495 306">
     <span class='ocr_line' id='line_1_1' title="bbox 391 253 495 306; baseline -0.01 0"><span class='ocrx_word' id='word_1_1' title='bbox 391 253 495 306; x_wconf 67' lang='grc' dir='ltr'><strong>ως»</strong></span> 
     </span>
    </p>
   </div>
   <div class='ocr_carea' id='block_1_2' title="bbox 390 360 1969 430">
    <p class='ocr_par' dir='ltr' id='par_1_2' title="bbox 390 360 1969 430">
     <span class='ocr_line' id='line_1_2' title="bbox 390 360 1969 430; baseline 0 -17"><span class='ocrx_word' id='word_1_2' title='bbox 390 361 599 421; x_wconf 83' lang='lat' dir='ltr'><strong>tutem‘.’</strong></span> <span class='ocrx_word' id='word_1_3' title='bbox 628 377 695 415; x_wconf 92' lang='lat' dir='ltr'><strong>an</strong></span> <span class='ocrx_word' id='word_1_4' title='bbox 747 361 975 417; x_wconf 86' lang='lat' dir='ltr'><strong>civitatis</strong></span> <span class='ocrx_word' id='word_1_5' title='bbox 1004 360 1374 415; x_wconf 78' lang='lat' dir='ltr'><strong>alacritatem?</strong></span> <span class='ocrx_word' id='word_1_6' title='bbox 1398 375 1465 414; x_wconf 89' lang='lat' dir='ltr'><strong>an</strong></span> <span class='ocrx_word' id='word_1_7' title='bbox 1495 360 1848 430; x_wconf 88' lang='lat' dir='ltr'><strong>lntperatricis</strong></span> <span class='ocrx_word' id='word_1_8' title='bbox 1875 374 1969 413; x_wconf 84' lang='lat' dir='ltr'><strong>ze-</strong></span> 
     </span>
    </p>
   </div>
   <div class='ocr_carea' id='block_1_3' title="bbox 384 449 1971 525">
    <p class='ocr_par' dir='ltr' id='par_1_3' title="bbox 384 449 1971 525">
     <span class='ocr_line' id='line_1_3' title="bbox 384 449 1971 525; baseline -0.001 -18"><span class='ocrx_word' id='word_1_9' title='bbox 384 455 530 507; x_wconf 78' lang='lat' dir='ltr'><strong>iutn?</strong></span> <span class='ocrx_word' id='word_1_10' title='bbox 558 470 624 507; x_wconf 90' lang='lat' dir='ltr'><strong>an</strong></span> <span class='ocrx_word' id='word_1_11' title='bbox 650 454 947 525; x_wconf 77' lang='lat' dir='ltr'><strong>principum</strong></span> <span class='ocrx_word' id='word_1_12' title='bbox 968 452 1328 508; x_wconf 84' lang='lat' dir='ltr'><strong>concursum?</strong></span> <span class='ocrx_word' id='word_1_13' title='bbox 1351 469 1417 505; x_wconf 88' lang='lat' dir='ltr'><strong>an</strong></span> <span class='ocrx_word' id='word_1_14' title='bbox 1441 451 1638 506; x_wconf 87' lang='lat' dir='ltr'><strong>diaboli</strong></span> <span class='ocrx_word' id='word_1_15' title='bbox 1662 449 1971 505; x_wconf 81' lang='lat' dir='ltr'><strong>infantiam?</strong></span> 
     </span>
    </p>
   </div>
   <div class='ocr_carea' id='block_1_4' title="bbox 384 542 1966 608">
    <p class='ocr_par' dir='ltr' id='par_1_4' title="bbox 384 542 1966 608">
     <span class='ocr_line' id='line_1_4' title="bbox 384 542 1966 608; baseline -0.001 -9"><span class='ocrx_word' id='word_1_16' title='bbox 384 563 451 599; x_wconf 84' lang='lat' dir='ltr'><strong>an</strong></span> <span class='ocrx_word' id='word_1_17' title='bbox 479 548 784 601; x_wconf 63' lang='lat' dir='ltr'><strong>daemonum</strong></span> <span class='ocrx_word' id='word_1_18' title='bbox 816 545 1061 600; x_wconf 82' lang='lat' dir='ltr'><strong>cladem?</strong></span> <span class='ocrx_word' id='word_1_19' title='bbox 1093 544 1352 600; x_wconf 66' lang='lat' dir='ltr'><strong>Ecclesiae</strong></span> <span class='ocrx_word' id='word_1_20' title='bbox 1376 544 1748 608; x_wconf 89' lang='lat' dir='ltr'><strong>nobilitatem,</strong></span> <span class='ocrx_word' id='word_1_21' title='bbox 1790 542 1966 598; x_wconf 88' lang='lat' dir='ltr'><strong>crucis</strong></span> 
     </span>
    </p>
   </div>
   <div class='ocr_carea' id='block_1_5' title="bbox 384 633 1966 705">
    <p class='ocr_par' dir='ltr' id='par_1_5' title="bbox 384 633 1966 705">
     <span class='ocr_line' id='line_1_5' title="bbox 384 633 1966 705; baseline -0.004 -12"><span class='ocrx_word' id='word_1_22' title='bbox 384 643 670 698; x_wconf 78' lang='lat' dir='ltr'><strong>virtutem.</strong></span> <span class='ocrx_word' id='word_1_23' title='bbox 701 636 950 693; x_wconf 75' lang='lat' dir='ltr'><strong>Crucifixi</strong></span> <span class='ocrx_word' id='word_1_24' title='bbox 998 636 1274 699; x_wconf 83' lang='lat' dir='ltr'><strong>miracula,</strong></span> <span class='ocrx_word' id='word_1_25' title='bbox 1305 635 1477 689; x_wconf 82' lang='lat' dir='ltr'><strong>Patris</strong></span> <span class='ocrx_word' id='word_1_26' title='bbox 1502 634 1724 705; x_wconf 84' lang='lat' dir='ltr'><strong>gloriam</strong></span> <span class='ocrx_word' id='word_1_27' title='bbox 1745 675 1761 699; x_wconf 94' lang='lat'><strong>,</strong></span> <span class='ocrx_word' id='word_1_28' title='bbox 1793 633 1966 702; x_wconf 89' lang='lat' dir='ltr'><strong>Spiri-</strong></span> 
     </span>
    </p>
   </div>
   <div class='ocr_carea' id='block_1_6' title="bbox 386 727 1969 802">
    <p class='ocr_par' dir='ltr' id='par_1_6' title="bbox 386 727 1969 802">
     <span class='ocr_line' id='line_1_6' title="bbox 386 727 1969 802; baseline -0.004 -14"><span class='ocrx_word' id='word_1_29' title='bbox 386 746 468 788; x_wconf 68' lang='lat' dir='ltr'><strong>itts</strong></span> <span class='ocrx_word' id='word_1_30' title='bbox 494 734 744 802; x_wconf 77' lang='lat' dir='ltr'><strong>gratiam,</strong></span> <span class='ocrx_word' id='word_1_31' title='bbox 767 730 945 800; x_wconf 83' lang='lat' dir='ltr'><strong>populi</strong></span> <span class='ocrx_word' id='word_1_32' title='bbox 977 729 1137 784; x_wconf 90' lang='lat' dir='ltr'><strong>totius</strong></span> <span class='ocrx_word' id='word_1_33' title='bbox 1161 729 1510 798; x_wconf 69' lang='lat' dir='ltr'><strong>voluptatem,</strong></span> <span class='ocrx_word' id='word_1_34' title='bbox 1537 729 1769 783; x_wconf 90' lang='lat' dir='ltr'><strong>civitatis</strong></span> <span class='ocrx_word' id='word_1_35' title='bbox 1788 727 1969 783; x_wconf 78' lang='lat' dir='ltr'><strong>exsul-</strong></span> 
     </span>
    </p>
   </div>
   <div class='ocr_carea' id='block_1_7' title="bbox 385 808 1970 891">
    <p class='ocr_par' dir='ltr' id='par_1_7' title="bbox 385 808 1970 891">
     <span class='ocr_line' id='line_1_7' title="bbox 385 808 1970 891; baseline -0.003 -13"><span class='ocrx_word' id='word_1_36' title='bbox 385 827 617 879; x_wconf 80' lang='lat' dir='ltr'><strong>t.ttiones</strong></span> <span class='ocrx_word' id='word_1_37' title='bbox 642 867 656 889; x_wconf 93' lang='lat'><strong>,</strong></span> <span class='ocrx_word' id='word_1_38' title='bbox 691 823 1072 878; x_wconf 84' lang='lat' dir='ltr'><strong>monachorum</strong></span> <span class='ocrx_word' id='word_1_39' title='bbox 1118 833 1312 887; x_wconf 67' lang='lat' dir='ltr'><strong>cintus,</strong></span> <span class='ocrx_word' id='word_1_40' title='bbox 1335 808 1600 891; x_wconf 84' lang='lat' dir='ltr'><strong>virginum</strong></span> <span class='ocrx_word' id='word_1_41' title='bbox 1626 821 1821 876; x_wconf 83' lang='lat' dir='ltr'><strong>choros</strong></span> <span class='ocrx_word' id='word_1_42' title='bbox 1841 863 1854 885; x_wconf 91' lang='lat'><strong>,</strong></span> <span class='ocrx_word' id='word_1_43' title='bbox 1883 838 1970 875; x_wconf 87' lang='lat' dir='ltr'><strong>sa-</strong></span> 
     </span>
    </p>
   </div>
   <div class='ocr_carea' id='block_1_8' title="bbox 381 913 1963 981">
    <p class='ocr_par' dir='ltr' id='par_1_8' title="bbox 381 913 1963 981">
     <span class='ocr_line' id='line_1_8' title="bbox 381 913 1963 981; baseline -0.003 -12"><span class='ocrx_word' id='word_1_44' title='bbox 381 920 658 972; x_wconf 68' lang='lat' dir='ltr'><strong>v-et&#39;tlotttttt</strong></span> <span class='ocrx_word' id='word_1_45' title='bbox 685 918 921 981; x_wconf 89' lang='lat' dir='ltr'><strong>ordines,</strong></span> <span class='ocrx_word' id='word_1_46' title='bbox 951 916 1287 970; x_wconf 71' lang='lat' dir='ltr'><strong>smcularium</strong></span> <span class='ocrx_word' id='word_1_47' title='bbox 1312 916 1546 969; x_wconf 86' lang='lat' dir='ltr'><strong>virorum</strong></span> <span class='ocrx_word' id='word_1_48' title='bbox 1585 913 1963 977; x_wconf 83' lang='lat' dir='ltr'><strong>ecustantiam,</strong></span> 
     </span>
    </p>
   </div>
   <div class='ocr_carea' id='block_1_9' title="bbox 380 1005 1962 1076">
    <p class='ocr_par' dir='ltr' id='par_1_9' title="bbox 380 1005 1962 1076">
     <span class='ocr_line' id='line_1_9' title="bbox 380 1005 1962 1076; baseline -0.003 -15"><span class='ocrx_word' id='word_1_49' title='bbox 380 1024 660 1061; x_wconf 79' lang='lat' dir='ltr'><strong>servorum</strong></span> <span class='ocrx_word' id='word_1_50' title='bbox 683 1050 697 1072; x_wconf 89' lang='lat'><strong>,</strong></span> <span class='ocrx_word' id='word_1_51' title='bbox 727 1008 1017 1062; x_wconf 73' lang='lat' dir='ltr'><strong>liberovunt</strong></span> <span class='ocrx_word' id='word_1_52' title='bbox 1040 1047 1055 1069; x_wconf 91' lang='lat'><strong>,</strong></span> <span class='ocrx_word' id='word_1_53' title='bbox 1090 1008 1412 1076; x_wconf 89' lang='lat' dir='ltr'><strong>principuttt,</strong></span> <span class='ocrx_word' id='word_1_54' title='bbox 1442 1005 1772 1059; x_wconf 81' lang='lat' dir='ltr'><strong>subditorum</strong></span> <span class='ocrx_word' id='word_1_55' title='bbox 1791 1045 1806 1068; x_wconf 94' lang='lat'><strong>,</strong></span> <span class='ocrx_word' id='word_1_56' title='bbox 1832 1018 1962 1070; x_wconf 83' lang='lat' dir='ltr'><strong>pau-</strong></span> 
     </span>
    </p>
   </div>
   <div class='ocr_carea' id='block_1_10' title="bbox 382 1094 1965 1169">
    <p class='ocr_par' dir='ltr' id='par_1_10' title="bbox 382 1094 1965 1169">
     <span class='ocr_line' id='line_1_10' title="bbox 382 1094 1965 1169; baseline -0.004 -14"><span class='ocrx_word' id='word_1_57' title='bbox 382 1117 416 1169; x_wconf 87' lang='lat' dir='ltr'><strong>p</strong></span> <span class='ocrx_word' id='word_1_58' title='bbox 451 1117 566 1154; x_wconf 88' lang='lat' dir='ltr'><strong>rnut</strong></span> <span class='ocrx_word' id='word_1_59' title='bbox 590 1142 604 1167; x_wconf 95' lang='lat'><strong>,</strong></span> <span class='ocrx_word' id='word_1_60' title='bbox 634 1100 862 1154; x_wconf 84' lang='lat' dir='ltr'><strong>divitum</strong></span> <span class='ocrx_word' id='word_1_61' title='bbox 884 1139 899 1161; x_wconf 93' lang='lat'><strong>,</strong></span> <span class='ocrx_word' id='word_1_62' title='bbox 933 1100 1360 1168; x_wconf 76' lang='lat' dir='ltr'><strong>peregrinorum,</strong></span> <span class='ocrx_word' id='word_1_63' title='bbox 1390 1097 1626 1151; x_wconf 83' lang='lat' dir='ltr'><strong>civium?</strong></span> <span class='ocrx_word' id='word_1_64' title='bbox 1654 1094 1965 1164; x_wconf 81' lang='lat' dir='ltr'><strong>Opportune</strong></span> 
     </span>
    </p>
   </div>
   <div class='ocr_carea' id='block_1_11' title="bbox 377 1189 1960 1259">
    <p class='ocr_par' dir='ltr' id='par_1_11' title="bbox 377 1189 1960 1259">
     <span class='ocr_line' id='line_1_11' title="bbox 377 1189 1960 1259; baseline -0.004 -14"><span class='ocrx_word' id='word_1_65' title='bbox 377 1195 447 1245; x_wconf 70' lang='lat' dir='ltr'><strong>de</strong></span> <span class='ocrx_word' id='word_1_66' title='bbox 482 1193 733 1246; x_wconf 83' lang='lat' dir='ltr'><strong>omnibus</strong></span> <span class='ocrx_word' id='word_1_67' title='bbox 762 1192 973 1246; x_wconf 83' lang='lat' dir='ltr'><strong>dicatur</strong></span> <span class='ocrx_word' id='word_1_68' title='bbox 1007 1209 1020 1245; x_wconf 89' lang='lat'><strong>:</strong></span> <span class='ocrx_word' id='word_1_69' title='bbox 1064 1192 1192 1258; x_wconf 79' lang='lat' dir='ltr'><strong>Quis</strong></span> <span class='ocrx_word' id='word_1_70' title='bbox 1233 1191 1465 1259; x_wconf 72' lang='lat' dir='ltr'><strong>loquetur</strong></span> <span class='ocrx_word' id='word_1_71' title='bbox 1507 1189 1757 1256; x_wconf 77' lang='lat' dir='ltr'><strong>potentius</strong></span> <span class='ocrx_word' id='word_1_72' title='bbox 1809 1194 1919 1239; x_wconf 84' lang='lat' dir='ltr'><strong>tuus</strong></span> <span class='ocrx_word' id='word_1_73' title='bbox 1944 1227 1960 1251; x_wconf 87' lang='lat'><strong>,</strong></span> 
     </span>
    </p>
   </div>
   <div class='ocr_carea' id='block_1_12' title="bbox 379 1278 1957 1352">
    <p class='ocr_par' dir='ltr' id='par_1_12' title="bbox 379 1278 1957 1352">
     <span class='ocr_line' id='line_1_12' title="bbox 379 1278 1957 1352; baseline -0.003 -14"><span class='ocrx_word' id='word_1_74' title='bbox 379 1287 627 1348; x_wconf 71' lang='lat' dir='ltr'><strong>bonum,</strong></span> <span class='ocrx_word' id='word_1_75' title='bbox 661 1286 866 1338; x_wconf 73' lang='lat' dir='ltr'><strong>auditus</strong></span> <span class='ocrx_word' id='word_1_76' title='bbox 896 1284 1046 1352; x_wconf 76' lang='lat' dir='ltr'><strong>{nriet</strong></span> <span class='ocrx_word' id='word_1_77' title='bbox 1073 1300 1245 1337; x_wconf 75' lang='lat' dir='ltr'><strong>mium</strong></span> <span class='ocrx_word' id='word_1_78' title='bbox 1277 1282 1450 1335; x_wconf 63' lang='lat' dir='ltr'><strong>futtiles</strong></span> <span class='ocrx_word' id='word_1_79' title='bbox 1478 1292 1589 1334; x_wconf 82' lang='lat' dir='ltr'><strong>tuus</strong></span> <span class='ocrx_word' id='word_1_80' title='bbox 1619 1278 1790 1350; x_wconf 81' lang='lat' dir='ltr'><strong>(Psul.</strong></span> <span class='ocrx_word' id='word_1_81' title='bbox 1838 1279 1957 1333; x_wconf 79' lang='grc'><strong>105.</strong></span> 
     </span>
    </p>
   </div>
   <div class='ocr_carea' id='block_1_13' title="bbox 375 1370 1958 1447">
    <p class='ocr_par' dir='ltr' id='par_1_13' title="bbox 375 1370 1958 1447">
     <span class='ocr_line' id='line_1_13' title="bbox 375 1370 1958 1447; baseline -0.004 -16"><span class='ocrx_word' id='word_1_82' title='bbox 375 1380 471 1447; x_wconf 69' lang='lat'><strong>‘2)?</strong></span> <span class='ocrx_word' id='word_1_83' title='bbox 494 1378 741 1432; x_wconf 74' lang='lat' dir='ltr'><strong>Mulieres</strong></span> <span class='ocrx_word' id='word_1_84' title='bbox 773 1378 820 1429; x_wconf 90' lang='lat' dir='ltr'><strong>itt</strong></span> <span class='ocrx_word' id='word_1_85' title='bbox 854 1376 1101 1429; x_wconf 75' lang='lat' dir='ltr'><strong>thalamis</strong></span> <span class='ocrx_word' id='word_1_86' title='bbox 1133 1384 1429 1439; x_wconf 81' lang='lat' dir='ltr'><strong>versantes,</strong></span> <span class='ocrx_word' id='word_1_87' title='bbox 1449 1382 1635 1427; x_wconf 85' lang='lat' dir='ltr'><strong>etccra</strong></span> <span class='ocrx_word' id='word_1_88' title='bbox 1664 1387 1729 1424; x_wconf 60' lang='lat' dir='ltr'><strong>me</strong></span> <span class='ocrx_word' id='word_1_89' title='bbox 1755 1370 1958 1438; x_wconf 81' lang='lat' dir='ltr'><strong>llinres,</strong></span> 
     </span>
    </p>
   </div>
   <div class='ocr_carea' id='block_1_14' title="bbox 377 1462 1958 1532">
    <p class='ocr_par' dir='ltr' id='par_1_14' title="bbox 377 1462 1958 1532">
     <span class='ocr_line' id='line_1_14' title="bbox 377 1462 1958 1532; baseline -0.005 -10"><span class='ocrx_word' id='word_1_90' title='bbox 377 1470 581 1523; x_wconf 76' lang='lat' dir='ltr'><strong>relictis</strong></span> <span class='ocrx_word' id='word_1_91' title='bbox 601 1468 805 1522; x_wconf 75' lang='lat' dir='ltr'><strong>:edihns</strong></span> <span class='ocrx_word' id='word_1_92' title='bbox 834 1476 888 1521; x_wconf 91' lang='lat' dir='ltr'><strong>et</strong></span> <span class='ocrx_word' id='word_1_93' title='bbox 916 1466 1073 1521; x_wconf 82' lang='lat' dir='ltr'><strong>tectis</strong></span> <span class='ocrx_word' id='word_1_94' title='bbox 1093 1507 1107 1532; x_wconf 91' lang='lat'><strong>,</strong></span> <span class='ocrx_word' id='word_1_95' title='bbox 1141 1481 1262 1519; x_wconf 91' lang='lat' dir='ltr'><strong>cum</strong></span> <span class='ocrx_word' id='word_1_96' title='bbox 1295 1463 1682 1519; x_wconf 67' lang='lat' dir='ltr'><strong>robustissimis</strong></span> <span class='ocrx_word' id='word_1_97' title='bbox 1724 1462 1958 1516; x_wconf 88' lang='lat' dir='ltr'><strong>virorum</strong></span> 
     </span>
    </p>
   </div>
   <div class='ocr_carea' id='block_1_15' title="bbox 379 1554 1956 1625">
    <p class='ocr_par' dir='ltr' id='par_1_15' title="bbox 379 1554 1956 1625">
     <span class='ocr_line' id='line_1_15' title="bbox 379 1554 1956 1625; baseline -0.004 -11"><span class='ocrx_word' id='word_1_98' title='bbox 379 1562 659 1614; x_wconf 74' lang='lat' dir='ltr'><strong>alacritate</strong></span> <span class='ocrx_word' id='word_1_99' title='bbox 677 1559 977 1619; x_wconf 84' lang='lat' dir='ltr'><strong>certabant.</strong></span> <span class='ocrx_word' id='word_1_100' title='bbox 1004 1568 1108 1611; x_wconf 90' lang='lat' dir='ltr'><strong>tant</strong></span> <span class='ocrx_word' id='word_1_101' title='bbox 1121 1573 1207 1610; x_wconf 92' lang='lat' dir='ltr'><strong>um</strong></span> <span class='ocrx_word' id='word_1_102' title='bbox 1228 1557 1431 1610; x_wconf 88' lang='lat' dir='ltr'><strong>itineris</strong></span> <span class='ocrx_word' id='word_1_103' title='bbox 1452 1554 1674 1625; x_wconf 87' lang='lat' dir='ltr'><strong>pedibus</strong></span> <span class='ocrx_word' id='word_1_104' title='bbox 1692 1568 1956 1618; x_wconf 68' lang='lat' dir='ltr'><strong>emeusw;</strong></span> 
     </span>
    </p>
   </div>
   <div class='ocr_carea' id='block_1_16' title="bbox 372 1648 1959 1723">
    <p class='ocr_par' dir='ltr' id='par_1_16' title="bbox 372 1648 1959 1723">
     <span class='ocr_line' id='line_1_16' title="bbox 372 1648 1959 1723; baseline -0.004 -16"><span class='ocrx_word' id='word_1_105' title='bbox 372 1671 481 1707; x_wconf 73' lang='lat' dir='ltr'><strong>non</strong></span> <span class='ocrx_word' id='word_1_106' title='bbox 500 1655 724 1723; x_wconf 82' lang='lat' dir='ltr'><strong>juvenes</strong></span> <span class='ocrx_word' id='word_1_107' title='bbox 746 1651 927 1716; x_wconf 82' lang='lat' dir='ltr'><strong>modo,</strong></span> <span class='ocrx_word' id='word_1_108' title='bbox 950 1651 1043 1706; x_wconf 86' lang='lat' dir='ltr'><strong>sed</strong></span> <span class='ocrx_word' id='word_1_109' title='bbox 1069 1651 1228 1704; x_wconf 86' lang='lat' dir='ltr'><strong>etiam</strong></span> <span class='ocrx_word' id='word_1_110' title='bbox 1252 1665 1385 1703; x_wconf 88' lang='lat' dir='ltr'><strong>auus</strong></span> <span class='ocrx_word' id='word_1_111' title='bbox 1415 1666 1427 1701; x_wconf 89' lang='lat'><strong>:</strong></span> <span class='ocrx_word' id='word_1_112' title='bbox 1461 1665 1631 1719; x_wconf 90' lang='lat' dir='ltr'><strong>neque</strong></span> <span class='ocrx_word' id='word_1_113' title='bbox 1651 1659 1855 1705; x_wconf 83' lang='lat' dir='ltr'><strong>natura:</strong></span> <span class='ocrx_word' id='word_1_114' title='bbox 1880 1648 1959 1701; x_wconf 87' lang='lat' dir='ltr'><strong>itt-</strong></span> 
     </span>
    </p>
   </div>
   <div class='ocr_carea' id='block_1_17' title="bbox 373 1742 1955 1816">
    <p class='ocr_par' dir='ltr' id='par_1_17' title="bbox 373 1742 1955 1816">
     <span class='ocr_line' id='line_1_17' title="bbox 373 1742 1955 1816; baseline -0.004 -14"><span class='ocrx_word' id='word_1_115' title='bbox 373 1748 616 1811; x_wconf 76' lang='lat' dir='ltr'><strong>firmitas,</strong></span> <span class='ocrx_word' id='word_1_116' title='bbox 642 1762 813 1816; x_wconf 85' lang='lat' dir='ltr'><strong>neque</strong></span> <span class='ocrx_word' id='word_1_117' title='bbox 854 1748 1023 1800; x_wconf 70' lang='lat' dir='ltr'><strong>solita:</strong></span> <span class='ocrx_word' id='word_1_118' title='bbox 1062 1745 1179 1799; x_wconf 77' lang='lat' dir='ltr'><strong>vine</strong></span> <span class='ocrx_word' id='word_1_119' title='bbox 1202 1743 1473 1807; x_wconf 86' lang='lat' dir='ltr'><strong>mollities,</strong></span> <span class='ocrx_word' id='word_1_120' title='bbox 1517 1758 1691 1811; x_wconf 88' lang='lat' dir='ltr'><strong>neque</strong></span> <span class='ocrx_word' id='word_1_121' title='bbox 1725 1742 1955 1797; x_wconf 84' lang='lat' dir='ltr'><strong>celebri-</strong></span> 
     </span>
    </p>
   </div>
   <div class='ocr_carea' id='block_1_18' title="bbox 371 1833 1950 1908">
    <p class='ocr_par' dir='ltr' id='par_1_18' title="bbox 371 1833 1950 1908">
     <span class='ocr_line' id='line_1_18' title="bbox 371 1833 1950 1908; baseline -0.002 -17"><span class='ocrx_word' id='word_1_122' title='bbox 371 1841 497 1893; x_wconf 80' lang='lat' dir='ltr'><strong>tatis</strong></span> <span class='ocrx_word' id='word_1_123' title='bbox 537 1854 727 1908; x_wconf 87' lang='lat' dir='ltr'><strong>pompa</strong></span> <span class='ocrx_word' id='word_1_124' title='bbox 774 1836 1159 1906; x_wconf 86' lang='lat' dir='ltr'><strong>impedimento</strong></span> <span class='ocrx_word' id='word_1_125' title='bbox 1191 1836 1362 1890; x_wconf 85' lang='lat' dir='ltr'><strong>fuere.</strong></span> <span class='ocrx_word' id='word_1_126' title='bbox 1399 1834 1670 1903; x_wconf 75' lang='lat' dir='ltr'><strong>Principes</strong></span> <span class='ocrx_word' id='word_1_127' title='bbox 1701 1833 1798 1902; x_wconf 84' lang='lat' dir='ltr'><strong>ipsi</strong></span> <span class='ocrx_word' id='word_1_128' title='bbox 1833 1851 1950 1888; x_wconf 81' lang='lat' dir='ltr'><strong>rur-</strong></span> 
     </span>
    </p>
   </div>
   <div class='ocr_carea' id='block_1_19' title="bbox 366 1925 1953 1994">
    <p class='ocr_par' dir='ltr' id='par_1_19' title="bbox 366 1925 1953 1994">
     <span class='ocr_line' id='line_1_19' title="bbox 366 1925 1953 1994; baseline -0.004 -11"><span class='ocrx_word' id='word_1_129' title='bbox 366 1945 488 1983; x_wconf 66' lang='lat' dir='ltr'><strong>sunt</strong></span> <span class='ocrx_word' id='word_1_130' title='bbox 519 1931 722 1984; x_wconf 77' lang='lat' dir='ltr'><strong>relictis</strong></span> <span class='ocrx_word' id='word_1_131' title='bbox 749 1929 1019 1993; x_wconf 78' lang='lat' dir='ltr'><strong>curribus,</strong></span> <span class='ocrx_word' id='word_1_132' title='bbox 1052 1926 1330 1982; x_wconf 86' lang='lat' dir='ltr'><strong>lictoribus</strong></span> <span class='ocrx_word' id='word_1_133' title='bbox 1354 1936 1408 1982; x_wconf 90' lang='lat' dir='ltr'><strong>et</strong></span> <span class='ocrx_word' id='word_1_134' title='bbox 1441 1925 1783 1991; x_wconf 71' lang='lat' dir='ltr'><strong>satellitibus,</strong></span> <span class='ocrx_word' id='word_1_135' title='bbox 1811 1925 1953 1994; x_wconf 87' lang='lat' dir='ltr'><strong>plebi</strong></span> 
     </span>
    </p>
   </div>
   <div class='ocr_carea' id='block_1_20' title="bbox 369 2017 1955 2089">
    <p class='ocr_par' dir='ltr' id='par_1_20' title="bbox 369 2017 1955 2089">
     <span class='ocr_line' id='line_1_20' title="bbox 369 2017 1955 2089; baseline -0.001 -14"><span class='ocrx_word' id='word_1_136' title='bbox 369 2036 488 2076; x_wconf 88' lang='lat' dir='ltr'><strong>sese</strong></span> <span class='ocrx_word' id='word_1_137' title='bbox 527 2022 882 2076; x_wconf 87' lang='lat' dir='ltr'><strong>admiscuere.</strong></span> <span class='ocrx_word' id='word_1_138' title='bbox 918 2019 1121 2089; x_wconf 85' lang='lat' dir='ltr'><strong>Ecquid</strong></span> <span class='ocrx_word' id='word_1_139' title='bbox 1142 2019 1396 2073; x_wconf 87' lang='lat' dir='ltr'><strong>mulieres</strong></span> <span class='ocrx_word' id='word_1_140' title='bbox 1427 2017 1804 2087; x_wconf 78' lang='lat' dir='ltr'><strong>principesque</strong></span> <span class='ocrx_word' id='word_1_141' title='bbox 1837 2032 1955 2074; x_wconf 89' lang='lat' dir='ltr'><strong>me-</strong></span> 
     </span>
    </p>
   </div>
   <div class='ocr_carea' id='block_1_21' title="bbox 367 2109 1951 2182">
    <p class='ocr_par' dir='ltr' id='par_1_21' title="bbox 367 2109 1951 2182">
     <span class='ocr_line' id='line_1_21' title="bbox 367 2109 1951 2182; baseline -0.001 -16"><span class='ocrx_word' id='word_1_142' title='bbox 367 2128 592 2179; x_wconf 80' lang='lat' dir='ltr'><strong>morem,</strong></span> <span class='ocrx_word' id='word_1_143' title='bbox 619 2112 832 2182; x_wconf 86' lang='lat' dir='ltr'><strong>quando</strong></span> <span class='ocrx_word' id='word_1_144' title='bbox 859 2112 949 2166; x_wconf 87' lang='lat' dir='ltr'><strong>illa</strong></span> <span class='ocrx_word' id='word_1_145' title='bbox 985 2113 1095 2181; x_wconf 89' lang='lat' dir='ltr'><strong>ipsa</strong></span> <span class='ocrx_word' id='word_1_146' title='bbox 1125 2127 1243 2182; x_wconf 67' lang='lat' dir='ltr'><strong>qua:</strong></span> <span class='ocrx_word' id='word_1_147' title='bbox 1271 2109 1514 2164; x_wconf 85' lang='lat' dir='ltr'><strong>diadema</strong></span> <span class='ocrx_word' id='word_1_148' title='bbox 1553 2120 1721 2178; x_wconf 63' lang='lat' dir='ltr'><strong>gestat</strong></span> <span class='ocrx_word' id='word_1_149' title='bbox 1745 2121 1799 2164; x_wconf 90' lang='lat' dir='ltr'><strong>et</strong></span> <span class='ocrx_word' id='word_1_150' title='bbox 1820 2128 1951 2181; x_wconf 88' lang='lat' dir='ltr'><strong>pur-</strong></span> 
     </span>
    </p>
   </div>
   <div class='ocr_carea' id='block_1_22' title="bbox 363 2202 1947 2274">
    <p class='ocr_par' dir='ltr' id='par_1_22' title="bbox 363 2202 1947 2274">
     <span class='ocr_line' id='line_1_22' title="bbox 363 2202 1947 2274; baseline -0.001 -17"><span class='ocrx_word' id='word_1_151' title='bbox 363 2221 493 2274; x_wconf 84' lang='lat' dir='ltr'><strong>pura</strong></span> <span class='ocrx_word' id='word_1_152' title='bbox 522 2205 779 2267; x_wconf 90' lang='lat' dir='ltr'><strong>induitur,</strong></span> <span class='ocrx_word' id='word_1_153' title='bbox 810 2218 901 2273; x_wconf 85' lang='lat' dir='ltr'><strong>per</strong></span> <span class='ocrx_word' id='word_1_154' title='bbox 930 2213 1094 2258; x_wconf 83' lang='lat' dir='ltr'><strong>tutam</strong></span> <span class='ocrx_word' id='word_1_155' title='bbox 1123 2204 1261 2257; x_wconf 80' lang='lat' dir='ltr'><strong>viam</strong></span> <span class='ocrx_word' id='word_1_156' title='bbox 1294 2219 1361 2258; x_wconf 85' lang='lat' dir='ltr'><strong>tte</strong></span> <span class='ocrx_word' id='word_1_157' title='bbox 1392 2203 1653 2257; x_wconf 84' lang='lat' dir='ltr'><strong>tantillum</strong></span> <span class='ocrx_word' id='word_1_158' title='bbox 1681 2202 1894 2273; x_wconf 77' lang='lat' dir='ltr'><strong>quidem</strong></span> <span class='ocrx_word' id='word_1_159' title='bbox 1918 2218 1947 2256; x_wconf 87' lang='lat' dir='ltr'><strong>a</strong></span> 
     </span>
    </p>
   </div>
   <div class='ocr_carea' id='block_1_23' title="bbox 363 2295 1950 2373">
    <p class='ocr_par' dir='ltr' id='par_1_23' title="bbox 363 2295 1950 2373">
     <span class='ocr_line' id='line_1_23' title="bbox 363 2295 1950 2373; baseline 0 -23"><span class='ocrx_word' id='word_1_160' title='bbox 363 2296 605 2367; x_wconf 83' lang='lat' dir='ltr'><strong>rcliqn=is</strong></span> <span class='ocrx_word' id='word_1_161' title='bbox 624 2296 862 2365; x_wconf 86' lang='lat' dir='ltr'><strong>separari</strong></span> <span class='ocrx_word' id='word_1_162' title='bbox 883 2296 1082 2361; x_wconf 87' lang='lat' dir='ltr'><strong>voluit;</strong></span> <span class='ocrx_word' id='word_1_163' title='bbox 1112 2296 1207 2350; x_wconf 86' lang='lat' dir='ltr'><strong>sed</strong></span> <span class='ocrx_word' id='word_1_164' title='bbox 1220 2295 1433 2349; x_wconf 66' lang='lat' dir='ltr'><strong>ancillae</strong></span> <span class='ocrx_word' id='word_1_165' title='bbox 1454 2297 1622 2351; x_wconf 86' lang='lat' dir='ltr'><strong>instar</strong></span> <span class='ocrx_word' id='word_1_166' title='bbox 1634 2304 1851 2373; x_wconf 71' lang='lat' dir='ltr'><strong>sanctos</strong></span> <span class='ocrx_word' id='word_1_167' title='bbox 1872 2310 1950 2350; x_wconf 87' lang='lat' dir='ltr'><strong>se-</strong></span> 
     </span>
    </p>
   </div>
   <div class='ocr_carea' id='block_1_24' title="bbox 357 2389 1948 2461">
    <p class='ocr_par' dir='ltr' id='par_1_24' title="bbox 357 2389 1948 2461">
     <span class='ocr_line' id='line_1_24' title="bbox 357 2389 1948 2461; baseline 0.001 -19"><span class='ocrx_word' id='word_1_168' title='bbox 357 2391 647 2461; x_wconf 88' lang='lat' dir='ltr'><strong>quebatur,</strong></span> <span class='ocrx_word' id='word_1_169' title='bbox 681 2389 891 2444; x_wconf 83' lang='lat' dir='ltr'><strong>thecam</strong></span> <span class='ocrx_word' id='word_1_170' title='bbox 912 2399 965 2444; x_wconf 90' lang='lat' dir='ltr'><strong>et</strong></span> <span class='ocrx_word' id='word_1_171' title='bbox 987 2390 1162 2443; x_wconf 82' lang='lat' dir='ltr'><strong>velum</strong></span> <span class='ocrx_word' id='word_1_172' title='bbox 1193 2390 1588 2458; x_wconf 89' lang='lat' dir='ltr'><strong>superpositum</strong></span> <span class='ocrx_word' id='word_1_173' title='bbox 1619 2397 1865 2458; x_wconf 62' lang='lat' dir='ltr'><strong>tangens,</strong></span> <span class='ocrx_word' id='word_1_174' title='bbox 1892 2399 1948 2443; x_wconf 90' lang='lat' dir='ltr'><strong>et</strong></span> 
     </span>
    </p>
   </div>
   <div class='ocr_carea' id='block_1_25' title="bbox 358 2482 1943 2553">
    <p class='ocr_par' dir='ltr' id='par_1_25' title="bbox 358 2482 1943 2553">
     <span class='ocr_line' id='line_1_25' title="bbox 358 2482 1943 2553; baseline 0 -16"><span class='ocrx_word' id='word_1_175' title='bbox 358 2499 576 2537; x_wconf 74' lang='lat' dir='ltr'><strong>amnem</strong></span> <span class='ocrx_word' id='word_1_176' title='bbox 638 2482 928 2541; x_wconf 84' lang='lat' dir='ltr'><strong>humanum</strong></span> <span class='ocrx_word' id='word_1_177' title='bbox 981 2484 1174 2537; x_wconf 81' lang='lat' dir='ltr'><strong>fastum</strong></span> <span class='ocrx_word' id='word_1_178' title='bbox 1223 2482 1459 2546; x_wconf 87' lang='lat' dir='ltr'><strong>calcans,</strong></span> <span class='ocrx_word' id='word_1_179' title='bbox 1496 2494 1656 2553; x_wconf 89' lang='lat' dir='ltr'><strong>atque</strong></span> <span class='ocrx_word' id='word_1_180' title='bbox 1712 2485 1764 2537; x_wconf 89' lang='lat' dir='ltr'><strong>itt</strong></span> <span class='ocrx_word' id='word_1_181' title='bbox 1815 2483 1943 2537; x_wconf 81' lang='lat' dir='ltr'><strong>tnttli</strong></span> 
     </span>
    </p>
   </div>
   <div class='ocr_carea' id='block_1_26' title="bbox 360 2574 1945 2645">
    <p class='ocr_par' dir='ltr' id='par_1_26' title="bbox 360 2574 1945 2645">
     <span class='ocr_line' id='line_1_26' title="bbox 360 2574 1945 2645; baseline 0.001 -18"><span class='ocrx_word' id='word_1_182' title='bbox 360 2576 552 2629; x_wconf 81' lang='lat' dir='ltr'><strong>theatri</strong></span> <span class='ocrx_word' id='word_1_183' title='bbox 582 2574 760 2629; x_wconf 88' lang='lat' dir='ltr'><strong>medio</strong></span> <span class='ocrx_word' id='word_1_184' title='bbox 779 2591 807 2627; x_wconf 89' lang='lat' dir='ltr'><strong>a</strong></span> <span class='ocrx_word' id='word_1_185' title='bbox 835 2574 1031 2643; x_wconf 88' lang='lat' dir='ltr'><strong>populo</strong></span> <span class='ocrx_word' id='word_1_186' title='bbox 1060 2574 1335 2629; x_wconf 87' lang='lat' dir='ltr'><strong>videbatur</strong></span> <span class='ocrx_word' id='word_1_187' title='bbox 1362 2575 1470 2639; x_wconf 90' lang='lat' dir='ltr'><strong>illa,</strong></span> <span class='ocrx_word' id='word_1_188' title='bbox 1493 2590 1651 2645; x_wconf 89' lang='lat' dir='ltr'><strong>quam</strong></span> <span class='ocrx_word' id='word_1_189' title='bbox 1684 2591 1750 2631; x_wconf 81' lang='lat' dir='ltr'><strong>ne</strong></span> <span class='ocrx_word' id='word_1_190' title='bbox 1773 2592 1945 2629; x_wconf 86' lang='lat' dir='ltr'><strong>cunu-</strong></span> 
     </span>
    </p>
   </div>
   <div class='ocr_carea' id='block_1_27' title="bbox 354 2665 1941 2736">
    <p class='ocr_par' dir='ltr' id='par_1_27' title="bbox 354 2665 1941 2736">
     <span class='ocr_line' id='line_1_27' title="bbox 354 2665 1941 2736; baseline 0 -17"><span class='ocrx_word' id='word_1_191' title='bbox 354 2666 472 2719; x_wconf 85' lang='lat' dir='ltr'><strong>cltis</strong></span> <span class='ocrx_word' id='word_1_192' title='bbox 488 2665 703 2736; x_wconf 84' lang='lat' dir='ltr'><strong>quidem</strong></span> <span class='ocrx_word' id='word_1_193' title='bbox 723 2667 994 2732; x_wconf 87' lang='lat' dir='ltr'><strong>omnibus,</strong></span> <span class='ocrx_word' id='word_1_194' title='bbox 1010 2666 1099 2735; x_wconf 86' lang='lat' dir='ltr'><strong>qui</strong></span> <span class='ocrx_word' id='word_1_195' title='bbox 1121 2667 1172 2720; x_wconf 92' lang='lat' dir='ltr'><strong>in</strong></span> <span class='ocrx_word' id='word_1_196' title='bbox 1200 2667 1540 2736; x_wconf 86' lang='lat' dir='ltr'><strong>imperatoria</strong></span> <span class='ocrx_word' id='word_1_197' title='bbox 1560 2668 1773 2721; x_wconf 88' lang='lat' dir='ltr'><strong>aluntur</strong></span> <span class='ocrx_word' id='word_1_198' title='bbox 1799 2669 1941 2734; x_wconf 81' lang='lat' dir='ltr'><strong>aula,</strong></span> 
     </span>
    </p>
   </div>
   <div class='ocr_carea' id='block_1_28' title="bbox 352 2757 1942 2830">
    <p class='ocr_par' dir='ltr' id='par_1_28' title="bbox 352 2757 1942 2830">
     <span class='ocr_line' id='line_1_28' title="bbox 352 2757 1942 2830; baseline 0.004 -21"><span class='ocrx_word' id='word_1_199' title='bbox 352 2761 669 2828; x_wconf 78' lang='lat' dir='ltr'><strong>conspicere</strong></span> <span class='ocrx_word' id='word_1_200' title='bbox 688 2757 832 2813; x_wconf 80' lang='lat' dir='ltr'><strong>licet.</strong></span> <span class='ocrx_word' id='word_1_201' title='bbox 849 2757 953 2812; x_wconf 87' lang='lat' dir='ltr'><strong>Sed</strong></span> <span class='ocrx_word' id='word_1_202' title='bbox 975 2768 1268 2830; x_wconf 81' lang='lat' dir='ltr'><strong>martyrum</strong></span> <span class='ocrx_word' id='word_1_203' title='bbox 1288 2774 1440 2812; x_wconf 85' lang='lat' dir='ltr'><strong>amor</strong></span> <span class='ocrx_word' id='word_1_204' title='bbox 1462 2774 1597 2829; x_wconf 90' lang='lat' dir='ltr'><strong>pcnc</strong></span> <span class='ocrx_word' id='word_1_205' title='bbox 1632 2760 1942 2830; x_wconf 84' lang='lat' dir='ltr'><strong>tyrannicus</strong></span> 
     </span>
    </p>
   </div>
   <div class='ocr_carea' id='block_1_29' title="bbox 354 2849 1944 2922">
    <p class='ocr_par' dir='ltr' id='par_1_29' title="bbox 354 2849 1944 2922">
     <span class='ocr_line' id='line_1_29' title="bbox 354 2849 1944 2922; baseline 0.002 -18"><span class='ocrx_word' id='word_1_206' title='bbox 354 2860 408 2904; x_wconf 80' lang='lat' dir='ltr'><strong>rt</strong></span> <span class='ocrx_word' id='word_1_207' title='bbox 436 2849 678 2905; x_wconf 79' lang='lat' dir='ltr'><strong>caritatis</strong></span> <span class='ocrx_word' id='word_1_208' title='bbox 702 2850 912 2904; x_wconf 86' lang='lat' dir='ltr'><strong>ﬂamma</strong></span> <span class='ocrx_word' id='word_1_209' title='bbox 934 2851 1031 2919; x_wconf 88' lang='lat' dir='ltr'><strong>ipsi</strong></span> <span class='ocrx_word' id='word_1_210' title='bbox 1062 2862 1117 2905; x_wconf 93' lang='lat' dir='ltr'><strong>ttt</strong></span> <span class='ocrx_word' id='word_1_211' title='bbox 1142 2850 1316 2905; x_wconf 87' lang='lat' dir='ltr'><strong>larvas</strong></span> <span class='ocrx_word' id='word_1_212' title='bbox 1332 2866 1518 2905; x_wconf 87' lang='lat' dir='ltr'><strong>omnes</strong></span> <span class='ocrx_word' id='word_1_213' title='bbox 1536 2852 1657 2906; x_wconf 84' lang='lat' dir='ltr'><strong>illas</strong></span> <span class='ocrx_word' id='word_1_214' title='bbox 1684 2852 1944 2922; x_wconf 78' lang='lat' dir='ltr'><strong>altjiceret</strong></span> 
     </span>
    </p>
   </div>
   <div class='ocr_carea' id='block_1_30' title="bbox 353 2944 1941 3017">
    <p class='ocr_par' dir='ltr' id='par_1_30' title="bbox 353 2944 1941 3017">
     <span class='ocr_line' id='line_1_30' title="bbox 353 2944 1941 3017; baseline 0 -20"><span class='ocrx_word' id='word_1_215' title='bbox 353 2944 545 3006; x_wconf 83' lang='lat' dir='ltr'><strong>suasit,</strong></span> <span class='ocrx_word' id='word_1_216' title='bbox 603 2953 765 3012; x_wconf 89' lang='lat' dir='ltr'><strong>utque</strong></span> <span class='ocrx_word' id='word_1_217' title='bbox 809 2951 994 3011; x_wconf 88' lang='lat' dir='ltr'><strong>aperte</strong></span> <span class='ocrx_word' id='word_1_218' title='bbox 1035 2957 1191 2997; x_wconf 90' lang='lat' dir='ltr'><strong>suum</strong></span> <span class='ocrx_word' id='word_1_219' title='bbox 1237 2958 1364 3013; x_wconf 86' lang='lat' dir='ltr'><strong>erga</strong></span> <span class='ocrx_word' id='word_1_220' title='bbox 1408 2955 1626 2997; x_wconf 91' lang='lat' dir='ltr'><strong>sanctos</strong></span> <span class='ocrx_word' id='word_1_221' title='bbox 1675 2954 1941 3017; x_wconf 81' lang='lat' dir='ltr'><strong>martyres</strong></span> 
     </span>
    </p>
   </div>
   <div class='ocr_carea' id='block_1_31' title="bbox 352 3033 1943 3106">
    <p class='ocr_par' dir='ltr' id='par_1_31' title="bbox 352 3033 1943 3106">
     <span class='ocr_line' id='line_1_31' title="bbox 352 3033 1943 3106; baseline 0.003 -18"><span class='ocrx_word' id='word_1_222' title='bbox 352 3034 591 3089; x_wconf 86' lang='lat' dir='ltr'><strong>studium</strong></span> <span class='ocrx_word' id='word_1_223' title='bbox 618 3033 917 3090; x_wconf 74' lang='lat' dir='ltr'><strong>exhiberet.</strong></span> <span class='ocrx_word' id='word_1_224' title='bbox 949 3034 1255 3090; x_wconf 82' lang='lat' dir='ltr'><strong>Recordata</strong></span> <span class='ocrx_word' id='word_1_225' title='bbox 1284 3036 1480 3106; x_wconf 89' lang='lat' dir='ltr'><strong>quippe</strong></span> <span class='ocrx_word' id='word_1_226' title='bbox 1506 3046 1590 3092; x_wconf 86' lang='lat' dir='ltr'><strong>est</strong></span> <span class='ocrx_word' id='word_1_227' title='bbox 1619 3036 1758 3092; x_wconf 88' lang='lat' dir='ltr'><strong>beati</strong></span> <span class='ocrx_word' id='word_1_228' title='bbox 1786 3038 1943 3093; x_wconf 82' lang='lat' dir='ltr'><strong>Davi-</strong></span> 
     </span>
    </p>
   </div>
   <div class='ocr_carea' id='block_1_32' title="bbox 352 3129 1939 3204">
    <p class='ocr_par' dir='ltr' id='par_1_32' title="bbox 352 3129 1939 3204">
     <span class='ocr_line' id='line_1_32' title="bbox 352 3129 1939 3204; baseline 0.004 -23"><span class='ocrx_word' id='word_1_229' title='bbox 352 3129 470 3193; x_wconf 77' lang='lat' dir='ltr'><strong>dis,</strong></span> <span class='ocrx_word' id='word_1_230' title='bbox 493 3129 583 3199; x_wconf 92' lang='lat' dir='ltr'><strong>qui</strong></span> <span class='ocrx_word' id='word_1_231' title='bbox 614 3139 667 3183; x_wconf 88' lang='lat' dir='ltr'><strong>et</strong></span> <span class='ocrx_word' id='word_1_232' title='bbox 706 3144 940 3199; x_wconf 90' lang='lat' dir='ltr'><strong>purpura</strong></span> <span class='ocrx_word' id='word_1_233' title='bbox 966 3129 1286 3185; x_wconf 82' lang='lat' dir='ltr'><strong>induebatur</strong></span> <span class='ocrx_word' id='word_1_234' title='bbox 1317 3141 1369 3185; x_wconf 93' lang='lat' dir='ltr'><strong>et</strong></span> <span class='ocrx_word' id='word_1_235' title='bbox 1398 3131 1640 3187; x_wconf 88' lang='lat' dir='ltr'><strong>diadema</strong></span> <span class='ocrx_word' id='word_1_236' title='bbox 1674 3132 1848 3204; x_wconf 73' lang='lat' dir='ltr'><strong>gestat</strong></span> <span class='ocrx_word' id='word_1_237' title='bbox 1862 3142 1939 3199; x_wconf 85' lang='lat' dir='ltr'><strong>at,</strong></span> 
     </span>
    </p>
   </div>
   <div class='ocr_carea' id='block_1_33' title="bbox 350 3221 1941 3295">
    <p class='ocr_par' dir='ltr' id='par_1_33' title="bbox 350 3221 1941 3295">
     <span class='ocr_line' id='line_1_33' title="bbox 350 3221 1941 3295; baseline 0.003 -22"><span class='ocrx_word' id='word_1_238' title='bbox 350 3234 734 3291; x_wconf 85' lang='lat' dir='ltr'><strong>sceptrumque</strong></span> <span class='ocrx_word' id='word_1_239' title='bbox 764 3221 1040 3276; x_wconf 80' lang='lat' dir='ltr'><strong>obtinebat</strong></span> <span class='ocrx_word' id='word_1_240' title='bbox 1064 3222 1115 3276; x_wconf 93' lang='lat' dir='ltr'><strong>in</strong></span> <span class='ocrx_word' id='word_1_241' title='bbox 1150 3222 1467 3279; x_wconf 82' lang='lat' dir='ltr'><strong>llebrulcum</strong></span> <span class='ocrx_word' id='word_1_242' title='bbox 1497 3225 1776 3295; x_wconf 81' lang='lat' dir='ltr'><strong>pupulum,</strong></span> <span class='ocrx_word' id='word_1_243' title='bbox 1806 3241 1941 3294; x_wconf 84' lang='lat' dir='ltr'><strong>quu—</strong></span> 
     </span>
    </p>
   </div>
   <div class='ocr_carea' id='block_1_34' title="bbox 350 3311 1936 3380">
    <p class='ocr_par' dir='ltr' id='par_1_34' title="bbox 350 3311 1936 3380">
     <span class='ocr_line' id='line_1_34' title="bbox 350 3311 1936 3380; baseline 0.004 -18"><span class='ocrx_word' id='word_1_244' title='bbox 350 3311 496 3364; x_wconf 83' lang='lat' dir='ltr'><strong>niam</strong></span> <span class='ocrx_word' id='word_1_245' title='bbox 532 3311 621 3365; x_wconf 93' lang='lat' dir='ltr'><strong>ille</strong></span> <span class='ocrx_word' id='word_1_246' title='bbox 649 3326 828 3371; x_wconf 89' lang='lat' dir='ltr'><strong>arcam</strong></span> <span class='ocrx_word' id='word_1_247' title='bbox 852 3312 1228 3380; x_wconf 77' lang='lat' dir='ltr'><strong>transferebat,</strong></span> <span class='ocrx_word' id='word_1_248' title='bbox 1278 3314 1363 3368; x_wconf 91' lang='lat' dir='ltr'><strong>illa</strong></span> <span class='ocrx_word' id='word_1_249' title='bbox 1394 3323 1501 3369; x_wconf 84' lang='lat' dir='ltr'><strong>tota</strong></span> <span class='ocrx_word' id='word_1_250' title='bbox 1539 3329 1700 3371; x_wconf 82' lang='lat' dir='ltr'><strong>scena</strong></span> <span class='ocrx_word' id='word_1_251' title='bbox 1750 3316 1936 3370; x_wconf 87' lang='lat' dir='ltr'><strong>relicta</strong></span> 
     </span>
    </p>
   </div>
   <div class='ocr_carea' id='block_1_35' title="bbox 350 3401 1932 3476">
    <p class='ocr_par' dir='ltr' id='par_1_35' title="bbox 350 3401 1932 3476">
     <span class='ocr_line' id='line_1_35' title="bbox 350 3401 1932 3476; baseline 0.002 -19"><span class='ocrx_word' id='word_1_252' title='bbox 350 3401 580 3458; x_wconf 71' lang='lat' dir='ltr'><strong>Saltabat</strong></span> <span class='ocrx_word' id='word_1_253' title='bbox 608 3412 663 3457; x_wconf 92' lang='lat' dir='ltr'><strong>et</strong></span> <span class='ocrx_word' id='word_1_254' title='bbox 684 3402 913 3458; x_wconf 80' lang='lat' dir='ltr'><strong>choreas</strong></span> <span class='ocrx_word' id='word_1_255' title='bbox 934 3404 1157 3473; x_wconf 85' lang='lat' dir='ltr'><strong>agebat,</strong></span> <span class='ocrx_word' id='word_1_256' title='bbox 1187 3405 1433 3474; x_wconf 88' lang='lat' dir='ltr'><strong>tripudiis</strong></span> <span class='ocrx_word' id='word_1_257' title='bbox 1464 3405 1652 3461; x_wconf 88' lang='lat' dir='ltr'><strong>ludens</strong></span> <span class='ocrx_word' id='word_1_258' title='bbox 1705 3406 1932 3476; x_wconf 80' lang='lat' dir='ltr'><strong>magnis,</strong></span> 
     </span>
    </p>
   </div>
   <div class='ocr_carea' id='block_1_36' title="bbox 348 3495 1937 3567">
    <p class='ocr_par' dir='ltr' id='par_1_36' title="bbox 348 3495 1937 3567">
     <span class='ocr_line' id='line_1_36' title="bbox 348 3495 1937 3567; baseline 0.001 -17"><span class='ocrx_word' id='word_1_259' title='bbox 348 3509 414 3550; x_wconf 79' lang='lat' dir='ltr'><strong>ac</strong></span> <span class='ocrx_word' id='word_1_260' title='bbox 460 3512 553 3567; x_wconf 87' lang='lat' dir='ltr'><strong>per</strong></span> <span class='ocrx_word' id='word_1_261' title='bbox 582 3496 751 3550; x_wconf 89' lang='lat' dir='ltr'><strong>saltus</strong></span> <span class='ocrx_word' id='word_1_262' title='bbox 778 3495 1015 3551; x_wconf 73' lang='lat' dir='ltr'><strong>latliliam</strong></span> <span class='ocrx_word' id='word_1_263' title='bbox 1057 3513 1214 3566; x_wconf 91' lang='lat' dir='ltr'><strong>quant</strong></span> <span class='ocrx_word' id='word_1_264' title='bbox 1246 3497 1313 3553; x_wconf 90' lang='lat' dir='ltr'><strong>de</strong></span> <span class='ocrx_word' id='word_1_265' title='bbox 1343 3499 1417 3554; x_wconf 87' lang='lat' dir='ltr'><strong>rei</strong></span> <span class='ocrx_word' id='word_1_266' title='bbox 1467 3499 1776 3555; x_wconf 84' lang='lat' dir='ltr'><strong>celebritate</strong></span> <span class='ocrx_word' id='word_1_267' title='bbox 1802 3515 1937 3554; x_wconf 84' lang='lat' dir='ltr'><strong>con-</strong></span> 
     </span>
    </p>
   </div>
   <div class='ocr_carea' id='block_1_37' title="bbox 348 3588 1934 3664">
    <p class='ocr_par' dir='ltr' id='par_1_37' title="bbox 348 3588 1934 3664">
     <span class='ocr_line' id='line_1_37' title="bbox 348 3588 1934 3664; baseline 0.002 -21"><span class='ocrx_word' id='word_1_268' title='bbox 348 3590 599 3659; x_wconf 82' lang='lat' dir='ltr'><strong>cipiebat,</strong></span> <span class='ocrx_word' id='word_1_269' title='bbox 631 3588 983 3660; x_wconf 85' lang='lat' dir='ltr'><strong>significabat.</strong></span> <span class='ocrx_word' id='word_1_270' title='bbox 1022 3589 1175 3657; x_wconf 85' lang='lat' dir='ltr'><strong>Quod</strong></span> <span class='ocrx_word' id='word_1_271' title='bbox 1223 3590 1268 3645; x_wconf 88' lang='lat' dir='ltr'><strong>si</strong></span> <span class='ocrx_word' id='word_1_272' title='bbox 1323 3592 1374 3645; x_wconf 92' lang='lat' dir='ltr'><strong>itt</strong></span> <span class='ocrx_word' id='word_1_273' title='bbox 1426 3592 1610 3647; x_wconf 86' lang='lat' dir='ltr'><strong>umbra</strong></span> <span class='ocrx_word' id='word_1_274' title='bbox 1660 3603 1715 3649; x_wconf 86' lang='lat' dir='ltr'><strong>et</strong></span> <span class='ocrx_word' id='word_1_275' title='bbox 1770 3595 1934 3664; x_wconf 87' lang='lat' dir='ltr'><strong>figura</strong></span> 
     </span>
    </p>
   </div>
   <div class='ocr_carea' id='block_1_38' title="bbox 349 3679 1936 3754">
    <p class='ocr_par' dir='ltr' id='par_1_38' title="bbox 349 3679 1936 3754">
     <span class='ocr_line' id='line_1_38' title="bbox 349 3679 1936 3754; baseline 0.004 -21"><span class='ocrx_word' id='word_1_276' title='bbox 349 3686 556 3735; x_wconf 82' lang='lat' dir='ltr'><strong>tantum</strong></span> <span class='ocrx_word' id='word_1_277' title='bbox 599 3679 867 3736; x_wconf 89' lang='lat' dir='ltr'><strong>fervorem</strong></span> <span class='ocrx_word' id='word_1_278' title='bbox 915 3681 1201 3737; x_wconf 84' lang='lat' dir='ltr'><strong>ostendere</strong></span> <span class='ocrx_word' id='word_1_279' title='bbox 1232 3697 1327 3751; x_wconf 83' lang='lat' dir='ltr'><strong>par</strong></span> <span class='ocrx_word' id='word_1_280' title='bbox 1354 3691 1493 3749; x_wconf 88' lang='lat' dir='ltr'><strong>erat,</strong></span> <span class='ocrx_word' id='word_1_281' title='bbox 1522 3694 1724 3753; x_wconf 88' lang='lat' dir='ltr'><strong>quanto</strong></span> <span class='ocrx_word' id='word_1_282' title='bbox 1767 3685 1936 3754; x_wconf 85' lang='lat' dir='ltr'><strong>magis</strong></span> 
     </span>
    </p>
   </div>
   <div class='ocr_carea' id='block_1_39' title="bbox 356 3777 1936 3849">
    <p class='ocr_par' dir='ltr' id='par_1_39' title="bbox 356 3777 1936 3849">
     <span class='ocr_line' id='line_1_39' title="bbox 356 3777 1936 3849; baseline 0.004 -20"><span class='ocrx_word' id='word_1_283' title='bbox 356 3780 404 3831; x_wconf 92' lang='lat' dir='ltr'><strong>iu</strong></span> <span class='ocrx_word' id='word_1_284' title='bbox 438 3786 676 3847; x_wconf 87' lang='lat' dir='ltr'><strong>tempore</strong></span> <span class='ocrx_word' id='word_1_285' title='bbox 696 3777 882 3847; x_wconf 66' lang='lat' dir='ltr'><strong>gratia:</strong></span> <span class='ocrx_word' id='word_1_286' title='bbox 910 3787 963 3831; x_wconf 89' lang='lat' dir='ltr'><strong>et</strong></span> <span class='ocrx_word' id='word_1_287' title='bbox 995 3777 1270 3831; x_wconf 77' lang='lat' dir='ltr'><strong>veritatis?</strong></span> <span class='ocrx_word' id='word_1_288' title='bbox 1289 3778 1717 3849; x_wconf 77' lang='lat' dir='ltr'><strong>quattquuidem</strong></span> <span class='ocrx_word' id='word_1_289' title='bbox 1740 3787 1794 3833; x_wconf 90' lang='lat' dir='ltr'><strong>et</strong></span> <span class='ocrx_word' id='word_1_290' title='bbox 1820 3778 1936 3835; x_wconf 71' lang='lat' dir='ltr'><strong>haec</strong></span> 
     </span>
    </p>
   </div>
   <div class='ocr_carea' id='block_1_40' title="bbox 342 3868 1933 3939">
    <p class='ocr_par' dir='ltr' id='par_1_40' title="bbox 342 3868 1933 3939">
     <span class='ocr_line' id='line_1_40' title="bbox 342 3868 1933 3939; baseline 0 -16"><span class='ocrx_word' id='word_1_291' title='bbox 342 3886 529 3931; x_wconf 76' lang='lat' dir='ltr'><strong>arcam</strong></span> <span class='ocrx_word' id='word_1_292' title='bbox 574 3868 930 3924; x_wconf 68' lang='lat' dir='ltr'><strong>transferebat</strong></span> <span class='ocrx_word' id='word_1_293' title='bbox 984 3868 1141 3939; x_wconf 88' lang='lat' dir='ltr'><strong>longe</strong></span> <span class='ocrx_word' id='word_1_294' title='bbox 1193 3870 1619 3939; x_wconf 71' lang='lat' dir='ltr'><strong>przestantiorem</strong></span> <span class='ocrx_word' id='word_1_295' title='bbox 1654 3871 1741 3924; x_wconf 89' lang='lat' dir='ltr'><strong>illa</strong></span> <span class='ocrx_word' id='word_1_296' title='bbox 1776 3870 1933 3925; x_wconf 85' lang='lat' dir='ltr'><strong>Davi-</strong></span> 
     </span>
    </p>
   </div>
   <div class='ocr_carea' id='block_1_41' title="bbox 320 3961 1930 4034">
    <p class='ocr_par' dir='ltr' id='par_1_41' title="bbox 320 3961 1930 4034">
     <span class='ocr_line' id='line_1_41' title="bbox 320 3961 1930 4034; baseline 0.001 -18"><span class='ocrx_word' id='word_1_297' title='bbox 320 3967 432 4018; x_wconf 57' lang='lat' dir='ltr'><strong>liis</strong></span> <span class='ocrx_word' id='word_1_298' title='bbox 461 3979 607 4018; x_wconf 86' lang='lat' dir='ltr'><strong>arca.</strong></span> <span class='ocrx_word' id='word_1_299' title='bbox 656 3962 839 4034; x_wconf 82' lang='lat' dir='ltr'><strong>Neque</strong></span> <span class='ocrx_word' id='word_1_300' title='bbox 867 3963 1009 4018; x_wconf 90' lang='lat' dir='ltr'><strong>enim</strong></span> <span class='ocrx_word' id='word_1_301' title='bbox 1064 3961 1177 4017; x_wconf 69' lang='lat' dir='ltr'><strong>haec</strong></span> <span class='ocrx_word' id='word_1_302' title='bbox 1228 3962 1435 4017; x_wconf 87' lang='lat' dir='ltr'><strong>tabulas</strong></span> <span class='ocrx_word' id='word_1_303' title='bbox 1487 3961 1644 4018; x_wconf 85' lang='lat' dir='ltr'><strong>habet</strong></span> <span class='ocrx_word' id='word_1_304' title='bbox 1670 3962 1930 4032; x_wconf 83' lang='lat' dir='ltr'><strong>lapideas,</strong></span> 
     </span>
    </p>
   </div>
   <div class='ocr_carea' id='block_1_42' title="bbox 339 4054 1936 4126">
    <p class='ocr_par' dir='ltr' id='par_1_42' title="bbox 339 4054 1936 4126">
     <span class='ocr_line' id='line_1_42' title="bbox 339 4054 1936 4126; baseline -0.001 -14"><span class='ocrx_word' id='word_1_305' title='bbox 339 4057 443 4112; x_wconf 82' lang='lat' dir='ltr'><strong>sed</strong></span> <span class='ocrx_word' id='word_1_306' title='bbox 476 4055 681 4110; x_wconf 85' lang='lat' dir='ltr'><strong>tabulas</strong></span> <span class='ocrx_word' id='word_1_307' title='bbox 702 4056 1030 4126; x_wconf 83' lang='lat' dir='ltr'><strong>spirituales,</strong></span> <span class='ocrx_word' id='word_1_308' title='bbox 1049 4065 1103 4110; x_wconf 90' lang='lat' dir='ltr'><strong>et</strong></span> <span class='ocrx_word' id='word_1_309' title='bbox 1126 4056 1352 4126; x_wconf 81' lang='lat' dir='ltr'><strong>gratiam</strong></span> <span class='ocrx_word' id='word_1_310' title='bbox 1381 4054 1684 4119; x_wconf 87' lang='lat' dir='ltr'><strong>ﬂorentem,</strong></span> <span class='ocrx_word' id='word_1_311' title='bbox 1707 4055 1936 4111; x_wconf 84' lang='lat' dir='ltr'><strong>donum-</strong></span> 
     </span>
    </p>
   </div>
   <div class='ocr_carea' id='block_1_43' title="bbox 336 4146 1933 4224">
    <p class='ocr_par' dir='ltr' id='par_1_43' title="bbox 336 4146 1933 4224">
     <span class='ocr_line' id='line_1_43' title="bbox 336 4146 1933 4224; baseline 0 -22"><span class='ocrx_word' id='word_1_312' title='bbox 336 4166 451 4224; x_wconf 82' lang='lat' dir='ltr'><strong>que</strong></span> <span class='ocrx_word' id='word_1_313' title='bbox 484 4147 854 4218; x_wconf 85' lang='lat' dir='ltr'><strong>resplendens,</strong></span> <span class='ocrx_word' id='word_1_314' title='bbox 878 4158 933 4202; x_wconf 92' lang='lat' dir='ltr'><strong>et</strong></span> <span class='ocrx_word' id='word_1_315' title='bbox 952 4200 953 4203; x_wconf 42' lang='grc' dir='ltr'><strong>η</strong></span> <span class='ocrx_word' id='word_1_316' title='bbox 974 4162 1094 4202; x_wconf 83' lang='lat' dir='ltr'><strong>ossa</strong></span> <span class='ocrx_word' id='word_1_317' title='bbox 1141 4163 1263 4203; x_wconf 91' lang='lat' dir='ltr'><strong>cunt</strong></span> <span class='ocrx_word' id='word_1_318' title='bbox 1318 4148 1449 4218; x_wconf 87' lang='lat' dir='ltr'><strong>ipsis</strong></span> <span class='ocrx_word' id='word_1_319' title='bbox 1476 4146 1741 4204; x_wconf 86' lang='lat' dir='ltr'><strong>solaribus</strong></span> <span class='ocrx_word' id='word_1_320' title='bbox 1771 4147 1933 4202; x_wconf 83' lang='lat' dir='ltr'><strong>radiis</strong></span> 
     </span>
    </p>
   </div>
   <div class='ocr_carea' id='block_1_44' title="bbox 334 4239 1932 4312">
    <p class='ocr_par' dir='ltr' id='par_1_44' title="bbox 334 4239 1932 4312">
     <span class='ocr_line' id='line_1_44' title="bbox 334 4239 1932 4312; baseline -0.003 -15"><span class='ocrx_word' id='word_1_321' title='bbox 334 4244 556 4312; x_wconf 75' lang='lat' dir='ltr'><strong>fulgure</strong></span> <span class='ocrx_word' id='word_1_322' title='bbox 616 4242 941 4312; x_wconf 73' lang='lat' dir='ltr'><strong>pugnantia,</strong></span> <span class='ocrx_word' id='word_1_323' title='bbox 1002 4241 1110 4296; x_wconf 90' lang='lat' dir='ltr'><strong>imo</strong></span> <span class='ocrx_word' id='word_1_324' title='bbox 1164 4239 1582 4311; x_wconf 87' lang='lat' dir='ltr'><strong>splendidiorem</strong></span> <span class='ocrx_word' id='word_1_325' title='bbox 1633 4240 1932 4297; x_wconf 71' lang='lat' dir='ltr'><strong>eminentia</strong></span> 
     </span>
    </p>
   </div>
   <div class='ocr_carea' id='block_1_45' title="bbox 324 4331 1931 4402">
    <p class='ocr_par' dir='ltr' id='par_1_45' title="bbox 324 4331 1931 4402">
     <span class='ocr_line' id='line_1_45' title="bbox 324 4331 1931 4402; baseline -0.001 -14"><span class='ocrx_word' id='word_1_326' title='bbox 324 4333 632 4402; x_wconf 74' lang='lat' dir='ltr'><strong>fulgorem.</strong></span> <span class='ocrx_word' id='word_1_327' title='bbox 685 4332 925 4386; x_wconf 76' lang='lat' dir='ltr'><strong>Sularem</strong></span> <span class='ocrx_word' id='word_1_328' title='bbox 975 4346 1207 4401; x_wconf 84' lang='lat' dir='ltr'><strong>namque</strong></span> <span class='ocrx_word' id='word_1_329' title='bbox 1250 4331 1492 4386; x_wconf 85' lang='lat' dir='ltr'><strong>videntes</strong></span> <span class='ocrx_word' id='word_1_330' title='bbox 1536 4331 1741 4387; x_wconf 85' lang='lat' dir='ltr'><strong>radium</strong></span> <span class='ocrx_word' id='word_1_331' title='bbox 1800 4331 1931 4387; x_wconf 86' lang='lat' dir='ltr'><strong>nihil</strong></span> 
     </span>
    </p>
   </div>
   <div class='ocr_carea' id='block_1_46' title="bbox 322 4423 1930 4496">
    <p class='ocr_par' dir='ltr' id='par_1_46' title="bbox 322 4423 1930 4496">
     <span class='ocr_line' id='line_1_46' title="bbox 322 4423 1930 4496; baseline 0.004 -19"><span class='ocrx_word' id='word_1_332' title='bbox 322 4428 627 4496; x_wconf 65' lang='lat' dir='ltr'><strong>pariuntur</strong></span> <span class='ocrx_word' id='word_1_333' title='bbox 648 4425 951 4488; x_wconf 61' lang='lat' dir='ltr'><strong>daemones;</strong></span> <span class='ocrx_word' id='word_1_334' title='bbox 998 4423 1091 4479; x_wconf 88' lang='lat' dir='ltr'><strong>sed</strong></span> <span class='ocrx_word' id='word_1_335' title='bbox 1138 4423 1476 4492; x_wconf 87' lang='lat' dir='ltr'><strong>splendorem</strong></span> <span class='ocrx_word' id='word_1_336' title='bbox 1508 4423 1633 4480; x_wconf 87' lang='lat' dir='ltr'><strong>hinc</strong></span> <span class='ocrx_word' id='word_1_337' title='bbox 1675 4426 1930 4483; x_wconf 77' lang='lat' dir='ltr'><strong>exsilien-</strong></span> 
     </span>
    </p>
   </div>
   <div class='ocr_carea' id='block_1_47' title="bbox 318 4514 1932 4586">
    <p class='ocr_par' dir='ltr' id='par_1_47' title="bbox 318 4514 1932 4586">
     <span class='ocr_line' id='line_1_47' title="bbox 318 4514 1932 4586; baseline 0 -13"><span class='ocrx_word' id='word_1_338' title='bbox 318 4529 457 4573; x_wconf 31' lang='lat' dir='ltr'><strong>Item</strong></span> <span class='ocrx_word' id='word_1_339' title='bbox 491 4532 599 4571; x_wconf 93' lang='lat' dir='ltr'><strong>non</strong></span> <span class='ocrx_word' id='word_1_340' title='bbox 640 4516 871 4571; x_wconf 87' lang='lat' dir='ltr'><strong>ferentes</strong></span> <span class='ocrx_word' id='word_1_341' title='bbox 911 4522 1249 4568; x_wconf 66' lang='lat' dir='ltr'><strong>exeascautur</strong></span> <span class='ocrx_word' id='word_1_342' title='bbox 1275 4521 1329 4569; x_wconf 94' lang='lat' dir='ltr'><strong>et</strong></span> <span class='ocrx_word' id='word_1_343' title='bbox 1355 4514 1584 4581; x_wconf 78' lang='lat' dir='ltr'><strong>fugiunt,</strong></span> <span class='ocrx_word' id='word_1_344' title='bbox 1617 4528 1776 4585; x_wconf 89' lang='lat' dir='ltr'><strong>atque</strong></span> <span class='ocrx_word' id='word_1_345' title='bbox 1807 4533 1932 4586; x_wconf 62' lang='lat' dir='ltr'><strong>proo</strong></span> 
     </span>
    </p>
   </div>
   <div class='ocr_carea' id='block_1_48' title="bbox 338 4605 1932 4676">
    <p class='ocr_par' dir='ltr' id='par_1_48' title="bbox 338 4605 1932 4676">
     <span class='ocr_line' id='line_1_48' title="bbox 338 4605 1932 4676; baseline 0 -12"><span class='ocrx_word' id='word_1_346' title='bbox 338 4610 434 4664; x_wconf 86' lang='lat' dir='ltr'><strong>cul</strong></span> <span class='ocrx_word' id='word_1_347' title='bbox 458 4622 517 4664; x_wconf 80' lang='lat' dir='ltr'><strong>se</strong></span> <span class='ocrx_word' id='word_1_348' title='bbox 547 4607 809 4676; x_wconf 87' lang='lat' dir='ltr'><strong>recipiunt</strong></span> <span class='ocrx_word' id='word_1_349' title='bbox 836 4624 851 4661; x_wconf 86' lang='lat'><strong>:</strong></span> <span class='ocrx_word' id='word_1_350' title='bbox 886 4616 1025 4659; x_wconf 86' lang='lat' dir='ltr'><strong>tanta</strong></span> <span class='ocrx_word' id='word_1_351' title='bbox 1054 4605 1135 4659; x_wconf 88' lang='lat' dir='ltr'><strong>vis</strong></span> <span class='ocrx_word' id='word_1_352' title='bbox 1160 4606 1554 4665; x_wconf 84' lang='lat' dir='ltr'><strong>estvelciueris</strong></span> <span class='ocrx_word' id='word_1_353' title='bbox 1583 4618 1932 4667; x_wconf 84' lang='lat' dir='ltr'><strong>sanctorum:</strong></span> 
     </span>
    </p>
   </div>
   <div class='ocr_carea' id='block_1_49' title="bbox 339 4698 1929 4771">
    <p class='ocr_par' dir='ltr' id='par_1_49' title="bbox 339 4698 1929 4771">
     <span class='ocr_line' id='line_1_49' title="bbox 339 4698 1929 4771; baseline 0.003 -18"><span class='ocrx_word' id='word_1_354' title='bbox 339 4720 466 4771; x_wconf 64' lang='grc' dir='ltr'><strong>(μιν</strong></span> <span class='ocrx_word' id='word_1_355' title='bbox 497 4715 604 4755; x_wconf 89' lang='lat' dir='ltr'><strong>non</strong></span> <span class='ocrx_word' id='word_1_356' title='bbox 635 4710 837 4755; x_wconf 88' lang='lat' dir='ltr'><strong>tatttutn</strong></span> <span class='ocrx_word' id='word_1_357' title='bbox 873 4701 1014 4753; x_wconf 86' lang='lat' dir='ltr'><strong>intus</strong></span> <span class='ocrx_word' id='word_1_358' title='bbox 1044 4699 1094 4752; x_wconf 92' lang='lat' dir='ltr'><strong>in</strong></span> <span class='ocrx_word' id='word_1_359' title='bbox 1129 4698 1368 4768; x_wconf 84' lang='lat' dir='ltr'><strong>reliquiis</strong></span> <span class='ocrx_word' id='word_1_360' title='bbox 1388 4700 1487 4754; x_wconf 88' lang='lat' dir='ltr'><strong>sita</strong></span> <span class='ocrx_word' id='word_1_361' title='bbox 1511 4710 1614 4767; x_wconf 88' lang='lat' dir='ltr'><strong>est,</strong></span> <span class='ocrx_word' id='word_1_362' title='bbox 1645 4702 1737 4757; x_wconf 79' lang='lat' dir='ltr'><strong>sed</strong></span> <span class='ocrx_word' id='word_1_363' title='bbox 1769 4704 1929 4758; x_wconf 89' lang='lat' dir='ltr'><strong>etiam</strong></span> 
     </span>
    </p>
   </div>
   <div class='ocr_carea' id='block_1_50' title="bbox 338 4791 1932 4863">
    <p class='ocr_par' dir='ltr' id='par_1_50' title="bbox 338 4791 1932 4863">
     <span class='ocr_line' id='line_1_50' title="bbox 338 4791 1932 4863; baseline -0.008 -14"><span class='ocrx_word' id='word_1_364' title='bbox 338 4794 575 4850; x_wconf 87' lang='lat' dir='ltr'><strong>ulterius</strong></span> <span class='ocrx_word' id='word_1_365' title='bbox 621 4806 923 4863; x_wconf 75' lang='lat' dir='ltr'><strong>progressa.</strong></span> <span class='ocrx_word' id='word_1_366' title='bbox 959 4794 1191 4861; x_wconf 87' lang='lat' dir='ltr'><strong>itnpuras</strong></span> <span class='ocrx_word' id='word_1_367' title='bbox 1238 4791 1358 4845; x_wconf 88' lang='lat' dir='ltr'><strong>illas</strong></span> <span class='ocrx_word' id='word_1_368' title='bbox 1405 4802 1693 4862; x_wconf 82' lang='lat' dir='ltr'><strong>potestates</strong></span> <span class='ocrx_word' id='word_1_369' title='bbox 1744 4795 1932 4863; x_wconf 65' lang='lat' dir='ltr'><strong>dept-t.</strong></span> 
     </span>
    </p>
   </div>
   <div class='ocr_carea' id='block_1_51' title="bbox 341 4884 1932 4958">
    <p class='ocr_par' dir='ltr' id='par_1_51' title="bbox 341 4884 1932 4958">
     <span class='ocr_line' id='line_1_51' title="bbox 341 4884 1932 4958; baseline -0.002 -15"><span class='ocrx_word' id='word_1_370' title='bbox 341 4891 400 4943; x_wconf 89' lang='lat' dir='ltr'><strong>lit</strong></span> <span class='ocrx_word' id='word_1_371' title='bbox 429 4891 533 4958; x_wconf 79' lang='grc' dir='ltr'><strong>(α),</strong></span> <span class='ocrx_word' id='word_1_372' title='bbox 566 4898 613 4941; x_wconf 90' lang='lat' dir='ltr'><strong>et</strong></span> <span class='ocrx_word' id='word_1_373' title='bbox 637 4903 732 4941; x_wconf 86' lang='lat' dir='ltr'><strong>eos</strong></span> <span class='ocrx_word' id='word_1_374' title='bbox 758 4902 848 4955; x_wconf 87' lang='lat' dir='ltr'><strong>qut</strong></span> <span class='ocrx_word' id='word_1_375' title='bbox 872 4902 995 4940; x_wconf 90' lang='lat' dir='ltr'><strong>cum</strong></span> <span class='ocrx_word' id='word_1_376' title='bbox 1039 4886 1143 4940; x_wconf 79' lang='lat' dir='ltr'><strong>fide</strong></span> <span class='ocrx_word' id='word_1_377' title='bbox 1169 4884 1452 4949; x_wconf 88' lang='lat' dir='ltr'><strong>accedunt,</strong></span> <span class='ocrx_word' id='word_1_378' title='bbox 1498 4901 1618 4939; x_wconf 91' lang='lat' dir='ltr'><strong>cum</strong></span> <span class='ocrx_word' id='word_1_379' title='bbox 1665 4896 1932 4956; x_wconf 86' lang='lat' dir='ltr'><strong>potestate</strong></span> 
     </span>
    </p>
   </div>
   <div class='ocr_carea' id='block_1_52' title="bbox 342 4978 864 5033">
    <p class='ocr_par' dir='ltr' id='par_1_52' title="bbox 342 4978 864 5033">
     <span class='ocr_line' id='line_1_52' title="bbox 342 4978 864 5033; baseline -0.006 0"><span class='ocrx_word' id='word_1_380' title='bbox 342 4981 511 5033; x_wconf 84' lang='lat' dir='ltr'><strong>multa</strong></span> <span class='ocrx_word' id='word_1_381' title='bbox 544 4978 864 5031; x_wconf 81' lang='lat' dir='ltr'><strong>sanctificat.</strong></span> 
     </span>
    </p>
   </div>
   <div class='ocr_carea' id='block_1_53' title="bbox 416 5066 1929 5140">
    <p class='ocr_par' dir='ltr' id='par_1_53' title="bbox 416 5066 1929 5140">
     <span class='ocr_line' id='line_1_53' title="bbox 416 5066 1929 5140; baseline -0.001 -13"><span class='ocrx_word' id='word_1_382' title='bbox 416 5071 770 5140; x_wconf 73' lang='lat' dir='ltr'><strong>lnzprratrt&#39;cis</strong></span> <span class='ocrx_word' id='word_1_383' title='bbox 800 5080 981 5139; x_wconf 73' lang='lat' dir='ltr'><strong>pietas.</strong></span> <span class='ocrx_word' id='word_1_384' title='bbox 1010 5098 1081 5109; x_wconf 87' lang='lat'><strong>-—</strong></span> <span class='ocrx_word' id='word_1_385' title='bbox 1112 5066 1235 5122; x_wconf 89' lang='lat' dir='ltr'><strong>Ideo</strong></span> <span class='ocrx_word' id='word_1_386' title='bbox 1263 5067 1461 5123; x_wconf 86' lang='lat' dir='ltr'><strong>Christi</strong></span> <span class='ocrx_word' id='word_1_387' title='bbox 1484 5083 1668 5123; x_wconf 88' lang='lat' dir='ltr'><strong>amans</strong></span> <span class='ocrx_word' id='word_1_388' title='bbox 1690 5069 1929 5139; x_wconf 82' lang='lat' dir='ltr'><strong>Impera-</strong></span> 
     </span>
    </p>
   </div>
   <div class='ocr_carea' id='block_1_54' title="bbox 340 5160 1930 5233">
    <p class='ocr_par' dir='ltr' id='par_1_54' title="bbox 340 5160 1930 5233">
     <span class='ocr_line' id='line_1_54' title="bbox 340 5160 1930 5233; baseline -0.003 -12"><span class='ocrx_word' id='word_1_389' title='bbox 340 5166 450 5221; x_wconf 75' lang='lat' dir='ltr'><strong>trix</strong></span> <span class='ocrx_word' id='word_1_390' title='bbox 482 5166 731 5233; x_wconf 81' lang='lat' dir='ltr'><strong>reliquias</strong></span> <span class='ocrx_word' id='word_1_391' title='bbox 753 5166 1102 5232; x_wconf 78' lang='lat' dir='ltr'><strong>sequebatur,</strong></span> <span class='ocrx_word' id='word_1_392' title='bbox 1135 5161 1486 5229; x_wconf 83' lang='lat' dir='ltr'><strong>tangebatquc</strong></span> <span class='ocrx_word' id='word_1_393' title='bbox 1513 5160 1817 5233; x_wconf 87' lang='lat' dir='ltr'><strong>frequenter</strong></span> <span class='ocrx_word' id='word_1_394' title='bbox 1837 5163 1930 5218; x_wconf 85' lang='lat' dir='ltr'><strong>be-</strong></span> 
     </span>
    </p>
   </div>
   <div class='ocr_carea' id='block_1_55' title="bbox 342 5252 1928 5323">
    <p class='ocr_par' dir='ltr' id='par_1_55' title="bbox 342 5252 1928 5323">
     <span class='ocr_line' id='line_1_55' title="bbox 342 5252 1928 5323; baseline 0 -11"><span class='ocrx_word' id='word_1_395' title='bbox 342 5258 710 5313; x_wconf 86' lang='lat' dir='ltr'><strong>nedictionem</strong></span> <span class='ocrx_word' id='word_1_396' title='bbox 757 5255 858 5308; x_wconf 87' lang='lat' dir='ltr'><strong>sibi</strong></span> <span class='ocrx_word' id='word_1_397' title='bbox 887 5252 1182 5318; x_wconf 85' lang='lat' dir='ltr'><strong>attraheus,</strong></span> <span class='ocrx_word' id='word_1_398' title='bbox 1203 5263 1367 5322; x_wconf 87' lang='lat' dir='ltr'><strong>atque</strong></span> <span class='ocrx_word' id='word_1_399' title='bbox 1389 5252 1456 5306; x_wconf 90' lang='lat' dir='ltr'><strong>ad</strong></span> <span class='ocrx_word' id='word_1_400' title='bbox 1488 5254 1765 5323; x_wconf 89' lang='lat' dir='ltr'><strong>pulchrum</strong></span> <span class='ocrx_word' id='word_1_401' title='bbox 1798 5256 1928 5311; x_wconf 90' lang='lat' dir='ltr'><strong>illttd</strong></span> 
     </span>
    </p>
   </div>
   <div class='ocr_carea' id='block_1_56' title="bbox 341 5346 1929 5421">
    <p class='ocr_par' dir='ltr' id='par_1_56' title="bbox 341 5346 1929 5421">
     <span class='ocr_line' id='line_1_56' title="bbox 341 5346 1929 5421; baseline -0.003 -15"><span class='ocrx_word' id='word_1_402' title='bbox 341 5351 729 5421; x_wconf 76' lang='lat' dir='ltr'><strong>spiritualeque</strong></span> <span class='ocrx_word' id='word_1_403' title='bbox 758 5346 1137 5403; x_wconf 84' lang='lat' dir='ltr'><strong>eunnnerrium</strong></span> <span class='ocrx_word' id='word_1_404' title='bbox 1162 5386 1179 5411; x_wconf 90' lang='lat'><strong>,</strong></span> <span class='ocrx_word' id='word_1_405' title='bbox 1207 5356 1417 5400; x_wconf 78' lang='lat' dir='ltr'><strong>ceteros</strong></span> <span class='ocrx_word' id='word_1_406' title='bbox 1447 5362 1635 5401; x_wconf 88' lang='lat' dir='ltr'><strong>omnes</strong></span> <span class='ocrx_word' id='word_1_407' title='bbox 1680 5348 1929 5402; x_wconf 84' lang='lat' dir='ltr'><strong>institue-</strong></span> 
     </span>
    </p>
   </div>
   <div class='ocr_carea' id='block_1_57' title="bbox 340 5439 1927 5512">
    <p class='ocr_par' dir='ltr' id='par_1_57' title="bbox 340 5439 1927 5512">
     <span class='ocr_line' id='line_1_57' title="bbox 340 5439 1927 5512; baseline -0.003 -12"><span class='ocrx_word' id='word_1_408' title='bbox 340 5446 436 5501; x_wconf 86' lang='lat' dir='ltr'><strong>bat</strong></span> <span class='ocrx_word' id='word_1_409' title='bbox 465 5455 521 5500; x_wconf 89' lang='lat' dir='ltr'><strong>ct</strong></span> <span class='ocrx_word' id='word_1_410' title='bbox 552 5446 777 5498; x_wconf 86' lang='lat' dir='ltr'><strong>docebat</strong></span> <span class='ocrx_word' id='word_1_411' title='bbox 824 5453 881 5496; x_wconf 92' lang='lat' dir='ltr'><strong>ut</strong></span> <span class='ocrx_word' id='word_1_412' title='bbox 924 5458 989 5496; x_wconf 77' lang='lat' dir='ltr'><strong>ex</strong></span> <span class='ocrx_word' id='word_1_413' title='bbox 1035 5439 1134 5492; x_wconf 81' lang='lat' dir='ltr'><strong>itm:</strong></span> <span class='ocrx_word' id='word_1_414' title='bbox 1164 5439 1309 5493; x_wconf 90' lang='lat' dir='ltr'><strong>fonte</strong></span> <span class='ocrx_word' id='word_1_415' title='bbox 1342 5439 1648 5503; x_wconf 82' lang='lat' dir='ltr'><strong>haurirent,</strong></span> <span class='ocrx_word' id='word_1_416' title='bbox 1697 5456 1768 5497; x_wconf 78' lang='lat' dir='ltr'><strong>ex</strong></span> <span class='ocrx_word' id='word_1_417' title='bbox 1822 5457 1927 5512; x_wconf 84' lang='lat' dir='ltr'><strong>quo</strong></span> 
     </span>
    </p>
   </div>
   <div class='ocr_carea' id='block_1_58' title="bbox 337 5532 1920 5607">
    <p class='ocr_par' dir='ltr' id='par_1_58' title="bbox 337 5532 1920 5607">
     <span class='ocr_line' id='line_1_58' title="bbox 337 5532 1920 5607; baseline -0.004 -14"><span class='ocrx_word' id='word_1_418' title='bbox 337 5551 559 5607; x_wconf 70' lang='lat' dir='ltr'><strong>semper</strong></span> <span class='ocrx_word' id='word_1_419' title='bbox 588 5536 829 5590; x_wconf 87' lang='lat' dir='ltr'><strong>hauritur</strong></span> <span class='ocrx_word' id='word_1_420' title='bbox 859 5544 914 5589; x_wconf 90' lang='lat' dir='ltr'><strong>et</strong></span> <span class='ocrx_word' id='word_1_421' title='bbox 941 5548 1226 5603; x_wconf 85' lang='lat' dir='ltr'><strong>numquam</strong></span> <span class='ocrx_word' id='word_1_422' title='bbox 1260 5541 1565 5586; x_wconf 85' lang='lat' dir='ltr'><strong>evacuatur.</strong></span> <span class='ocrx_word' id='word_1_423' title='bbox 1598 5532 1745 5588; x_wconf 86' lang='lat' dir='ltr'><strong>Sicut</strong></span> <span class='ocrx_word' id='word_1_424' title='bbox 1776 5534 1920 5587; x_wconf 78' lang='lat' dir='ltr'><strong>enim</strong></span> 
     </span>
    </p>
   </div>
   <div class='ocr_carea' id='block_1_59' title="bbox 399 5710 1561 5771">
    <p class='ocr_par' dir='ltr' id='par_1_59' title="bbox 399 5710 1561 5771">
     <span class='ocr_line' id='line_1_59' title="bbox 399 5710 1561 5771; baseline -0.01 -1"><span class='ocrx_word' id='word_1_425' title='bbox 399 5719 481 5771; x_wconf 78' lang='lat' dir='ltr'><strong>(ai</strong></span> <span class='ocrx_word' id='word_1_426' title='bbox 508 5716 690 5768; x_wconf 80' lang='lat' dir='ltr'><strong>Similia</strong></span> <span class='ocrx_word' id='word_1_427' title='bbox 714 5716 936 5763; x_wconf 65' lang='lat' dir='ltr'><strong>dicuntur</strong></span> <span class='ocrx_word' id='word_1_428' title='bbox 962 5722 997 5762; x_wconf 85' lang='lat' dir='ltr'><strong>t.</strong></span> <span class='ocrx_word' id='word_1_429' title='bbox 1022 5713 1071 5761; x_wconf 69' lang='grc'><strong>2.</strong></span> <span class='ocrx_word' id='word_1_430' title='bbox 1094 5712 1185 5761; x_wconf 79' lang='lat' dir='ltr'><strong>col.</strong></span> <span class='ocrx_word' id='word_1_431' title='bbox 1213 5711 1293 5764; x_wconf 83' lang='lat'><strong>99.</strong></span> <span class='ocrx_word' id='word_1_432' title='bbox 1317 5710 1426 5768; x_wconf 78' lang='grc'><strong>617,</strong></span> <span class='ocrx_word' id='word_1_433' title='bbox 1452 5710 1561 5762; x_wconf 76' lang='grc'><strong>669.</strong></span> 
     </span>
    </p>
   </div>
   <div class='ocr_carea' id='block_1_60' title="bbox 674 5802 1377 5868">
    <p class='ocr_par' dir='ltr' id='par_1_60' title="bbox 674 5802 1377 5868">
     <span class='ocr_line' id='line_1_60' title="bbox 674 5802 1377 5868; baseline 0.011 -7"><span class='ocrx_word' id='word_1_434' title='bbox 674 5802 939 5866; x_wconf 68' lang='lat' dir='ltr'><strong>i‘srttoe.</strong></span> <span class='ocrx_word' id='word_1_435' title='bbox 984 5806 1101 5866; x_wconf 85' lang='lat' dir='ltr'><strong>Gn.</strong></span> <span class='ocrx_word' id='word_1_436' title='bbox 1159 5804 1377 5868; x_wconf 73' lang='lat' dir='ltr'><strong>LXIII.</strong></span> 
     </span>
    </p>
   </div>
   <div class='ocr_carea' id='block_1_61' title="bbox 1030 248 3026 322">
    <p class='ocr_par' dir='ltr' id='par_1_61' title="bbox 1030 248 3026 322">
     <span class='ocr_line' id='line_1_61' title="bbox 1030 248 3026 322; baseline 0.005 -20"><span class='ocrx_word' id='word_1_437' title='bbox 1030 248 1077 305; x_wconf 76' lang='lat' dir='ltr'><strong>if</strong></span> <span class='ocrx_word' id='word_1_438' title='bbox 1111 248 1618 316; x_wconf 69' lang='lat' dir='ltr'><strong>llOMlLIA,DiCTA</strong></span> <span class='ocrx_word' id='word_1_439' title='bbox 1660 248 2025 316; x_wconf 67' lang='lat' dir='ltr'><strong>POSTQUAM</strong></span> <span class='ocrx_word' id='word_1_440' title='bbox 2063 248 2414 319; x_wconf 71' lang='lat' dir='ltr'><strong>RELIQUIIE</strong></span> <span class='ocrx_word' id='word_1_441' title='bbox 2458 251 3026 322; x_wconf 71' lang='lat' dir='ltr'><strong>.\lARTYRU.\I,ETC.</strong></span> 
     </span>
    </p>
   </div>
   <div class='ocr_carea' id='block_1_62' title="bbox 3560 268 3659 324">
    <p class='ocr_par' dir='ltr' id='par_1_62' title="bbox 3560 268 3659 324">
     <span class='ocr_line' id='line_1_62' title="bbox 3560 268 3659 324; baseline 0.101 -11"><span class='ocrx_word' id='word_1_442' title='bbox 3560 269 3592 324; x_wconf 72' lang='lat' dir='ltr'><strong>.i</strong></span> <span class='ocrx_word' id='word_1_443' title='bbox 3598 268 3659 323; x_wconf 69' lang='grc' dir='ltr'><strong>τῦ</strong></span> 
     </span>
    </p>
   </div>
   <div class='ocr_carea' id='block_1_63' title="bbox 2084 356 3664 444">
    <p class='ocr_par' dir='ltr' id='par_1_63' title="bbox 2084 356 3664 444">
     <span class='ocr_line' id='line_1_63' title="bbox 2084 356 3664 444; baseline 0.015 -32"><span class='ocrx_word' id='word_1_444' title='bbox 2084 356 2305 413; x_wconf 86' lang='lat' dir='ltr'><strong>fontium</strong></span> <span class='ocrx_word' id='word_1_445' title='bbox 2356 358 2552 416; x_wconf 89' lang='lat' dir='ltr'><strong>ﬂuenta</strong></span> <span class='ocrx_word' id='word_1_446' title='bbox 2594 366 2893 419; x_wconf 89' lang='lat' dir='ltr'><strong>scaturiunt</strong></span> <span class='ocrx_word' id='word_1_447' title='bbox 2944 380 3045 422; x_wconf 88' lang='lat' dir='ltr'><strong>nec</strong></span> <span class='ocrx_word' id='word_1_448' title='bbox 3073 367 3211 423; x_wconf 82' lang='lat' dir='ltr'><strong>intra</strong></span> <span class='ocrx_word' id='word_1_449' title='bbox 3240 376 3485 444; x_wconf 82' lang='lat' dir='ltr'><strong>proprios</strong></span> <span class='ocrx_word' id='word_1_450' title='bbox 3512 392 3664 435; x_wconf 72' lang='lat' dir='ltr'><strong>smus</strong></span> 
     </span>
    </p>
   </div>
   <div class='ocr_carea' id='block_1_64' title="bbox 2076 451 3665 530">
    <p class='ocr_par' dir='ltr' id='par_1_64' title="bbox 2076 451 3665 530">
     <span class='ocr_line' id='line_1_64' title="bbox 2076 451 3665 530; baseline 0.014 -25"><span class='ocrx_word' id='word_1_451' title='bbox 2076 451 2439 516; x_wconf 87' lang='lat' dir='ltr'><strong>continentur.</strong></span> <span class='ocrx_word' id='word_1_452' title='bbox 2472 453 2567 511; x_wconf 83' lang='lat' dir='ltr'><strong>sed</strong></span> <span class='ocrx_word' id='word_1_453' title='bbox 2611 455 2885 511; x_wconf 77' lang='lat' dir='ltr'><strong>exundant</strong></span> <span class='ocrx_word' id='word_1_454' title='bbox 2927 467 2980 513; x_wconf 89' lang='lat' dir='ltr'><strong>et</strong></span> <span class='ocrx_word' id='word_1_455' title='bbox 3033 463 3460 530; x_wconf 83' lang='lat' dir='ltr'><strong>snpercfﬂnuut:</strong></span> <span class='ocrx_word' id='word_1_456' title='bbox 3493 471 3562 525; x_wconf 87' lang='lat' dir='ltr'><strong>ita</strong></span> <span class='ocrx_word' id='word_1_457' title='bbox 3608 485 3665 528; x_wconf 89' lang='lat' dir='ltr'><strong>et</strong></span> 
     </span>
    </p>
   </div>
   <div class='ocr_carea' id='block_1_65' title="bbox 2070 542 3664 618">
    <p class='ocr_par' dir='ltr' id='par_1_65' title="bbox 2070 542 3664 618">
     <span class='ocr_line' id='line_1_65' title="bbox 2070 542 3664 618; baseline 0.013 -21"><span class='ocrx_word' id='word_1_458' title='bbox 2070 542 2310 614; x_wconf 77' lang='lat' dir='ltr'><strong>Spiritus</strong></span> <span class='ocrx_word' id='word_1_459' title='bbox 2352 547 2545 616; x_wconf 88' lang='lat' dir='ltr'><strong>gratia,</strong></span> <span class='ocrx_word' id='word_1_460' title='bbox 2574 562 2693 618; x_wconf 76' lang='lat' dir='ltr'><strong>qua:</strong></span> <span class='ocrx_word' id='word_1_461' title='bbox 2736 549 2788 603; x_wconf 90' lang='lat' dir='ltr'><strong>in</strong></span> <span class='ocrx_word' id='word_1_462' title='bbox 2834 551 3043 605; x_wconf 87' lang='lat' dir='ltr'><strong>ossibus</strong></span> <span class='ocrx_word' id='word_1_463' title='bbox 3069 553 3266 610; x_wconf 86' lang='lat' dir='ltr'><strong>insidet</strong></span> <span class='ocrx_word' id='word_1_464' title='bbox 3294 572 3359 612; x_wconf 90' lang='lat' dir='ltr'><strong>ac</strong></span> <span class='ocrx_word' id='word_1_465' title='bbox 3385 574 3507 615; x_wconf 88' lang='lat' dir='ltr'><strong>cum</strong></span> <span class='ocrx_word' id='word_1_466' title='bbox 3532 578 3664 618; x_wconf 81' lang='lat' dir='ltr'><strong>san-</strong></span> 
     </span>
    </p>
   </div>
   <div class='ocr_carea' id='block_1_66' title="bbox 2074 633 3664 718">
    <p class='ocr_par' dir='ltr' id='par_1_66' title="bbox 2074 633 3664 718">
     <span class='ocr_line' id='line_1_66' title="bbox 2074 633 3664 718; baseline 0.013 -30"><span class='ocrx_word' id='word_1_467' title='bbox 2074 634 2175 689; x_wconf 91' lang='lat' dir='ltr'><strong>ctis</strong></span> <span class='ocrx_word' id='word_1_468' title='bbox 2206 633 2488 703; x_wconf 84' lang='lat' dir='ltr'><strong>inhabitat,</strong></span> <span class='ocrx_word' id='word_1_469' title='bbox 2536 647 2591 691; x_wconf 89' lang='lat' dir='ltr'><strong>et</strong></span> <span class='ocrx_word' id='word_1_470' title='bbox 2634 637 2687 691; x_wconf 89' lang='lat' dir='ltr'><strong>itt</strong></span> <span class='ocrx_word' id='word_1_471' title='bbox 2733 638 2867 695; x_wconf 89' lang='lat' dir='ltr'><strong>alios</strong></span> <span class='ocrx_word' id='word_1_472' title='bbox 2900 642 3241 711; x_wconf 84' lang='lat' dir='ltr'><strong>profunditur</strong></span> <span class='ocrx_word' id='word_1_473' title='bbox 3267 646 3357 718; x_wconf 89' lang='lat' dir='ltr'><strong>qui</strong></span> <span class='ocrx_word' id='word_1_474' title='bbox 3407 667 3525 703; x_wconf 87' lang='lat' dir='ltr'><strong>eum</strong></span> <span class='ocrx_word' id='word_1_475' title='bbox 3558 655 3664 710; x_wconf 84' lang='lat' dir='ltr'><strong>fide</strong></span> 
     </span>
    </p>
   </div>
   <div class='ocr_carea' id='block_1_67' title="bbox 2076 724 3661 813">
    <p class='ocr_par' dir='ltr' id='par_1_67' title="bbox 2076 724 3661 813">
     <span class='ocr_line' id='line_1_67' title="bbox 2076 724 3661 813; baseline 0.013 -35"><span class='ocrx_word' id='word_1_476' title='bbox 2076 724 2196 779; x_wconf 82' lang='lat' dir='ltr'><strong>illus</strong></span> <span class='ocrx_word' id='word_1_477' title='bbox 2226 736 2542 796; x_wconf 88' lang='lat' dir='ltr'><strong>sequuntur,</strong></span> <span class='ocrx_word' id='word_1_478' title='bbox 2566 737 2727 799; x_wconf 89' lang='lat' dir='ltr'><strong>atque</strong></span> <span class='ocrx_word' id='word_1_479' title='bbox 2754 730 2820 784; x_wconf 90' lang='lat' dir='ltr'><strong>ab</strong></span> <span class='ocrx_word' id='word_1_480' title='bbox 2849 735 3025 787; x_wconf 89' lang='lat' dir='ltr'><strong>anima</strong></span> <span class='ocrx_word' id='word_1_481' title='bbox 3056 738 3107 789; x_wconf 89' lang='lat' dir='ltr'><strong>itt</strong></span> <span class='ocrx_word' id='word_1_482' title='bbox 3148 751 3346 808; x_wconf 79' lang='lat' dir='ltr'><strong>corpus</strong></span> <span class='ocrx_word' id='word_1_483' title='bbox 3376 744 3661 813; x_wconf 79' lang='lat' dir='ltr'><strong>redundat,</strong></span> 
     </span>
    </p>
   </div>
   <div class='ocr_carea' id='block_1_68' title="bbox 2072 820 3661 901">
    <p class='ocr_par' dir='ltr' id='par_1_68' title="bbox 2072 820 3661 901">
     <span class='ocr_line' id='line_1_68' title="bbox 2072 820 3661 901; baseline 0.012 -28"><span class='ocrx_word' id='word_1_484' title='bbox 2072 826 2128 873; x_wconf 88' lang='lat' dir='ltr'><strong>ct</strong></span> <span class='ocrx_word' id='word_1_485' title='bbox 2155 833 2184 870; x_wconf 88' lang='lat' dir='ltr'><strong>a</strong></span> <span class='ocrx_word' id='word_1_486' title='bbox 2214 833 2443 888; x_wconf 88' lang='lat' dir='ltr'><strong>corpore</strong></span> <span class='ocrx_word' id='word_1_487' title='bbox 2468 820 2519 874; x_wconf 88' lang='lat' dir='ltr'><strong>itt</strong></span> <span class='ocrx_word' id='word_1_488' title='bbox 2550 822 2889 889; x_wconf 89' lang='lat' dir='ltr'><strong>vestimenta,</strong></span> <span class='ocrx_word' id='word_1_489' title='bbox 2921 840 2949 877; x_wconf 90' lang='lat' dir='ltr'><strong>a</strong></span> <span class='ocrx_word' id='word_1_490' title='bbox 2982 828 3316 885; x_wconf 84' lang='lat' dir='ltr'><strong>vestimentis</strong></span> <span class='ocrx_word' id='word_1_491' title='bbox 3343 832 3394 886; x_wconf 90' lang='lat' dir='ltr'><strong>in</strong></span> <span class='ocrx_word' id='word_1_492' title='bbox 3424 836 3661 901; x_wconf 84' lang='lat' dir='ltr'><strong>calceus,</strong></span> 
     </span>
    </p>
   </div>
   <div class='ocr_carea' id='block_1_69' title="bbox 2070 909 3657 1005">
    <p class='ocr_par' dir='ltr' id='par_1_69' title="bbox 2070 909 3657 1005">
     <span class='ocr_line' id='line_1_69' title="bbox 2070 909 3657 1005; baseline 0.013 -44"><span class='ocrx_word' id='word_1_493' title='bbox 2070 909 2317 964; x_wconf 85' lang='lat' dir='ltr'><strong>acalceis</strong></span> <span class='ocrx_word' id='word_1_494' title='bbox 2363 910 2414 964; x_wconf 90' lang='lat' dir='ltr'><strong>itt</strong></span> <span class='ocrx_word' id='word_1_495' title='bbox 2446 911 2665 967; x_wconf 88' lang='lat' dir='ltr'><strong>umbras</strong></span> <span class='ocrx_word' id='word_1_496' title='bbox 2712 916 2967 972; x_wconf 79' lang='lat' dir='ltr'><strong>excurrit.</strong></span> <span class='ocrx_word' id='word_1_497' title='bbox 3000 919 3229 991; x_wconf 86' lang='lat' dir='ltr'><strong>Ideoque</strong></span> <span class='ocrx_word' id='word_1_498' title='bbox 3278 940 3383 981; x_wconf 89' lang='lat' dir='ltr'><strong>non</strong></span> <span class='ocrx_word' id='word_1_499' title='bbox 3432 942 3657 1005; x_wconf 70' lang='lat' dir='ltr'><strong>corpora</strong></span> 
     </span>
    </p>
   </div>
   <div class='ocr_carea' id='block_1_70' title="bbox 2071 1007 3656 1084">
    <p class='ocr_par' dir='ltr' id='par_1_70' title="bbox 2071 1007 3656 1084">
     <span class='ocr_line' id='line_1_70' title="bbox 2071 1007 3656 1084; baseline 0.013 -31"><span class='ocrx_word' id='word_1_500' title='bbox 2071 1010 2277 1055; x_wconf 88' lang='lat' dir='ltr'><strong>tantuut</strong></span> <span class='ocrx_word' id='word_1_501' title='bbox 2334 1012 2642 1059; x_wconf 85' lang='lat' dir='ltr'><strong>sanctorum</strong></span> <span class='ocrx_word' id='word_1_502' title='bbox 2706 1007 3071 1075; x_wconf 76' lang='lat' dir='ltr'><strong>apostolorum</strong></span> <span class='ocrx_word' id='word_1_503' title='bbox 3154 1028 3495 1084; x_wconf 85' lang='lat' dir='ltr'><strong>operantur,</strong></span> <span class='ocrx_word' id='word_1_504' title='bbox 3564 1022 3656 1078; x_wconf 78' lang='lat' dir='ltr'><strong>sed</strong></span> 
     </span>
    </p>
   </div>
   <div class='ocr_carea' id='block_1_71' title="bbox 2068 1093 3659 1179">
    <p class='ocr_par' dir='ltr' id='par_1_71' title="bbox 2068 1093 3659 1179">
     <span class='ocr_line' id='line_1_71' title="bbox 2068 1093 3659 1179; baseline 0.011 -32"><span class='ocrx_word' id='word_1_505' title='bbox 2068 1093 2229 1147; x_wconf 88' lang='lat' dir='ltr'><strong>etiam</strong></span> <span class='ocrx_word' id='word_1_506' title='bbox 2283 1094 2495 1149; x_wconf 74' lang='lat' dir='ltr'><strong>sudat-ia</strong></span> <span class='ocrx_word' id='word_1_507' title='bbox 2546 1107 2602 1150; x_wconf 91' lang='lat' dir='ltr'><strong>et</strong></span> <span class='ocrx_word' id='word_1_508' title='bbox 2638 1098 2967 1153; x_wconf 90' lang='lat' dir='ltr'><strong>senticinetia</strong></span> <span class='ocrx_word' id='word_1_509' title='bbox 3018 1102 3175 1171; x_wconf 72' lang='lat' dir='ltr'><strong>(Art.</strong></span> <span class='ocrx_word' id='word_1_510' title='bbox 3231 1106 3498 1179; x_wconf 71' lang='lat'><strong>19.12);</strong></span> <span class='ocrx_word' id='word_1_511' title='bbox 3551 1113 3659 1166; x_wconf 87' lang='lat' dir='ltr'><strong>ituo</strong></span> 
     </span>
    </p>
   </div>
   <div class='ocr_carea' id='block_1_72' title="bbox 2069 1187 3660 1270">
    <p class='ocr_par' dir='ltr' id='par_1_72' title="bbox 2069 1187 3660 1270">
     <span class='ocr_line' id='line_1_72' title="bbox 2069 1187 3660 1270; baseline 0.013 -33"><span class='ocrx_word' id='word_1_512' title='bbox 2069 1187 2274 1240; x_wconf 70' lang='lat' dir='ltr'><strong>umbra:</strong></span> <span class='ocrx_word' id='word_1_513' title='bbox 2328 1187 2470 1242; x_wconf 86' lang='lat' dir='ltr'><strong>Petri</strong></span> <span class='ocrx_word' id='word_1_514' title='bbox 2518 1188 2647 1258; x_wconf 88' lang='lat' dir='ltr'><strong>ipsis</strong></span> <span class='ocrx_word' id='word_1_515' title='bbox 2693 1192 2993 1249; x_wconf 76' lang='lat' dir='ltr'><strong>viventibus</strong></span> <span class='ocrx_word' id='word_1_516' title='bbox 3043 1197 3246 1266; x_wconf 80' lang='lat' dir='ltr'><strong>majora</strong></span> <span class='ocrx_word' id='word_1_517' title='bbox 3296 1206 3660 1270; x_wconf 79' lang='lat' dir='ltr'><strong>cperabantnr</strong></span> 
     </span>
    </p>
   </div>
   <div class='ocr_carea' id='block_1_73' title="bbox 2067 1276 3657 1363">
    <p class='ocr_par' dir='ltr' id='par_1_73' title="bbox 2067 1276 3657 1363">
     <span class='ocr_line' id='line_1_73' title="bbox 2067 1276 3657 1363; baseline 0.014 -34"><span class='ocrx_word' id='word_1_518' title='bbox 2067 1276 2208 1347; x_wconf 78' lang='lat' dir='ltr'><strong>(ict.</strong></span> <span class='ocrx_word' id='word_1_519' title='bbox 2226 1277 2405 1349; x_wconf 69' lang='lat'><strong>5.15).</strong></span> <span class='ocrx_word' id='word_1_520' title='bbox 2428 1278 2622 1336; x_wconf 81' lang='lat' dir='ltr'><strong>Melete</strong></span> <span class='ocrx_word' id='word_1_521' title='bbox 2657 1298 2872 1353; x_wconf 88' lang='lat' dir='ltr'><strong>quoque</strong></span> <span class='ocrx_word' id='word_1_522' title='bbox 2914 1286 3107 1354; x_wconf 90' lang='lat' dir='ltr'><strong>injecta</strong></span> <span class='ocrx_word' id='word_1_523' title='bbox 3139 1303 3298 1360; x_wconf 90' lang='lat' dir='ltr'><strong>supra</strong></span> <span class='ocrx_word' id='word_1_524' title='bbox 3326 1307 3521 1363; x_wconf 76' lang='lat' dir='ltr'><strong>eurpus</strong></span> <span class='ocrx_word' id='word_1_525' title='bbox 3556 1298 3657 1352; x_wconf 72' lang='lat' dir='ltr'><strong>lili-</strong></span> 
     </span>
    </p>
   </div>
   <div class='ocr_carea' id='block_1_74' title="bbox 2065 1370 3653 1463">
    <p class='ocr_par' dir='ltr' id='par_1_74' title="bbox 2065 1370 3653 1463">
     <span class='ocr_line' id='line_1_74' title="bbox 2065 1370 3653 1463; baseline 0.015 -39"><span class='ocrx_word' id='word_1_526' title='bbox 2065 1370 2180 1435; x_wconf 80' lang='lat' dir='ltr'><strong>sti,</strong></span> <span class='ocrx_word' id='word_1_527' title='bbox 2213 1371 2478 1442; x_wconf 88' lang='lat' dir='ltr'><strong>duplicem</strong></span> <span class='ocrx_word' id='word_1_528' title='bbox 2509 1374 2605 1444; x_wconf 90' lang='lat' dir='ltr'><strong>ipsi</strong></span> <span class='ocrx_word' id='word_1_529' title='bbox 2636 1377 2860 1446; x_wconf 78' lang='lat' dir='ltr'><strong>gratiam</strong></span> <span class='ocrx_word' id='word_1_530' title='bbox 2894 1379 3101 1437; x_wconf 75' lang='lat' dir='ltr'><strong>induxit</strong></span> <span class='ocrx_word' id='word_1_531' title='bbox 3129 1383 3207 1455; x_wconf 78' lang='grc'><strong>(3.</strong></span> <span class='ocrx_word' id='word_1_532' title='bbox 3234 1384 3360 1458; x_wconf 76' lang='lat' dir='ltr'><strong>Reg.</strong></span> <span class='ocrx_word' id='word_1_533' title='bbox 3398 1389 3484 1443; x_wconf 67' lang='lat' dir='ltr'><strong>it).</strong></span> <span class='ocrx_word' id='word_1_534' title='bbox 3522 1392 3609 1463; x_wconf 74' lang='grc'><strong>19)</strong></span> <span class='ocrx_word' id='word_1_535' title='bbox 3632 1410 3653 1448; x_wconf 77' lang='lat' dir='ltr'><strong>z</strong></span> 
     </span>
    </p>
   </div>
   <div class='ocr_carea' id='block_1_75' title="bbox 2066 1464 3652 1538">
    <p class='ocr_par' dir='ltr' id='par_1_75' title="bbox 2066 1464 3652 1538">
     <span class='ocr_line' id='line_1_75' title="bbox 2066 1464 3652 1538; baseline 0.015 -25"><span class='ocrx_word' id='word_1_536' title='bbox 2066 1476 2170 1514; x_wconf 90' lang='lat' dir='ltr'><strong>non</strong></span> <span class='ocrx_word' id='word_1_537' title='bbox 2210 1464 2351 1519; x_wconf 90' lang='lat' dir='ltr'><strong>enim</strong></span> <span class='ocrx_word' id='word_1_538' title='bbox 2395 1479 2591 1534; x_wconf 87' lang='lat' dir='ltr'><strong>corpus</strong></span> <span class='ocrx_word' id='word_1_539' title='bbox 2634 1466 2812 1522; x_wconf 70' lang='lat' dir='ltr'><strong>Elismi</strong></span> <span class='ocrx_word' id='word_1_540' title='bbox 2860 1478 3086 1538; x_wconf 86' lang='lat' dir='ltr'><strong>tantum,</strong></span> <span class='ocrx_word' id='word_1_541' title='bbox 3140 1475 3234 1529; x_wconf 88' lang='lat' dir='ltr'><strong>sed</strong></span> <span class='ocrx_word' id='word_1_542' title='bbox 3284 1479 3446 1534; x_wconf 87' lang='lat' dir='ltr'><strong>etiam</strong></span> <span class='ocrx_word' id='word_1_543' title='bbox 3489 1486 3652 1536; x_wconf 83' lang='lat' dir='ltr'><strong>vesti-</strong></span> 
     </span>
    </p>
   </div>
   <div class='ocr_carea' id='block_1_76' title="bbox 2064 1552 3654 1639">
    <p class='ocr_par' dir='ltr' id='par_1_76' title="bbox 2064 1552 3654 1639">
     <span class='ocr_line' id='line_1_76' title="bbox 2064 1552 3654 1639; baseline 0.013 -32"><span class='ocrx_word' id='word_1_544' title='bbox 2064 1562 2301 1607; x_wconf 80' lang='lat' dir='ltr'><strong>tnentnm</strong></span> <span class='ocrx_word' id='word_1_545' title='bbox 2333 1552 2463 1610; x_wconf 87' lang='lat' dir='ltr'><strong>illud</strong></span> <span class='ocrx_word' id='word_1_546' title='bbox 2492 1556 2707 1625; x_wconf 87' lang='lat' dir='ltr'><strong>plettttttt</strong></span> <span class='ocrx_word' id='word_1_547' title='bbox 2754 1562 2923 1629; x_wconf 81' lang='lat' dir='ltr'><strong>gratia</strong></span> <span class='ocrx_word' id='word_1_548' title='bbox 2971 1574 3104 1618; x_wconf 87' lang='lat' dir='ltr'><strong>erat.</strong></span> <span class='ocrx_word' id='word_1_549' title='bbox 3136 1564 3371 1639; x_wconf 85' lang='lat' dir='ltr'><strong>Ideoque</strong></span> <span class='ocrx_word' id='word_1_550' title='bbox 3399 1572 3450 1626; x_wconf 89' lang='lat' dir='ltr'><strong>itt</strong></span> <span class='ocrx_word' id='word_1_551' title='bbox 3482 1575 3654 1630; x_wconf 84' lang='lat' dir='ltr'><strong>tribus</strong></span> 
     </span>
    </p>
   </div>
   <div class='ocr_carea' id='block_1_77' title="bbox 2064 1647 3648 1733">
    <p class='ocr_par' dir='ltr' id='par_1_77' title="bbox 2064 1647 3648 1733">
     <span class='ocr_line' id='line_1_77' title="bbox 2064 1647 3648 1733; baseline 0.014 -36"><span class='ocrx_word' id='word_1_552' title='bbox 2064 1647 2245 1715; x_wconf 86' lang='lat' dir='ltr'><strong>pueris</strong></span> <span class='ocrx_word' id='word_1_553' title='bbox 2291 1648 2521 1704; x_wconf 75' lang='lat' dir='ltr'><strong>ﬂamma:</strong></span> <span class='ocrx_word' id='word_1_554' title='bbox 2550 1661 2737 1705; x_wconf 86' lang='lat' dir='ltr'><strong>natura</strong></span> <span class='ocrx_word' id='word_1_555' title='bbox 2770 1669 2874 1707; x_wconf 87' lang='lat' dir='ltr'><strong>non</strong></span> <span class='ocrx_word' id='word_1_556' title='bbox 2905 1656 3082 1715; x_wconf 87' lang='lat' dir='ltr'><strong>solum</strong></span> <span class='ocrx_word' id='word_1_557' title='bbox 3110 1659 3255 1728; x_wconf 90' lang='lat' dir='ltr'><strong>ipsos</strong></span> <span class='ocrx_word' id='word_1_558' title='bbox 3282 1666 3511 1720; x_wconf 74' lang='lat' dir='ltr'><strong>reverita</strong></span> <span class='ocrx_word' id='word_1_559' title='bbox 3543 1678 3648 1733; x_wconf 69' lang='lat' dir='ltr'><strong>est,</strong></span> 
     </span>
    </p>
   </div>
   <div class='ocr_carea' id='block_1_78' title="bbox 2060 1737 3649 1817">
    <p class='ocr_par' dir='ltr' id='par_1_78' title="bbox 2060 1737 3649 1817">
     <span class='ocr_line' id='line_1_78' title="bbox 2060 1737 3649 1817; baseline 0.013 -25"><span class='ocrx_word' id='word_1_560' title='bbox 2060 1737 2153 1792; x_wconf 69' lang='lat' dir='ltr'><strong>sed</strong></span> <span class='ocrx_word' id='word_1_561' title='bbox 2182 1739 2341 1793; x_wconf 86' lang='lat' dir='ltr'><strong>etiam</strong></span> <span class='ocrx_word' id='word_1_562' title='bbox 2372 1740 2606 1811; x_wconf 85' lang='lat' dir='ltr'><strong>ipsorum</strong></span> <span class='ocrx_word' id='word_1_563' title='bbox 2634 1743 2845 1799; x_wconf 81' lang='lat' dir='ltr'><strong>calceos</strong></span> <span class='ocrx_word' id='word_1_564' title='bbox 2868 1744 3027 1813; x_wconf 77' lang='lat' dir='ltr'><strong>(Dan.</strong></span> <span class='ocrx_word' id='word_1_565' title='bbox 3068 1749 3101 1804; x_wconf 82' lang='grc'><strong>5</strong></span> <span class='ocrx_word' id='word_1_566' title='bbox 3149 1748 3265 1817; x_wconf 68' lang='grc' dir='ltr'><strong>ΣΝ).</strong></span> <span class='ocrx_word' id='word_1_567' title='bbox 3306 1751 3370 1808; x_wconf 84' lang='grc' dir='ltr'><strong>Ει</strong></span> <span class='ocrx_word' id='word_1_568' title='bbox 3400 1754 3649 1813; x_wconf 75' lang='lat' dir='ltr'><strong>Eli-.a-am</strong></span> 
     </span>
    </p>
   </div>
   <div class='ocr_carea' id='block_1_79' title="bbox 2058 1830 3651 1920">
    <p class='ocr_par' dir='ltr' id='par_1_79' title="bbox 2058 1830 3651 1920">
     <span class='ocr_line' id='line_1_79' title="bbox 2058 1830 3651 1920; baseline 0.014 -36"><span class='ocrx_word' id='word_1_569' title='bbox 2058 1847 2233 1899; x_wconf 87' lang='lat' dir='ltr'><strong>neque</strong></span> <span class='ocrx_word' id='word_1_570' title='bbox 2276 1843 2543 1891; x_wconf 89' lang='lat' dir='ltr'><strong>mortuum</strong></span> <span class='ocrx_word' id='word_1_571' title='bbox 2588 1834 2670 1891; x_wconf 87' lang='lat' dir='ltr'><strong>vis</strong></span> <span class='ocrx_word' id='word_1_572' title='bbox 2714 1837 2801 1893; x_wconf 86' lang='lat' dir='ltr'><strong>illa</strong></span> <span class='ocrx_word' id='word_1_573' title='bbox 2850 1838 3091 1895; x_wconf 91' lang='lat' dir='ltr'><strong>deseruit</strong></span> <span class='ocrx_word' id='word_1_574' title='bbox 3128 1860 3141 1898; x_wconf 93' lang='lat'>:</span> <span class='ocrx_word' id='word_1_575' title='bbox 3176 1843 3402 1913; x_wconf 88' lang='lat' dir='ltr'><strong>injectus</strong></span> <span class='ocrx_word' id='word_1_576' title='bbox 3451 1830 3651 1920; x_wconf 84' lang='lat' dir='ltr'><strong>quippe</strong></span> 
     </span>
    </p>
   </div>
   <div class='ocr_carea' id='block_1_80' title="bbox 2060 1923 3648 2001">
    <p class='ocr_par' dir='ltr' id='par_1_80' title="bbox 2060 1923 3648 2001">
     <span class='ocr_line' id='line_1_80' title="bbox 2060 1923 3648 2001; baseline 0.014 -27"><span class='ocrx_word' id='word_1_577' title='bbox 2060 1932 2303 1975; x_wconf 87' lang='lat' dir='ltr'><strong>mortuus</strong></span> <span class='ocrx_word' id='word_1_578' title='bbox 2343 1923 2393 1976; x_wconf 90' lang='lat' dir='ltr'><strong>itt</strong></span> <span class='ocrx_word' id='word_1_579' title='bbox 2442 1924 2744 1994; x_wconf 87' lang='lat' dir='ltr'><strong>sepulcrum</strong></span> <span class='ocrx_word' id='word_1_580' title='bbox 2791 1928 3085 1999; x_wconf 57' lang='lat' dir='ltr'><strong>prophetat,</strong></span> <span class='ocrx_word' id='word_1_581' title='bbox 3110 1946 3140 1985; x_wconf 90' lang='lat' dir='ltr'><strong>a</strong></span> <span class='ocrx_word' id='word_1_582' title='bbox 3170 1944 3347 1993; x_wconf 86' lang='lat' dir='ltr'><strong>morte</strong></span> <span class='ocrx_word' id='word_1_583' title='bbox 3388 1936 3648 2001; x_wconf 77' lang='lat' dir='ltr'><strong>liberatus</strong></span> 
     </span>
    </p>
   </div>
   <div class='ocr_carea' id='block_1_81' title="bbox 2057 2014 3638 2087">
    <p class='ocr_par' dir='ltr' id='par_1_81' title="bbox 2057 2014 3638 2087">
     <span class='ocr_line' id='line_1_81' title="bbox 2057 2014 3638 2087; baseline 0.012 -19"><span class='ocrx_word' id='word_1_584' title='bbox 2057 2020 2139 2068; x_wconf 88' lang='lat' dir='ltr'><strong>est</strong></span> <span class='ocrx_word' id='word_1_585' title='bbox 2173 2014 2250 2085; x_wconf 63' lang='grc'><strong>(4.</strong></span> <span class='ocrx_word' id='word_1_586' title='bbox 2280 2014 2408 2085; x_wconf 74' lang='lat' dir='ltr'><strong>lirg.</strong></span> <span class='ocrx_word' id='word_1_587' title='bbox 2448 2017 2528 2071; x_wconf 78' lang='lat' dir='ltr'><strong>l3.</strong></span> <span class='ocrx_word' id='word_1_588' title='bbox 2560 2017 2676 2087; x_wconf 72' lang='lat'><strong>21).</strong></span> <span class='ocrx_word' id='word_1_589' title='bbox 2710 2020 2799 2074; x_wconf 85' lang='lat' dir='ltr'><strong>Sic</strong></span> <span class='ocrx_word' id='word_1_590' title='bbox 2845 2031 2900 2075; x_wconf 87' lang='lat' dir='ltr'><strong>et</strong></span> <span class='ocrx_word' id='word_1_591' title='bbox 2944 2021 3103 2077; x_wconf 88' lang='lat' dir='ltr'><strong>hodie</strong></span> <span class='ocrx_word' id='word_1_592' title='bbox 3132 2024 3328 2081; x_wconf 82' lang='lat' dir='ltr'><strong>factum</strong></span> <span class='ocrx_word' id='word_1_593' title='bbox 3359 2039 3479 2085; x_wconf 87' lang='lat' dir='ltr'><strong>est:</strong></span> <span class='ocrx_word' id='word_1_594' title='bbox 3512 2032 3638 2087; x_wconf 88' lang='lat' dir='ltr'><strong>dunt</strong></span> 
     </span>
    </p>
   </div>
   <div class='ocr_carea' id='block_1_82' title="bbox 2056 2107 3659 2188">
    <p class='ocr_par' dir='ltr' id='par_1_82' title="bbox 2056 2107 3659 2188">
     <span class='ocr_line' id='line_1_82' title="bbox 2056 2107 3659 2188; baseline 0.011 -27"><span class='ocrx_word' id='word_1_595' title='bbox 2056 2107 2198 2161; x_wconf 90' lang='lat' dir='ltr'><strong>enim</strong></span> <span class='ocrx_word' id='word_1_596' title='bbox 2232 2108 2468 2177; x_wconf 73' lang='lat' dir='ltr'><strong>reliquiae</strong></span> <span class='ocrx_word' id='word_1_597' title='bbox 2497 2121 2853 2179; x_wconf 84' lang='lat' dir='ltr'><strong>gestarentur,</strong></span> <span class='ocrx_word' id='word_1_598' title='bbox 2884 2114 3189 2173; x_wconf 70' lang='lat' dir='ltr'><strong>dzemunum</strong></span> <span class='ocrx_word' id='word_1_599' title='bbox 3221 2121 3487 2188; x_wconf 87' lang='lat' dir='ltr'><strong>incendia,</strong></span> <span class='ocrx_word' id='word_1_600' title='bbox 3526 2124 3659 2181; x_wconf 54' lang='lat' dir='ltr'><strong>uin;</strong></span> 
     </span>
    </p>
   </div>
   <div class='ocr_carea' id='block_1_83' title="bbox 2058 2200 3642 2281">
    <p class='ocr_par' dir='ltr' id='par_1_83' title="bbox 2058 2200 3642 2281">
     <span class='ocr_line' id='line_1_83' title="bbox 2058 2200 3642 2281; baseline 0.012 -26"><span class='ocrx_word' id='word_1_601' title='bbox 2058 2200 2197 2255; x_wconf 88' lang='lat' dir='ltr'><strong>latus</strong></span> <span class='ocrx_word' id='word_1_602' title='bbox 2224 2211 2277 2255; x_wconf 91' lang='lat' dir='ltr'><strong>et</strong></span> <span class='ocrx_word' id='word_1_603' title='bbox 2302 2203 2711 2258; x_wconf 84' lang='lat' dir='ltr'><strong>lamentationes</strong></span> <span class='ocrx_word' id='word_1_604' title='bbox 2741 2207 2972 2278; x_wconf 90' lang='lat' dir='ltr'><strong>nudique</strong></span> <span class='ocrx_word' id='word_1_605' title='bbox 2998 2208 3325 2281; x_wconf 83' lang='lat' dir='ltr'><strong>ferebantur,</strong></span> <span class='ocrx_word' id='word_1_606' title='bbox 3358 2217 3642 2273; x_wconf 72' lang='lat' dir='ltr'><strong>exsilien&#39;e</strong></span> 
     </span>
    </p>
   </div>
   <div class='ocr_carea' id='block_1_84' title="bbox 2052 2293 3640 2381">
    <p class='ocr_par' dir='ltr' id='par_1_84' title="bbox 2052 2293 3640 2381">
     <span class='ocr_line' id='line_1_84' title="bbox 2052 2293 3640 2381; baseline 0.012 -34"><span class='ocrx_word' id='word_1_607' title='bbox 2052 2293 2254 2349; x_wconf 84' lang='lat' dir='ltr'><strong>ossium</strong></span> <span class='ocrx_word' id='word_1_608' title='bbox 2278 2294 2427 2349; x_wconf 88' lang='lat' dir='ltr'><strong>radio</strong></span> <span class='ocrx_word' id='word_1_609' title='bbox 2449 2308 2502 2351; x_wconf 90' lang='lat' dir='ltr'><strong>et</strong></span> <span class='ocrx_word' id='word_1_610' title='bbox 2531 2298 2954 2356; x_wconf 81' lang='lat' dir='ltr'><strong>adversariarutn</strong></span> <span class='ocrx_word' id='word_1_611' title='bbox 2985 2312 3304 2374; x_wconf 86' lang='lat' dir='ltr'><strong>potestatum</strong></span> <span class='ocrx_word' id='word_1_612' title='bbox 3324 2310 3640 2381; x_wconf 81' lang='lat' dir='ltr'><strong>phalangem</strong></span> 
     </span>
    </p>
   </div>
   <div class='ocr_carea' id='block_1_85' title="bbox 2052 2386 2402 2445">
    <p class='ocr_par' dir='ltr' id='par_1_85' title="bbox 2052 2386 2402 2445">
     <span class='ocr_line' id='line_1_85' title="bbox 2052 2386 2402 2445; baseline 0.011 -4"><span class='ocrx_word' id='word_1_613' title='bbox 2052 2386 2402 2445; x_wconf 84' lang='lat' dir='ltr'><strong>incendente.</strong></span> 
     </span>
    </p>
   </div>
   <div class='ocr_carea' id='block_1_86' title="bbox 2130 2484 3636 2564">
    <p class='ocr_par' dir='ltr' id='par_1_86' title="bbox 2130 2484 3636 2564">
     <span class='ocr_line' id='line_1_86' title="bbox 2130 2484 3636 2564; baseline 0.007 -25"><span class='ocrx_word' id='word_1_614' title='bbox 2130 2484 2186 2539; x_wconf 78' lang='lat'><strong>2.</strong></span> <span class='ocrx_word' id='word_1_615' title='bbox 2224 2484 2513 2555; x_wconf 79' lang='lat' dir='ltr'><strong>Propterea</strong></span> <span class='ocrx_word' id='word_1_616' title='bbox 2548 2489 2762 2543; x_wconf 79' lang='lat' dir='ltr'><strong>exsulto</strong></span> <span class='ocrx_word' id='word_1_617' title='bbox 2813 2498 2866 2545; x_wconf 89' lang='lat' dir='ltr'><strong>et</strong></span> <span class='ocrx_word' id='word_1_618' title='bbox 2913 2506 3023 2561; x_wconf 64' lang='lat' dir='ltr'><strong>prie</strong></span> <span class='ocrx_word' id='word_1_619' title='bbox 3071 2493 3349 2564; x_wconf 80' lang='lat' dir='ltr'><strong>voluptate</strong></span> <span class='ocrx_word' id='word_1_620' title='bbox 3402 2496 3636 2550; x_wconf 85' lang='lat' dir='ltr'><strong>volatum</strong></span> 
     </span>
    </p>
   </div>
   <div class='ocr_carea' id='block_1_87' title="bbox 2057 2573 3640 2657">
    <p class='ocr_par' dir='ltr' id='par_1_87' title="bbox 2057 2573 3640 2657">
     <span class='ocr_line' id='line_1_87' title="bbox 2057 2573 3640 2657; baseline 0.007 -25"><span class='ocrx_word' id='word_1_621' title='bbox 2057 2591 2282 2632; x_wconf 80' lang='lat' dir='ltr'><strong>assumo</strong></span> <span class='ocrx_word' id='word_1_622' title='bbox 2310 2579 2433 2648; x_wconf 86' lang='lat' dir='ltr'><strong>quia</strong></span> <span class='ocrx_word' id='word_1_623' title='bbox 2459 2580 2733 2636; x_wconf 89' lang='lat' dir='ltr'><strong>desertum</strong></span> <span class='ocrx_word' id='word_1_624' title='bbox 2775 2583 3051 2641; x_wconf 86' lang='lat' dir='ltr'><strong>civitatem</strong></span> <span class='ocrx_word' id='word_1_625' title='bbox 3092 2573 3371 2649; x_wconf 78' lang='lat' dir='ltr'><strong>eﬂ&#39;ecistis,</strong></span> <span class='ocrx_word' id='word_1_626' title='bbox 3397 2590 3523 2657; x_wconf 90' lang='lat' dir='ltr'><strong>quia</strong></span> <span class='ocrx_word' id='word_1_627' title='bbox 3554 2590 3640 2643; x_wconf 90' lang='lat' dir='ltr'><strong>di-</strong></span> 
     </span>
    </p>
   </div>
   <div class='ocr_carea' id='block_1_88' title="bbox 2060 2668 3639 2751">
    <p class='ocr_par' dir='ltr' id='par_1_88' title="bbox 2060 2668 3639 2751">
     <span class='ocr_line' id='line_1_88' title="bbox 2060 2668 3639 2751; baseline 0.009 -27"><span class='ocrx_word' id='word_1_628' title='bbox 2060 2668 2222 2724; x_wconf 80' lang='lat' dir='ltr'><strong>vitias</strong></span> <span class='ocrx_word' id='word_1_629' title='bbox 2262 2668 2517 2726; x_wconf 69' lang='lat' dir='ltr'><strong>Ecclesia:</strong></span> <span class='ocrx_word' id='word_1_630' title='bbox 2554 2672 2711 2727; x_wconf 88' lang='lat' dir='ltr'><strong>nobis</strong></span> <span class='ocrx_word' id='word_1_631' title='bbox 2755 2673 2915 2730; x_wconf 90' lang='lat' dir='ltr'><strong>hodie</strong></span> <span class='ocrx_word' id='word_1_632' title='bbox 2947 2675 3295 2735; x_wconf 77' lang='lat' dir='ltr'><strong>exhibuistis.</strong></span> <span class='ocrx_word' id='word_1_633' title='bbox 3332 2678 3472 2734; x_wconf 82' lang='lat' dir='ltr'><strong>Ecce</strong></span> <span class='ocrx_word' id='word_1_634' title='bbox 3503 2689 3639 2751; x_wconf 78' lang='lat' dir='ltr'><strong>quot</strong></span> 
     </span>
    </p>
   </div>
   <div class='ocr_carea' id='block_1_89' title="bbox 2058 2763 3635 2840">
    <p class='ocr_par' dir='ltr' id='par_1_89' title="bbox 2058 2763 3635 2840">
     <span class='ocr_line' id='line_1_89' title="bbox 2058 2763 3635 2840; baseline 0.009 -28"><span class='ocrx_word' id='word_1_635' title='bbox 2058 2774 2212 2824; x_wconf 87' lang='lat' dir='ltr'><strong>oves,</strong></span> <span class='ocrx_word' id='word_1_636' title='bbox 2242 2767 2297 2814; x_wconf 91' lang='lat' dir='ltr'><strong>et</strong></span> <span class='ocrx_word' id='word_1_637' title='bbox 2337 2776 2603 2830; x_wconf 85' lang='lat' dir='ltr'><strong>nusquam</strong></span> <span class='ocrx_word' id='word_1_638' title='bbox 2646 2763 2837 2833; x_wconf 88' lang='lat' dir='ltr'><strong>lupus;</strong></span> <span class='ocrx_word' id='word_1_639' title='bbox 2874 2774 3007 2834; x_wconf 89' lang='lat' dir='ltr'><strong>quot</strong></span> <span class='ocrx_word' id='word_1_640' title='bbox 3053 2767 3245 2830; x_wconf 63' lang='lat' dir='ltr'><strong>vinem.</strong></span> <span class='ocrx_word' id='word_1_641' title='bbox 3270 2777 3325 2823; x_wconf 89' lang='lat' dir='ltr'><strong>et</strong></span> <span class='ocrx_word' id='word_1_642' title='bbox 3364 2785 3635 2840; x_wconf 86' lang='lat' dir='ltr'><strong>nusquam</strong></span> 
     </span>
    </p>
   </div>
   <div class='ocr_carea' id='block_1_90' title="bbox 2056 2845 3638 2923">
    <p class='ocr_par' dir='ltr' id='par_1_90' title="bbox 2056 2845 3638 2923">
     <span class='ocr_line' id='line_1_90' title="bbox 2056 2845 3638 2923; baseline 0.01 -24"><span class='ocrx_word' id='word_1_643' title='bbox 2056 2845 2245 2915; x_wconf 84' lang='lat' dir='ltr'><strong>spina;</strong></span> <span class='ocrx_word' id='word_1_644' title='bbox 2293 2859 2425 2915; x_wconf 88' lang='lat' dir='ltr'><strong>quot</strong></span> <span class='ocrx_word' id='word_1_645' title='bbox 2464 2849 2650 2917; x_wconf 73' lang='lat' dir='ltr'><strong>spirat,</strong></span> <span class='ocrx_word' id='word_1_646' title='bbox 2702 2860 2755 2905; x_wconf 91' lang='lat' dir='ltr'><strong>et</strong></span> <span class='ocrx_word' id='word_1_647' title='bbox 2802 2869 3068 2923; x_wconf 83' lang='lat' dir='ltr'><strong>nusquam</strong></span> <span class='ocrx_word' id='word_1_648' title='bbox 3120 2857 3349 2915; x_wconf 85' lang='lat' dir='ltr'><strong>zizania.</strong></span> <span class='ocrx_word' id='word_1_649' title='bbox 3390 2858 3537 2914; x_wconf 82' lang='lat' dir='ltr'><strong>Mare</strong></span> <span class='ocrx_word' id='word_1_650' title='bbox 3567 2859 3638 2915; x_wconf 87' lang='lat' dir='ltr'><strong>ab</strong></span> 
     </span>
    </p>
   </div>
   <div class='ocr_carea' id='block_1_91' title="bbox 2060 2934 3636 3013">
    <p class='ocr_par' dir='ltr' id='par_1_91' title="bbox 2060 2934 3636 3013">
     <span class='ocr_line' id='line_1_91' title="bbox 2060 2934 3636 3013; baseline 0.008 -25"><span class='ocrx_word' id='word_1_651' title='bbox 2060 2934 2195 2990; x_wconf 85' lang='lat' dir='ltr'><strong>urbe</strong></span> <span class='ocrx_word' id='word_1_652' title='bbox 2221 2935 2295 2988; x_wconf 82' lang='lat' dir='ltr'><strong>ad</strong></span> <span class='ocrx_word' id='word_1_653' title='bbox 2332 2936 2476 2991; x_wconf 88' lang='lat' dir='ltr'><strong>hunc</strong></span> <span class='ocrx_word' id='word_1_654' title='bbox 2526 2954 2698 3007; x_wconf 87' lang='lat' dir='ltr'><strong>usqtte</strong></span> <span class='ocrx_word' id='word_1_655' title='bbox 2738 2940 2913 2995; x_wconf 85' lang='lat' dir='ltr'><strong>locum</strong></span> <span class='ocrx_word' id='word_1_656' title='bbox 2958 2954 3240 3000; x_wconf 75' lang='lat' dir='ltr'><strong>extensum</strong></span> <span class='ocrx_word' id='word_1_657' title='bbox 3276 2956 3386 3013; x_wconf 90' lang='lat' dir='ltr'><strong>est;</strong></span> <span class='ocrx_word' id='word_1_658' title='bbox 3420 2963 3569 3003; x_wconf 88' lang='lat' dir='ltr'><strong>mare</strong></span> <span class='ocrx_word' id='word_1_659' title='bbox 3605 2963 3636 3001; x_wconf 88' lang='lat' dir='ltr'><strong>a</strong></span> 
     </span>
    </p>
   </div>
   <div class='ocr_carea' id='block_1_92' title="bbox 2056 3027 3635 3108">
    <p class='ocr_par' dir='ltr' id='par_1_92' title="bbox 2056 3027 3635 3108">
     <span class='ocr_line' id='line_1_92' title="bbox 2056 3027 3635 3108; baseline 0.006 -26"><span class='ocrx_word' id='word_1_660' title='bbox 2056 3027 2318 3082; x_wconf 77' lang='lat' dir='ltr'><strong>fluctuum</strong></span> <span class='ocrx_word' id='word_1_661' title='bbox 2351 3031 2602 3097; x_wconf 88' lang='lat' dir='ltr'><strong>procellis</strong></span> <span class='ocrx_word' id='word_1_662' title='bbox 2636 3032 2895 3097; x_wconf 86' lang='lat' dir='ltr'><strong>liberum,</strong></span> <span class='ocrx_word' id='word_1_663' title='bbox 2930 3036 3275 3108; x_wconf 84' lang='lat' dir='ltr'><strong>naufragium</strong></span> <span class='ocrx_word' id='word_1_664' title='bbox 3311 3053 3415 3092; x_wconf 91' lang='lat' dir='ltr'><strong>non</strong></span> <span class='ocrx_word' id='word_1_665' title='bbox 3444 3038 3635 3106; x_wconf 83' lang='lat' dir='ltr'><strong>habet,</strong></span> 
     </span>
    </p>
   </div>
   <div class='ocr_carea' id='block_1_93' title="bbox 2056 3121 3633 3194">
    <p class='ocr_par' dir='ltr' id='par_1_93' title="bbox 2056 3121 3633 3194">
     <span class='ocr_line' id='line_1_93' title="bbox 2056 3121 3633 3194; baseline 0.01 -23"><span class='ocrx_word' id='word_1_666' title='bbox 2056 3132 2089 3171; x_wconf 89' lang='lat' dir='ltr'><strong>a</strong></span> <span class='ocrx_word' id='word_1_667' title='bbox 2131 3121 2371 3188; x_wconf 84' lang='lat' dir='ltr'><strong>scepulis</strong></span> <span class='ocrx_word' id='word_1_668' title='bbox 2409 3137 2637 3174; x_wconf 85' lang='lat' dir='ltr'><strong>vacuum</strong></span> <span class='ocrx_word' id='word_1_669' title='bbox 2680 3130 2788 3190; x_wconf 89' lang='lat' dir='ltr'><strong>est;</strong></span> <span class='ocrx_word' id='word_1_670' title='bbox 2832 3139 2983 3181; x_wconf 82' lang='lat' dir='ltr'><strong>mare</strong></span> <span class='ocrx_word' id='word_1_671' title='bbox 3019 3128 3168 3183; x_wconf 89' lang='lat' dir='ltr'><strong>omni</strong></span> <span class='ocrx_word' id='word_1_672' title='bbox 3204 3128 3363 3185; x_wconf 90' lang='lat' dir='ltr'><strong>melle</strong></span> <span class='ocrx_word' id='word_1_673' title='bbox 3394 3129 3633 3194; x_wconf 82' lang='lat' dir='ltr'><strong>dulcius.</strong></span> 
     </span>
    </p>
   </div>
   <div class='ocr_carea' id='block_1_94' title="bbox 2054 3210 3636 3291">
    <p class='ocr_par' dir='ltr' id='par_1_94' title="bbox 2054 3210 3636 3291">
     <span class='ocr_line' id='line_1_94' title="bbox 2054 3210 3636 3291; baseline 0.006 -27"><span class='ocrx_word' id='word_1_674' title='bbox 2054 3210 2231 3279; x_wconf 85' lang='lat' dir='ltr'><strong>magis</strong></span> <span class='ocrx_word' id='word_1_675' title='bbox 2264 3210 2501 3280; x_wconf 80' lang='lat' dir='ltr'><strong>potabile</strong></span> <span class='ocrx_word' id='word_1_676' title='bbox 2538 3227 2697 3282; x_wconf 87' lang='lat' dir='ltr'><strong>quant</strong></span> <span class='ocrx_word' id='word_1_677' title='bbox 2735 3228 2887 3285; x_wconf 65' lang='lat' dir='ltr'><strong>aqua:</strong></span> <span class='ocrx_word' id='word_1_678' title='bbox 2928 3218 3215 3285; x_wconf 84' lang='lat' dir='ltr'><strong>potabiles.</strong></span> <span class='ocrx_word' id='word_1_679' title='bbox 3246 3216 3434 3291; x_wconf 85' lang='lat' dir='ltr'><strong>Neque</strong></span> <span class='ocrx_word' id='word_1_680' title='bbox 3473 3220 3636 3275; x_wconf 82' lang='lat' dir='ltr'><strong>aber-</strong></span> 
     </span>
    </p>
   </div>
   <div class='ocr_carea' id='block_1_95' title="bbox 2046 3304 3629 3380">
    <p class='ocr_par' dir='ltr' id='par_1_95' title="bbox 2046 3304 3629 3380">
     <span class='ocr_line' id='line_1_95' title="bbox 2046 3304 3629 3380; baseline 0.004 -20"><span class='ocrx_word' id='word_1_681' title='bbox 2046 3304 2246 3360; x_wconf 82' lang='lat' dir='ltr'><strong>ravcrit</strong></span> <span class='ocrx_word' id='word_1_682' title='bbox 2270 3305 2359 3374; x_wconf 88' lang='lat' dir='ltr'><strong>qui</strong></span> <span class='ocrx_word' id='word_1_683' title='bbox 2401 3305 2503 3359; x_wconf 90' lang='lat' dir='ltr'><strong>hoc</strong></span> <span class='ocrx_word' id='word_1_684' title='bbox 2534 3320 2681 3360; x_wconf 89' lang='lat' dir='ltr'><strong>mare</strong></span> <span class='ocrx_word' id='word_1_685' title='bbox 2708 3306 2868 3360; x_wconf 91' lang='lat' dir='ltr'><strong>etiam</strong></span> <span class='ocrx_word' id='word_1_686' title='bbox 2896 3306 3115 3364; x_wconf 87' lang='lat' dir='ltr'><strong>ﬂuvium</strong></span> <span class='ocrx_word' id='word_1_687' title='bbox 3143 3309 3283 3380; x_wconf 88' lang='lat' dir='ltr'><strong>ignis</strong></span> <span class='ocrx_word' id='word_1_688' title='bbox 3312 3316 3585 3368; x_wconf 75' lang='lat' dir='ltr'><strong>Vocaverit</strong></span> <span class='ocrx_word' id='word_1_689' title='bbox 3615 3333 3629 3366; x_wconf 72' lang='grc' dir='ltr'>ε</span> 
     </span>
    </p>
   </div>
   <div class='ocr_carea' id='block_1_96' title="bbox 2044 3396 3634 3472">
    <p class='ocr_par' dir='ltr' id='par_1_96' title="bbox 2044 3396 3634 3472">
     <span class='ocr_line' id='line_1_96' title="bbox 2044 3396 3634 3472; baseline 0.008 -19"><span class='ocrx_word' id='word_1_690' title='bbox 2044 3398 2116 3453; x_wconf 87' lang='lat' dir='ltr'><strong>ita</strong></span> <span class='ocrx_word' id='word_1_691' title='bbox 2133 3411 2325 3467; x_wconf 90' lang='lat' dir='ltr'><strong>nempe</strong></span> <span class='ocrx_word' id='word_1_692' title='bbox 2342 3396 2618 3467; x_wconf 84' lang='lat' dir='ltr'><strong>lampades</strong></span> <span class='ocrx_word' id='word_1_693' title='bbox 2637 3413 2754 3467; x_wconf 77' lang='lat' dir='ltr'><strong>qua:</strong></span> <span class='ocrx_word' id='word_1_694' title='bbox 2772 3408 2933 3454; x_wconf 91' lang='lat' dir='ltr'><strong>noctu</strong></span> <span class='ocrx_word' id='word_1_695' title='bbox 2960 3400 3266 3472; x_wconf 82' lang='lat' dir='ltr'><strong>frequentes</strong></span> <span class='ocrx_word' id='word_1_696' title='bbox 3284 3418 3348 3458; x_wconf 90' lang='lat' dir='ltr'><strong>ac</strong></span> <span class='ocrx_word' id='word_1_697' title='bbox 3365 3405 3634 3465; x_wconf 69' lang='lat' dir='ltr'><strong>continuae</strong></span> 
     </span>
    </p>
   </div>
   <div class='ocr_carea' id='block_1_97' title="bbox 2040 3489 3634 3566">
    <p class='ocr_par' dir='ltr' id='par_1_97' title="bbox 2040 3489 3634 3566">
     <span class='ocr_line' id='line_1_97' title="bbox 2040 3489 3634 3566; baseline 0.006 -21"><span class='ocrx_word' id='word_1_698' title='bbox 2040 3489 2107 3545; x_wconf 87' lang='lat' dir='ltr'><strong>ad</strong></span> <span class='ocrx_word' id='word_1_699' title='bbox 2133 3503 2301 3559; x_wconf 92' lang='lat' dir='ltr'><strong>usque</strong></span> <span class='ocrx_word' id='word_1_700' title='bbox 2332 3489 2646 3561; x_wconf 87' lang='lat' dir='ltr'><strong>martyrium</strong></span> <span class='ocrx_word' id='word_1_701' title='bbox 2678 3489 2779 3545; x_wconf 93' lang='lat' dir='ltr'><strong>hoc</strong></span> <span class='ocrx_word' id='word_1_702' title='bbox 2808 3491 3140 3559; x_wconf 88' lang='lat' dir='ltr'><strong>ferebantur,</strong></span> <span class='ocrx_word' id='word_1_703' title='bbox 3156 3493 3302 3550; x_wconf 87' lang='lat' dir='ltr'><strong>ﬂuvii</strong></span> <span class='ocrx_word' id='word_1_704' title='bbox 3332 3496 3469 3566; x_wconf 88' lang='lat' dir='ltr'><strong>ignei</strong></span> <span class='ocrx_word' id='word_1_705' title='bbox 3500 3498 3634 3554; x_wconf 90' lang='lat' dir='ltr'><strong>ima-</strong></span> 
     </span>
    </p>
   </div>
   <div class='ocr_carea' id='block_1_98' title="bbox 2041 3581 3631 3660">
    <p class='ocr_par' dir='ltr' id='par_1_98' title="bbox 2041 3581 3631 3660">
     <span class='ocr_line' id='line_1_98' title="bbox 2041 3581 3631 3660; baseline 0.007 -25"><span class='ocrx_word' id='word_1_706' title='bbox 2041 3582 2221 3652; x_wconf 87' lang='lat' dir='ltr'><strong>ginem</strong></span> <span class='ocrx_word' id='word_1_707' title='bbox 2255 3581 2561 3637; x_wconf 89' lang='lat' dir='ltr'><strong>videntibus</strong></span> <span class='ocrx_word' id='word_1_708' title='bbox 2587 3583 2940 3640; x_wconf 79' lang='lat' dir='ltr'><strong>exhibebant.</strong></span> <span class='ocrx_word' id='word_1_709' title='bbox 2966 3585 3034 3645; x_wconf 83' lang='lat' dir='ltr'><strong>Et</strong></span> <span class='ocrx_word' id='word_1_710' title='bbox 3066 3588 3182 3643; x_wconf 81' lang='lat' dir='ltr'><strong>lta-c</strong></span> <span class='ocrx_word' id='word_1_711' title='bbox 3198 3589 3414 3660; x_wconf 86' lang='lat' dir='ltr'><strong>quidem</strong></span> <span class='ocrx_word' id='word_1_712' title='bbox 3434 3603 3631 3656; x_wconf 85' lang='lat' dir='ltr'><strong>noctu;</strong></span> 
     </span>
    </p>
   </div>
   <div class='ocr_carea' id='block_1_99' title="bbox 2028 3672 3631 3754">
    <p class='ocr_par' dir='ltr' id='par_1_99' title="bbox 2028 3672 3631 3754">
     <span class='ocr_line' id='line_1_99' title="bbox 2028 3672 3631 3754; baseline 0.006 -25"><span class='ocrx_word' id='word_1_713' title='bbox 2028 3672 2131 3729; x_wconf 88' lang='lat' dir='ltr'><strong>die</strong></span> <span class='ocrx_word' id='word_1_714' title='bbox 2155 3682 2336 3728; x_wconf 88' lang='lat' dir='ltr'><strong>autem</strong></span> <span class='ocrx_word' id='word_1_715' title='bbox 2362 3673 2709 3730; x_wconf 86' lang='lat' dir='ltr'><strong>illucescente</strong></span> <span class='ocrx_word' id='word_1_716' title='bbox 2729 3676 2850 3731; x_wconf 75' lang='lat' dir='ltr'><strong>alia:</strong></span> <span class='ocrx_word' id='word_1_717' title='bbox 2873 3692 3084 3732; x_wconf 91' lang='lat' dir='ltr'><strong>rursum</strong></span> <span class='ocrx_word' id='word_1_718' title='bbox 3116 3679 3388 3751; x_wconf 86' lang='lat' dir='ltr'><strong>lampades</strong></span> <span class='ocrx_word' id='word_1_719' title='bbox 3413 3685 3631 3754; x_wconf 82' lang='lat' dir='ltr'><strong>conspi-</strong></span> 
     </span>
    </p>
   </div>
   <div class='ocr_carea' id='block_1_100' title="bbox 2041 3765 3632 3844">
    <p class='ocr_par' dir='ltr' id='par_1_100' title="bbox 2041 3765 3632 3844">
     <span class='ocr_line' id='line_1_100' title="bbox 2041 3765 3632 3844; baseline 0.009 -24"><span class='ocrx_word' id='word_1_720' title='bbox 2041 3765 2323 3821; x_wconf 88' lang='lat' dir='ltr'><strong>ciebantur</strong></span> <span class='ocrx_word' id='word_1_721' title='bbox 2340 3782 2355 3820; x_wconf 88' lang='lat'><strong>:</strong></span> <span class='ocrx_word' id='word_1_722' title='bbox 2375 3767 2494 3822; x_wconf 90' lang='lat' dir='ltr'><strong>illas</strong></span> <span class='ocrx_word' id='word_1_723' title='bbox 2507 3769 2706 3838; x_wconf 89' lang='lat' dir='ltr'><strong>quippe</strong></span> <span class='ocrx_word' id='word_1_724' title='bbox 2732 3770 2810 3823; x_wconf 90' lang='lat' dir='ltr'><strong>sol</strong></span> <span class='ocrx_word' id='word_1_725' title='bbox 2843 3771 3025 3826; x_wconf 84' lang='lat' dir='ltr'><strong>oriens</strong></span> <span class='ocrx_word' id='word_1_726' title='bbox 3045 3772 3328 3844; x_wconf 82' lang='lat' dir='ltr'><strong>obtegebat</strong></span> <span class='ocrx_word' id='word_1_727' title='bbox 3354 3785 3408 3831; x_wconf 88' lang='lat' dir='ltr'><strong>et</strong></span> <span class='ocrx_word' id='word_1_728' title='bbox 3436 3777 3632 3834; x_wconf 88' lang='lat' dir='ltr'><strong>obscu-</strong></span> 
     </span>
    </p>
   </div>
   <div class='ocr_carea' id='block_1_101' title="bbox 2041 3859 3631 3938">
    <p class='ocr_par' dir='ltr' id='par_1_101' title="bbox 2041 3859 3631 3938">
     <span class='ocr_line' id='line_1_101' title="bbox 2041 3859 3631 3938; baseline 0.008 -24"><span class='ocrx_word' id='word_1_729' title='bbox 2041 3859 2214 3914; x_wconf 88' lang='lat' dir='ltr'><strong>riores</strong></span> <span class='ocrx_word' id='word_1_730' title='bbox 2235 3859 2530 3923; x_wconf 84' lang='lat' dir='ltr'><strong>reddebat;</strong></span> <span class='ocrx_word' id='word_1_731' title='bbox 2561 3862 2688 3916; x_wconf 88' lang='lat' dir='ltr'><strong>istas</strong></span> <span class='ocrx_word' id='word_1_732' title='bbox 2717 3878 2863 3928; x_wconf 83' lang='lat' dir='ltr'><strong>vero,</strong></span> <span class='ocrx_word' id='word_1_733' title='bbox 2884 3880 3003 3934; x_wconf 78' lang='lat' dir='ltr'><strong>qua:</strong></span> <span class='ocrx_word' id='word_1_734' title='bbox 3032 3867 3083 3919; x_wconf 90' lang='lat' dir='ltr'><strong>in</strong></span> <span class='ocrx_word' id='word_1_735' title='bbox 3115 3867 3451 3938; x_wconf 88' lang='lat' dir='ltr'><strong>singulorum</strong></span> <span class='ocrx_word' id='word_1_736' title='bbox 3484 3887 3631 3929; x_wconf 81' lang='lat' dir='ltr'><strong>uten-</strong></span> 
     </span>
    </p>
   </div>
   <div class='ocr_carea' id='block_1_102' title="bbox 2041 3950 3630 4037">
    <p class='ocr_par' dir='ltr' id='par_1_102' title="bbox 2041 3950 3630 4037">
     <span class='ocr_line' id='line_1_102' title="bbox 2041 3950 3630 4037; baseline 0.011 -33"><span class='ocrx_word' id='word_1_737' title='bbox 2041 3950 2185 4007; x_wconf 90' lang='lat' dir='ltr'><strong>tibus</strong></span> <span class='ocrx_word' id='word_1_738' title='bbox 2215 3950 2438 4021; x_wconf 85' lang='lat' dir='ltr'><strong>fulgent,</strong></span> <span class='ocrx_word' id='word_1_739' title='bbox 2469 3952 2702 4009; x_wconf 72' lang='lat' dir='ltr'><strong>laetiores</strong></span> <span class='ocrx_word' id='word_1_740' title='bbox 2720 3956 3044 4013; x_wconf 77' lang='lat' dir='ltr'><strong>Ostendebat</strong></span> <span class='ocrx_word' id='word_1_741' title='bbox 3072 3976 3085 4013; x_wconf 90' lang='lat'><strong>:</strong></span> <span class='ocrx_word' id='word_1_742' title='bbox 3117 3975 3240 4015; x_wconf 88' lang='lat' dir='ltr'><strong>nam</strong></span> <span class='ocrx_word' id='word_1_743' title='bbox 3273 3962 3397 4034; x_wconf 83' lang='lat' dir='ltr'><strong>igne</strong></span> <span class='ocrx_word' id='word_1_744' title='bbox 3425 3966 3514 4020; x_wconf 90' lang='lat' dir='ltr'><strong>illo</strong></span> <span class='ocrx_word' id='word_1_745' title='bbox 3540 3968 3630 4037; x_wconf 87' lang='lat' dir='ltr'><strong>qui</strong></span> 
     </span>
    </p>
   </div>
   <div class='ocr_carea' id='block_1_103' title="bbox 2039 4045 3629 4117">
    <p class='ocr_par' dir='ltr' id='par_1_103' title="bbox 2039 4045 3629 4117">
     <span class='ocr_line' id='line_1_103' title="bbox 2039 4045 3629 4117; baseline 0.011 -19"><span class='ocrx_word' id='word_1_746' title='bbox 2039 4053 2258 4113; x_wconf 87' lang='lat' dir='ltr'><strong>apparet</strong></span> <span class='ocrx_word' id='word_1_747' title='bbox 2283 4045 2562 4099; x_wconf 90' lang='lat' dir='ltr'><strong>ardentior</strong></span> <span class='ocrx_word' id='word_1_748' title='bbox 2580 4056 2697 4100; x_wconf 89' lang='lat' dir='ltr'><strong>erat</strong></span> <span class='ocrx_word' id='word_1_749' title='bbox 2714 4046 2802 4101; x_wconf 74' lang='lat' dir='ltr'><strong>ille</strong></span> <span class='ocrx_word' id='word_1_750' title='bbox 2818 4048 2908 4117; x_wconf 89' lang='lat' dir='ltr'><strong>qui</strong></span> <span class='ocrx_word' id='word_1_751' title='bbox 2933 4048 2985 4105; x_wconf 92' lang='lat' dir='ltr'><strong>in</strong></span> <span class='ocrx_word' id='word_1_752' title='bbox 3008 4049 3287 4109; x_wconf 87' lang='lat' dir='ltr'><strong>alacritate</strong></span> <span class='ocrx_word' id='word_1_753' title='bbox 3306 4065 3481 4111; x_wconf 84' lang='lat' dir='ltr'><strong>vestra</strong></span> <span class='ocrx_word' id='word_1_754' title='bbox 3499 4072 3629 4114; x_wconf 86' lang='lat' dir='ltr'><strong>cnn-</strong></span> 
     </span>
    </p>
   </div>
   <div class='ocr_carea' id='block_1_104' title="bbox 2039 4136 3632 4217">
    <p class='ocr_par' dir='ltr' id='par_1_104' title="bbox 2039 4136 3632 4217">
     <span class='ocr_line' id='line_1_104' title="bbox 2039 4136 3632 4217; baseline 0.009 -27"><span class='ocrx_word' id='word_1_755' title='bbox 2039 4136 2179 4191; x_wconf 79' lang='lat' dir='ltr'><strong>sistit</strong></span> <span class='ocrx_word' id='word_1_756' title='bbox 2195 4152 2207 4189; x_wconf 92' lang='lat'><strong>:</strong></span> <span class='ocrx_word' id='word_1_757' title='bbox 2222 4143 2279 4191; x_wconf 92' lang='lat' dir='ltr'><strong>et</strong></span> <span class='ocrx_word' id='word_1_758' title='bbox 2293 4137 2485 4207; x_wconf 82' lang='lat' dir='ltr'><strong>singuli</strong></span> <span class='ocrx_word' id='word_1_759' title='bbox 2498 4136 2767 4207; x_wconf 90' lang='lat' dir='ltr'><strong>duplicem</strong></span> <span class='ocrx_word' id='word_1_760' title='bbox 2784 4139 3088 4209; x_wconf 79' lang='lat' dir='ltr'><strong>lampadem</strong></span> <span class='ocrx_word' id='word_1_761' title='bbox 3104 4144 3405 4213; x_wconf 87' lang='lat' dir='ltr'><strong>gestabant,</strong></span> <span class='ocrx_word' id='word_1_762' title='bbox 3422 4148 3632 4217; x_wconf 81' lang='lat' dir='ltr'><strong>igneam</strong></span> 
     </span>
    </p>
   </div>
   <div class='ocr_carea' id='block_1_105' title="bbox 2042 4219 3633 4301">
    <p class='ocr_par' dir='ltr' id='par_1_105' title="bbox 2042 4219 3633 4301">
     <span class='ocr_line' id='line_1_105' title="bbox 2042 4219 3633 4301; baseline 0.009 -18"><span class='ocrx_word' id='word_1_763' title='bbox 2042 4228 2188 4283; x_wconf 90' lang='lat' dir='ltr'><strong>illam</strong></span> <span class='ocrx_word' id='word_1_764' title='bbox 2218 4237 2379 4285; x_wconf 88' lang='lat' dir='ltr'><strong>noctu</strong></span> <span class='ocrx_word' id='word_1_765' title='bbox 2400 4267 2419 4294; x_wconf 82' lang='lat'><strong>,</strong></span> <span class='ocrx_word' id='word_1_766' title='bbox 2449 4244 2566 4284; x_wconf 87' lang='lat' dir='ltr'><strong>eam</strong></span> <span class='ocrx_word' id='word_1_767' title='bbox 2601 4245 2730 4284; x_wconf 89' lang='lat' dir='ltr'><strong>vero</strong></span> <span class='ocrx_word' id='word_1_768' title='bbox 2755 4245 2874 4301; x_wconf 71' lang='lat' dir='ltr'><strong>qum</strong></span> <span class='ocrx_word' id='word_1_769' title='bbox 2903 4219 2968 4286; x_wconf 20' lang='lat' dir='ltr'><strong>in.</strong></span> <span class='ocrx_word' id='word_1_770' title='bbox 2986 4233 3266 4292; x_wconf 89' lang='lat' dir='ltr'><strong>alacritate</strong></span> <span class='ocrx_word' id='word_1_771' title='bbox 3294 4250 3469 4295; x_wconf 88' lang='lat' dir='ltr'><strong>vestra</strong></span> <span class='ocrx_word' id='word_1_772' title='bbox 3496 4243 3633 4297; x_wconf 82' lang='lat' dir='ltr'><strong>resi—</strong></span> 
     </span>
    </p>
   </div>
   <div class='ocr_carea' id='block_1_106' title="bbox 2040 4318 3625 4400">
    <p class='ocr_par' dir='ltr' id='par_1_106' title="bbox 2040 4318 3625 4400">
     <span class='ocr_line' id='line_1_106' title="bbox 2040 4318 3625 4400; baseline 0.01 -27"><span class='ocrx_word' id='word_1_773' title='bbox 2040 4318 2130 4374; x_wconf 88' lang='lat' dir='ltr'><strong>det</strong></span> <span class='ocrx_word' id='word_1_774' title='bbox 2168 4329 2225 4374; x_wconf 90' lang='lat' dir='ltr'><strong>et</strong></span> <span class='ocrx_word' id='word_1_775' title='bbox 2267 4328 2428 4374; x_wconf 83' lang='lat' dir='ltr'><strong>noctu</strong></span> <span class='ocrx_word' id='word_1_776' title='bbox 2475 4331 2530 4376; x_wconf 89' lang='lat' dir='ltr'><strong>et</strong></span> <span class='ocrx_word' id='word_1_777' title='bbox 2574 4322 2810 4378; x_wconf 91' lang='lat' dir='ltr'><strong>interdiu</strong></span> <span class='ocrx_word' id='word_1_778' title='bbox 2841 4342 2854 4378; x_wconf 89' lang='lat'><strong>:</strong></span> <span class='ocrx_word' id='word_1_779' title='bbox 2885 4324 2992 4379; x_wconf 91' lang='lat' dir='ltr'><strong>imo</strong></span> <span class='ocrx_word' id='word_1_780' title='bbox 3043 4341 3171 4381; x_wconf 89' lang='lat' dir='ltr'><strong>vero</strong></span> <span class='ocrx_word' id='word_1_781' title='bbox 3207 4344 3379 4400; x_wconf 90' lang='lat' dir='ltr'><strong>neque</strong></span> <span class='ocrx_word' id='word_1_782' title='bbox 3412 4345 3625 4397; x_wconf 87' lang='lat' dir='ltr'><strong>noctem</strong></span> 
     </span>
    </p>
   </div>
   <div class='ocr_carea' id='block_1_107' title="bbox 2040 4412 3630 4487">
    <p class='ocr_par' dir='ltr' id='par_1_107' title="bbox 2040 4412 3630 4487">
     <span class='ocr_line' id='line_1_107' title="bbox 2040 4412 3630 4487; baseline 0.009 -20"><span class='ocrx_word' id='word_1_783' title='bbox 2040 4412 2182 4467; x_wconf 89' lang='lat' dir='ltr'><strong>illam</strong></span> <span class='ocrx_word' id='word_1_784' title='bbox 2216 4426 2350 4467; x_wconf 76' lang='lat' dir='ltr'><strong>voco</strong></span> <span class='ocrx_word' id='word_1_785' title='bbox 2384 4430 2397 4463; x_wconf 87' lang='lat'>:</span> <span class='ocrx_word' id='word_1_786' title='bbox 2429 4427 2551 4467; x_wconf 90' lang='lat' dir='ltr'><strong>cum</strong></span> <span class='ocrx_word' id='word_1_787' title='bbox 2584 4412 2672 4469; x_wconf 87' lang='lat' dir='ltr'><strong>die</strong></span> <span class='ocrx_word' id='word_1_788' title='bbox 2708 4430 2939 4485; x_wconf 87' lang='lat' dir='ltr'><strong>namque</strong></span> <span class='ocrx_word' id='word_1_789' title='bbox 2965 4420 3332 4487; x_wconf 86' lang='lat' dir='ltr'><strong>concertabat,</strong></span> <span class='ocrx_word' id='word_1_790' title='bbox 3365 4422 3491 4478; x_wconf 88' lang='lat' dir='ltr'><strong>dttttt</strong></span> <span class='ocrx_word' id='word_1_791' title='bbox 3534 4442 3630 4481; x_wconf 87' lang='lat' dir='ltr'><strong>vos</strong></span> 
     </span>
    </p>
   </div>
   <div class='ocr_carea' id='block_1_108' title="bbox 2022 4502 3627 4575">
    <p class='ocr_par' dir='ltr' id='par_1_108' title="bbox 2022 4502 3627 4575">
     <span class='ocr_line' id='line_1_108' title="bbox 2022 4502 3627 4575; baseline 0.014 -22"><span class='ocrx_word' id='word_1_792' title='bbox 2022 4502 2175 4558; x_wconf 83' lang='lat' dir='ltr'><strong>lucis</strong></span> <span class='ocrx_word' id='word_1_793' title='bbox 2208 4504 2345 4557; x_wconf 80' lang='lat' dir='ltr'><strong>ﬁlios</strong></span> <span class='ocrx_word' id='word_1_794' title='bbox 2382 4504 2773 4571; x_wconf 87' lang='lat' dir='ltr'><strong>circumferret,</strong></span> <span class='ocrx_word' id='word_1_795' title='bbox 2809 4515 2866 4562; x_wconf 90' lang='lat' dir='ltr'><strong>et</strong></span> <span class='ocrx_word' id='word_1_796' title='bbox 2909 4508 3084 4565; x_wconf 85' lang='lat' dir='ltr'><strong>stellis</strong></span> <span class='ocrx_word' id='word_1_797' title='bbox 3114 4509 3410 4568; x_wconf 88' lang='lat' dir='ltr'><strong>innumeris</strong></span> <span class='ocrx_word' id='word_1_798' title='bbox 3438 4515 3627 4575; x_wconf 81' lang='lat' dir='ltr'><strong>lucife-</strong></span> 
     </span>
    </p>
   </div>
   <div class='ocr_carea' id='block_1_109' title="bbox 2014 4597 3626 4671">
    <p class='ocr_par' dir='ltr' id='par_1_109' title="bbox 2014 4597 3626 4671">
     <span class='ocr_line' id='line_1_109' title="bbox 2014 4597 3626 4671; baseline 0.01 -24"><span class='ocrx_word' id='word_1_799' title='bbox 2014 4612 2208 4667; x_wconf 88' lang='lat' dir='ltr'><strong>.roque</strong></span> <span class='ocrx_word' id='word_1_800' title='bbox 2230 4597 2629 4667; x_wconf 85' lang='lat' dir='ltr'><strong>splendidiores</strong></span> <span class='ocrx_word' id='word_1_801' title='bbox 2658 4600 2960 4658; x_wconf 74' lang='lat' dir='ltr'><strong>exhiberet.</strong></span> <span class='ocrx_word' id='word_1_802' title='bbox 2994 4602 3456 4670; x_wconf 87' lang='lat' dir='ltr'><strong>Quemadmodum</strong></span> <span class='ocrx_word' id='word_1_803' title='bbox 3481 4610 3626 4671; x_wconf 82' lang='lat' dir='ltr'><strong>enim</strong></span> 
     </span>
    </p>
   </div>
   <div class='ocr_carea' id='block_1_110' title="bbox 2034 4688 3627 4755">
    <p class='ocr_par' dir='ltr' id='par_1_110' title="bbox 2034 4688 3627 4755">
     <span class='ocr_line' id='line_1_110' title="bbox 2034 4688 3627 4755; baseline 0.008 -11"><span class='ocrx_word' id='word_1_804' title='bbox 2034 4688 2236 4745; x_wconf 85' lang='lat' dir='ltr'><strong>ebriosi</strong></span> <span class='ocrx_word' id='word_1_805' title='bbox 2283 4698 2494 4744; x_wconf 87' lang='lat' dir='ltr'><strong>noctem</strong></span> <span class='ocrx_word' id='word_1_806' title='bbox 2545 4691 2596 4744; x_wconf 92' lang='lat' dir='ltr'><strong>in</strong></span> <span class='ocrx_word' id='word_1_807' title='bbox 2647 4691 2790 4746; x_wconf 87' lang='lat' dir='ltr'><strong>diettt</strong></span> <span class='ocrx_word' id='word_1_808' title='bbox 2821 4702 3143 4750; x_wconf 84' lang='lat' dir='ltr'><strong>convertunt</strong></span> <span class='ocrx_word' id='word_1_809' title='bbox 3172 4712 3185 4748; x_wconf 91' lang='lat'>:</span> <span class='ocrx_word' id='word_1_810' title='bbox 3213 4697 3291 4751; x_wconf 92' lang='lat' dir='ltr'><strong>sic</strong></span> <span class='ocrx_word' id='word_1_811' title='bbox 3333 4708 3387 4752; x_wconf 92' lang='lat' dir='ltr'><strong>et</strong></span> <span class='ocrx_word' id='word_1_812' title='bbox 3413 4710 3627 4755; x_wconf 90' lang='lat' dir='ltr'><strong>noctem</strong></span> 
     </span>
    </p>
   </div>
   <div class='ocr_carea' id='block_1_111' title="bbox 2034 4782 3622 4861">
    <p class='ocr_par' dir='ltr' id='par_1_111' title="bbox 2034 4782 3622 4861">
     <span class='ocr_line' id='line_1_111' title="bbox 2034 4782 3622 4861; baseline 0.009 -22"><span class='ocrx_word' id='word_1_813' title='bbox 2034 4782 2279 4839; x_wconf 84' lang='lat' dir='ltr'><strong>efficiunt</strong></span> <span class='ocrx_word' id='word_1_814' title='bbox 2324 4782 2467 4839; x_wconf 88' lang='lat' dir='ltr'><strong>diem</strong></span> <span class='ocrx_word' id='word_1_815' title='bbox 2506 4784 2540 4837; x_wconf 93' lang='lat' dir='ltr'><strong>ii</strong></span> <span class='ocrx_word' id='word_1_816' title='bbox 2582 4786 2673 4855; x_wconf 90' lang='lat' dir='ltr'><strong>qtti</strong></span> <span class='ocrx_word' id='word_1_817' title='bbox 2725 4788 2998 4858; x_wconf 87' lang='lat' dir='ltr'><strong>pervigilia</strong></span> <span class='ocrx_word' id='word_1_818' title='bbox 3029 4799 3196 4858; x_wconf 90' lang='lat' dir='ltr'><strong>agunt</strong></span> <span class='ocrx_word' id='word_1_819' title='bbox 3236 4791 3622 4861; x_wconf 76' lang='lat' dir='ltr'><strong>expergefacti.</strong></span> 
     </span>
    </p>
   </div>
   <div class='ocr_carea' id='block_1_112' title="bbox 2039 4876 3626 4951">
    <p class='ocr_par' dir='ltr' id='par_1_112' title="bbox 2039 4876 3626 4951">
     <span class='ocr_line' id='line_1_112' title="bbox 2039 4876 3626 4951; baseline 0.008 -20"><span class='ocrx_word' id='word_1_820' title='bbox 2039 4876 2271 4945; x_wconf 81' lang='lat' dir='ltr'><strong>ideoque</strong></span> <span class='ocrx_word' id='word_1_821' title='bbox 2301 4892 2395 4945; x_wconf 89' lang='lat' dir='ltr'><strong>per</strong></span> <span class='ocrx_word' id='word_1_822' title='bbox 2428 4886 2590 4931; x_wconf 85' lang='lat' dir='ltr'><strong>totam</strong></span> <span class='ocrx_word' id='word_1_823' title='bbox 2639 4887 2850 4934; x_wconf 79' lang='lat' dir='ltr'><strong>noctem</strong></span> <span class='ocrx_word' id='word_1_824' title='bbox 2899 4883 3270 4951; x_wconf 86' lang='lat' dir='ltr'><strong>praplteticum</strong></span> <span class='ocrx_word' id='word_1_825' title='bbox 3303 4884 3433 4940; x_wconf 70' lang='lat' dir='ltr'><strong>illud</strong></span> <span class='ocrx_word' id='word_1_826' title='bbox 3460 4902 3626 4945; x_wconf 83' lang='lat' dir='ltr'><strong>cane-</strong></span> 
     </span>
    </p>
   </div>
   <div class='ocr_carea' id='block_1_113' title="bbox 2037 4967 3628 5042">
    <p class='ocr_par' dir='ltr' id='par_1_113' title="bbox 2037 4967 3628 5042">
     <span class='ocr_line' id='line_1_113' title="bbox 2037 4967 3628 5042; baseline 0.008 -19"><span class='ocrx_word' id='word_1_827' title='bbox 2037 4967 2165 5023; x_wconf 82' lang='lat' dir='ltr'><strong>bant</strong></span> <span class='ocrx_word' id='word_1_828' title='bbox 2186 4967 2268 5021; x_wconf 86' lang='lat' dir='ltr'><strong>:N</strong></span> <span class='ocrx_word' id='word_1_829' title='bbox 2273 4984 2340 5021; x_wconf 79' lang='lat'><strong>0.1:</strong></span> <span class='ocrx_word' id='word_1_830' title='bbox 2367 4969 2675 5023; x_wconf 81' lang='lat' dir='ltr'><strong>illuminatio</strong></span> <span class='ocrx_word' id='word_1_831' title='bbox 2707 4989 2817 5025; x_wconf 84' lang='lat' dir='ltr'><strong>mea</strong></span> <span class='ocrx_word' id='word_1_832' title='bbox 2835 4973 2887 5026; x_wconf 86' lang='lat' dir='ltr'><strong>in</strong></span> <span class='ocrx_word' id='word_1_833' title='bbox 2913 4973 3111 5028; x_wconf 77' lang='lat' dir='ltr'><strong>deliciis</strong></span> <span class='ocrx_word' id='word_1_834' title='bbox 3134 4976 3291 5042; x_wconf 81' lang='lat' dir='ltr'><strong>meis;</strong></span> <span class='ocrx_word' id='word_1_835' title='bbox 3320 4987 3368 5031; x_wconf 85' lang='lat' dir='ltr'><strong>et</strong></span> <span class='ocrx_word' id='word_1_836' title='bbox 3411 4978 3628 5036; x_wconf 65' lang='lat' dir='ltr'><strong>tenebris</strong></span> 
     </span>
    </p>
   </div>
   <div class='ocr_carea' id='block_1_114' title="bbox 2035 5062 3629 5131">
    <p class='ocr_par' dir='ltr' id='par_1_114' title="bbox 2035 5062 3629 5131">
     <span class='ocr_line' id='line_1_114' title="bbox 2035 5062 3629 5131; baseline 0.009 -15"><span class='ocrx_word' id='word_1_837' title='bbox 2035 5076 2136 5116; x_wconf 83' lang='lat' dir='ltr'><strong>non</strong></span> <span class='ocrx_word' id='word_1_838' title='bbox 2154 5062 2555 5117; x_wconf 79' lang='lat' dir='ltr'><strong>obscurabuntur</strong></span> <span class='ocrx_word' id='word_1_839' title='bbox 2582 5081 2613 5116; x_wconf 90' lang='lat' dir='ltr'><strong>a</strong></span> <span class='ocrx_word' id='word_1_840' title='bbox 2641 5074 2707 5129; x_wconf 84' lang='lat' dir='ltr'><strong>te,</strong></span> <span class='ocrx_word' id='word_1_841' title='bbox 2734 5074 2779 5120; x_wconf 79' lang='lat' dir='ltr'><strong>et</strong></span> <span class='ocrx_word' id='word_1_842' title='bbox 2805 5082 2910 5121; x_wconf 73' lang='lat' dir='ltr'><strong>uox</strong></span> <span class='ocrx_word' id='word_1_843' title='bbox 2929 5070 3056 5121; x_wconf 80' lang='lat' dir='ltr'><strong>sicut</strong></span> <span class='ocrx_word' id='word_1_844' title='bbox 3080 5068 3579 5128; x_wconf 74' lang='lat' dir='ltr'><strong>tlirsillumiuabitur</strong></span> <span class='ocrx_word' id='word_1_845' title='bbox 3608 5088 3629 5131; x_wconf 90' lang='lat'><strong><em>:</em></strong></span> 
     </span>
    </p>
   </div>
   <div class='ocr_carea' id='block_1_115' title="bbox 2034 5154 3622 5231">
    <p class='ocr_par' dir='ltr' id='par_1_115' title="bbox 2034 5154 3622 5231">
     <span class='ocr_line' id='line_1_115' title="bbox 2034 5154 3622 5231; baseline 0.006 -20"><span class='ocrx_word' id='word_1_846' title='bbox 2034 5155 2164 5211; x_wconf 76' lang='lat' dir='ltr'><strong>sicut</strong></span> <span class='ocrx_word' id='word_1_847' title='bbox 2189 5163 2237 5208; x_wconf 80' lang='lat' dir='ltr'><strong>et</strong></span> <span class='ocrx_word' id='word_1_848' title='bbox 2263 5154 2480 5208; x_wconf 62' lang='lat' dir='ltr'><strong>tenebrat:</strong></span> <span class='ocrx_word' id='word_1_849' title='bbox 2499 5155 2629 5226; x_wconf 72' lang='lat' dir='ltr'><strong>ejus,</strong></span> <span class='ocrx_word' id='word_1_850' title='bbox 2665 5159 2735 5211; x_wconf 88' lang='lat' dir='ltr'><strong>ita</strong></span> <span class='ocrx_word' id='word_1_851' title='bbox 2764 5167 2811 5211; x_wconf 84' lang='lat' dir='ltr'><strong>et</strong></span> <span class='ocrx_word' id='word_1_852' title='bbox 2837 5159 3006 5214; x_wconf 83' lang='lat' dir='ltr'><strong>lumen</strong></span> <span class='ocrx_word' id='word_1_853' title='bbox 3031 5162 3142 5231; x_wconf 85' lang='lat' dir='ltr'><strong>ejus</strong></span> <span class='ocrx_word' id='word_1_854' title='bbox 3169 5160 3341 5231; x_wconf 83' lang='lat' dir='ltr'><strong>(Psaf.</strong></span> <span class='ocrx_word' id='word_1_855' title='bbox 3371 5167 3497 5222; x_wconf 78' lang='grc'><strong>155.</strong></span> <span class='ocrx_word' id='word_1_856' title='bbox 3532 5168 3622 5227; x_wconf 75' lang='lat' dir='ltr'><strong>ii.</strong></span> 
     </span>
    </p>
   </div>
   <div class='ocr_carea' id='block_1_116' title="bbox 2037 5249 3621 5319">
    <p class='ocr_par' dir='ltr' id='par_1_116' title="bbox 2037 5249 3621 5319">
     <span class='ocr_line' id='line_1_116' title="bbox 2037 5249 3621 5319; baseline 0.005 -14"><span class='ocrx_word' id='word_1_857' title='bbox 2037 5249 2151 5319; x_wconf 63' lang='grc' dir='ltr'><strong>ιιι).</strong></span> <span class='ocrx_word' id='word_1_858' title='bbox 2184 5249 2303 5316; x_wconf 84' lang='lat' dir='ltr'><strong>Quo</strong></span> <span class='ocrx_word' id='word_1_859' title='bbox 2332 5250 2473 5305; x_wconf 80' lang='lat' dir='ltr'><strong>enim</strong></span> <span class='ocrx_word' id='word_1_860' title='bbox 2504 5250 2593 5305; x_wconf 90' lang='lat' dir='ltr'><strong>die</strong></span> <span class='ocrx_word' id='word_1_861' title='bbox 2632 5267 2741 5306; x_wconf 83' lang='lat' dir='ltr'><strong>non</strong></span> <span class='ocrx_word' id='word_1_862' title='bbox 2781 5253 2954 5307; x_wconf 79' lang='lat' dir='ltr'><strong>la-tior</strong></span> <span class='ocrx_word' id='word_1_863' title='bbox 2985 5252 3082 5309; x_wconf 92' lang='lat' dir='ltr'><strong>fuit</strong></span> <span class='ocrx_word' id='word_1_864' title='bbox 3112 5271 3217 5311; x_wconf 79' lang='lat' dir='ltr'><strong>nox</strong></span> <span class='ocrx_word' id='word_1_865' title='bbox 3252 5258 3337 5312; x_wconf 89' lang='lat' dir='ltr'><strong>illa</strong></span> <span class='ocrx_word' id='word_1_866' title='bbox 3368 5260 3621 5313; x_wconf 88' lang='lat' dir='ltr'><strong>omnibus</strong></span> 
     </span>
    </p>
   </div>
   <div class='ocr_carea' id='block_1_117' title="bbox 2036 5340 3624 5419">
    <p class='ocr_par' dir='ltr' id='par_1_117' title="bbox 2036 5340 3624 5419">
     <span class='ocr_line' id='line_1_117' title="bbox 2036 5340 3624 5419; baseline 0.008 -23"><span class='ocrx_word' id='word_1_867' title='bbox 2036 5349 2184 5396; x_wconf 79' lang='lat' dir='ltr'><strong>tanto</strong></span> <span class='ocrx_word' id='word_1_868' title='bbox 2209 5340 2404 5409; x_wconf 75' lang='lat' dir='ltr'><strong>gaudio</strong></span> <span class='ocrx_word' id='word_1_869' title='bbox 2432 5340 2824 5397; x_wconf 75' lang='lat' dir='ltr'><strong>exsultantibus</strong></span> <span class='ocrx_word' id='word_1_870' title='bbox 2848 5385 2863 5411; x_wconf 88' lang='lat'><strong>,</strong></span> <span class='ocrx_word' id='word_1_871' title='bbox 2897 5344 3159 5414; x_wconf 88' lang='lat' dir='ltr'><strong>spirituali</strong></span> <span class='ocrx_word' id='word_1_872' title='bbox 3203 5347 3385 5403; x_wconf 70' lang='lat' dir='ltr'><strong>lmtitia</strong></span> <span class='ocrx_word' id='word_1_873' title='bbox 3430 5350 3624 5419; x_wconf 79' lang='lat' dir='ltr'><strong>plenis.</strong></span> 
     </span>
    </p>
   </div>
   <div class='ocr_carea' id='block_1_118' title="bbox 2035 5433 3625 5504">
    <p class='ocr_par' dir='ltr' id='par_1_118' title="bbox 2035 5433 3625 5504">
     <span class='ocr_line' id='line_1_118' title="bbox 2035 5433 3625 5504; baseline 0.005 -15"><span class='ocrx_word' id='word_1_874' title='bbox 2035 5444 2113 5489; x_wconf 86' lang='lat' dir='ltr'><strong>tut</strong></span> <span class='ocrx_word' id='word_1_875' title='bbox 2153 5433 2336 5487; x_wconf 88' lang='lat' dir='ltr'><strong>effusis</strong></span> <span class='ocrx_word' id='word_1_876' title='bbox 2364 5434 2592 5502; x_wconf 86' lang='lat' dir='ltr'><strong>populis,</strong></span> <span class='ocrx_word' id='word_1_877' title='bbox 2624 5436 2711 5504; x_wconf 89' lang='lat' dir='ltr'><strong>qui</strong></span> <span class='ocrx_word' id='word_1_878' title='bbox 2744 5446 2799 5490; x_wconf 90' lang='lat' dir='ltr'><strong>et</strong></span> <span class='ocrx_word' id='word_1_879' title='bbox 2826 5438 2925 5489; x_wconf 69' lang='lat' dir='ltr'><strong>vir.</strong></span> <span class='ocrx_word' id='word_1_880' title='bbox 2963 5445 3018 5492; x_wconf 92' lang='lat' dir='ltr'><strong>et</strong></span> <span class='ocrx_word' id='word_1_881' title='bbox 3051 5436 3151 5493; x_wconf 87' lang='lat' dir='ltr'><strong>furi</strong></span> <span class='ocrx_word' id='word_1_882' title='bbox 3181 5440 3385 5494; x_wconf 88' lang='lat' dir='ltr'><strong>aditum</strong></span> <span class='ocrx_word' id='word_1_883' title='bbox 3408 5442 3625 5496; x_wconf 80' lang='lat' dir='ltr'><strong>claude-</strong></span> 
     </span>
    </p>
   </div>
   <div class='ocr_carea' id='block_1_119' title="bbox 2033 5524 3624 5601">
    <p class='ocr_par' dir='ltr' id='par_1_119' title="bbox 2033 5524 3624 5601">
     <span class='ocr_line' id='line_1_119' title="bbox 2033 5524 3624 5601; baseline 0.008 -23"><span class='ocrx_word' id='word_1_884' title='bbox 2033 5524 2198 5578; x_wconf 75' lang='lat' dir='ltr'><strong>bant?</strong></span> <span class='ocrx_word' id='word_1_885' title='bbox 2226 5524 2405 5594; x_wconf 74' lang='lat' dir='ltr'><strong>Neque</strong></span> <span class='ocrx_word' id='word_1_886' title='bbox 2431 5526 2574 5580; x_wconf 90' lang='lat' dir='ltr'><strong>enim</strong></span> <span class='ocrx_word' id='word_1_887' title='bbox 2608 5537 2815 5594; x_wconf 90' lang='lat' dir='ltr'><strong>poterat</strong></span> <span class='ocrx_word' id='word_1_888' title='bbox 2856 5530 3055 5585; x_wconf 91' lang='lat' dir='ltr'><strong>nudum</strong></span> <span class='ocrx_word' id='word_1_889' title='bbox 3085 5532 3262 5587; x_wconf 83' lang='lat' dir='ltr'><strong>solum</strong></span> <span class='ocrx_word' id='word_1_890' title='bbox 3301 5534 3495 5601; x_wconf 90' lang='lat' dir='ltr'><strong>videri,</strong></span> <span class='ocrx_word' id='word_1_891' title='bbox 3528 5537 3624 5591; x_wconf 88' lang='lat' dir='ltr'><strong>sed</strong></span> 
     </span>
    </p>
   </div>
   <div class='ocr_carea' id='block_1_120' title="bbox 2037 5618 3625 5695">
    <p class='ocr_par' dir='ltr' id='par_1_120' title="bbox 2037 5618 3625 5695">
     <span class='ocr_line' id='line_1_120' title="bbox 2037 5618 3625 5695; baseline 0.009 -24"><span class='ocrx_word' id='word_1_892' title='bbox 2037 5624 2197 5672; x_wconf 87' lang='lat' dir='ltr'><strong>totam</strong></span> <span class='ocrx_word' id='word_1_893' title='bbox 2229 5618 2364 5670; x_wconf 70' lang='lat' dir='ltr'><strong>viam</strong></span> <span class='ocrx_word' id='word_1_894' title='bbox 2391 5620 2708 5688; x_wconf 71' lang='lat' dir='ltr'><strong>corporibus</strong></span> <span class='ocrx_word' id='word_1_895' title='bbox 2726 5620 2977 5679; x_wconf 90' lang='lat' dir='ltr'><strong>humanis</strong></span> <span class='ocrx_word' id='word_1_896' title='bbox 3005 5627 3330 5695; x_wconf 72' lang='lat' dir='ltr'><strong>aperientes,</strong></span> <span class='ocrx_word' id='word_1_897' title='bbox 3353 5629 3445 5683; x_wconf 82' lang='lat' dir='ltr'><strong>sed</strong></span> <span class='ocrx_word' id='word_1_898' title='bbox 3466 5647 3625 5685; x_wconf 89' lang='lat' dir='ltr'><strong>nnant</strong></span> 
     </span>
    </p>
   </div>
   <div class='ocr_carea' id='block_1_121' title="bbox 2038 5715 3619 5784">
    <p class='ocr_par' dir='ltr' id='par_1_121' title="bbox 2038 5715 3619 5784">
     <span class='ocr_line' id='line_1_121' title="bbox 2038 5715 3619 5784; baseline 0.008 -19"><span class='ocrx_word' id='word_1_899' title='bbox 2038 5718 2280 5765; x_wconf 80' lang='lat' dir='ltr'><strong>catenam</strong></span> <span class='ocrx_word' id='word_1_900' title='bbox 2333 5726 2547 5768; x_wconf 87' lang='lat' dir='ltr'><strong>aureattt</strong></span> <span class='ocrx_word' id='word_1_901' title='bbox 2578 5715 2975 5784; x_wconf 86' lang='lat' dir='ltr'><strong>ctcontinuant,</strong></span> <span class='ocrx_word' id='word_1_902' title='bbox 3009 5717 3226 5773; x_wconf 87' lang='lat' dir='ltr'><strong>ﬂuvium</strong></span> <span class='ocrx_word' id='word_1_903' title='bbox 3259 5736 3421 5775; x_wconf 83' lang='lat' dir='ltr'><strong>unum</strong></span> <span class='ocrx_word' id='word_1_904' title='bbox 3454 5722 3619 5779; x_wconf 74' lang='lat' dir='ltr'><strong>multo</strong></span> 
     </span>
    </p>
   </div>
   <div class='ocr_carea' id='block_1_122' title="bbox 3212 5806 3290 5875">
    <p class='ocr_par' dir='ltr' id='par_1_122' title="bbox 3212 5806 3290 5875">
     <span class='ocr_line' id='line_1_122' title="bbox 3212 5806 3290 5875; baseline 0 0"><span class='ocrx_word' id='word_1_905' title='bbox 3212 5806 3290 5875; x_wconf 78' lang='lat'><strong>23</strong></span> 
     </span>
    </p>
   </div>
   <div class='ocr_carea' id='block_1_123' title="bbox 3590 5890 3629 5897">
    <p class='ocr_par' dir='ltr' id='par_1_123' title="bbox 3590 5890 3629 5897">
     <span class='ocr_line' id='line_1_123' title="bbox 3590 5890 3629 5897; baseline 0 0"><span class='ocrx_word' id='word_1_906' title='bbox 3590 5890 3629 5897; x_wconf 62' lang='lat'><strong>.-</strong></span> 
     </span>
    </p>
   </div>
  </div>
