4054 6190
453 267 546 323 8'“

453 379 658 450 impetu
677 381 1007 437 manantem,
1035 383 1128 440 per
1147 375 1317 424 totum
1337 369 1438 424 iter
1463 365 1811 424 exhibuistis:
1841 373 1895 419 et
1915 379 2032 420 sur-

453 483 572 525 sum
595 465 810 539 quidem
838 466 888 518 in
906 463 1096 518 ca-huu
1115 459 1436 532 aspicientes
1453 461 1631 515 lunam
1654 458 1962 513 videbamus
1980 466 2035 511 et

451 563 636 618 stellas
667 561 719 615 in
749 556 948 621 mrtlit),
981 558 1118 610 intra
1167 565 1297 610 vero
1343 553 1580 608 ﬁdelium
1609 552 2031 614 Multitudinetn,

451 670 504 711 et
522 653 644 710 luna
662 641 1078 724 splendidiorem
1100 650 1150 703 in
1175 648 1352 704 medio
1371 645 1764 718 Imperatriccm
1794 653 2033 698 euntem.

373 753 380 764 ‘
453 749 602 802 Sicut
623 743 957 800 euitnSIellm
988 741 1271 796 inferimes
1297 738 1694 808 pra'stantiores
1723 738 1846 789 sunt
1877 746 2035 802 supe-

454 831 724 899 riorihus;
767 835 844 888 sic
873 839 928 887 et
971 831 1086 887 lucc
1119 831 1284 884 multo
1311 829 1480 882 laetior
1505 839 1558 882 et
1585 825 1892 898 prmclarior
1915 834 2035 880 erat

453 929 560 984 illa.
593 925 728 994 Quid
757 927 897 981 enim
921 921 945 978 ‘3
976 933 1180 978 tantum
1203 923 1287 976 est
1314 921 1455 984 Iuba,
1475 919 1519 973 si
1547 925 1888 988 comparetur
1912 925 2032 969 cum

450 1024 655 1081 anima,
689 1020 739 1073 in
767 1017 1024 1087 dignitate
1053 1021 1196 1068 tanta
1229 1012 1535 1074 cousntuta,
1569 1017 1713 1063 tanta
1746 1007 1848 1061 [ide
1874 1021 2034 1060 orna-

452 1112 540 1164 ta?
571 1111 706 1178 Quid
737 1109 877 1162 enim
899 1107 1017 1176 quis
1041 1105 1091 1159 in
1117 1104 1202 1157 illa
1232 1103 1380 1173 prius
1408 1100 1826 1155 admiretur‘lan
1857 1099 2030 1152 zelum

451 1206 566 1272 ipso
581 1207 701 1272 igne
715 1195 1126 1254 ferventiOrem?
1143 1212 1208 1249 an
1230 1196 1386 1248 [idem
1404 1193 1684 1248 adamante
1705 1188 2032 1246 ﬁrmiorem?

448 1311 516 1348 an
544 1291 919 1348 contritiouctn
943 1288 1105 1342 animi
1130 1299 1185 1342 et
1214 1286 1585 1350 humilitatem,
1609 1299 1712 1353 qua
1738 1288 1926 1337 o'mnes
1942 1297 2032 1336 su-

447 1385 692 1456 peravit?
719 1384 1004 1454 Imperium
1024 1378 1562 1452 qttidetmdiademata
1589 1386 1642 1434 et
1662 1393 1876 1434 onmem
1907 1377 2031 1432 hinc

446 1475 577 1533 oriri
621 1479 834 1532 solitum
875 1476 1068 1530 fastum
1117 1472 1549 1528 constantissime
1589 1472 1825 1540 ahjecit;
1859 1471 2032 1527 induit

450 1583 581 1625 vero
609 1584 705 1640 pro
724 1576 956 1638 purpura
980 1565 1294 1620 humilitatis
1315 1573 1539 1630 vestem,
1559 1573 1611 1619 et
1630 1579 1726 1634 per
1752 1564 1890 1618 hanc
1920 1569 2032 1618 ma-

444 1665 529 1733 gis
581 1662 912 1733 resplendet.
956 1661 1088 1716 Nam
1132 1659 1496 1730 imperatrices
1526 1658 1738 1727 quidem
1769 1657 1948 1711 ιιιιιιιςη
1981 1668 2030 1708 et

447 1764 590 1824 smpe
611 1751 847 1819 fuerunt,
874 1763 992 1821 qua!
1016 1751 1182 1806 vestis
1206 1759 1260 1805 et
1285 1749 1643 1804 diadematqu
1661 1760 1713 1804 et
1743 1751 2027 1818 imperato-

446 1846 541 1898 rire
585 1845 770 1914 gloria:
817 1844 988 1898 solum
1020 1845 1308 1913 participes
1352 1841 1569 1897 fuerunt
1600 1858 1614 1894 :
1647 1840 1808 1911 hujus
1850 1850 2025 1894 autem

443 1939 612 1993 Solius
639 1939 740 1992 fuit
765 1935 1002 1992 eximius
1032 1937 1120 1992 ille
1147 1946 1390 2001 ornatus,
1419 1936 1586 1990 solius
1615 1935 1716 1987 hoc
1745 1943 2021 2002 tropzeum.

448 2030 573 2084 Ila-e
625 2041 857 2100 namque
915 2028 1025 2083 sola
1077 2028 1390 2098 itup'ct‘atrix
1433 2042 1554 2080 cum
1603 2035 1750 2078 tanto
1799 2023 2024 2090 honore,

443 2121 622 2176 'stndiu
647 2129 810 2192 atque
839 2121 1036 2190 pietate
1063 2127 1330 2191 martyres
1353 2120 1604 2174 comitata
1643 2123 1747 2180 est,
1778 2116 1916 2186 plebi
1948 2116 2028 2169 itr—

445 2218 881 2280 termixta,cum
927 2213 1218 2268 stttellitum
1263 2226 1423 2267 omne
1465 2214 1780 2274 amovissct,
1815 2221 1866 2264 ct
1917 2210 2028 2266 fere

443 2321 658 2364 omnem
687 2307 1008 2362 conditionis
1059 2305 1464 2375 inaequalitatem
1496 2309 1616 2356 eum
1665 2302 1826 2356 multa
1869 2313 2018 2356 exsu.

445 2401 684 2469 perantia
724 2398 1028 2468 ahjecissct.
1057 2395 1181 2450 Ideo
1207 2409 1314 2448 non
1356 2392 1527 2447 minus
1557 2399 1714 2461 quam
1765 2401 2026 2462 martyres

439 2490 640 2560 populo
688 2488 904 2559 profuit.
942 2483 1417 2555 Quemadmodntn‘
1453 2482 1594 2535 enim
1643 2481 1903 2552 reliquias
1943 2497 2028 2534 as-

446 2585 718 2654 piciebant
755 2593 980 2647 omnes,
1015 2581 1084 2634 ita
1113 2579 1228 2648 ejus
1272 2577 1639 2630 assiduitatem
1692 2576 2026 2630 mirabantur

441 2684 498 2728 et
525 2672 721 2729 divites
749 2680 805 2728 et
840 2684 1121 2742 pauperes,
1157 2669 1398 2722 videntes
1430 2667 1575 2721 illam
1605 2671 1722 2721 sine
1753 2667 2022 2721 intermis-

442 2766 594 2820 sione
621 2775 717 2835 per
744 2771 950 2818 tantum
995 2761 1094 2815 vite
1141 2761 1371 2828 spatium
1398 2758 1609 2812 ossibus
1634 2758 2022 2824 adluereutem,

443 2870 544 2912 nec
574 2867 824 2927 ttmqtuuu
843 2853 1111 2909 defessam
1136 2853 1217 2906 vel
1247 2851 1595 2915 resilientenr,
1619 2850 1710 2905 sed
1729 2863 1868 2904 arcte
1886 2858 2026 2905 aem-

445 2959 539 3020 per
565 2949 886 3002 adstantem.
911 2945 1199 3017 Propterea
1229 2953 1280 2998 te
1330 2945 1538 2997 beatam
1586 2942 1875 3012 praedicare
1917 2949 2024 2996 non

439 3051 747 3106 cessamus;
779 3051 954 3109 neque
995 3053 1094 3094 nos
1139 3047 1363 3104 tantum,
1397 3033 1492 3090 sed
1534 3036 1693 3090 etiam
1719 3034 1905 3089 futura:
1933 3049 2026 3107 5e-

445 3134 757 3188 net'atioues
782 3143 992 3186 onmcs.

517 3225 570 3279 3.
590 3224 720 3279 Nam
744 3237 862 3294 qua:
886 3222 971 3278 hic
987 3227 1135 3294 gesta
1158 3220 1512 3277 suutaudient
1530 3219 1662 3274 lines
1679 3218 1825 3274 orbis
1849 3225 1901 3274 et
1917 3222 2025 3277 tota

441 3323 696 3390 quantam
721 3317 804 3372 sol
831 3319 1053 3386 respicit
1084 3322 1261 3380 terra;
1293 3314 1514 3368 audient
1537 3314 1661 3367 item
1694 3313 1768 3366 illi
1795 3313 1883 3383 qui
1908 3321 2029 3384 post

441 3423 542 3467 nos
563 3411 726 3466 futuri
752 3415 894 3475 sunt,
921 3417 974 3465 et
1000 3410 1091 3480 qui
1125 3417 1242 3478 post
1263 3405 1417 3473 illos;
1446 3420 1510 3460 ac
1536 3422 1650 3460 rem
1680 3415 1888 3476 gestam
1910 3407 2029 3462 nul-

445 3504 556 3558 tum
586 3511 798 3571 tempus
822 3498 1076 3555 oblivioni
1101 3497 1371 3552 niandabit
1387 3536 1403 3562 ,
1422 3494 1530 3550 Deo
1549 3495 1742 3566 ubique
1764 3505 2025 3552 terrarum

445 3607 499 3650 et
530 3611 623 3665 per
651 3607 841 3650 ciuiles
890 3588 1094 3647 luturas
1141 3590 1515 3660 generationes
1563 3599 1675 3644 rem
1707 3603 1827 3642 cum
1856 3589 2026 3644 multo

445 3685 730 3756 splendore
747 3681 1072 3741 celebrante.
1085 3679 1140 3738 Si
1158 3681 1300 3736 enim
1320 3680 1558 3734 mulieris
1579 3680 1878 3735 meretricis
1893 3692 2028 3750 opus

443 3777 510 3832 ad
537 3780 794 3833 terminos
817 3788 984 3848 usque
1000 3775 1146 3829 orbis
1173 3772 1475 3827 aununtiari
1490 3772 1698 3826 curavit
1725 3777 1779 3827 et
1807 3773 2029 3826 immor-

444 3869 565 3925 talis
584 3871 854 3925 memoria-
879 3868 1113 3923 reddidit
1137 3883 1152 3922 :
1180 3865 1348 3921 multo
1375 3867 1544 3936 magis
1561 3867 1836 3928 modestte,
1852 3868 2028 3936 gravis

440 3967 499 4015 et
514 3971 673 4015 castte
689 3961 947 4024 audieris,
965 3975 1084 4029 qua:
1106 3960 1159 4013 in
1180 3958 1406 4028 Imperio
1423 3969 1622 4012 tantam
1641 3951 1883 4012 exhibuit
1911 3959 2026 4027 pie-

445 4061 631 4119 tatem,
651 4054 926 4106 nousinet
945 4065 1080 4122 opus
1098 4053 1294 4110 latere;
1323 4050 1416 4105 sed
1452 4058 1502 4104 te
1530 4050 1736 4104 beatutn
1767 4050 2026 4120 praedira-

441 4148 577 4202 buut
605 4155 815 4209 clunes,
835 4143 977 4214 quod
1003 4153 1219 4199 sanctos
1249 4142 1482 4210 hospitio
1503 4141 1759 4211 excipias,
1779 4141 1922 4210 quod
1941 4155 2028 4194 ee-

447 4239 626 4294 t-lesiis
664 4239 1034 4307 patrociueris,
1079 4236 1219 4308 quod
1249 4236 1366 4289 zelo
1397 4235 1571 4303 parsis
1601 4233 1879 4303 apostolis.
1913 4234 2026 4288 Etsi

443 4329 590 4385 enim
621 4335 865 4382 naturam
886 4329 1073 4383 sortita
1105 4342 1165 4382 es
1194 4325 1478 4379 femineam
1499 4363 1516 4389 ,
1547 4334 1602 4377 at
1629 4325 1758 4378 licet
1787 4322 1878 4377 tibi
1905 4337 2026 4377 cum

446 4419 704 4492 apotltolis
723 4423 888 4491 gestis
927 4428 1257 4474 cunei-rene.
1278 4415 1718 4485 Quandoquidem
1746 4423 1871 4470 tunc
1893 4431 2028 4485 quo—

447 4527 550 4585 que
572 4511 661 4568 illa
694 4509 897 4568 Plitehe
927 4508 1099 4581 (Rom.
1123 4512 1208 4564 ιϐ.
1228 4511 1442 4580 1),‹ιιι·ιδ
1461 4508 1736 4562 doctorem
1756 4508 1902 4563 orbis
1929 4521 2029 4564 cx-

444 4608 606 4678 cepit,
622 4607 830 4675 ipsique
858 4603 1186 4673 patt'ociuata
1203 4614 1308 4667 est,
1339 4601 1534 4656 mulier
1555 4601 1924 4673 erat'ejustiem
1951 4611 2032 4660 t6-

443 4716 567 4754 ctuu
587 4707 812 4765 naturte,
829 4705 882 4750 et
901 4703 1080 4749 tamen
1103 4709 1269 4764 usque
1290 4694 1426 4748 adeo
1439 4695 1600 4758 fulsit,
1620 4701 1677 4747 ut
1693 4705 1910 4749 sanctus
1935 4696 2028 4751 ille

419 4790 578 4845 caelo
602 4790 797 4860 digitus
818 4793 872 4843 et
904 4786 1271 4856 apostolorum
1299 4787 1536 4840 omnium
1569 4789 1836 4840 maximus
1859 4788 2026 4855 ipsam

442 4881 741 4936 Celebrarct
769 4895 832 4936 ac
861 4881 1082 4945 diceret,
1104 4879 1308 4932 Adstitit
1337 4878 1530 4945 multis,
1549 4889 1595 4932 et
1617 4879 1740 4932 mihi
1769 4880 1885 4952 ipsi.
1909 4881 2025 4934 Pri-

443 4972 596 5028 scilla
625 4976 837 5043 quoque
869 4970 1110 5027 feminini
1135 4983 1297 5026 sexus
1319 4981 1436 5025 erat
1464 4988 1478 5026 :
1506 4979 1686 5026 verum
1708 4972 1756 5026 id
1790 4989 1896 5026 non
1917 4975 2026 5028 im-

413 5069 418 5072 '
445 5065 753 5136 pedimento
775 5064 894 5131 lhit,
914 5066 1043 5134 quin
1077 5065 1162 5118 illa
1189 5063 1552 5119 celebraretur
1573 5074 1624 5118 et
1647 5063 1777 5133 quin
1797 5067 2024 5119 tuimur-

444 5157 568 5210 talis
585 5157 703 5226 ejus
723 5163 868 5210 esset
892 5158 1170 5212 memoria.
1190 5157 1339 5212 Alius
1365 5167 1577 5227 quoque
1601 5166 1728 5212 tunc
1759 5168 1876 5211 erat
1903 5175 2026 5212 mu—

446 5252 636 5306 lierum
651 5250 873 5316 chorus,
885 5265 1002 5320 quze
1021 5250 1181 5303 vitam
1202 5248 1468 5304 ducebant
1483 5249 1850 5319 apostolicam.
1871 5249 2021 5304 ideo-

443 5355 549 5410 que
588 5359 686 5400 nos
743 5355 953 5414 quoilue
1001 5359 1108 5398 non
1153 5343 1542 5410 aberrabimus,
1587 5343 1634 5396 si
1677 5352 1727 5399 te
1755 5358 1876 5398 cum
1920 5343 2028 5398 illis

1243 259 1298 313 S.
1326 255 1602 312 JOANNIS
1637 247 2112 311 CllllYSOSTfllii
2154 249 2469 311 Al'tClill-Ii‘.
2499 254 3066 313 (IONSTANTiNOP;

3619 255 3723 310 ‘79.

2139 376 2576 432 ammmerenuts,
2595 370 2716 438 quia
2737 371 2790 423 tu
2813 368 3172 424 Ecclesiarum
3187 367 3422 423 omnium
3441 379 3627 439 portus
3641 384 3712 427 es

2142 467 2192 511 et
2221 459 2468 528 pmseuti
2493 475 2657 529 regno
2673 469 2840 514 uteris
2854 461 2918 515 ad
2939 460 3172 522 futurum
3191 477 3412 532 regnum
3443 463 3718 532 acquiren-

2137 547 2289 615 dutn,
2317 550 2572 606 ecclesias
2595 552 2828 622 erigens,
2844 552 3151 608 sacerdotes
3177 553 3468 620 honoratis,
3499 552 3722 608 hzereti-

2139 655 2324 695 corum
2349 657 2588 698 errorem
2614 645 2933 707 dissolvens.
2977 657 3244 717 martyres
3281 647 3579 716 excipiens,
3611 662 3717 700 non

2137 732 2206 786 ad
2239 745 2503 800 mensam,
2536 736 2629 790 sed
2661 738 2870 802 auium;
2901 755 3006 794 non
3038 739 3204 796 duini.
3235 739 3328 794 sed
3357 739 3584 805 aﬂ'ectu;
3616 741 3724 794 imo

2139 825 2316 892 potius
2368 835 2423 882 et
2469 826 2523 880 in
2572 827 2735 882 domo
2781 839 2835 885 et
2883 830 3095 884 alti-ctu.
3144 832 3305 886 Maria
3342 847 3556 903 quoque
3594 832 3721 885 olim

2141 919 2391 987 populum
2423 921 2668 983 ducebat,
2692 937 2810 976 ossa
2839 922 3060 994 Josephi
3091 923 3340 990 ail'erens,
3368 933 3421 978 et
3449 925 3720 980 canticum

2137 1013 2334 1065 cecinit
2379 1011 2572 1082 (Exod.
2616 1015 2704 1068 i5.
2735 1013 2833 1082 20)
2869 1033 2882 1069 :
2921 1016 3015 1068 sed
3057 1015 3144 1069 illa
3188 1015 3406 1085 quidem
3441 1024 3722 1086 postquam

2137 1104 2372 1176 Egyptii
2421 1107 2471 1160 in
2516 1123 2662 1162 mare
2703 1107 2936 1161 demersi
2983 1118 3147 1173 sunt;
3178 1118 3230 1161 tu
3274 1123 3402 1162 vero
3436 1117 3719 1178 postquam

2132 1198 2410 1253 (immunes
2455 1201 2699 1254 sull‘ocati
2745 1199 2893 1256 fut-re
2942 1217 2957 1254 :
3004 1201 3092 1255 illa
3139 1200 3419 1255 Pharaone
3463 1200 3518 1255 in
3572 1216 3720 1254 mare

2135 1291 2416 1358 demerso,
2455 1301 2508 1347 tu
2559 1305 2742 1348 autem
2793 1294 3010 1348 diabolo
3050 1294 3298 1363 dejeeto;
3342 1294 3429 1348 illa
3471 1294 3718 1364 cymbala

2137 1385 2362 1452 habens,
2395 1397 2448 1438 tu
2484 1396 2717 1439 mentem
2751 1395 2807 1440 et
2845 1387 3080 1439 animam
3126 1385 3244 1454 plus
3283 1401 3441 1456 quam
3471 1386 3596 1439 tuba
3626 1401 3718 1439 su-

2137 1486 2390 1541 nautem;
2427 1477 2512 1530 illa
2543 1477 2745 1531 Judaeis
2779 1477 3041 1540 liberatis,
3076 1487 3129 1530 tu
3162 1477 3398 1531 Ecclesia
3427 1485 3715 1533 coronata;

2133 1572 2220 1625 illa
2255 1569 2510 1639 populum
2558 1585 2724 1639 uuutq
2763 1568 3002 1624 educcns
3038 1569 3196 1623 unius
3223 1569 3440 1639 liuguze,
3477 1579 3530 1622 tu
3561 1570 3718 1620 inuu-

2135 1679 2316 1719 meros
2361 1663 2586 1718 diversze
2630 1663 2825 1734 lingua:
2867 1663 3113 1733 pepulos.
3148 1661 3360 1717 Etenim
3407 1662 3720 1715 innumeros

2135 1756 2289 1810 nobis
2331 1755 2562 1809 cduxisti
2593 1754 2811 1818 choros,
2852 1755 3013 1809 alium
3055 1753 3319 1816 Romana,
3350 1753 3513 1805 alium
3554 1751 3714 1823 Syra,

2134 1849 2297 1902 alium
2342 1846 2593 1912 barbara,
2632 1845 2794 1901 alium
2839 1845 3026 1902 Grasca
3070 1860 3202 1901 voce
3245 1843 3465 1899 Davidis
3507 1845 3715 1899 cantica

2137 1938 2416 2008 pulsantes
2445 1953 2458 1990 :
2486 1937 2833 2008 diversasque
2878 1945 3069 2004 gentes
3110 1950 3172 1991 ac
3213 1935 3457 1992 diversos
3518 1937 3719 1990 choros

2139 2028 2324 2082 videre
2350 2036 2468 2082 erat
2509 2042 2666 2083 unam
2697 2029 2955 2084 citharam
2987 2042 3176 2082 omnes
3211 2026 3488 2091 habentes,
3521 2043 3717 2095 nempe

2129 2120 2372 2186 'Davidis,
2390 2136 2450 2174 ac
2469 2120 2722 2190 precibus
2736 2121 2849 2176 suis
2866 2129 2916 2175 te
2932 2130 3272 2176 coronantes.
3290 2117 3612 2174 Festivitatis
3627 2117 3719 2172 hu-

2128 2213 2216 2282 jus
2249 2213 2430 2266 lartitia
2463 2212 2764 2282 requirebat
2803 2210 3262 2282 religiosissimum
3316 2211 3714 2280 imperatorem,

2133 2306 2223 2376 qui
2253 2305 2493 2375 pietatis
2545 2316 2785 2360 aratrum
2839 2313 3016 2360 tecum
3067 2304 3229 2358 trahit
3258 2321 3272 2357 :
3301 2304 3394 2359 sed
3426 2303 3476 2358 id
3502 2318 3716 2373 quoque

2133 2399 2432 2469 prudentiae
2451 2407 2554 2452 tua:
2573 2396 2690 2462 fuit,
2711 2397 2852 2469 quod
2883 2398 3030 2452 illum
3049 2396 3209 2452 hodie
3225 2395 3368 2450 domi
3398 2395 3715 2460 detinueris,

2131 2500 2188 2545 et
2238 2492 2290 2545 iu
2331 2491 2472 2544 diem
2525 2489 2820 2545 crastinum
2874 2490 2990 2558 ejus
3045 2488 3334 2544 adventum
3377 2485 3712 2558 promiseris.

2132 2584 2263 2639 Nam
2306 2597 2373 2638 ne
2415 2589 2594 2636 tantus
2640 2581 2878 2651 equitum
2909 2592 3189 2646 numerus,
3217 2593 3351 2634 neve
3380 2586 3715 2632 armatorum

2131 2678 2360 2732 militum
2389 2675 2668 2738 tumultus,
2701 2673 3018 2744 virginibus,
3043 2672 3273 2738 artubus,
3297 2671 3717 2740 senioribusque

2133 2770 2260 2824 viris
2275 2768 2576 2824 molestiam
2599 2765 2832 2834 aﬂ‘erret,
2855 2766 3154 2836 festumque
3168 2765 3308 2820 diem
3327 2763 3584 2826 turbaret.
3601 2779 3716 2818 rem

2133 2860 2416 2932 prudentia
2435 2872 2530 2915 sua
2543 2859 2752 2930 dignam
2771 2859 2967 2913 faciens
2985 2857 3319 2927 imperatrix,
3343 2855 3716 2912 celebritatem

2131 2955 2333 3010 divisit.
2367 2953 2498 3008 Nam
2541 2955 2586 3007 si
2629 2951 2788 3006 ambo
2814 2951 2978 3006 hodie
3005 2950 3303 3014 venissent,
3331 2962 3452 3003 cras
3481 2948 3716 3002 celebri.

2135 3049 2257 3104 tatis
2288 3048 2409 3102 linis
2441 3047 2628 3102 fuisset
2661 3061 2674 3100 :
2703 3055 2760 3099 ut
2785 3053 2962 3098 autem
2989 3051 3046 3097 et
3073 3041 3125 3095 in
3155 3040 3244 3096 die
3283 3040 3534 3110 praiseuti
3560 3040 3713 3110 quie-

2133 3150 2238 3196 tem
2265 3140 2440 3204 tlaret,
2473 3149 2528 3193 et
2565 3136 2747 3192 addito
2773 3135 2861 3190 die
2900 3134 3137 3189 Crastino
3174 3132 3458 3202 largiorem
3493 3140 3703 3200 parares

2133 3233 2395 3298 laetitiam,
2411 3230 2609 3286 remita
2628 3227 2911 3298 disposuit,
2929 3237 2985 3282 ut
3007 3226 3218 3296 iiturgia
3241 3225 3560 3295 imperatore
3578 3240 3710 3292 pra:-

2136 3335 2289 3379 Sente
2319 3325 2469 3378 lieret
2501 3337 2514 3376 :
2543 3330 2598 3375 et
2622 3318 2782 3374 hodie
2831 3321 2944 3389 ipsa
2995 3320 3236 3384 veniens,
3269 3316 3516 3387 promisit
3559 3315 3714 3370 nobis

2130 3418 2280 3470 illum
2303 3416 2387 3470 die
2407 3413 2646 3470 crastino
2669 3421 2948 3467 venturum
2974 3424 3114 3466 esse.
3139 3410 3288 3465 Sicut
3308 3409 3451 3465 enim
3473 3422 3596 3464 cum
3625 3409 3716 3463 illo

2129 3508 2339 3579 imperii
2389 3519 2614 3561 consors
2653 3514 2756 3569 est,
2779 3503 2853 3558 ita
2878 3511 2932 3557 et
2957 3504 3010 3557 in
3035 3502 3230 3573 pietate
3256 3515 3500 3572 quoque;
3537 3515 3716 3571 neque

2133 3603 2392 3674 permittit
2411 3613 2535 3656 eum
2559 3606 2705 3654 recte
2723 3597 2982 3651 factorum
3005 3611 3112 3651 non
3131 3608 3249 3650 esse
3270 3594 3605 3665 participem,
3620 3595 3715 3647 sed

2122 3696 2330 3765 “ubique
2355 3701 2657 3748 consortem
2685 3691 2836 3745 illum
2857 3689 3073 3759 accipit.
3103 3688 3366 3756 Quoniam
3388 3687 3549 3757 igitur
3571 3687 3716 3741 cele-

2131 3789 2301 3844 britas
2325 3786 2438 3842 hac
2465 3783 2756 3856 spiritualis
2779 3783 2832 3836 in
2861 3790 3176 3852 sequentem
3199 3794 3411 3851 quoque
3441 3778 3584 3834 diem
3623 3795 3718 3834 ex-

2133 3879 2278 3937 tendi
2317 3881 2509 3944 dehet,
2540 3879 2680 3934 idem
2729 3891 2915 3932 rursus
2940 3875 3173 3932 studium
3215 3875 3597 3943 exhibeamus,
3629 3887 3715 3940 ut,

2131 3975 2271 4028 sicut
2301 3975 2457 4026 hodie
2479 3967 2617 4025 lume
2658 3970 2856 4026 Christi
2891 3977 3160 4023 amantem
3202 3984 3326 4024 cum
3352 3969 3560 4025 civibus
3583 3971 3720 4024 vidi-

2133 4081 2273 4133 mus,
2302 4068 2379 4121 sic
2425 4067 2512 4120 die
2536 4067 2770 4119 crastino
2811 4064 3118 4131 religiosum
3159 4065 3536 4135 imperatorem
3593 4081 3717 4118 cum

2133 4161 2370 4213 exercitu
2401 4160 2674 4211 videamus
2698 4155 3059 4211 accedentem
3084 4197 3099 4222 ,
3127 4165 3183 4210 et
3209 4155 3349 4210 idem
3391 4157 3716 4211 sacriﬁcium

2141 4251 2250 4304 Deo
2291 4262 2413 4303 cum
2462 4248 2662 4319 pietate
2704 4247 3023 4302 olfereutem
3063 4263 3129 4302 ex
3175 4246 3292 4301 zelo
3333 4261 3528 4314 nempe
3563 4257 3618 4299 et
3646 4261 3716 4299 ex

2139 4343 2265 4403 ﬁde,
2300 4349 2352 4395 et
2377 4343 2615 4409 acceptis
2640 4342 2848 4394 sanctis
2874 4339 3210 4411 martyribus
3236 4353 3458 4408 precum
3485 4351 3716 4392 consor-

2141 4435 2309 4499 tibus,
2334 4433 2436 4487 illis
2459 4447 2812 4503 apprecemur
2832 4433 2995 4486 vitam
3020 4432 3354 4492 diuturnam,
3379 4437 3715 4483 senectutem

2136 4531 2420 4600 vigentem,
2441 4526 2577 4580 ﬁlios
2595 4537 2650 4580 et
2673 4524 2814 4578 lilios
2828 4523 3094 4586 ﬁliorum;
3117 4535 3182 4576 ac
3207 4536 3316 4590 pra:
3338 4519 3422 4574 his
3444 4521 3716 4578 omnibus.

2137 4632 2193 4676 ut
2214 4620 2360 4675 zelus
2382 4619 2482 4674 iste
2509 4625 2782 4684 augeatur,
2801 4615 2971 4683 pietas
2983 4620 3352 4674 accrescat,~et
3379 4612 3448 4665 ita
3473 4627 3718 4681 przeseu-

2135 4724 2243 4768 tetu
2274 4715 2434 4766 vitam
2453 4707 2768 4778 transigant,
2798 4714 2854 4760 ut
2875 4721 2971 4775 per
3001 4704 3204 4758 inﬁnita
3223 4703 3416 4758 saecula
3446 4719 3568 4757 cum
3599 4704 3707 4754 uli-

2135 4805 2314 4876 genito
2337 4803 2426 4857 Dei
2454 4801 2588 4855 Filio
2615 4809 2875 4868 regnent:
2911 4812 3034 4851 nam
3077 4796 3138 4850 Si
3179 4797 3421 4866 patimur,
3456 4795 3645 4864 inquit,
3675 4803 3720 4846 et

2111 4894 2552 4967 ‘couregnabimus
2581 4891 2600 4963 (
2627 4892 2684 4946 2.
2717 4890 2849 4945 Tim.
2878 4889 2934 4943 2.
2967 4889 3034 4944 12
3061 4887 3112 4960 );
3155 4899 3314 4957 atque
3353 4896 3558 4941 acterna
3585 4888 3720 4940 bona

2135 5002 2527 5059 consequemur
2552 5003 2564 5039 :
2589 4985 2780 5056 quibus
2803 4983 3005 5038 utinam
3046 4997 3234 5037 omnes
3268 4981 3572 5050 dignemur,
3596 4995 3717 5050 gra-

2138 5082 2207 5136 tia
2231 5093 2280 5135 et
2311 5079 2636 5149 benignitate
2669 5075 2878 5130 Domini
2904 5076 3072 5130 nostri
3102 5073 3228 5130 Jesu
3249 5073 3718 5138 Christi,cuieum

2138 5177 2294 5233 Patre
2321 5175 2509 5247 gloria,
2543 5185 2646 5226 una
2676 5185 2798 5226 eum
2844 5177 3033 5224 sancto
3069 5167 3294 5239 Spiritu,
3327 5181 3466 5224 nunc
3502 5177 3558 5224 et
3582 5181 3718 5222 sent-

2145 5283 2260 5338 per,
2303 5278 2355 5322 ct
2384 5269 2436 5321 iu
2483 5263 2676 5319 stt-cuia
2706 5261 3055 5354 sucinorum.
3089 5260 3279 5316 Amen.
