4054 6190
412 314 513 388 573'

1172 488 2680 513 _____.___.__________________

1261 334 1326 391 ut
1366 336 1667 406 nonut,
1711 337 1907 392 olera
1934 316 2337 399 mussare
2382 344 2849 405 ιιιιιειιλτοιιε.

3574 366 3635 419 ιε’
3654 350 3688 418 i-

2684 503 3510 531 w..-
3640 530 3674 536 μ.

1761 546 2108 611 ΗΟΜΠᾸΑ
2152 550 2263 615 Ill.

403 695 673 767 Ejusdem.
704 695 990 765 Insequenti
1014 698 1096 751 die
1120 697 1413 751 adrenisnte
1441 697 1739 766 imperatore
1760 694 1811 747 in
1839 710 1978 747 mar-

473 788 662 858 tyrium
704 804 791 841 seu
840 789 1102 842 ecclesiam
1158 791 1382 858 apostoli
1406 799 1456 843 et
1483 790 1717 859 martyris
1750 788 1977 855 Thoma’,

468 896 582 949 qut:
602 881 701 934 sita
726 890 798 934 est
828 880 881 933 in
902 879 1120 951 Drypia,
1156 896 1271 934 cum
1316 884 1594 936 recessisset
1634 893 1751 937 ante
1774 883 1980 936 concio-

467 971 725 1033 tmIJm'c
750 970 959 1025 humilia
987 973 1156 1025 habita
1175 972 1339 1027 estad
1368 973 1546 1042 populi
1567 984 1765 1028 cetum.

470 1062 521 1115 θ.
554 1062 875 1117 Benedictus
903 1062 1043 1117 Deus
1077 1081 1090 1117 :
1123 1074 1335 1133 quantae
1356 1073 1479 1119 sunt
1498 1074 1791 1137 martyrum
1813 1064 1982 1119 virtu—

396 1155 514 1208 tes!
546 1153 661 1209 heri
689 1153 842 1210 nobis
870 1155 942 1209 illi
971 1164 1134 1209 totam
1164 1156 1431 1211 civitatem
1457 1172 1578 1211 cum
1618 1157 1975 1227 iniperatrice,

400 1246 558 1301 hodie
614 1246 992 1315 imperatorem
1047 1263 1170 1301 cum
1207 1248 1443 1302 exercitu
1489 1256 1545 1303 et
1588 1248 1784 1317 pietate
1812 1248 1975 1302 multa

393 1338 547 1392 uultis
574 1347 928 1402 attraxerunt,
963 1354 1067 1392 non
1098 1339 1324 1393 vinculis
1362 1338 1455 1394 sed
1496 1349 1683 1393 catena
1714 1340 1975 1404 Caritatis,

389 1440 574 1483 catena
623 1446 744 1500 qua:
793 1444 1080 1500 numquam
1128 1430 1409 1500 rumpitur.
1453 1429 1564 1484 lloc
1589 1437 1764 1484 autem
1809 1429 1977 1483 mira-

390 1524 497 1578 bile
540 1534 653 1588 est,
686 1538 793 1578 non
839 1523 979 1593 quod
1012 1523 1216 1578 venerit
1244 1524 1553 1593 imperator,
1570 1521 1664 1577 sed
1685 1521 1827 1593 quod
1852 1538 1974 1577 cum

390 1631 578 1686 magna
632 1615 940 1680 alacritate;
980 1630 1084 1669 non
1116 1615 1452 1680 necessitate,
1480 1614 1575 1671 sed
1603 1614 1831 1679 ail‘ectu;
1866 1629 1973 1669 non

384 1717 610 1781 gratiam
639 1712 916 1780 prrebens,
942 1710 1037 1765 sed
1064 1709 1288 1780 gratiam
1317 1709 1586 1779 accipiens
1614 1726 1627 1762 :
1655 1718 1711 1763 et
1737 1708 1826 1778 qui
1876 1707 1971 1762 be-

386 1804 575 1857 neficia
607 1803 859 1857 omnilms
892 1817 989 1872 per
1031 1801 1219 1857 orbem
1250 1801 1489 1867 confert,
1518 1800 1661 1854 venit
1710 1799 1969 1854 beneﬁcia

383 1914 415 1947 a
444 1912 557 1949 sana
580 1896 648 1949 tis
678 1895 825 1951 hisce
858 1910 1184 1965 magnosque
1205 1895 1463 1949 bonorum
1496 1893 1697 1947 fructus
1724 1902 1973 1962 acceptu-

383 2004 494 2043 ros.
527 1987 757 2059 Ideoque
787 1998 841 2043 et
871 1989 984 2058 ipse
1014 1986 1337 2051 diademate,
1361 1998 1414 2042 et
1463 1987 1718 2042 satellites
1754 2001 1963 2051 omnes,

380 2083 469 2135 alii
492 2082 718 2153 clypeis,
742 2081 829 2135 alii
850 2082 1049 2135 lanceis
1070 2081 1351 2150 depositis,
1370 2090 1423 2135 et
1445 2079 1581 2133 fastu
1606 2080 1698 2133 illo
1719 2079 1964 2150 depulso,

377 2189 501 2226 cum
531 2172 765 2227 demisso
791 2173 972 2227 animo
1009 2186 1291 2227 accessere
1332 2185 1542 2234 omnes,
1570 2172 1720 2241 quasi
1749 2188 1779 2223 a
1822 2181 1963 2227 terra

378 2268 432 2322 in
464 2268 654 2322 ea-lum
690 2267 945 2338 ingressi,
992 2266 1079 2321 ubi
1116 2266 1423 2335 dignitates,
1469 2265 1746 2335 splendor,
1775 2273 1827 2319 ct
1856 2273 1962 2319 tota

377 2361 465 2413 illa
496 2359 812 2429 dignitatum
840 2374 999 2413 scena
1027 2358 1257 2428 ejicitur,
1286 2358 1408 2413 vita:
1434 2368 1610 2412 autem
1655 2357 1962 2427 exemplum

375 2461 431 2504 et
477 2450 688 2505 virtutis
746 2450 951 2506 fructus
996 2459 1198 2505 tantum
1252 2451 1526 2520 ell‘ulgent.
1576 2451 1728 2517 Quod
1783 2451 1827 2505 si
1877 2449 1964 2506 hic

377 2553 522 2597 tanta
565 2552 644 2597 est
678 2552 971 2615 martyrum
1019 2544 1210 2609 virtus,
1260 2543 1431 2612 cogita
1479 2551 1674 2612 quanta
1721 2542 1775 2596 in
1816 2542 1961 2596 cwlis

373 2635 551 2689 futura
597 2638 665 2690 sit
698 2652 712 2689 :
744 2636 788 2690 si
838 2637 890 2690 in
951 2650 1182 2706 agonum
1227 2643 1282 2689 et
1323 2635 1674 2689 certaminum
1718 2644 1961 2702 tempore

374 2730 511 2784 tales
541 2741 665 2782 sunt
694 2729 928 2797 ipsorum
957 2727 1193 2784 honores
1217 2743 1230 2791 ;
1266 2726 1317 2781 in
1350 2727 1692 2796 praemiorum
1716 2735 1959 2795 tempore

370 2823 552 2893 qualia
600 2822 783 2876 bravia
828 2821 1023 2875 erunt?
1052 2819 1263 2874 Etenim
1311 2828 1491 2873 nostra
1525 2834 1628 2873 non
1665 2828 1791 2873 sunt
1818 2835 1957 2889 pra:-

372 2918 543 2972 sentis
593 2916 715 2969 vita:
758 2915 1016 2969 limitibus
1062 2914 1506 2983 circumscripta:
1552 2913 1647 2968 sed
1687 2914 1753 2966 ad
1797 2912 1955 2967 aliam

372 3012 535 3062 vitam
579 3006 830 3077 prmsenli
879 3006 1155 3061 meliorem
1201 3019 1569 3075 properamus,
1628 3013 1684 3058 ct
1722 3004 1788 3058 ad
1835 3004 1957 3058 lon-

367 3103 577 3173 giorem
616 3116 765 3170 spem
807 3098 1203 3164 contendimus,
1235 3107 1289 3153 et
1333 3097 1400 3152 ad
1442 3097 1703 3152 bonorum
1758 3098 1961 3151 haben-

366 3196 507 3249 tium
579 3190 965 3248 usumfructum
1018 3190 1397 3244 immortalem.
1446 3190 1506 3244 In
1567 3188 1675 3245 duo
1727 3202 1957 3259 namque

371 3301 482 3340 aeva
512 3286 653 3340 licus
699 3286 858 3338 vitam
894 3295 1130 3337 nosuam
1157 3282 1378 3345 divisit;
1414 3295 1754 3351 praesensque
1781 3295 1954 3333 avum

372 3377 699 3431 laboriosum
754 3376 1018 3439 reddidit,
1066 3374 1301 3428 futurum
1350 3386 1479 3427 vero
1524 3386 1692 3427 suave
1730 3381 1786 3426 et
1831 3370 1953 3424 inli-

372 3471 538 3524 nitum
568 3486 587 3534 ;
617 3478 677 3523 nt
716 3476 834 3537 post
875 3467 1114 3522 modicos
1144 3465 1230 3519 hic
1268 3465 1571 3520 exantlatos
1603 3464 1813 3520 labores
1857 3465 1956 3517 im-

371 3560 687 3615 mortalibus
736 3558 840 3614 illic
893 3560 1129 3612 fruamur
1171 3556 1407 3612 coronis.
1461 3555 1684 3612 Volebat
1736 3555 1950 3626 quidem

371 3652 454 3706 ille
476 3650 657 3705 statim
681 3650 749 3703 ab
768 3649 991 3705 exordio
1020 3648 1083 3702 ad
1117 3648 1260 3702 illam
1290 3662 1386 3702 nos
1406 3647 1600 3701 ducere
1624 3648 1823 3712 vitam;
1855 3647 1951 3701 sed

370 3762 465 3800 nos
496 3760 603 3799 non
654 3744 1016 3814 permisimus,
1052 3740 1366 3811 ignaviaque
1413 3750 1593 3794 nostra
1626 3740 1819 3794 multas
1849 3754 1948 3795 ne-

368 3840 580 3893 xuimus
610 3852 806 3897 moras,
841 3846 892 3889 et
949 3850 1043 3904 per
1080 3834 1345 3904 ingratutn
1376 3814 1611 3887 animum
1641 3832 1947 3886 diuturnam

370 3932 511 3985 illam
543 3930 855 3985 dilationem
888 3928 1041 3983 nobis
1079 3924 1529 3994 comparavimus.
1562 3923 1627 3978 Et
1653 3924 1753 3978 hoc
1768 3939 1830 3977 ex
1860 3924 1946 3989 iis,

365 4042 485 4094 que
514 4024 584 4078 ab
610 4024 760 4079 initio
789 4023 943 4076 nobis
983 4021 1101 4073 data
1133 4019 1364 4083 fuerant,
1400 4018 1612 4087 planutn
1654 4016 1829 4071 facere
1853 4032 1946 4071 co-

368 4119 557 4173 nabor.
604 4116 736 4170 Nam
762 4116 838 4170 sic
871 4115 1012 4169 Deus
1043 4113 1318 4167 uobiscum
1353 4112 1461 4182 agit
1486 4128 1499 4164 :
1524 4126 1644 4165 cum
1670 4111 1943 4181 quidpiam

366 4212 487 4266 boni
538 4208 692 4264 nobis
734 4208 1066 4277 praestiturus
1096 4215 1197 4269 est,
1228 4203 1434 4258 etiamsi
1466 4203 1665 4273 indigni
1698 4203 1815 4272 ejus
1846 4202 1943 4257 be-

366 4302 645 4357 neﬁcentia
692 4299 987 4362 videamur,
1024 4306 1201 4349 tamen
1248 4311 1345 4364 per
1373 4296 1547 4348 omnia
1595 4294 1851 4359 ostendit,
1882 4309 1943 4349 se

362 4397 577 4465 quidem
607 4391 858 4457 voluisse,
887 4389 979 4443 sed
1009 4403 1103 4456 per
1130 4387 1397 4457 ignaviam
1422 4397 1658 4442 nostram
1682 4386 1957 4440 accidisset

362 4500 417 4541 ut
462 4487 531 4539 ab
557 4502 623 4539 eo
648 4483 789 4555 quod
821 4482 909 4536 ille
956 4480 1169 4534 volebat
1203 4478 1590 4532 excideremus.
1643 4476 1754 4531 lloc
1797 4487 1939 4533 certe

362 4579 513 4633 initio
549 4577 692 4631 fecit.

435 4669 669 4722 Hominis
716 4668 939 4737 dignitas
994 4667 1044 4718 in
1102 4673 1237 4719 statu
1289 4662 1607 4716 intrat-entire.
1669 4661 1939 4715 Peccatum

357 4765 540 4816 Adumi
574 4762 825 4815 hominem
850 4763 916 4814 ad
936 4759 1278 4814 sublimiore»:
1304 4740 1492 4811 stutum
1517 4757 1695 4809 evexit.
1718 4756 1937 4810 -Cttm

355 4860 498 4911 enim
531 4856 804 4909 hominem
822 4855 1122 4908 ell'ortnavit
1139 4853 1297 4911 lli-us.
1313 4851 1489 4904 statim
1514 4864 1617 4903 non
1642 4849 1933 4915 laboribus,

355 4967 460 5003 non
509 4949 761 5012 miserim,
791 4962 895 5001 noo
924 4946 1095 5001 dolori
1140 4944 1436 4999 obnoxium
1482 4942 1627 5007 fecit,
1660 4957 1764 4995 non
1793 4956 1940 4995 mor-

296 5084 299 5091 .
355 5045 513 5098 talem
555 5040 835 5103 condidit;
874 5039 970 5093 sed
1002 5050 1101 5092 nec
1139 5036 1366 5089 tristitia:
1393 5049 1491 5089 nec
1519 5032 1805 5087 sudoribus
1836 5044 1941 5088 nec

352 5136 510 5189 morti
545 5143 669 5188 tunc
699 5132 945 5185 addictus
984 5138 1120 5183 erat.
1149 5126 1331 5197 Neque
1358 5126 1524 5189 enim,
1559 5125 1657 5179 nisi
1688 5126 1756 5179 ab
1781 5125 1934 5180 initio

352 5230 453 5282 hoc
486 5229 559 5283 illi
590 5226 978 5291 concessisset,
1011 5230 1131 5291 post
1155 5218 1629 5289 transgressionem
1657 5217 1722 5272 ad
1768 5218 1927 5272 talem

350 5321 501 5374 illum
557 5318 887 5389 punitionem
929 5331 991 5370 ac
1029 5311 1345 5383 supplicium
1376 5310 1761 5365 damnavisset.
1792 5312 1926 5367 Cum

352 5417 530 5483 itaque
550 5412 631 5467 his
660 5411 895 5465 nondum
921 5408 1185 5462 obnoxius
1210 5415 1372 5471 esset,
1392 5407 1679 5474 plusquam
1703 5405 1783 5459 sol
1814 5407 1935 5475 ipse

348 5506 609 5576 fulgebat,
636 5503 872 5558 vestibus
899 5501 1091 5568 nudus,
1120 5501 1285 5571 gloria
1307 5498 1687 5553 circumdatus.
1715 5498 1928 5553 Etenim

349 5601 448 5654 hoc
477 5612 689 5668 quoque
729 5594 1065 5650 beatitudinis
1092 5594 1207 5662 ejus
1232 5594 1438 5663 signum
1468 5599 1585 5645 erat
1612 5594 1922 5659 maximum,

347 5692 487 5760 quod
522 5707 621 5745 nec
647 5690 882 5744 vestibus
912 5698 1090 5758 egeret
1120 5702 1291 5757 neque
1341 5695 1647 5757 legumento
1693 5702 1789 5741 nec
1819 5688 1925 5743 alio

346 5787 535 5862 quovis
582 5786 795 5853 atuictu,
843 5783 935 5839 sed
960 5798 1153 5855 corpus
1185 5782 1406 5839 haberet
1449 5781 1637 5838 borum
1684 5784 1922 5839 amnium

2092 711 2189 753 usu
2236 704 2503 769 superius.
2546 702 2729 775 Neque
2774 706 2898 763 hinc
2948 712 3121 765 solum
3167 714 3353 775 beatus
3396 728 3549 779 erat;
3576 722 3673 776 sed

2088 792 2229 860 quod
2260 803 2411 849 antea
2446 795 2539 849 Dei
2568 796 2833 854 frueretur
2860 801 3150 872 colloquio,
3181 816 3235 861 et
3264 808 3513 877 loquendi
3549 826 3685 869 cunr

2089 879 2206 951 ipso
2234 883 2476 941 libertate
2502 886 2779 956 gauderet.
2809 890 2874 944 Et
2901 894 3072 961 angeli
3100 896 3315 964 quidem
3335 874 3671 965 tremebant,

1988 1000 1991 1001 ν
2084 971 2445 1031 Cherubimet
2469 978 2750 1047 Seraphim
2774 998 2840 1037 ne
2860 984 3128 1039 audebant
3150 989 3625 1062 quidcmaspiccre
3656 1014 3669 1050 :

2086 1063 2201 1133 ipse
2231 1082 2357 1122 vero
2386 1078 2440 1123 ut
2468 1072 2672 1126 amicus
2712 1088 2833 1127 cum
2876 1076 3049 1131 amico
3094 1080 3361 1149 colloquia
3408 1100 3530 1138 cum
3577 1088 3673 1140 illo

2085 1157 2361 1214 miscebat.
2397 1162 2606 1218 Etenim
2654 1167 2867 1235 quando
2900 1169 3171 1225 brutormn
3216 1175 3529 1231 animalium
3574 1196 3667 1241 ge-

2084 1264 2212 1304 nera
2238 1254 2497 1319 condidit,
2530 1257 2596 1310 ad
2630 1258 2801 1327 ipsmn
2835 1261 2921 1315 illa
2949 1262 3192 1329 adduxit,
3222 1276 3277 1321 et
3305 1270 3418 1337 ipse
3447 1274 3669 1331 nomina

2082 1339 2215 1409 ipsis
2266 1342 2518 1414 imposuit
2544 1349 2563 1417 (
2591 1348 2719 1405 Gen.
2750 1350 2804 1405 2.
2834 1354 2901 1408 l9
2932 1353 2973 1425 l,
3006 1372 3127 1426 qua:
3180 1359 3459 1417 immutata
3514 1382 3661 1421 man.

2081 1443 2219 1525 sere.
2250 1432 2381 1488 Nam
2412 1434 2513 1492 hoc
2555 1454 2769 1510 quoque
2792 1444 3082 1499 maximum
3112 1459 3228 1503 erat
3254 1450 3477 1509 honoris
3506 1455 3605 1525 ipsi
3634 1477 3673 1510 ιι

2082 1519 2189 1619 Pen
2206 1526 2429 1593 prmstiti
2447 1529 2678 1599 signum,
2693 1548 2797 1587 non
2816 1537 2957 1605 quod
2977 1538 3147 1607 ipsum
3163 1544 3374 1599 nomina
3392 1519 3677 1619 imponeret

2073 1611 2313 1681 jusserit,
2345 1620 2440 1674 sed
2471 1623 2611 1691 quod
2639 1626 2821 1693 etiam,
2858 1640 3135 1700 postquam
3169 1633 3330 1689 homo
3350 1638 3451 1694 sibi
3466 1611 3675 1697 ‘datam.

2077 1702 2249 1775 legem
2281 1719 2570 1778 everterat,
2600 1716 2741 1771 Deus
2770 1719 3055 1789 honorem,
3085 1739 3242 1792 quem
3276 1726 3374 1797 ipsi
3415 1741 3543 1789 ante
3577 1735 3677 1789 Iov

2074 1810 2193 1865 gem
2239 1814 2602 1871 concesserat,
2646 1822 2753 1861 non
2800 1809 3124 1878 abstulerit;
3172 1818 3266 1873 sed
3316 1820 3479 1877 Omne
3523 1829 3669 1889 quod:

2073 1892 2267 1987 vocarit
2295 1893 2479 1987 Adam,
2513 1898 2608 1951 hoc
2635 1917 2814 1956 nomen
2835 1916 2906 1958 est
2936 1908 3036 1975 ipsi
3062 1908 3270 1981 (Ibid).
3311 1914 3495 1971 Videu‘
3524 1936 3665 1987 quo-7

2073 1981 2234 2036 modo
2258 1985 2459 2041 nullum
2484 1988 2555 2044 ibi
2573 2004 2714 2046 esset
2735 1999 3012 2063 pra'scutis
3040 2001 3162 2055 vita:
3183 2006 3483 2073 synilmlum
3507 1981 3672 2066 inore.

2070 2083 2215 2129 artes
2269 2075 2361 2141 ibi,
2406 2094 2512 2134 non
2556 2087 2895 2150 commercia,
2944 2105 3048 2143 non
3078 2093 3334 2162 aedificia,
3364 2115 3471 2154 non
3500 2101 3655 2158 indu-

2070 2174 2270 2259 incola,
2305 2182 2409 2222 non
2441 2172 2675 2240 calceos,
2704 2192 2809 2231 non
2859 2189 3083 2242 trctunt.
3113 2200 3222 2239 ιιοιι
3247 2203 3509 2259 mensam,
3542 2210 3671 2251 ιιοιιι

2070 2252 2331 2321 laborem,
2356 2274 2463 2314 non
2490 2262 2751 2331 dolorem,
2780 2284 2884 2323 nou
2908 2284 3157 2339 mortem,
3178 2291 3284 2331 non
3313 2279 3454 2335 aliud
3490 2252 3657 2339 in:in

2069 2362 2186 2442 rum
2216 2363 2405 2420 agmen
2430 2354 2662 2419 videris;
2685 2358 2778 2412 sed
2808 2362 3083 2429 splendida
3114 2378 3263 2421 erant
3294 2377 3571 2442 prowmia,
3598 2390 3665 2433 ιιι

2067 2440 2187 2495 beta
2210 2444 2489 2511 νυεῑίὺυιιι,
2512 2457 2565 2502 et
2587 2449 2791 2505 iuitimn
2815 2452 2880 2505 ad
2909 2454 3184 2512 meliorem
3210 2460 3367 2516 \itam
3393 2440 3649 2525 ducebat.

2065 2532 2171 2590 Sed
2227 2536 2276 2590 id
2311 2553 2415 2592 non
2448 2542 2687 2608 permisit
2736 2544 2929 2609 Adam,
2954 2564 3074 2601 cum
3128 2550 3331 2619 ignavia
3385 2572 3513 2611 usus
3553 2575 3650 2613 ex-

2066 2627 2632 2700 plicabili,jussorunt
2677 2634 2779 2689 sibi
2822 2638 3079 2693 terminos
3128 2645 3429 2713 transiluit,
3475 2666 3655 2720 neque

2063 2722 2133 2776 ab
2164 2740 2271 2777 uno
2292 2724 2560 2781 abstinere
2584 2728 2728 2798 ligno
2751 2734 3005 2787 sustinuit
3030 2752 3044 2787 :
3070 2746 3305 2793 attamen
3332 2742 3411 2795 sic
3434 2760 3647 2814 quoque

2064 2815 2226 2867 multa
2272 2816 2362 2871 Dei
2396 2819 2695 2887 benignitas
2736 2825 3055 2878 ostenditur.
3101 2828 3249 2882 Solet
3293 2833 3434 2885 enim
3465 2833 3603 2887 Dens
3629 2876 3644 2898 ,

2062 2908 2276 2977 quando
2324 2926 2352 2962 a
2400 2913 2649 2981 quopiam
2703 2929 2797 2983 per
2849 2917 3113 2985 ignaviam
3161 2921 3363 2991 delapsi
3413 2940 3644 2991 sumus,

2062 3000 2237 3053 omnia
2268 2999 2465 3067 facere,
2500 3020 2599 3058 nec
2630 3018 2754 3060 ante
2780 3007 3063 3073 absiszere,
3088 3028 3244 3081 quant
3275 3031 3372 3070 nos
3387 3019 3452 3072 ad
3478 3023 3645 3074 tnulto

2062 3093 2263 3162 majora
2304 3094 2369 3150 iis
2413 3112 2531 3165 qua:
2560 3098 2837 3154 amisimus
2880 3103 3177 3160 extulerit‘:
3210 3107 3258 3160 id
3290 3112 3430 3179 quod
3480 3114 3661 3167 etiame

2061 3194 2186 3241 tunc
2227 3184 2444 3240 factum.
2479 3188 2791 3244 Excidimus
2830 3192 2973 3245 enim
3025 3210 3088 3247 ex
3120 3199 3385 3266 paradiso,
3414 3212 3465 3255 et
3493 3220 3653 3258 accc-

2061 3279 2233 3342 pimus
2253 3280 2442 3333 ca-lmn
2470 3299 2483 3334 :
2511 3281 2735 3351 ideoque
2756 3282 2953 3338 damno
2976 3287 3154 3356 majus
3169 3301 3251 3343 est
3277 3292 3505 3350 Ιιιιυιηιιιι.

2059 3384 2164 3424 non
2215 3371 2395 3425 statim
2445 3371 2573 3425 illud
2624 3376 2965 3443 accepimus;
3018 3378 3181 3448 idque
3225 3398 3305 3436 ex
3335 3385 3453 3454 ejus
3510 3403 3658 3443 Cilla-

2056 3472 2109 3517 et
2139 3463 2469 3532 providentia
2500 3464 2697 3519 factum
2730 3476 2829 3520 est.
2865 3467 2998 3535 Quia
3027 3472 3168 3524 enim
3218 3473 3423 3528 dixerat
3456 3478 3637 3531 inimi-

2055 3569 2171 3621 cus,
2209 3554 2364 3610 Erilis
2406 3556 2534 3611 sicut
2574 3557 2648 3611 dri
2695 3557 2851 3630 (Gen.
2896 3562 2952 3614 3.
2986 3560 3078 3629 5),
3122 3573 3176 3616 et
3218 3566 3361 3634 ip~0s
3410 3568 3500 3620 tali
3542 3587 3641 3637 spe

2055 3647 2356 3712 inflaverat,
2392 3657 2449 3701 ut
2495 3658 2869 3718 exspectarent
2912 3668 2971 3705 se
2998 3652 3131 3707 Deo.
3152 3669 3305 3722 pares
3335 3656 3468 3722 fore,
3502 3669 3555 3711 et
3585 3678 3653 3714 ιιι.

2052 3741 2413 3809 arrogantiam
2463 3740 2609 3808 ipsos
2654 3740 2927 3795 allexerat'
2967 3752 3017 3797 et
3061 3744 3124 3796 ad
3173 3747 3429 3815 majorem
3478 3767 3636 3819 quam

2054 3840 2241 3884 natura
2270 3844 2365 3884 sua
2391 3830 2558 3883 ferret
2592 3831 2899 3899 opinionem
2932 3850 2947 3885 :
2985 3833 3465 3902 lmjnsmmliiuleus
3499 3858 3641 3909 peni-

2052 3930 2141 3981 tus
2182 3936 2377 3977 curans
2406 3922 2570 3986 Deus,
2610 3923 2789 3975 statim
2816 3924 2895 3976 ad.
2924 3928 3309 3995 tempusisinit
3362 3930 3414 3985 in
3464 3946 3652 3989 nuo-to-

2052 4016 2278 4080 versari,
2309 4025 2368 4070 ut
2407 4015 2781 4085 experimento
2802 4017 3000 4072 diaboli
3031 4021 3311 4076 consilium
3345 4024 3633 4087 edisceret.

2050 4121 2103 4166 et
2137 4111 2300 4180 probe
2331 4111 2569 4165 instituta
2606 4114 2805 4176 anima,
2837 4127 3034 4183 corpus
3060 4114 3365 4173 immortale
3391 4136 3645 4174 assume‘

2050 4216 2150 4261 ret.
2197 4205 2411 4259 Interim
2460 4220 2589 4275 ergo
2638 4205 2847 4259 volebat
2903 4206 3290 4264 Deus.mortis
3342 4223 3541 4267 ntetum
3585 4216 3645 4269 iu

2048 4298 2230 4351 animo
2277 4297 2477 4365 vigere,
2521 4296 2921 4366 terribilemque
2948 4312 3065 4353 rem
3092 4297 3296 4361 putari.

2118 4390 2171 4443 2.
2214 4387 2295 4442 Dc
2322 4388 2487 4442 Abelis
2516 4392 2671 4441 crede.
2720 4388 3042 4443 Rasurrectio
3069 4394 3246 4461 futura
3276 4393 3483 4447 obscure
3515 4400 3621 4466 pri-

2045 4499 2184 4534 nium
2210 4479 2660 4534 indicata.-—ldeo
2688 4481 2909 4535 Abeletn
2941 4482 3087 4550 prius
3117 4485 3253 4539 mori
3272 4488 3545 4554 permisit,
3571 4500 3641 4545 ιιι

2042 4574 2132 4643 qui
2179 4574 2557 4643 prievaricatus
2606 4573 2799 4640 fuerat,
2828 4589 2903 4628 ex
2921 4574 3038 4645 ipso
3066 4576 3179 4631 visu
3215 4576 3447 4633 disceret
3473 4583 3631 4649 quid-

2045 4682 2167 4721 nam
2191 4683 2336 4721 mors
2353 4677 2516 4732 esset,
2532 4677 2584 4721 et
2606 4668 2964 4739 quam-gravis
2992 4684 3329 4741 onerosaque
3351 4689 3437 4728 res
3462 4689 3633 4730 esset.

2043 4760 2173 4816 Nam
2198 4763 2240 4815 si
2268 4762 2382 4831 ipse
2405 4762 2606 4830 primus
2649 4774 2890 4816 mortuus
2936 4773 3101 4829 esset,
3147 4775 3386 4820 naturam
3417 4771 3491 4823 rei
3522 4788 3631 4825 non

2044 4857 2301 4919 novisset,
2330 4870 2450 4908 cum
2482 4870 2586 4908 non
2614 4854 2779 4909 alimn
2807 4855 3027 4910 vidisset
3052 4867 3321 4912 mortuum
3343 4877 3356 4914 :
3375 4877 3513 4915 llllllC
3543 4880 3632 4919 au-

2046 4959 2151 5004 tem
2176 4950 2289 5019 ipse
2310 4947 2525 5019 quidem
2548 4950 2720 5013 vivus,
2740 4949 2791 5003 in
2812 4950 2916 5002 alio
2932 4961 3113 5005 autem
3143 4966 3370 5022 corpore
3397 4966 3629 5013 mortem

2043 5047 2231 5100 videns
2263 5047 2351 5099 lilii
2382 5060 2578 5114 corpus
2605 5054 2979 5115 occupantem,
3007 5048 3309 5102 accuratius
3347 5061 3401 5101 et
3429 5052 3629 5104 clarius"

2041 5130 2334 5199 punitionis
2353 5129 2994 5200 magnitudinemdidicit.
3028 5130 3259 5199 Ideoque
3288 5148 3392 5187 non
3421 5141 3630 5189 tantum

2040 5221 2093 5275 in
2121 5221 2321 5286 alieno,
2357 5221 2448 5276 sed
2481 5230 2535 5274 et
2563 5221 2613 5274 in
2658 5220 2747 5274 lilii
2774 5219 2857 5275 sui
2878 5235 3104 5290 corpore
3130 5222 3180 5275 id
3206 5222 3355 5288 vidit,
3388 5224 3476 5277 ubi
3499 5242 3633 5280 cui»

2039 5314 2151 5384 ipsa
2192 5316 2266 5368 rei
2311 5325 2497 5369 natura
2542 5316 2848 5386 tyrannicas
2886 5318 3052 5384 patris
3076 5315 3299 5372 affectus
3319 5321 3632 5388 graviorem

2037 5405 2280 5477 pariebat
2320 5405 2596 5470 dolorem,
2641 5405 2911 5475 etiamque
2938 5421 3061 5462 cum
3110 5405 3243 5476 ipsa
3270 5418 3458 5467 natura
3514 5412 3623 5465 vir-

2039 5510 2122 5553 tus
2154 5499 2276 5563 lilii;
2309 5514 2429 5552 cum
2470 5498 2677 5552 virtute
2706 5497 2813 5553 llos
2832 5512 3046 5569 quoque
3079 5500 3275 5555 aetatis.
3305 5500 3421 5555 Non
3475 5502 3624 5557 enim

2036 5594 2087 5649 in
2128 5602 2424 5659 senectute,
2484 5592 2576 5647 sed
2615 5592 2664 5645 in
2708 5592 2823 5662 ipso
2869 5592 3167 5662 juventutis
3211 5596 3392 5664 vigore
3447 5609 3623 5652 morte

2034 5688 2273 5742 sublatus
2303 5695 2403 5742 est.
2431 5686 2511 5740 Ad
2542 5686 2656 5741 Iure
2675 5686 2998 5741 veroomnia
3027 5701 3055 5739 a
3089 5685 3252 5741 fratre
3287 5702 3387 5740 suo
3415 5689 3465 5741 id
3498 5704 3615 5756 rus-

2032 5798 2124 5839 sus
2153 5782 2343 5847 fuerat,
2379 5789 2431 5837 et
2460 5797 2486 5835 a
2510 5780 2671 5836 fratre.
2692 5779 2949 5836 scelerate
2970 5789 3023 5836 et
3054 5779 3231 5849 inique
3274 5791 3480 5851 agente.
3518 5781 3623 5838 l’er
