4054 6190
433 283 540 346 δῗΰ

432 403 551 459 haec
591 398 735 458 enim
764 398 942 455 omnia
993 397 1247 452 terribilis
1278 395 1466 451 mortis
1509 395 1719 467 species
1745 394 2010 463 reddeba-

433 503 521 550 tur
540 505 595 549 et
619 501 837 562 aspectu
867 490 1159 560 lugubrior,
1190 498 1243 543 ct
1281 489 1334 542 in
1366 487 1573 542 Adamo
1596 489 1809 557 gravior
1837 487 2011 542 luctus

431 585 796 642 concitabatur
820 623 835 648 ,
877 595 997 637 cum
1028 580 1444 652 unumquodque
1489 593 1676 635 eorum
1722 593 1842 648 qua:
1868 578 2010 632 dixi-

431 692 556 733 mus
608 691 855 747 magnam
885 675 1206 730 accenderet
1237 673 1508 728 fornacem
1547 680 1602 726 et
1645 671 2007 726 ardentioreu.

432 773 701 826 ﬂammam
733 770 1007 834 efﬁceret,
1036 769 1366 836 decoretque
1415 766 1468 819 ltt
1513 775 1769 834 quantum
1809 762 2009 818 malum

433 863 608 932 ipsum
636 860 913 932 injecisset
937 859 1205 914 diabolus.
1233 857 1363 911 Nam
1407 857 1451 910 si
1483 871 1582 910 nos
1601 897 1615 920 ,
1644 855 1734 925 qui
1764 854 2010 924 quotidie

432 963 677 1009 mortuos
708 952 951 1007 videmus
977 990 992 1016 ,
1036 951 1312 1004 turbamur
1337 989 1352 1013 ,
1382 945 1787 1015 expavescimus
1811 986 1824 1009 ,
1856 959 2010 999 com-

431 1043 746 1111 priminiur;
773 1056 871 1096 nec
899 1055 995 1094 nos
1024 1047 1246 1104 tantum,
1278 1037 1372 1093 sed
1400 1038 1561 1092 etiam
1594 1037 1628 1089 ii
1658 1036 1748 1104 qui
1769 1035 2011 1105 superci-

430 1135 501 1188 lia
542 1133 804 1188 extollunt
838 1140 997 1201 atque
1041 1131 1092 1184 itt
1126 1129 1332 1200 magnis
1363 1137 1644 1185 versantur
1666 1125 2013 1197 dignitatibus

433 1235 489 1279 et
516 1225 788 1289 inﬂantur,
811 1223 856 1278 sl
877 1224 1093 1278 veniant
1109 1223 1174 1276 ad
1195 1221 1352 1276 funus
1374 1220 1537 1276 etiam
1563 1219 1755 1274 mortui
1781 1217 2014 1287 vulgaris

432 1317 791 1382 conditionis,
837 1317 950 1386 ipso
1003 1325 1222 1386 aspectu
1268 1315 1735 1385 comprimuntur,
1782 1321 1836 1366 et
1878 1327 2011 1382 quo-

433 1410 516 1464 vis
556 1408 662 1464 alio
714 1408 1024 1463 humiliores
1055 1407 1351 1462 redduntur
1378 1425 1391 1461 :
1420 1406 1548 1478 quid
1593 1403 1882 1460 verisimile
1932 1412 2016 1457 at

433 1516 648 1570 passum
697 1515 818 1555 esse
874 1500 1018 1555 illum
1067 1500 1156 1570 qtti
1208 1508 1474 1553 mortuum
1501 1497 1728 1568 primum
1777 1493 2010 1558 videbat,

433 1599 490 1645 ut
538 1593 591 1645 in
649 1593 776 1658 lilii,
833 1593 942 1646 imo
984 1592 1103 1647 talis
1153 1591 1281 1659 lilii,
1321 1602 1588 1659 corpore;
1645 1587 1734 1658 qui
1778 1584 2011 1640 nondum

433 1699 502 1739 ex
559 1693 892 1739 mortuorum
960 1684 1257 1754 frequentia
1314 1682 1385 1738 de
1446 1689 1593 1736 tanto
1654 1680 1796 1734 malo
1841 1677 2012 1748 cogita

438 1787 626 1843 verat,
669 1792 735 1831 ex
787 1777 862 1831 rei
915 1776 1196 1830 insolentia
1243 1775 1472 1828 maxime
1516 1769 2013 1842 turbareturiquid

436 1884 650 1942 passum
721 1883 844 1923 esse
900 1867 1188 1922 verisimile
1235 1875 1318 1921 est
1355 1908 1370 1932 ,
1419 1881 1541 1920 eum
1595 1864 1800 1918 videret
1866 1863 2010 1916 illum

437 1980 538 2019 nec
603 1977 790 2016 vocem
844 1961 1069 2026 audire,
1129 1973 1227 2014 nec
1284 1967 1456 2012 tactus
1507 1971 1722 2012 sensum
1779 1969 2012 2025 capere,

437 2070 536 2110 nec
589 2053 836 2125 lacrymis
889 2061 943 2105 et
999 2050 1283 2120 gemitibus
1332 2048 1532 2103 moveri
1582 2063 1681 2101 nec
1721 2045 1856 2116 patri
1904 2045 2018 2100 (ιο-

437 2145 567 2200 lenti
617 2142 908 2198 condolere
966 2157 1065 2195 nec
1113 2149 1368 2195 consueta
1420 2138 1633 2194 facere?
1681 2139 1890 2192 Etenim
1948 2153 2017 2192 ne

440 2243 760 2305 praiseutetn
815 2247 995 2287 rerum
1050 2241 1246 2285 statum
1300 2229 1645 2293 consideres;
1699 2230 1793 2284 sed
1840 2229 2011 2297 cogita

437 2327 579 2396 quod
608 2335 734 2382 tunc
764 2324 991 2395 primum
1042 2322 1076 2376 h
1100 2338 1203 2377 imo
1232 2332 1504 2379 mortuum
1536 2321 1758 2386 viderit,
1789 2330 1843 2373 et
1873 2319 2012 2389 quod

438 2419 630 2471 timore
659 2432 851 2486 magno
881 2416 1153 2484 multaque
1182 2413 1583 2484 perturbatione
1635 2413 1871 2482 repletus
1902 2410 2015 2464 fue-

438 2507 527 2562 rit.
561 2510 808 2562 Attamen
835 2516 1021 2578 postea
1049 2505 1428 2559 consolationis
1455 2504 1668 2559 modum
1699 2502 2017 2573 excogitavit

440 2599 581 2652 [lens
614 2613 628 2651 :
663 2612 834 2667 neque
863 2597 1009 2651 enim
1041 2605 1245 2650 tantum
1276 2595 1489 2649 volebat
1533 2605 1588 2648 ut
1629 2603 1801 2648 metus
1829 2593 2016 2646 mortis

437 2688 722 2742 adderetur
751 2726 769 2754 ,
821 2685 916 2741 sed
965 2687 1126 2740 etiam
1168 2695 1225 2740 ut
1265 2686 1551 2755 quamdam
1593 2686 2014 2740 consolationem

439 2781 601 2838 homo
643 2777 965 2850 perciperet.
995 2778 1327 2845 Quamnam?
1372 2779 1415 2832 A
1449 2780 1857 2833 resurrectiOne.
1908 2776 2015 2832 Sed

439 2872 583 2930 illam
616 2887 722 2926 non
764 2871 942 2926 statim
985 2868 1199 2939 quidem
1247 2868 1426 2934 dedit,
1477 2884 1659 2923 verum
1702 2869 1817 2937 ejus
1863 2882 2012 2938 spem

436 2963 664 3018 obscure
717 2969 771 3014 et
813 2961 964 3031 quasi
1014 2961 1066 3015 in
1113 2959 1396 3030 amigtnate
1451 2959 1675 3029 aperuit.
1727 2959 2013 3030 Postquam

437 3054 579 3109 enim
626 3061 802 3107 metus
834 3051 1066 3107 multum
1097 3059 1286 3106 auctus
1337 3049 1438 3104 fuit
1487 3049 1821 3119 hominisque
1860 3064 2013 3104 men-

438 3155 544 3199 tem
568 3143 863 3208 concussit,
902 3152 1288 3212 ostensumque
1337 3140 1434 3196 fuit
1488 3141 1615 3211 quid
1659 3156 1803 3196 mors
1850 3148 2010 3205 esset,

437 3254 598 3308 quant
628 3235 826 3308 gravis,
857 3248 1016 3307 qnam
1047 3237 1297 3305 molesta,
1328 3253 1488 3308 quam
1534 3251 1782 3300 onerosa,
1814 3251 1918 3290 non
1949 3237 2016 3291 ab

439 3336 663 3399 asltcetu
710 3328 923 3394 solum,
966 3327 1062 3383 sed
1115 3327 1276 3384 etiam
1330 3327 1400 3384 ab
1457 3329 1520 3382 iis
1574 3344 1692 3397 qtae
1740 3339 2013 3397 aspectum

437 3429 735 3490 sequuntur
756 3458 774 3484 ,
804 3435 834 3476 tt
893 3418 1198 3484 vermibus,
1225 3433 1254 3470 a
1301 3417 1488 3472 faetore
1513 3459 1526 3484 ,
1555 3433 1586 3471 a
1635 3418 1783 3472 sanie
1805 3458 1819 3482 ,
1854 3434 1883 3472 a
1935 3419 2016 3474 ci-

440 3526 602 3576 nere,
652 3511 882 3579 aliisque
928 3509 1213 3575 omnibus,
1253 3524 1372 3578 qua:
1426 3509 1476 3561 iu
1529 3518 1742 3563 mortuo
1793 3523 2016 3576 corpore

439 3603 792 3663 observantur
827 3619 845 3660 ι
883 3618 1002 3658 cum
1067 3603 1246 3672 itaque
1290 3602 1449 3656 timor
1493 3609 1684 3656 auctus
1729 3609 1902 3666 esset,
1959 3610 2016 3658 et

440 3700 677 3754 animum
729 3706 1132 3762 commoveret,
1163 3695 1285 3751 vide
1338 3694 1607 3766 quomodo
1656 3695 1815 3749 etiam
1867 3709 2017 3766 spem

441 3791 851 3847 resurrectionis
881 3797 1063 3861 postea
1097 3789 1348 3856 inducat,
1376 3788 1664 3842 involutam
1703 3787 1916 3857 quidem
1965 3796 2019 3841 et

439 3883 760 3948 obscuram,
797 3881 890 3936 sed
925 3881 1129 3935 inducit
1158 3890 1358 3934 tamen.
1402 3878 1532 3937 Nam
1580 3877 1857 3933 Enocltum
1886 3915 1902 3940 ,
1929 3875 2026 3944 qui

443 3985 628 4044 postea
661 3973 762 4028 fuit
789 4010 807 4036 ,
853 3973 986 4025 mori
1031 3987 1136 4025 non
1189 3969 1469 4040 permisit;
1499 3970 1734 4040 dicitque
1772 3969 1970 4028 Paulus
1997 3986 2024 4027 Α

444 4063 785 4118 1"itlcla‘twcli
831 4065 1108 4116 translatus
1147 4071 1259 4124 est,
1303 4072 1356 4116 tit
1395 4079 1495 4116 non
1543 4062 1730 4117 rideret
1773 4072 2018 4126 mortem,

444 4165 491 4210 ct
521 4169 620 4207 non
648 4151 992 4208 inreuiebtttur
1013 4192 1029 4217 ,
1071 4150 1191 4219 quia
1221 4152 1478 4209 transtulit
1505 4167 1620 4204 eum
1653 4150 1788 4208 Deus
1825 4149 2018 4221 (Hebr.

445 4247 532 4300 11.
579 4244 655 4317 5).
702 4236 999 4300 Transtulit
1025 4260 1146 4301 eum
1172 4286 1188 4311 .
1238 4260 1338 4300 nec
1369 4244 1504 4298 tnnri
1535 4245 1814 4312 permisit:
1851 4261 2023 4314 neque

447 4347 624 4391 tamen
681 4336 1036 4392 immortalem
1086 4336 1304 4392 interim
1352 4335 1501 4393 illum
1534 4334 1688 4400 fecit,
1723 4344 1781 4389 ut
1823 4346 2022 4396 metum

447 4449 552 4487 non
596 4432 861 4494 solveret,
895 4431 987 4484 sed
1019 4439 1230 4496 manet,
1275 4446 1374 4485 nec
1410 4432 1635 4485 moritur
1667 4447 1681 4483 :
1715 4447 1887 4500 neque
1942 4443 2023 4488 Ia-

446 4541 566 4578 tnen
606 4534 692 4582 est
723 4524 1076 4590 immortalis,
1106 4523 1202 4577 sed
1255 4524 1307 4581 in
1365 4523 1574 4578 nterlali
1605 4540 1830 4593 corpore
1857 4525 2026 4594 longi-

447 4616 682 4674 tudinem
715 4616 836 4672 rittc
885 4614 986 4684 ipsi
1038 4616 1260 4684 largitus
1304 4623 1427 4671 est:
1462 4615 1687 4672 obscure
1715 4657 1729 4679 ,
1777 4627 1832 4669 ut
1873 4618 1981 4672 dixi
2008 4657 2025 4680 .

446 4725 596 4777 apt'ttt
643 4719 770 4762 ante
816 4710 1267 4766 resurrectionem
1331 4708 1600 4777 aperiens.
1652 4708 1776 4763 ideo
1824 4709 2025 4778 justum

449 4802 584 4856 mori
637 4802 809 4872 primo
856 4801 1124 4858 concessit
1165 4819 1179 4856 :
1227 4817 1348 4858 nam
1401 4812 1592 4871 printer
1632 4802 1846 4858 allatam
1903 4817 2030 4860 cauo

447 4906 594 4959 sum,
625 4911 732 4953 non
759 4895 1104 4952 abi-rrarcrit'
1130 4893 1220 4965 qui
1254 4896 1391 4948 hanc
1416 4896 1576 4950 etiam
1601 4895 1809 4952 atteret.
1841 4894 2032 4965 Quam-

448 4985 612 5041 nam?
644 4983 774 5044 Eata
797 5003 916 5056 qua:
951 4986 1148 5056 petitur
1168 5001 1234 5042 ex
1268 4986 1680 5040 resto-rectione.
1709 4986 1841 5054 Quia
1885 4987 2026 5043 enim

448 5093 597 5133 mors
626 5093 732 5132 non
782 5087 1041 5148 perpetuo
1081 5089 1360 5149 regnatura
1421 5088 1574 5142 erat.
1625 5078 1744 5134 ideo
1798 5079 2028 5148 primum

449 5169 568 5240 eius
617 5169 1016 5228 fundamentum
1070 5173 1399 5240 primamque
1447 5170 1720 5236 radicem,
1752 5170 1802 5223 in
1830 5170 2028 5238 justiti-

446 5265 664 5320 ratione
687 5263 844 5334 deligi
888 5265 1132 5330 curavit,
1164 5275 1220 5320 ut
1247 5263 1648 5320 fundamentum
1682 5280 1784 5317 non
1810 5262 2024 5318 tirtuum

450 5366 708 5412 manem.
739 5356 890 5413 Sient
923 5357 1069 5412 enim
1115 5367 1389 5426 peccatum
1428 5366 1512 5413 est
1561 5356 1751 5412 mortis
1799 5355 2029 5413 alimen-

453 5460 589 5513 tum,
614 5450 682 5504 ita
709 5459 763 5505 et
783 5448 1091 5520 jttstilicatio
1110 5457 1195 5505 est
1221 5450 1412 5506 mortis
1454 5448 1685 5504 sublatio
1706 5457 1758 5504 et
1783 5447 2023 5502 abolitio.

451 5540 733 5596 Concessit
775 5541 935 5612 igitur
983 5549 1044 5596 ut
1085 5541 1130 5594 is
1167 5541 1255 5613 qui
1295 5540 1497 5610 primus
1525 5540 1824 5594 moriturus
1866 5546 1982 5592 erat
2009 5579 2026 5604 ,

455 5631 625 5689 iustus
650 5641 794 5687 esset
817 5675 832 5694 ,
854 5633 924 5688 ah
943 5632 1094 5690 initio
1117 5646 1217 5690 nos
1233 5631 1531 5701 alloquens,
1555 5630 1853 5700 bonamque
1874 5645 2026 5700 spem

453 5721 714 5778 exhibens
735 5763 752 5786 ,
781 5724 1173 5796 ostendensque
1201 5737 1260 5784 se
1283 5739 1454 5793 genus
1479 5733 1744 5804 uestrum.
1762 5722 1814 5778 iit
1847 5733 2018 5777 morte

1143 285 1200 337 S.
1239 280 1526 339 JOANNIS.
1555 277 2038 345 CllllYSOS'l‘OMl
2076 279 2398 341 ARCHIEP.
2437 277 2975 344 CONSTANTINOP.

2119 409 2225 450 non
2253 394 2564 450 relicturum
2590 409 2744 450 esse:
2768 405 3093 468 quapropter
3114 393 3507 454 debilissimum
3540 405 3696 459 morti

2118 485 2521 545 laudamentum
2576 488 2770 555 posuit.

2189 577 2245 631 3.
2287 577 2491 632 Deinde
2517 587 2635 646 post
2662 579 2936 633 Enochmn
2969 581 3020 634 in
3052 579 3162 636 Noe
3179 597 3390 636 rursum
3408 581 3515 638 alio
3538 584 3702 640 modo

2120 667 2276 722 uoltis
2296 669 2704 728 resurrectionis
2724 666 2957 739 speciem
2979 671 3145 726 dedit.
3169 673 3374 728 Etenim
3403 689 3470 728 an
3486 675 3703 732 meliori

2121 766 2246 813 tunc
2273 773 2432 828 quam
2461 761 2654 816 mortui
2679 761 2983 817 conditione
3021 773 3137 818 erat
3171 762 3305 828 Noe,
3333 765 3386 818 in
3435 765 3699 834 profundo

2122 859 2210 902 ttttt
2221 855 2294 915 to,
2314 854 2366 902 in
2385 850 2618 905 tenebris
2629 859 2684 905 et
2699 852 2751 905 in
2767 865 2981 908 carcere
2996 856 3143 910 conc!
3151 869 3280 910 usus
3294 855 3319 907 ἲ
3337 857 3580 911 Attamen
3600 858 3699 912 im-

2121 953 2305 994 mensa
2331 939 2420 993 illa
2441 944 2627 1007 ntlrta,
2641 957 2760 1012 qua:
2783 945 3041 998 montium
3057 948 3333 1001 cacumina
3357 950 3694 1017 Operiehant,

2121 1029 2269 1084 illum
2295 1032 2386 1101 qui
2411 1031 2465 1087 in
2489 1047 2614 1086 orca
2637 1042 2754 1087 erat
2779 1074 2792 1097 ,
2822 1049 2927 1088 non
2955 1035 3380 1106 absorpserunt;
3411 1039 3504 1094 sed
3543 1043 3697 1111 quasi

2118 1137 2183 1177 ex
2215 1131 2388 1178 morte
2417 1137 2730 1194 resurgens,
2759 1127 2837 1180 sic
2867 1142 2932 1182 ex
2961 1127 3213 1184 diuturna
3255 1131 3344 1184 illa
3375 1141 3697 1203 tempestate

2121 1225 2249 1271 tunc
2273 1217 2413 1271 exiit
2441 1217 2556 1273 Noe
2577 1258 2591 1281 ,
2629 1217 2684 1273 in
2723 1219 2899 1274 salute
2923 1235 3017 1274 sua
3047 1225 3456 1280 resurrectionis
3506 1227 3701 1298 imagi-

2118 1323 2238 1361 nem
2259 1307 2542 1363 exhibens.
2569 1309 2694 1365 Post
2717 1310 2864 1366 illum
2894 1327 3076 1368 rursus
3105 1309 3446 1385 (procedente
3467 1335 3700 1388 namque

2119 1407 2360 1468 tempore
2406 1400 2664 1456 clariores
2707 1405 3117 1459 resurrectionis
3145 1406 3405 1477 imagines
3447 1412 3701 1468 ostende.

2121 1488 2338 1554 bantur,
2382 1489 2436 1544 in
2466 1490 2600 1546 Iona
2629 1509 2843 1564 quoque
2871 1495 3104 1565 idipsum
3134 1491 3275 1558 fecit.
3311 1500 3441 1556 Tres
3467 1518 3702 1574 namque

2119 1578 2234 1633 dies
2260 1581 2309 1635 in
2343 1592 2530 1638 ventre
2555 1584 2660 1638 ceti
2692 1585 2852 1638 trium
2881 1588 3088 1641 dierum
3115 1587 3167 1642 in
3197 1601 3370 1646 morte
3399 1595 3699 1663 symbolum

2118 1681 2309 1737 erant;
2356 1684 2413 1728 et
2457 1675 2700 1730 Iiberatio
2737 1691 2768 1732 ι
2811 1687 2932 1732 ceto
2977 1683 3383 1738 resurrectionis
3434 1686 3701 1743 Dontinici

2123 1765 2369 1832 oorporis
2418 1769 2612 1836 prazvia
2655 1770 2964 1838 pra-dicatio
3003 1781 3144 1826 .erat.
3198 1776 3537 1846 Quapmpter
3587 1782 3702 1850 ipse

2118 1853 2369 1910 diccbat:
2422 1856 2692 1915 (ieneratio
2743 1861 2853 1916 lucc
2895 1865 3094 1933 signum
3148 1870 3360 1935 quierit,
3406 1881 3452 1922 et
3496 1873 3702 1941 signum

2119 1963 2218 2002 non
2248 1947 2451 2003 dabitur
2479 1950 2526 2003 ei
2565 1952 2661 2006 nisi
2703 1953 2904 2023 sigrium
2945 1955 3096 2009 Joua:
3121 1971 3140 2010 ι
3183 1959 3312 2012 sicut
3353 1962 3485 2014 enim
3532 1963 3720 2019 Jonas.

2119 2040 2172 2093 in
2201 2050 2369 2096 ventre
2405 2044 2499 2096 ceti
2523 2045 2682 2098 tribus
2724 2046 2900 2102 diebus
2942 2060 2986 2108 et
3018 2050 3176 2104 tribus
3205 2054 3430 2110 noctibus
3460 2059 3558 2126 fuit
3579 2102 3594 2124 ,
3625 2062 3699 2115 sis

2119 2134 2212 2185 erit
2237 2130 2407 2188 Filius
2440 2137 2659 2190 hominis
2689 2138 2740 2191 in
2766 2140 2917 2192 corde
2946 2153 3092 2196 terra:
3121 2145 3279 2198 tribus
3303 2148 3477 2203 diebus
3504 2161 3551 2203 et
3591 2157 3659 2206 tri
3670 2181 3692 2196 ο
3717 2189 3720 2192 ~

2119 2223 2208 2278 bus
2230 2226 2455 2282 noctibus
2482 2225 2692 2310 (Matth.
2720 2230 2807 2284 12.
2829 2232 2919 2286 59.
2951 2232 3057 2302 40).
3089 2232 3250 2292 lsaaci
3280 2255 3492 2310 quoque
3519 2255 3694 2298 ortum

2119 2333 2226 2373 non
2276 2319 2602 2375 aberraverit
2633 2323 2722 2390 qui
2771 2327 3174 2381 resurrectionis
3204 2327 3422 2399 ﬁguram
3467 2350 3588 2390 esse
3616 2337 3700 2390 di-

2118 2410 2276 2464 xerit.
2327 2410 2525 2466 Idcirco
2569 2412 2764 2469 Paulus
2792 2431 3003 2484 quoque
3029 2435 3088 2472 ea
3131 2435 3250 2489 qua:
3279 2432 3456 2478 ortutn
3484 2426 3599 2494 ejus
3629 2444 3695 2482 ex

2119 2501 2288 2555 sterili
2329 2511 2574 2570 spectant
2613 2519 2870 2561 enarratis
2896 2549 2911 2574 ,
2943 2511 3316 2583 cumdisisset
3350 2526 3552 2582 patrem
3580 2521 3700 2586 ejus

2118 2603 2316 2662 praeter
2343 2609 2491 2663 Spem
2523 2596 2574 2650 itt
2623 2612 2718 2666 spe
2747 2599 3041 2657 credidisse
3081 2601 3254 2674 (Rom.
3285 2606 3336 2660 4.
3373 2608 3477 2674 18),
3523 2628 3697 2680 neque

2120 2685 2173 2739 iti
2203 2685 2306 2740 (ide
2353 2686 2676 2743 inlirmatum
2708 2689 2872 2745 fuisse
2895 2731 2910 2754 ,
2943 2709 3065 2747 cum
3107 2696 3473 2754 consideraret
3498 2716 3698 2771 corpu

2118 2791 2270 2832 suum
2302 2786 2601 2834 emortuum
2633 2788 2686 2835 et
2712 2792 3011 2838 emortuam
3038 2786 3249 2842 vulvam
3289 2788 3474 2846 Sane:
3510 2791 3574 2844 lii
3615 2811 3698 2846 re-

2119 2870 2448 2939 promissione
2499 2873 2652 2927 ctiam
2695 2871 2830 2939 Dei,
2873 2877 3075 2945 inquit,
3106 2895 3207 2936 non
3255 2880 3504 2938 htcsitarit
3554 2885 3694 2954 digi-

2118 2963 2288 3017 detttia
2305 2977 2327 3028 ;
2365 2964 2454 3019 sed
2503 2970 2818 3035 confortatus
2846 2977 2920 3024 est
2967 2969 3071 3036 [ide
3092 3012 3107 3035 ,
3139 2970 3268 3026 dum
3296 2973 3514 3043 gloriam
3541 2973 3649 3031 Deo
3673 2993 3690 3038 ;

2119 3054 2406 3124 plenissime
2447 3057 2609 3113 sciens
2655 3058 2773 3126 quia
2814 3075 3140 3132 quicumque
3187 3065 3419 3132 promisit
3443 3107 3459 3134 ,
3514 3079 3690 3136 potens

2117 3155 2188 3202 est
2216 3155 2264 3200 et
2294 3147 2480 3213 fatere.
2511 3146 2742 3218 Ideoque
2771 3150 3037 3218 subjunxit
3070 3170 3084 3208 :
3117 3153 3236 3208 Non
3265 3166 3336 3210 est
3376 3171 3542 3211 autem
3570 3162 3693 3212 scri-

2118 3247 2262 3304 ptum
2287 3247 2479 3291 tantum
2509 3249 2714 3309 propter
2741 3241 2908 3308 ipsum
2931 3280 2948 3306 ,
2995 3244 3086 3298 sed
3111 3255 3157 3298 et
3183 3258 3390 3317 propter
3425 3265 3515 3304 nos
3539 3290 3555 3313 ,
3585 3253 3698 3322 qui-

2117 3327 2212 3382 bits
2256 3327 2572 3396 reputabitur
2615 3331 2933 3388 "edentibus
2988 3334 3040 3387 in
3088 3351 3203 3390 eum
3239 3377 3254 3399 ,
3308 3339 3394 3401 qui
3441 3346 3699 3397 suscitavit

2117 3416 2296 3474 Jesttm
2337 3418 2596 3474 Christum
2624 3420 2906 3479 Dominum
2945 3438 3172 3481 nostrum
3210 3447 3242 3485 α
3281 3435 3490 3488 mortuis
3534 3433 3706 3501 (Ibid.

2126 3524 2174 3563 υ.
2221 3509 2312 3566 22.
2356 3511 2473 3582 24).
2527 3513 2708 3572 l’aialu
2761 3517 2939 3585 itaque
2968 3528 3047 3575 est
3080 3518 3244 3576 lsaaci
3273 3533 3448 3578 ortum
3477 3525 3697 3594 ﬁguram

2121 3600 2285 3661 fuisse
2319 3605 2731 3660 resurrectionis
2757 3607 2983 3666 Christi.
3013 3609 3069 3665 Si
3105 3612 3246 3666 enim
3279 3614 3444 3683 ligura
3473 3633 3580 3672 non
3606 3633 3698 3672 es-

2120 3702 2222 3758 set,
2251 3710 2356 3749 non
2394 3696 2762 3765 subjunxissct
2783 3740 2798 3764 ,
2833 3699 2954 3756 Non
3001 3711 3071 3755 est
3099 3716 3263 3758 uittam
3293 3707 3534 3776 scriptum
3586 3719 3724 3766 tum.

2122 3795 2224 3845 tum
2255 3799 2460 3858 propter
2481 3790 2646 3858 ipsum
2671 3829 2687 3858 ,
2712 3791 2800 3845 sed
2829 3794 2984 3848 etiam
3013 3806 3221 3864 propter
3255 3813 3343 3850 nos
3367 3838 3382 3863 ,
3411 3799 3588 3867 quibus
3616 3817 3716 3854 τεο.

2123 3881 2400 3951 ριιαὸἱιητ.
2449 3883 2583 3954 Typi
2635 3887 2779 3941 enim
2824 3903 2920 3942 seu
2970 3889 3152 3957 ﬁgura!
3195 3906 3302 3948 non
3333 3901 3552 3962 propter
3583 3894 3704 3948 illos

2125 3982 2326 4031 tantum
2368 3977 2677 4033 scribuntur
2706 3979 2794 4048 qui
2823 3979 3107 4049 ﬁgurat-tun
3140 3991 3381 4052 tempore
3416 4001 3524 4052 quo
3570 3985 3725 4042 limit.

2124 4067 2414 4137 accipiunt,
2449 4069 2543 4124 sed
2577 4081 2795 4140 propter
2821 4074 2937 4128 illos
2963 4075 3240 4144 etiamqui
3285 4093 3350 4132 ex
3397 4078 3503 4136 illis
3533 4079 3706 4136 lucra-

2127 4159 2229 4213 turi
2255 4169 2381 4216 sunt
2407 4161 2459 4216 in
2494 4162 2778 4238 posteriori
2814 4175 3074 4234 tempore.
3105 4165 3337 4237 ideoque
3379 4169 3502 4226 alibi
3533 4170 3700 4226 dicit:

2131 4249 2256 4308 Hec
2280 4263 2446 4308 autem
2487 4255 2542 4306 in
2586 4255 2752 4326 ﬁgura
2801 4260 3155 4329 contingebant
3184 4261 3289 4318 illis
3315 4278 3335 4319 :
3367 4264 3559 4332 scripta
3581 4273 3702 4316 sunt

2129 4354 2297 4399 autem
2325 4346 2392 4398 ad
2424 4350 3088 4422 correptionentnostram,
3116 4353 3168 4404 in
3211 4369 3335 4422 quos
3379 4355 3501 4420 ﬁnes
3545 4371 3707 4408 sarcu-

2129 4434 2292 4490 lot'tmt
2321 4435 2617 4492 devenerunt
2651 4439 2725 4508 (l.
2755 4420 2874 4495 Ciir.
2918 4439 3006 4497 10.
3042 4440 3148 4511 ll).
3196 4420 3336 4499 Elius
3377 4459 3483 4510 quo
3506 4460 3588 4511 ,ιω
3615 4461 3706 4498 as-

2129 4537 2375 4597 suntptu~z
2431 4530 2567 4584 hanc
2615 4533 2768 4585 nobis
2815 4549 2964 4603 spem
3017 4537 3429 4590 resurrectionis
3475 4540 3706 4605 aperuit.

2129 4618 2232 4674 Sed
2281 4621 2367 4675 illa
2412 4623 2641 4692 quidem.
2665 4627 2816 4694 quasi
2849 4627 2900 4680 in
2933 4626 3096 4695 figura
3128 4639 3279 4681 erant
3309 4646 3323 4684 :
3355 4644 3474 4686 cum
3523 4640 3709 4684 autent

2133 4714 2436 4783 uttigcnitus
2469 4715 2559 4770 Dei
2590 4716 2756 4771 Filius
2785 4718 2994 4774 advenit
3026 4729 3144 4789 post
3176 4721 3340 4775 multa
3373 4734 3424 4776 et
3465 4723 3712 4775 innume-

2135 4820 2193 4858 ra
2223 4805 2420 4860 smcula
2448 4847 2459 4867 ,
2491 4806 2543 4860 iu
2575 4806 2689 4875 ipsa
2725 4824 2781 4864 re
2807 4809 2960 4866 nobis
2989 4813 3437 4868 resurrectionem
3475 4814 3712 4867 ostendit

2133 4912 2229 4967 per
2279 4898 2551 4966 preprium
2594 4913 2830 4967 corpus.
2875 4900 3159 4962 absolvens
3217 4903 3390 4971 ipsum
3436 4920 3466 4957 a
3521 4905 3711 4958 mortis

2136 4993 2419 5065 tyrannide
2447 5010 2460 5047 :
2493 4993 2723 5063 ideoque
2749 4996 2822 5053 ait
2853 5012 2865 5048 :
2896 4996 3124 5050 Christus
3175 5011 3403 5052 mortuus
3448 5011 3494 5054 et
3537 5017 3708 5054 resur-

2133 5102 2255 5156 gens
2283 5101 2346 5141 ex
2389 5087 2602 5142 mortuis
2634 5127 2647 5151 ,
2683 5088 2796 5157 jam
2825 5105 2924 5145 non
2956 5090 3167 5146 moritur
3193 5105 3212 5144 :
3251 5091 3385 5160 quod
3412 5093 3542 5145 enim
3573 5111 3710 5146 inor-

2133 5188 2251 5234 tuus
2273 5187 2346 5232 est
2376 5188 2600 5247 peccato,
2631 5191 2859 5234 mortuus
2883 5191 2956 5236 est
2985 5181 3139 5235 semel
3169 5179 3344 5246 (Rom.
3374 5183 3426 5238 6.
3461 5184 3514 5238 9.
3547 5184 3656 5249 l0).

2207 5265 2260 5323 ι.
2303 5262 2408 5320 Sed
2434 5263 2486 5320 in
2517 5264 2819 5331 primordiis
2847 5264 3058 5332 quidem
3091 5265 3204 5318 ha-c
3227 5267 3448 5320 obscure
3479 5267 3711 5332 ﬁebant;

2139 5353 2543 5411 resurrectionis
2569 5353 2707 5410 cuitu
2735 5368 2856 5426 spes
2879 5355 3026 5423 quasi
3052 5356 3102 5409 in
3129 5356 3408 5427 :rnigntatc
3433 5357 3716 5414 exhibebo.

2142 5454 2226 5511 tur
2251 5445 2403 5500 nobis
2429 5460 2523 5514 per
2550 5445 2821 5502 linochum
2844 5460 2859 5509 ;
2884 5447 3069 5501 mortis
3104 5461 3231 5505 vero
3259 5449 3452 5502 solutio
3476 5464 3567 5516 per
3585 5449 3718 5502 Abe-

2142 5538 2244 5608 lem
2275 5555 2288 5592 :
2320 5537 2434 5595 lucc
2456 5550 2631 5595 autem
2657 5539 2814 5594 ambo
2839 5540 3004 5599 clare.
3025 5539 3320 5601 manifeste,
3339 5543 3556 5598 omnino
3582 5551 3635 5595 et
3667 5542 3717 5594 in

2140 5630 2364 5687 veritate
2405 5647 2496 5698 per
2531 5631 2856 5701 nuigmiitum
2891 5629 2979 5686 Dei
3014 5629 3200 5686 Filium
3239 5631 3370 5686 facta
3401 5644 3542 5686 sunt.
3573 5632 3721 5688 [inde

2147 5724 2305 5780 etiam
2352 5733 2638 5798 martyrum
2690 5721 2966 5778 :nultitudo
2992 5721 3144 5780 nobis
3186 5722 3529 5793 germinavit,
3556 5734 3723 5777 morte
