4054 6190
326 345 429 406 ιη

322 465 496 518 soluta
541 465 595 512 et
636 456 1029 513 resurrectione
1072 455 1324 527 fulgente.
1371 455 1657 525 Propterea
1695 469 1908 524 quoque

325 568 566 625 praesens
592 552 698 606 vita
728 551 991 604 laboriosa
1023 548 1157 605 facta
1195 558 1277 603 est
1317 557 1370 603 et
1411 548 1590 601 multis
1624 546 1910 601 sudoribus

325 649 479 716 plena
502 661 518 710 ;
536 653 594 699 ut
615 642 737 697 hinc
760 641 1051 697 crassiores
1079 639 1320 694 homines
1340 638 1428 706 qui
1454 638 1611 691 rebus
1624 636 1907 705 praesenti-

326 738 422 792 bus
465 751 590 791 sese
637 734 866 788 libenter
899 731 1129 794 dedunt,
1160 728 1404 799 depulsi,
1437 737 1490 783 et
1512 728 1581 782 ob
1602 729 1723 785 vita:
1751 727 1909 795 hujus

326 824 624 881 molestiam
673 822 1011 882 fatiscentes.
1058 820 1356 888 voluptates
1398 829 1450 873 et
1497 817 1740 872 all‘ecttnn
1781 832 1905 885 erga

324 927 645 989 pra-sentem
664 913 822 966 vitam
839 911 1095 980 fugerent,
1110 919 1269 979 atque
1284 908 1348 963 ad
1366 909 1614 962 cmlorum
1633 915 1908 961 currerent

323 1022 565 1061 amorem
589 1046 606 1068 ,
646 1013 701 1058 et
737 1004 802 1056 ad
844 1002 984 1056 illam
1023 1002 1331 1055 festinarent
1358 1000 1518 1054 diem.
1555 999 1907 1067 Philosophus

324 1099 466 1154 enim
510 1106 565 1152 et
603 1093 847 1151 sublimis
889 1094 969 1146 vir
1015 1107 1119 1146 non
1167 1106 1303 1160 opus
1349 1090 1563 1145 habebit
1607 1087 1903 1158 hujusmodi

324 1189 570 1252 monitis,
594 1185 687 1241 sed
709 1185 947 1254 cogitans
967 1192 1162 1253 quanta
1184 1198 1269 1237 res
1290 1182 1356 1237 sit
1380 1196 1599 1250 regnum
1620 1181 1901 1245 czelorum;

325 1280 433 1334 imo
456 1288 583 1333 ante
607 1293 849 1347 regnum,
879 1283 1133 1346 quantum
1161 1276 1230 1328 sit
1253 1289 1375 1328 cum
1403 1273 1509 1328 Deo
1533 1281 1586 1327 et
1610 1287 1729 1327 cum
1752 1266 1906 1324 Chri-

323 1382 407 1425 sto
436 1384 559 1425 esse
584 1369 603 1439 (
625 1369 725 1427 hoc
750 1368 946 1437 quippe
974 1365 1119 1420 omni
1150 1379 1312 1433 regno
1340 1362 1510 1431 majus
1534 1362 1671 1433 est),
1706 1360 1903 1415 nullam

324 1475 437 1515 rem
467 1466 783 1528 praesentem
812 1446 1026 1511 Suavem
1056 1454 1283 1519 lsentiet;
1311 1452 1404 1507 sed
1434 1453 1547 1507 hrrc
1571 1452 1901 1522 despiciens,

325 1554 492 1622 magis
514 1568 670 1623 quam
699 1551 939 1604 umbram
963 1550 1049 1603 illa
1073 1556 1464 1619 prattercurrct.
1494 1548 1752 1615 Quoniam
1777 1563 1885 1600 vcrt

323 1643 513 1698 multi.
543 1641 690 1695 carni
729 1640 1023 1695 servientes
1063 1647 1117 1693 et
1160 1654 1191 1693 a
1242 1637 1521 1709 tyrannide
1564 1638 1901 1692 sa‘cnlariutn

323 1747 501 1786 rerum
532 1730 775 1797 detenti,
806 1730 942 1785 sicut
983 1729 1035 1783 in
1069 1729 1312 1782 cavernis
1352 1727 1619 1781 latitantes
1656 1726 1780 1781 form
1804 1767 1817 1790 ,
1848 1727 1901 1782 in

324 1825 403 1879 his
445 1826 674 1879 libenter
714 1832 993 1877 versantur
1027 1839 1041 1876 :
1072 1821 1282 1874 illorum
1318 1835 1445 1889 erga
1481 1820 1629 1874 iSliI‘C
1657 1819 1901 1874 affectum

321 1914 665 1976 exscindens,
691 1915 852 1967 multa
880 1912 983 1967 illis
1011 1912 1179 1965 tristia
1200 1911 1439 1975 immisit,
1464 1911 1701 1974 timores,
1724 1926 1897 1975 enras,

320 2008 728 2069 sollicitudines,
758 2006 1069 2068 certamina,
1101 2003 1355 2073 pericula,
1386 2018 1655 2072 pavorem,
1685 2011 1738 2056 et
1766 2004 1900 2055 mu!-

321 2109 428 2151 tum
460 2097 819 2165 corporalium
850 2095 1130 2150 aﬂ‘ectuum
1162 2109 1386 2164 agmen,
1419 2102 1577 2163 atque
1609 2094 1748 2147 illaut
1776 2107 1898 2146 cor-

320 2206 509 2260 pormn
538 2189 868 2243 obsidionem
887 2229 902 2253 ,
933 2187 1137 2256 aliaque
1163 2187 1324 2240 multa
1344 2226 1360 2253 ,
1389 2201 1505 2253 qua:
1532 2200 1777 2239 sermone
1805 2201 1899 2239 ex-

319 2284 477 2353 primi
511 2298 616 2336 uon
647 2290 869 2352 possunt
898 2297 911 2333 :
942 2288 999 2333 ut
1031 2280 1171 2332 illam
1202 2279 1386 2332 saltem
1417 2278 1671 2331 malorum
1706 2278 1898 2331 mhem

318 2376 687 2439 formidantes,
706 2374 770 2426 ad
797 2372 1133 2442 tranquillum
1155 2379 1361 2440 portum
1380 2370 1645 2438 appellere
1662 2370 1896 2437 cupiant,

316 2478 371 2522 et
397 2471 687 2523 serenitate
727 2465 827 2520 frui
860 2474 1109 2534 perpetua
1136 2504 1149 2527 ,
1185 2479 1303 2534 qua:
1330 2478 1433 2516 non
1464 2462 1597 2515 mala
1623 2461 1771 2515 bonis
1799 2462 1897 2515 ad-

316 2559 482 2612 mixta
523 2557 714 2611 habeat
737 2594 753 2622 ,
784 2553 877 2608 sed
917 2554 1052 2608 bona
1092 2568 1262 2623 pura,
1290 2567 1409 2621 qua:
1441 2566 1562 2605 vere
1604 2550 1737 2604 bona
1768 2553 1893 2605 sint.

952 337 1017 393 IV
1060 337 1361 404 llObliLlA,
1405 336 1768 396 ADVERSUS
1807 338 1932 395 EOS
1969 338 2086 409 QUI
2124 339 2259 395 NON
2296 334 2733 410 ADFUERANT,
2774 339 2931 401 ETCi

3487 342 3593 407 ι’τκ

2012 454 2143 510 Nam
2175 472 2294 525 qua:
2321 456 2407 513 hic
2431 457 2683 513 videntur
2703 460 2840 515 bona
2868 475 3018 526 esse,
3048 469 3104 515 ttt
3129 460 3362 528 divitiae,
3391 465 3595 534 gloria.

2013 548 2269 616 potentia,
2292 551 2502 605 nomina
2527 559 2649 605 sunt
2671 551 2928 607 bonorum
2948 563 3002 607 et
3021 555 3302 610 contrariis
3318 555 3548 613 admixta
3571 576 3589 614 :

2010 656 2129 710 quae
2155 657 2282 696 vero
2313 643 2439 706 illic,
2467 645 2674 699 sincera
2697 651 2749 699 et
2773 661 2899 713 pura
2926 656 3071 713 sunt,
3097 663 3202 702 non
3234 649 3450 703 nomine
3477 659 3594 704 tan-

2012 742 2159 799 tum,
2204 732 2301 788 sed
2344 751 2402 789 re
2445 734 2829 791 beatitudinem
2877 738 3146 794 habentia.
3193 739 3262 796 Ut
3305 756 3432 810 ergo
3476 739 3595 797 hac

2009 836 2431 893 consequamur,
2458 827 2771 882 aemulemur
2799 838 3088 901 martyrum
3117 831 3365 887 virtutem
3386 874 3400 895 .
3431 832 3591 889 forti-

2012 911 2287 978 tudinem,
2320 914 2492 968 zelum
2518 955 2533 979 ,
2566 915 2724 972 fidem
2748 957 2765 983 ,
2804 921 3144 987 praesentium
3178 932 3544 993 contemptum
3570 964 3589 990 ,

2011 1002 2305 1058 futurorum
2322 1006 2664 1062 desiderium.
2685 1008 2913 1065 Possunt
2928 1012 3068 1065 enim
3088 1012 3200 1068 haec
3211 1015 3368 1069 etiam
3384 1018 3589 1087 absque

2009 1098 2424 1165 persequutione
2464 1099 2642 1152 omnia
2681 1100 2940 1155 exhiberi.
2982 1102 3202 1160 Etiamsi
3246 1108 3387 1161 enim
3428 1125 3588 1179 rogus

2009 1200 2114 1239 non
2162 1188 2466 1257 pr0positus
2502 1190 2606 1255 sit,
2638 1200 2691 1245 at
2729 1191 3050 1248 desiderium
3088 1196 3240 1250 adest
3273 1198 3583 1264 ardentius;

2008 1276 2215 1331 etiamsi
2244 1277 2540 1333 belluarum
2568 1280 2755 1336 dentes
2780 1298 2886 1338 non
2913 1284 3107 1350 adsint,
3131 1297 3185 1340 at
3206 1288 3415 1343 animus
3437 1290 3589 1346 adest

2008 1364 2181 1417 bellua
2225 1368 2469 1435 gravior;
2499 1370 2705 1424 etiamsi
2740 1373 3018 1429 carnifices
3048 1391 3151 1429 non
3182 1377 3358 1431 adsint
3385 1380 3475 1448 qui
3503 1381 3586 1435 le.-

2007 1464 2119 1511 tera
2149 1457 2438 1513 dilacerent
2458 1500 2474 1525 ,
2504 1471 2559 1514 at
2586 1462 2741 1517 instat
2774 1463 2967 1518 invidia
2994 1468 3179 1535 quovis
3203 1470 3455 1526 carnifice
3479 1488 3585 1526 sau-

2006 1546 2140 1613 vior,
2169 1563 2288 1617 qua:
2317 1550 2551 1605 animum
2579 1552 2819 1607 devorat.
2847 1554 3070 1623 Oportet
3096 1556 3256 1626 igitur
3277 1576 3376 1615 nos
3399 1575 3583 1619 contra

2006 1635 2121 1692 haec
2149 1641 2312 1693 animi
2340 1642 2464 1695 vitia
2494 1654 2769 1713 promptos
2798 1655 2852 1699 et
2882 1647 3165 1715 expeditos
3191 1691 3207 1715 ,
3238 1661 3294 1705 et
3342 1654 3582 1721 philoso-

2004 1729 2232 1799 phorum
2289 1733 2579 1789 ratiociniis
2628 1736 2905 1801 munitos,
2943 1737 3013 1791 ita
3060 1752 3376 1807 praesentem
3419 1746 3579 1798 vitam

2005 1822 2319 1890 transigere,
2356 1834 2411 1877 et
2440 1838 2653 1893 semper
2674 1824 2741 1878 ad
2771 1827 3080 1881 certandum
3109 1841 3320 1898 paratos
3344 1848 3497 1898 esse;
3527 1844 3585 1889 ut

2004 1920 2281 1979 postquam
2322 1913 2527 1968 tantillo
2558 1924 2797 1984 tempore
2834 1915 3255 1974 laboraverimus
3276 1962 3291 1984 ,
3327 1934 3583 1992 perpetuo

2004 2015 2355 2067 coronemur,
2384 2015 2437 2058 et
2468 2006 2855 2062 immortalibus
2886 2008 3119 2065 fruamur
3149 2013 3301 2068 bouis
3321 2055 3337 2079 ,
3369 2032 3583 2085 semper

2003 2110 2121 2149 cum
2151 2096 2373 2151 Domino
2396 2108 2686 2175 versantes,
2710 2110 2765 2156 et
2788 2104 3055 2159 consortio
3079 2105 3168 2160 illo
3186 2121 3398 2162 onmem
3423 2126 3582 2165 men-

2003 2194 2108 2242 tem
2132 2198 2185 2243 et
2207 2176 2577 2258 cogitationem
2604 2207 2889 2262 superante
2916 2194 3188 2252 fruentes:
3212 2201 3351 2268 quod
3377 2203 3581 2260 utinam

2004 2296 2101 2335 nos
2122 2295 2310 2337 omnes
2333 2298 2740 2353 consequamur,
2766 2288 2930 2355 gratia
2951 2301 3005 2344 et
3027 2290 3349 2361 benignitate
3372 2295 3579 2351 Domini

2002 2372 2170 2426 nostri
2191 2371 2315 2427 .lesu
2336 2372 2551 2441 Christi,
2579 2390 2673 2443 per
2692 2393 2851 2446 quem
2875 2389 3069 2434 etcum
3091 2397 3197 2451 quo
3218 2383 3357 2439 Patri
3379 2388 3577 2454 gloria,

2003 2479 2104 2518 una
2132 2480 2252 2520 cum
2281 2467 2477 2536 Spiritu
2505 2480 2711 2535 sancto,
2736 2488 2876 2527 nunc
2897 2482 2953 2528 et
2976 2489 3209 2546 semper,
3233 2488 3285 2533 et
3312 2479 3364 2533 in
3386 2483 3583 2537 saecula

2003 2557 2340 2611 saeculorum.
2368 2561 2557 2613 Amen.

1771 2733 2114 2798 HOMILIA
2153 2739 2261 2800 ιν.

322 2860 551 2917 Humilia
581 2858 856 2914 Itortatoria
884 2857 1055 2911 habita
1096 2857 1148 2910 in
1192 2857 1379 2926 templo
1406 2865 1595 2911 sancta:
1622 2858 1902 2911 Anastasio:

385 2956 629 3009 adversus
655 2970 741 3007 eos
768 2952 852 3021 qui
889 2966 990 3003 non
1016 2950 1285 3019 adfuerant
1308 2967 1326 3014 ;
1353 2966 1413 3002 ac
1449 2950 1810 3003 demonstratio
1839 2950 1901 3003 de

386 3036 633 3117 agonibus
659 3053 704 3098 et
729 3042 1085 3096 certaminibus
1109 3042 1241 3094 beati
1270 3051 1319 3095 et
1333 3041 1462 3111 justi
1490 3040 1628 3095 Jobi.

389 3139 439 3191 l.
483 3135 562 3189 De
585 3136 876 3188 auditorum
907 3133 1161 3203 paucitate
1191 3133 1432 3201 queritur.
1450 3161 1519 3171 --
1537 3132 1745 3199 Quanto
1773 3147 1897 3201 pau-

317 3229 490 3282 ciores
531 3226 692 3282 solito
731 3234 855 3279 sunt
902 3224 937 3276 ii
981 3224 1069 3293 qui
1110 3231 1517 3286 convenerunt,
1548 3232 1694 3276 tanto
1722 3234 1769 3276 et
1805 3238 1900 3277 nos

314 3320 523 3388 majore
554 3326 763 3371 utemur
789 3314 1083 3369 alacritate.
1125 3313 1306 3384 Neque
1333 3314 1472 3367 enim
1503 3328 1711 3381 trqmnn
1745 3314 1901 3367 fuerit

318 3408 617 3462 absentium
656 3406 936 3477 segnitiem
979 3404 1211 3460 studium
1255 3414 1493 3459 nostrum
1540 3405 1896 3470 labefactare;

320 3501 425 3554 imo
462 3507 741 3570 propterea
783 3497 1060 3550 lautiorem
1088 3496 1245 3549 etiam
1280 3511 1607 3566 apponcuttts
1638 3511 1897 3562 meream,

319 3604 373 3643 ut
402 3590 491 3653 qui
522 3604 627 3644 non
659 3587 946 3642 adfuerunt
972 3595 1228 3657 quantum
1261 3586 1438 3640 damni
1472 3588 1612 3655 passi
1665 3589 1771 3640 sint
1806 3603 1899 3640 cx-

320 3682 617 3751 pcrimcnto
657 3679 927 3733 discentes
950 3717 966 3742 ,
1001 3676 1351 3731 studiosiores
1380 3685 1559 3746 postea
1608 3678 1714 3730 sint
1756 3677 1896 3731 circa

318 3780 612 3825 Conventtts
636 3778 866 3823 nostros.
892 3768 1014 3823 Ideo
1037 3768 1193 3822 etiam
1212 3769 1488 3821 caritatem
1510 3780 1737 3820 ch'ratu
1772 3784 1900 3837 rogo

318 3862 476 3916 dictis
505 3859 793 3914 attendatis
823 3874 838 3914 :
866 3859 943 3913 sic
972 3859 1111 3912 enim
1140 3858 1333 3927 duplex
1362 3858 1510 3911 vobis
1541 3858 1741 3909 lucrum
1774 3874 1897 3925 pro-

323 3955 498 4010 veniet
516 3972 529 4007 :
550 3952 859 4007 absentibus
887 3952 1028 4006 enim
1055 3951 1192 4005 dicto
1220 3950 1531 4013 referentes,
1550 3949 1898 4004 studiosiores

322 4047 439 4100 illos
462 4045 726 4105 efficietis,
760 4054 813 4097 et
839 4053 1066 4096 vestram
1094 4043 1323 4095 animam
1354 4040 1703 4108 ιιιιὶιοςηῃιιὶςυ
1732 4042 1899 4104 magis

325 4142 563 4195 deditam
607 4137 862 4191 reddetis.
901 4132 1366 4199 Quemadmodum
1411 4126 1557 4181 enim
1599 4136 1758 4182 terra:
1797 4140 1894 4179 na-

328 4239 448 4285 tura
490 4231 534 4284 si
580 4228 901 4297 negligatur,
935 4225 1129 4279 berbas
1165 4223 1363 4278 emittit
1415 4221 1611 4287 malas;
1649 4221 1747 4275 sin=
1764 4236 1894 4277 vero

325 4321 627 4389 freqttenter
645 4317 995 4387 agricolarum
1014 4314 1257 4367 manibus
1279 4312 1499 4375 fruatur,
1525 4315 1746 4366 fructum
1778 4314 1896 4367 rcd~

321 4413 400 4465 dit
431 4419 692 4464 maturum
723 4427 737 4462 :
766 4408 843 4462 sic
881 4420 934 4460 et
962 4406 1188 4459 hominis
1209 4405 1405 4466 anima,
1436 4421 1553 4473 qua:
1585 4405 1635 4457 in
1673 4406 1896 4474 segnitie

321 4502 481 4569 jacet,
505 4500 818 4553 delictorum
841 4497 1019 4565 spinas
1037 4494 1194 4566 parit,
1213 4510 1329 4561 qua:
1360 4510 1485 4546 vero
1514 4495 1749 4548 studiose
1771 4496 1901 4547 coli-

324 4604 427 4651 tur.
458 4601 760 4647 comantem
790 4590 998 4642 virtutis
1025 4590 1126 4641 fert
1158 4586 1550 4641 fructum.ldeo
1575 4602 1785 4657 quoque
1811 4603 1896 4640 sa-

324 4686 472 4752 piens
489 4682 705 4752 qnidam
732 4681 1003 4743 admonet,
1025 4679 1232 4733 dicens:
1257 4678 1415 4743 Quasi
1433 4695 1552 4747 ager
1575 4689 1644 4732 est
1677 4680 1750 4731 vir
1778 4681 1904 4732 stul-

324 4788 423 4840 tus,
455 4785 505 4829 et
533 4775 679 4843 quasi
705 4774 848 4827 vinea
874 4775 947 4825 vir
972 4780 1138 4825 mente
1163 4786 1339 4823 carens
1359 4787 1377 4833 ;
1397 4770 1437 4823 si
1466 4771 1724 4833 reliqueris
1751 4787 1862 4822 eum
1882 4811 1897 4835 ,

322 4878 532 4933 arescet,
549 4879 706 4937 atque
731 4866 991 4919 inutilibus
1017 4862 1180 4917 herbis
1208 4863 1483 4916 luxnriabit
1501 4861 1679 4931 (Prov.
1698 4862 1787 4918 25.
1810 4865 1897 4918 50.

322 4960 385 5014 3|
413 4962 456 5030 ).
503 4959 579 5013 Ne
622 4958 780 5028 igitur
819 4956 919 5010 hoc
958 4969 1099 5008 nunc
1137 4952 1384 5014 eveniat,
1417 4951 1722 5021 frequenter
1753 4953 1898 5007 verbi

324 5056 514 5109 falcem
542 5053 914 5117 immittimus;
945 5061 999 5106 et
1022 5053 1067 5106 si
1096 5051 1217 5121 quid
1238 5052 1359 5103 mali
1389 5052 1669 5120 germinet,
1689 5051 1902 5108 assidue

321 5156 696 5217 amputamus;
730 5145 777 5198 si
816 5144 941 5212 quid
971 5154 1145 5198 autem
1185 5153 1564 5213 opportuumn,
1587 5143 1631 5195 si
1675 5142 1899 5198 fructum

325 5238 531 5289 habens
554 5276 569 5299 ,
607 5235 869 5291 nutrimus
905 5242 960 5289 et
1003 5234 1317 5304 irrigamns,
1349 5240 1403 5287 et
1435 5233 1499 5285 ad
1544 5234 1898 5287 maturitatem

320 5330 677 5394 adducimus,
717 5327 987 5382 assiduam
1030 5326 1107 5380 rei
1150 5341 1333 5381 curam
1376 5325 1649 5379 habentes.
1698 5325 1901 5393 Duplici

320 5421 466 5475 enim
491 5461 507 5484 ,
540 5420 647 5474 imo
674 5418 867 5489 triplici
898 5433 1115 5489 egemus
1154 5416 1518 5486 providentia;
1548 5416 1719 5484 primo
1743 5456 1758 5480 ,
1789 5424 1841 5469 nt
1871 5431 1901 5470 a

320 5510 561 5578 nequitia
604 5510 922 5573 liberemur;
954 5507 1225 5574 secundo,
1258 5514 1312 5559 ut
1345 5506 1592 5559 virtutem
1624 5506 1901 5574 possidea-

321 5617 473 5661 tuus;
507 5600 572 5653 ad
606 5601 719 5654 htec
741 5616 887 5663 vero,
915 5607 974 5654 ut
999 5598 1311 5668 acquisitam
1339 5597 1589 5651 virtutem
1613 5612 1899 5651 conserve'

320 5707 444 5747 mus
475 5707 485 5742 :
518 5691 605 5746 ubi
632 5691 859 5745 maxime
884 5689 1041 5744 etiam
1070 5688 1239 5743 multo
1267 5687 1446 5742 labore
1476 5698 1559 5742 est
1587 5703 1741 5759 opus.
1770 5687 1899 5742 Nam

322 5782 585 5853 malignus
612 5780 987 5847 damonpbona
1010 5778 1356 5852 operantibus
1382 5779 1534 5837 nobis
1563 5781 1729 5852 magis
1761 5781 1895 5837 iuvi-

2004 2860 2089 2914 det
2114 2901 2130 2927 ,
2175 2871 2230 2917 et
2274 2863 2410 2919 bene
2453 2876 2738 2934 Operantes
2770 2866 2970 2925 invadit
3000 2887 3014 2925 :
3042 2886 3105 2927 ac
3146 2874 3283 2929 sicut
3324 2875 3506 2946 pirata:
3536 2881 3579 2935 si

2002 2964 2160 3020 quam
2192 2955 2363 3008 navim
2390 2956 2604 3011 videant
2630 2974 2787 3013 arena
2817 2970 3087 3027 onustam,
3116 2976 3436 3033 praetereunt
3454 2984 3469 3033 ;
3499 2972 3581 3026 sin

2000 3056 2131 3099 vero
2146 3047 2383 3100 sarcinas
2399 3048 2657 3116 pretiosas
2672 3061 2725 3103 et
2747 3050 2958 3104 divitias
2982 3052 3261 3122 ferentem,
3292 3057 3426 3112 hanc
3453 3060 3582 3114 ado-

2002 3136 2233 3203 riuntur,
2263 3136 2397 3191 infra
2425 3139 2773 3206 perforanlcs,
2798 3157 3027 3211 superne
3053 3158 3440 3214 oppugnantes,
3466 3151 3578 3203 nul-

2002 3227 2214 3296 lamque
2240 3228 2537 3283 machinam
2569 3246 2672 3285 non
2701 3231 2953 3286 adhibent
2979 3251 2992 3287 :
3022 3232 3089 3287 ita
3116 3246 3169 3289 et
3195 3237 3433 3291 diabolus
3461 3239 3583 3294 illos

2005 3321 2234 3374 maxime
2271 3319 2467 3374 adoriri
2507 3323 2681 3388 solet,
2714 3324 2801 3392 qui
2840 3324 3049 3379 virtutis
3087 3327 3293 3397 copiam
3334 3346 3577 3400 magnam

2002 3410 2355 3479 collegerunt,
2389 3411 2621 3482 ipsisque
2652 3414 2889 3469 invidere
2915 3427 2966 3471 et
3000 3417 3217 3472 insidias
3247 3430 3471 3475 struere.

2087 3500 2253 3556 Virtus
2280 3503 2573 3574 impugnata
2598 3506 2655 3575 fit
2682 3508 2947 3575 potentior.
2970 3508 3157 3563 -Τοι
3178 3512 3316 3565 enim
3341 3511 3582 3569 homines

2005 3591 2057 3645 in
2084 3594 2214 3648 orbe
2242 3602 2393 3648 erant
2419 3594 2537 3648 Jobi
2570 3605 2839 3666 tempore;
2869 3608 2923 3652 et
2954 3608 3127 3653 tamen
3155 3602 3408 3657 adversus
3434 3605 3579 3658 illum

2004 3685 2175 3738 solum
2219 3701 2339 3740 sese
2385 3688 2614 3740 accinxit
2656 3688 2934 3755 diabolus,
2981 3691 3356 3761 machinasque
3396 3709 3582 3750 omnes

2004 3786 2188 3830 Contra
2208 3776 2351 3829 illum
2378 3778 2559 3830 movit.
2577 3778 2681 3833 Sed
2702 3794 2803 3831 non
2825 3782 2991 3847 potuit
3010 3782 3200 3836 inferre
3218 3786 3538 3852 naufragium
3560 3802 3577 3850 ;

2005 3866 2131 3933 qttin
2168 3868 2325 3919 etiam
2369 3868 2623 3935 majorem
2667 3870 2929 3923 sarcinam
2970 3870 3143 3925 effecit
3176 3881 3230 3925 et
3265 3856 3580 3942 ampliorem

2006 3957 2441 4025 negotiationem.
2460 3957 2732 4025 Ejusmodi
2766 3959 2906 4013 cnim
2934 3970 3014 4013 cst
3045 3963 3212 4016 virtus
3241 3979 3253 4015 :
3277 3965 3579 4035 impugnata

2008 4050 2275 4117 potentior
2294 4049 2542 4111 efficitur,
2566 4060 2617 4104 et
2643 4052 2846 4105 insidiis
2870 4053 3105 4125 intpetita
3125 4057 3286 4111 tutior
3300 4059 3474 4111 evadit
3498 4079 3511 4112 ;
3533 4061 3583 4113 id

2004 4138 2143 4208 quod
2166 4148 2219 4193 et
2242 4140 2292 4193 in
2316 4139 2469 4193 beato
2492 4142 2580 4194 illo
2602 4143 2841 4213 contigit,
2865 4145 2953 4214 qui
2977 4146 3207 4215 undique
3228 4159 3582 4218 oppugnatus,

2007 4228 2208 4282 ﬁrmior
2232 4231 2489 4295 constitit,
2514 4239 2567 4284 et
2592 4232 2735 4287 mille
2758 4233 2878 4285 telis
2899 4237 3140 4302 exceptis
3161 4252 3264 4290 non
3288 4238 3463 4301 cessit,
3488 4239 3581 4293 sed

2004 4321 2199 4374 diaboli
2243 4321 2546 4389 pharetram
2586 4324 2887 4389 evacuavit;
2930 4324 3043 4393 ipse
3080 4340 3209 4379 vero
3248 4342 3353 4380 non
3392 4330 3581 4383 cecidit

2004 4427 2177 4481 neque
2198 4412 2568 4479 supplantatus
2586 4423 2671 4467 est
2688 4433 2701 4465 :
2723 4414 2817 4467 sed
2838 4415 2973 4468 sicut
2993 4417 3222 4485 optimus
3238 4420 3577 4486 gubernator,

2007 4517 2106 4554 nec
2131 4502 2339 4556 furente.
2360 4504 2488 4557 mari
2512 4511 2565 4556 et
2585 4505 2861 4558 cttncitatis
2884 4494 3127 4560 fluctibus
3149 4507 3579 4578 imtuetgehatur,

2006 4606 2180 4661 nequc
2218 4594 2269 4646 in
2301 4594 2586 4663 tranquillo
2617 4605 2859 4663 tempore
2890 4598 3239 4665 negligentior
3264 4600 3431 4654 factus
3460 4610 3542 4654 est
3568 4619 3583 4663 ;

2007 4684 2100 4735 sed
2134 4684 2185 4736 in
2217 4695 2442 4754 utroque
2469 4696 2768 4753 temporum
2794 4687 3101 4742 discrimine
3132 4705 3312 4760 parem
3339 4693 3588 4747 sonabat

2006 4785 2177 4830 artem
2210 4795 2224 4830 :
2252 4788 2301 4831 et
2331 4793 2503 4847 neque
2528 4777 2725 4832 divitia:
2757 4780 2926 4848 ipsum
2960 4782 3230 4847 inflabant,
3262 4798 3433 4854 neque
3457 4800 3587 4856 pau-

2009 4879 2187 4936 pertas
2226 4868 2340 4937 ejus
2377 4870 2610 4923 animum
2648 4869 2995 4939 deprimebat.
3027 4872 3136 4927 Nec
3166 4873 3322 4942 igitur
3348 4891 3468 4929 cum
3501 4893 3588 4931 res

2011 4961 2082 5014 illi
2127 4976 2379 5031 prospere
2409 4962 2695 5027 cederent,
2727 4964 2906 5033 segnis
2943 4972 3095 5029 erat;
3129 4980 3300 5035 neque
3328 4981 3448 5020 cum
3483 4976 3589 5020 tota

2008 5051 2200 5106 dooms
2227 5051 2345 5122 ejus
2371 5067 2559 5107 eversa
2614 5062 2756 5107 esset
2794 5063 2847 5109 et
2888 5055 3149 5109 universa
3196 5056 3248 5109 in
3295 5058 3583 5125 perniciem

2013 5143 2222 5207 ierunt,
2253 5144 2495 5199 turbatus
2519 5152 2631 5210 est,
2660 5159 2760 5198 nec
2783 5160 2815 5199 a
2843 5144 3038 5198 virtute
3065 5148 3468 5215 constantiaque
3494 5165 3586 5201 sua

2013 5235 2247 5291 deﬂexit.
2299 5236 2991 5302 Audiantdivites,audiant
3011 5252 3270 5307 pauperes
3296 5257 3309 5293 :
3334 5240 3593 5295 ambobus

2013 5326 2153 5380 enim
2171 5326 2283 5379 hinc
2305 5328 2570 5381 enarratio
2592 5328 2738 5382 utilis
2752 5338 2834 5383 est
2854 5329 2989 5382 :imo
3007 5345 3133 5384 vero
3153 5331 3400 5385 omnilms
3424 5335 3594 5385 homi-

2010 5418 2163 5472 nibus
2182 5419 2294 5472 haec
2311 5418 2529 5474 historia
2548 5420 2824 5476 utilitatem
2846 5421 3013 5486 affert,
3027 5432 3132 5477 tam
3151 5424 3215 5478 iis
3231 5425 3318 5493 qui
3339 5440 3592 5495 prospere

2012 5526 2123 5564 rem
2142 5519 2496 5581 agunt,quam
2517 5512 2579 5567 iis
2597 5514 2684 5581 qui
2705 5514 2756 5568 in
2784 5515 3082 5570 calamitate
3109 5526 3407 5572 versantur.
3430 5517 3592 5575 Utra-

2014 5616 2118 5669 que
2138 5601 2279 5655 enim
2297 5618 2443 5671 arma
2460 5611 2709 5668 tractans,
2736 5606 2945 5675 pietatis
2963 5616 3210 5673 certator,
3226 5608 3369 5662 orbis
3396 5610 3593 5666 athleta

2008 5703 2325 5756 coronatus,
2353 5694 2405 5747 in
2439 5703 2660 5766 utroque
2686 5698 2979 5751 certamine
3012 5707 3266 5769 tropaeum
3299 5702 3497 5767 erexit;
3531 5712 3584 5757 et

2010 5786 2062 5842 in
2089 5786 2231 5841 omni
2272 5786 2396 5842 belli
2438 5804 2632 5859 genere
2666 5791 2907 5847 dmmouc
2938 5791 3028 5849 illo
3060 5793 3292 5851 irruente
3315 5839 3333 5867 ,
3364 5793 3416 5849 in
3445 5797 3588 5852 omni
