4054 6190
485 309 549 364 17
558 306 600 358 9..

490 430 780 492 certamine
807 427 981 485 stabat
1006 468 1022 494 ,
1052 436 1106 483 et
1140 427 1191 481 iu
1218 421 1468 480 omnibus
1494 423 1664 478 victor
1702 417 2068 491 proclamaba-

495 533 578 579 tur
603 541 617 578 :
641 536 705 577 ac
723 521 860 578 sicut
889 520 1044 575 miles
1065 531 1358 589 generosus
1382 516 1470 586 qui
1498 515 1660 570 sciret
1683 524 1842 570 noctu
1869 524 2070 581 pugna.

499 631 556 671 re
576 653 597 682 ,
627 628 808 668 muros
834 624 1142 680 oppugnare
1165 649 1181 674 ,
1214 608 1387 666 mvali
1419 605 1714 662 certamine
1750 602 2036 670 conﬂigere
2058 640 2074 667 ,

499 703 664 774 pedes
686 709 1015 766 mutare.
1040 715 1192 766 areu,
1222 699 1426 762 lancea,
1451 695 1634 758 funda,
1665 694 1806 758 telis,
1828 691 2080 760 annique

501 809 689 866 pugna
705 808 903 864 genere
920 791 1257 848 adversarios
1273 803 1529 859 superare
1547 796 1602 843 et
1621 786 1815 856 ubique
1837 785 2078 838 vincere:

500 888 582 951 sie
618 887 778 942 etiam
824 898 1118 955 generosus
1164 883 1253 937 ille
1290 880 1535 952 quamvis
1576 880 1921 935 tentationem
1960 891 2082 931 cum

500 975 814 1038 fortitudine
842 991 1028 1045 magna
1057 975 1194 1040 tulit,
1222 989 1252 1028 a
1281 982 1613 1044 paupertate,
1637 985 1666 1024 a
1695 971 1854 1034 fame,
1882 984 1910 1021 a
1940 983 2085 1022 mor-

504 1067 609 1140 bo,
639 1083 671 1125 ι
713 1067 938 1133 dolore,
981 1082 1012 1120 ι
1057 1066 1286 1120 tlliurum
1329 1063 1600 1133 pernicie,
1646 1063 1714 1117 ab
1755 1060 1975 1122 amicis,
2018 1056 2088 1112 ab

505 1161 737 1218 inimicis
759 1201 775 1226 ,
807 1159 878 1213 ab
913 1173 1080 1213 uxore
1101 1198 1118 1221 ,
1149 1173 1179 1210 a
1222 1156 1390 1210 servis
1435 1164 1692 1225 paratam.
1726 1152 1906 1222 Neque
1944 1150 2088 1205 enim

507 1254 739 1310 humana
767 1253 1043 1309 calamitas
1072 1249 1176 1304 ulla
1207 1258 1326 1314 est,
1369 1263 1488 1318 qua:
1519 1263 1625 1301 nou
1659 1247 1710 1300 in
1748 1259 1943 1314 corpus
1973 1243 2091 1311 ejus

514 1347 712 1401 inﬂicta
760 1346 936 1400 fuerit.
985 1345 1234 1398 Attamen
1281 1341 1483 1396 retibus
1518 1340 1765 1393 omnibus
1803 1345 1858 1391 et
1894 1335 2089 1390 diaboli

511 1438 686 1495 illiciis
727 1437 969 1506 superior
997 1435 1094 1492 luit
1123 1453 1136 1487 :
1163 1433 1409 1504 quodque
1445 1430 1738 1486 mirabilius
1765 1436 1846 1483 est
1867 1469 1881 1493 ,
1913 1427 2091 1480 omnia

515 1530 566 1584 in
597 1529 745 1584 illum
778 1527 1088 1592 irruebant,
1121 1523 1296 1580 omnia
1323 1539 1443 1580 cum
1471 1521 1844 1592 oxsuperautia
1871 1561 1884 1586 ,
1914 1518 2092 1572 omnia

517 1635 624 1674 uno
651 1626 910 1688 tempore.

531 1737 534 1754 ί
585 1710 640 1764 ε.
672 1709 749 1764 Ne
773 1709 915 1764 enim
942 1706 1043 1762 hoc
1068 1706 1237 1762 solum
1265 1703 1572 1760 consideres
1590 1743 1604 1767 ,
1631 1701 1772 1772 quod
1801 1709 1942 1755 tanta
1969 1714 2096 1771 pas.

519 1816 611 1857 sus
632 1801 721 1868 sit,
743 1801 837 1855 sed
865 1801 1020 1861 adde,
1045 1815 1149 1854 non
1177 1798 1448 1868 paulatim,
1473 1810 1645 1865 neque
1669 1793 1796 1848 dato
1820 1792 2098 1848 intervallo

519 1893 648 1955 ullo,
676 1891 772 1946 sed
802 1891 976 1945 omnia
1004 1890 1160 1945 simul
1185 1898 1239 1944 et
1263 1902 1369 1942 uno
1396 1899 1654 1956 tempore.
1689 1884 1803 1940 Non
1831 1884 2098 1938 modicum

519 1993 696 2039 autem
733 1982 862 2041 illud
897 1991 980 2037 est
1014 1981 1364 2037 teutationum
1393 1978 1813 2034 additamentum
1845 1994 1859 2029 :
1888 1976 1940 2030 in
1970 1975 2100 2030 reli-

520 2075 641 2144 quis
669 2074 811 2130 enim
854 2073 1156 2127 hominibus
1193 2071 1418 2142 primum
1449 2085 1609 2125 nemo
1639 2068 1936 2122 inveniatur
1958 2107 1973 2132 ,
2011 2067 2101 2136 qui

521 2167 700 2226 utunia
729 2164 888 2219 simul
911 2165 1145 2235 patiatur
1165 2203 1179 2228 ,
1207 2162 1302 2218 sed
1329 2162 1372 2216 si
1399 2177 1518 2216 cum
1551 2169 1859 2230 paupertate
1883 2173 2102 2213 concer-

524 2268 638 2324 tut,
683 2258 821 2312 bona
869 2267 1043 2314 tamen
1085 2253 1387 2310 valetudine
1433 2251 1661 2317 fruitur;
1707 2251 1752 2305 si
1795 2257 2106 2320 paupertate

525 2347 685 2414 simul
739 2358 792 2402 et
845 2348 1032 2402 morbo
1075 2344 1554 2409 circumveniatur,
1601 2350 1656 2395 at
1697 2355 1840 2410 smpe
1884 2353 2106 2393 uxorem

529 2441 689 2501 habet
725 2440 790 2497 ad
830 2442 1009 2510 gravia
1052 2437 1297 2507 patienda
1337 2437 1582 2491 solatium
1611 2433 1954 2496 atl‘ereutem,
1986 2443 2109 2500 quas

529 2542 716 2602 portus
743 2533 907 2584 instar
934 2530 1032 2598 ipsi
1062 2530 1164 2592 sit;
1196 2527 1279 2582 sin
1309 2543 1406 2582 nec
1433 2540 1657 2580 uxorem
1687 2523 1880 2577 habeat
1911 2522 2068 2575 talem
2090 2561 2106 2586 ,

529 2633 585 2677 at
624 2639 728 2677 non
769 2637 886 2676 eam
927 2630 1102 2673 tamen
1137 2635 1256 2689 qum
1290 2619 1360 2671 ita
1401 2617 1699 2686 perniciosa
1725 2613 1998 2677 consulat;
2027 2612 2109 2665 sin

529 2717 689 2769 ctiatn
718 2714 787 2767 ita
817 2712 1110 2782 perniciosa
1138 2709 1528 2774 consulentem,
1557 2717 1612 2761 at
1635 2722 1738 2761 non
1766 2705 1904 2758 tilios
1923 2717 2113 2759 omnes

531 2823 642 2864 uno
668 2805 921 2874 temporis
961 2813 1232 2864 momento
1259 2801 1549 2868 amittit;si
1574 2801 1732 2856 etiam
1776 2812 1885 2852 uno
1909 2807 2114 2866 tempo-

534 2899 611 2963 ris
640 2903 910 2959 momento
932 2935 948 2959 ,
974 2903 1027 2956 at
1048 2910 1152 2954 non
1189 2893 1281 2952 tali
1306 2893 1499 2958 modo;
1527 2891 1575 2948 si
1598 2890 1688 2946 illo
1707 2888 1888 2957 modo,
1910 2896 1964 2946 et
1983 2887 2116 2944 arui.-

536 3003 632 3046 eos
657 2987 818 3046 habet
843 2987 932 3056 qui
959 3003 1017 3044 se
1045 2985 1424 3052 consolentur;
1455 2984 1498 3044 si
1537 2997 1642 3039 non
1669 2981 2036 3044 consolentur,
2063 2987 2118 3033 at

538 3099 644 3142 uuu
695 3081 972 3140 domestici
1029 3080 1317 3146 ittSttilanl;
1347 3080 1430 3138 sin
1477 3078 1754 3142 insultant,
1796 3086 1850 3130 at
1891 3092 1994 3129 non
2043 3074 2117 3129 iiii

539 3175 698 3230 etiam
749 3175 803 3228 in
842 3171 1031 3228 faciem
1073 3181 1410 3242 conspuunt;
1455 3171 1501 3227 si
1537 3180 1716 3226 autem
1769 3171 1842 3225 illi
1874 3169 2033 3224 etiam
2066 3168 2117 3223 in

538 3267 728 3334 faciem
753 3273 1069 3334 conSpuaut,
1103 3274 1159 3319 at
1187 3279 1291 3320 non
1331 3263 1422 3322 ille
1459 3263 1550 3320 tali
1598 3261 1786 3316 morbo
1812 3263 2117 3324 detinetur;

540 3358 586 3413 si
635 3357 725 3414 tali
777 3357 966 3416 morbo
1013 3355 1304 3418 detinetur,
1359 3363 1536 3410 tamen
1565 3353 1837 3408 domicilio
1889 3361 1941 3406 et
1984 3351 2121 3414 lecto

537 3449 770 3514 fruitur;
804 3463 978 3522 neque
1018 3447 1072 3500 in
1105 3447 1228 3502 ﬁmo
1257 3445 1448 3511 sedet;
1495 3447 1540 3500 si
1589 3445 1772 3500 intimo
1816 3442 2019 3508 sedeat,
2068 3450 2122 3495 at

549 3541 712 3599 habet
734 3540 822 3614 qui
850 3537 948 3594 sibi
981 3552 1218 3602 ntauum,
1255 3537 1563 3606 porrigant;
1611 3536 1655 3592 si
1697 3551 1800 3592 non
1846 3535 2006 3592 habet
2031 3533 2121 3603 qui

545 3633 646 3696 sibi
695 3645 910 3690 manum
963 3629 1257 3701 porrigant,
1295 3636 1350 3681 at
1393 3645 1499 3688 non
1531 3627 1693 3684 habet
1731 3627 1818 3695 qui
1847 3633 2032 3682 contra
2062 3640 2121 3680 se

547 3724 885 3780 invehantur.
915 3720 1009 3779 llic
1035 3729 1212 3776 autem
1246 3719 1333 3773 illa
1363 3719 1540 3774 omnia
1571 3719 1851 3782 sustinuit;
1877 3717 2126 3786 quodque

549 3817 844 3876 mirabilius
885 3824 1001 3878 est,
1035 3823 1086 3868 ut
1113 3814 1222 3883 jam
1253 3812 1394 3880 dixi,
1437 3812 1613 3866 omnia
1667 3810 1821 3866 simul
1851 3812 2029 3880 :quud
2076 3810 2126 3864 id

549 3911 715 3968 eilicit
760 3917 818 3969 ut
872 3909 1010 3967 mala
1053 3907 1214 3976 duplo
1262 3918 1316 3961 et
1381 3905 1539 3975 triplo
1594 3904 1794 3972 majora
1848 3903 2127 3964 videantur

551 4015 696 4066 esse,
741 3999 952 4068 quando
993 3999 1037 4058 is
1073 3998 1164 4067 qui
1195 4012 1314 4052 cum
1343 3996 1497 4050 malis
1522 4005 1792 4048 eoneertat
1814 4034 1830 4059 ,
1863 4009 1926 4048 ne
1953 3995 2128 4062 respi-

554 4091 704 4147 randi
758 4089 970 4160 quidem
1012 4089 1257 4144 solatium
1296 4086 1478 4152 ltabet,
1533 4087 1625 4140 sed
1665 4102 1729 4140 ex
1783 4086 2132 4141 coutinuitatc

555 4182 740 4239 inﬂicti
779 4181 900 4243 mali
929 4181 1099 4250 major
1129 4181 1283 4240 dolor
1312 4189 1365 4234 et
1394 4178 1718 4247 perturbatio
1747 4180 1918 4232 oritur
1948 4198 1960 4232 :
1990 4181 2129 4249 quod

559 4274 645 4334 hic
683 4271 921 4341 altatigit.
979 4269 1110 4325 Nam
1155 4271 1331 4328 ovium
1386 4268 1697 4336 perniciem
1726 4279 1780 4322 et
1830 4269 2133 4331 incendium

556 4365 765 4434 excepit
803 4363 962 4419 boum
999 4364 1181 4432 rapina
1207 4404 1220 4426 ,
1261 4371 1314 4416 et
1345 4362 1482 4415 hanc
1508 4360 1813 4432 asinorum;
1847 4361 1984 4416 hanc
2009 4378 2136 4418 vero

557 4457 883 4514 camelorum
901 4464 1120 4523 captura
1140 4462 1196 4513 et
1220 4465 1496 4507 servorum
1519 4451 1727 4517 cmdes;
1761 4453 1912 4506 istam
1933 4469 2059 4508 vero
2085 4456 2137 4508 li-

560 4554 747 4614 liortnn
772 4549 1050 4619 pernicies,
1071 4557 1123 4600 ct
1147 4545 1382 4605 terribile
1403 4544 1528 4598 illud
1555 4545 1930 4616 insolitumque
1952 4548 2139 4604 mortis

558 4657 729 4713 genus
755 4639 1162 4706 horribiliusque
1185 4636 1488 4706 sepulcrum
1514 4635 1763 4707 (idipsum
1783 4639 1924 4692 enim
1948 4646 2004 4692 et
2025 4641 2140 4694 exi-

561 4736 692 4799 tium
721 4742 777 4795 et
812 4729 1112 4800 sepulcrum
1153 4727 1286 4799 fuit)
1314 4737 1368 4782 et
1397 4743 1579 4788 mensa
1605 4770 1620 4796 ,
1649 4745 1767 4798 qua:
1796 4745 1936 4784 nunc
1962 4731 2136 4790 cibum,

563 4823 827 4885 sumentia
861 4835 1083 4891 corpora
1110 4860 1125 4886 ,
1168 4835 1308 4880 nuttc
1334 4819 1546 4876 concisa
1586 4822 1829 4889 excepit;
1862 4833 1912 4876 et
1949 4823 2140 4890 phiala:

562 4925 720 4983 atque
746 4915 930 4982 poeula
952 4928 1071 4974 cum
1092 4913 1215 4973 vino
1239 4911 1548 4980 sanguinem
1569 4913 1906 4981 excipientin,
1932 4925 1984 4968 ct
2009 4931 2137 4970 con-

563 5007 673 5067 cisa
705 5005 961 5066 tuetubra.
992 5004 1237 5066 Attamen
1278 5012 1396 5071 post
1424 5002 1564 5063 hanc
1583 5019 1801 5073 gravem
1830 5006 2138 5074 tragmdiam

563 5096 806 5168 graviora
833 5094 934 5154 alia
963 5109 1148 5157 rursus
1173 5110 1292 5156 cum
1323 5103 1541 5157 inanan
1564 5135 1578 5157 ,
1607 5108 1728 5154 cum
1755 5110 1821 5150 ne
1851 5097 1929 5157 rei
1961 5099 2138 5153 tantil-

566 5189 673 5246 lum
721 5187 1054 5256 rvspirassct.
1095 5187 1227 5250 llinc
1267 5187 1409 5250 enim
1451 5188 1710 5249 vermium
1753 5189 2139 5258 scaturigines,

564 5279 734 5339 saniei
763 5277 977 5342 ﬂuenta,
1008 5278 1059 5339 iu
1088 5280 1210 5332 timo
1240 5278 1418 5340 sedes.
1451 5285 1586 5338 testa
1611 5294 1729 5347 (ωειλ
1757 5279 1918 5334 latera
1952 5280 2101 5334 radat.
2124 5322 2140 5346 ,

543 5374 845 5432 't'uluerum
872 5369 1046 5435 linter,
1069 5370 1157 5438 qui
1181 5384 1379 5430 novum
1405 5369 1530 5433 illud
1558 5369 1710 5430 lanatis
1729 5386 1892 5439 genus
1917 5369 2145 5434 induxit,

565 5477 630 5524 ac
653 5479 719 5526 ue
745 5472 1034 5533 praesentes
1054 5461 1266 5530 quidem
1290 5459 1440 5526 cibos
1459 5470 1677 5530 tangere
1699 5463 1878 5520 siueus
1896 5463 2147 5534 agrarias

569 5553 680 5620 ipsa
712 5553 848 5612 fame
881 5552 1145 5612 fastidium
1173 5552 1454 5616 induCehat
1483 5569 1496 5616 ;
1525 5562 1578 5614 et
1609 5551 1722 5612 inec
1749 5568 1854 5612 non
1881 5552 2106 5611 duorum
2125 5593 2140 5618 .

570 5657 676 5696 ttntt
703 5644 920 5711 decem,
948 5659 1053 5702 non
1082 5643 1300 5712 viginti,
1330 5658 1436 5704 non
1463 5643 1906 5702 ccutnmdierum
1937 5644 2142 5712 ειηιίο,

571 5733 662 5796 sed
690 5733 932 5802 plurimis
957 5735 1246 5802 mensibus.
1278 5733 1462 5805 Neque
1489 5732 1576 5798 hic
1590 5741 1850 5808 steterunt
1875 5752 2145 5804 corporea:

1167 297 1226 360 8.
1264 293 1541 360 JOANNIS
1577 288 2049 352 CHRYSOSTO)"
2091 284 2408 344 AllCiiiEP.
2447 281 2986 347 COXSTANTISQP.

3657 283 3758 337 680

2184 425 2514 480 calamitates
2543 442 2558 478 :
2586 423 2678 479 sed
2709 438 2828 477 cum
2860 424 2908 476 iu
2944 424 3042 475 hoc
3072 429 3210 476 statu
3239 422 3326 476 illo
3360 431 3498 476 esset
3526 429 3583 477 et
3611 425 3771 477 undi:

2183 533 2286 588 que
2315 518 2659 582 cruciaretur,
2691 517 2849 576 intus,
2878 514 3230 578 extrinsecus,
3256 516 3436 569 uxoris
3461 515 3621 569 etiam
3655 533 3765 568 mn-

2183 609 2358 663 ehinze
2404 623 2525 662 ettm
2571 606 3034 677 uggrediebantur.
3085 603 3352 660 Dmtnonis
3384 605 3546 658 telum
3576 605 3765 660 effecta

2186 699 2377 768 conjux
2406 739 2420 762 ,
2453 699 2624 752 virum
2674 713 2829 752 suum
2877 697 3051 767 lingua
3081 696 3310 765 impetit,
3341 705 3388 750 et
3439 706 3594 764 pacto
3635 697 3767 750 iuitu

2187 803 2306 844 eum
2349 789 2582 854 d‘abulo,
2633 788 2780 842 illum
2824 788 2943 842 telis
2990 796 3285 858 oppugnat,
3342 787 3405 840 iis
3433 803 3554 856 qua:
3606 802 3765 858 supra

2189 881 2419 938 diximus
2445 881 2810 936 accrbioribus
2844 889 2898 935 et
2925 879 3411 950 perniciosior-ibus.
3461 880 3644 951 Neque
3684 882 3769 940 hic

2193 972 2286 1027 fuit
2322 973 2668 1028 certaminum
2722 971 2880 1034 linis;
2910 970 3004 1024 sed
3047 970 3190 1024 initia
3221 986 3404 1024 rursus
3427 981 3476 1024 et
3511 975 3768 1040 promotis

2192 1065 2324 1118 aciei
2378 1072 2552 1118 erant.
2610 1064 2742 1130 Quia
2801 1063 2942 1117 enim
3000 1062 3130 1116 nihil
3185 1063 3307 1116 inde
3360 1063 3595 1118 lucratus
3658 1078 3771 1122 erit

2193 1155 2457 1220 diabolus,
2514 1157 2805 1209 amicorum
2861 1154 3058 1209 chorus
3099 1155 3367 1220 accessit,
3412 1158 3497 1226 qui
3523 1161 3772 1212 cummi-

2195 1248 2482 1302 serentium
2533 1246 2712 1316 specie
2755 1245 3090 1300 inimiCorum
3133 1261 3284 1301 more
3339 1247 3577 1303 insiliunt
3609 1250 3659 1302 iu
3686 1251 3772 1318 ja-

2195 1350 2424 1400 centem,
2447 1348 2500 1392 et
2529 1338 2710 1394 ulcera
2750 1335 3011 1393 refricant
3047 1338 3149 1394 sibi
3189 1349 3373 1393 nuttuo
3403 1341 3777 1407 succedentes,

2198 1446 2369 1500 neque
2397 1432 2660 1498 respirare
2703 1429 2960 1493 sinentes,
2995 1429 3173 1484 multis
3209 1430 3424 1484 circulis
3454 1431 3626 1500 ipsum
3666 1433 3774 1486 cir-

2196 1523 2512 1579 cumdantcs
2561 1522 2939 1593 crudelemque
2998 1531 3213 1593 agentes
3268 1523 3537 1578 ebuream.
3594 1525 3774 1581 Dicam

2199 1614 2358 1668 etiam
2419 1613 2592 1668 noctis
2665 1613 3053 1668 intolerabilem
3100 1613 3442 1669 tentationem
3473 1655 3488 1680 ,
3543 1633 3664 1684 qua:
3723 1627 3777 1672 et

2201 1703 2312 1773 ipsa
2346 1719 2478 1758 nova
2527 1703 2846 1773 insolitaque
2891 1705 3044 1758 erat?
3078 1704 3299 1760 Cameris
3336 1722 3563 1777 namque
3604 1707 3777 1761 homi-

2203 1796 2360 1850 nibus
2379 1797 2652 1861 omnibus,
2685 1795 2809 1850 licet
2833 1796 3106 1850 innumera
3138 1799 3402 1866 patiantur
3421 1799 3626 1868 gravia,
3659 1801 3781 1854 licet

2205 1891 2256 1947 in
2284 1906 2500 1946 carcere
2527 1891 2782 1956 habitent,
2815 1890 2937 1946 licet
2963 1899 3150 1945 catena
3179 1893 3630 1962 coustriuganmr,
3662 1893 3782 1947 licet

2205 1981 2531 2036 calamitates
2579 1979 2892 2051 deplorent,
2941 1981 3065 2036 licet
3109 1983 3350 2052 corporis
3397 1985 3782 2040 mutilationem

2209 2077 2476 2144 patiantur
2496 2115 2509 2138 ,
2537 2073 2660 2128 licet
2688 2073 2826 2128 fame
2855 2083 3163 2143 premantur
3189 2082 3243 2128 et
3271 2076 3456 2128 morbo
3484 2076 3782 2130 laboribus-

2207 2181 2310 2237 que
2331 2175 2384 2220 et
2405 2164 2690 2227 aerumnis;
2716 2174 2948 2219 attamen
2973 2179 3074 2218 nox
3098 2164 3386 2218 adveniens
3406 2167 3786 2220 consolationis

2211 2259 2550 2328 pltarmaeum
2599 2257 2853 2324 adducit,
2899 2272 3093 2326 corpus
3135 2257 3404 2311 laboribus
3441 2274 3700 2320 vacuum.
3734 2269 3788 2314 et

2209 2351 2440 2404 animam
2483 2365 2511 2402 a
2551 2349 2694 2403 curis
2735 2348 2951 2402 liberam
2990 2347 3264 2402 dimittens
3296 2366 3309 2402 :
3342 2347 3464 2402 huic
3495 2365 3623 2403 vero
3666 2359 3788 2402 tune

2211 2444 2371 2498 etiam
2405 2450 2586 2510 portus
2616 2441 2667 2495 in
2699 2440 2976 2510 scopulum
3007 2454 3191 2494 versus
3216 2449 3296 2495 est
3320 2479 3334 2502 ,
3367 2449 3422 2494 et
3450 2441 3787 2510 pharmacqu

2214 2531 2310 2587 l‘uit
2366 2534 2532 2596 ulcus,
2591 2531 2888 2585 consolatio
2931 2530 3189 2600 gravioris
3226 2531 3672 2600 tcrribiliorisque
3696 2532 3792 2585 do-

2213 2625 2344 2680 loris
2405 2623 2846 2685 additamentum,
2919 2631 3207 2691 tempestas
3257 2622 3356 2690 ipsi
3421 2624 3522 2676 fuit
3587 2623 3638 2676 in
3695 2640 3792 2677 nu-

2214 2725 2323 2781 cte,
2355 2731 2473 2784 qua:
2524 2715 2730 2768 eteteris
2777 2711 3077 2768 hominibus
3131 2713 3267 2783 parit
3309 2713 3790 2784 tranquillitatem:

2215 2815 2271 2861 et
2293 2805 2524 2874 fugiebat
2551 2803 2766 2874 quidem
2797 2805 2886 2858 ille
2915 2805 3065 2873 quasi
3090 2819 3118 2858 a
3149 2804 3392 2861 ﬂuctibus
3415 2821 3445 2860 ιι
3471 2805 3558 2860 die
3579 2847 3594 2870 ,
3619 2807 3691 2860 ob
3716 2806 3794 2864 in:-

2220 2897 2523 2956 tulerabilcs
2555 2897 2672 2952 illos
2697 2895 2946 2961 dolores;
2979 2896 3181 2952 invenit
3207 2904 3383 2954 autem
3414 2895 3606 2954 tinctus
3631 2897 3793 2954 decu-

2219 3003 2409 3043 manos
2433 3029 2448 3054 ,
2481 2987 2708 3044 vortices
2731 3025 2748 3054 ,
2782 2997 2958 3056 petras
2983 2995 3038 3044 et
3063 3001 3188 3045 saxa
3221 2987 3435 3048 latentia
3457 3027 3477 3054 ,
3510 2989 3579 3044 ita
3609 3000 3666 3043 ut
3690 2991 3794 3060 jam

2219 3080 2326 3136 diei
2359 3079 2551 3137 tinctus
2577 3087 2803 3148 optaret.
2834 3077 2956 3134 ideo
2980 3081 3141 3137 etiam
3168 3079 3302 3155 ipse,
3335 3079 3437 3139 hoc
3468 3097 3658 3139 novum
3693 3099 3796 3136 ma-

2222 3173 2332 3230 lum
2370 3186 2628 3230 euarraus
2647 3213 2662 3236 ,
2695 3171 2958 3228 clamabat
2991 3171 3179 3228 dicens
3209 3189 3223 3224 :
3252 3171 3314 3227 Si
3349 3174 3580 3229 areubem
3601 3213 3619 3238 ,
3647 3175 3795 3238 dico,

2226 3263 2442 3329 Quando
2483 3262 2588 3316 dies
2631 3263 2763 3316 erit?
2800 3263 2843 3315 si
2883 3279 3088 3333 surgam
3111 3303 3128 3329 ,
3169 3263 3318 3324 dico.
3355 3263 3569 3328 Quando
3597 3281 3799 3334 vespero

2221 3359 2244 3427 ί
2271 3355 2369 3412 Job
2399 3357 2450 3412 7.
2488 3356 2522 3410 4
2548 3354 2600 3424 )?
2629 3354 2740 3423 Qua
2775 3355 2845 3411 de
2874 3370 3032 3412 causa
3056 3395 3073 3419 ,
3103 3354 3190 3411 die
3232 3354 3400 3410 mihi?
3444 3371 3565 3411 nam
3606 3358 3658 3412 in
3717 3358 3800 3411 die

2223 3446 2440 3517 quidem
2481 3445 2601 3514 jure
2641 3452 2849 3500 noctem
2900 3445 3168 3512 requiris:
3200 3459 3478 3512 vesperam
3526 3447 3667 3500 ettim
3719 3447 3804 3503 iilu

2227 3549 2437 3596 noctem
2481 3545 2657 3603 vocat,
2685 3552 2804 3607 quae
2851 3552 2880 3591 a
2928 3536 3136 3591 diurnis
3185 3537 3339 3591 malis
3373 3536 3465 3591 dat
3521 3539 3800 3607 requiem:

2225 3648 2349 3687 etim
2377 3641 2552 3685 autem
2585 3645 2695 3684 nox
2726 3628 2964 3692 advenit,
2994 3637 3122 3683 tunc
3151 3629 3306 3686 adest
3343 3629 3725 3698 tranquillitas,
3755 3641 3808 3684 et

2233 3724 2480 3780 dolorum
2511 3721 3037 3790 sollicitudinumque
3080 3719 3304 3777 oblivio.
3332 3721 3441 3774 Cur
3466 3736 3596 3790 ergo
3625 3738 3811 3778 rursus

2231 3817 2372 3870 diem
2418 3814 2682 3883 requiris?
2734 3813 2865 3880 Quia
2915 3813 3043 3866 mihi
3091 3827 3193 3867 nox
3239 3812 3326 3867 die
3369 3813 3642 3867 molestior
3683 3826 3809 3868 est:

2234 3923 2406 3977 neque
2443 3908 2584 3961 enim
2629 3904 2755 3959 mihi
2785 3905 3170 3958 itllmtltIiL'llellt
3213 3919 3240 3957 a
3271 3905 3536 3959 laboribus
3570 3916 3811 3974 przestat,

2234 4001 2328 4056 sed
2361 4013 2545 4054 eorum
2579 4006 2922 4066 augmentum
2953 4004 3007 4048 et
3048 3996 3305 4050 tumultus
3333 4006 3490 4064 atque
3531 3998 3812 4063 perturba-

2227 4093 2408 4146 tiones
2439 4109 2452 4144 :
2484 4101 2644 4160 atque
2686 4089 2786 4143 hoc
2827 4089 2998 4159 ipsum
3036 4088 3314 4149 declarans
3353 4089 3562 4142 dicebat
3595 4107 3607 4142 :
3639 4089 3816 4144 Terre:

2239 4199 2316 4236 me
2350 4183 2401 4235 in
2438 4181 2698 4236 insomniis
2717 4221 2729 4243 ,
2761 4188 2808 4232 et
2834 4181 2884 4232 in
2915 4179 3030 4232 visis
3059 4194 3136 4230 me
3165 4179 3394 4244 percellit
3419 4177 3471 4250 (1
3480 4180 3580 4233 bid.
3621 4193 3663 4230 υ.
3709 4184 3816 4248 14).

2240 4273 2447 4329 Etenim
2479 4271 2872 4340 perterrebatur
2903 4269 3194 4324 tremendis
3225 4270 3327 4324 illis
3359 4273 3633 4326 nocturnis
3669 4274 3818 4334 visis,

2240 4363 2574 4421 intolerando
2603 4364 2824 4424 timore,
2859 4362 3050 4415 meutis
3075 4377 3300 4415 excessu
3331 4372 3540 4417 terrore
3568 4365 3818 4418 obrutus.

2311 4457 2366 4511 '5.
2409 4458 2596 4508 Annon
2646 4453 3001 4522 tlel‘atigatniui
3039 4453 3318 4508 audientes
3365 4463 3469 4508 tam
3512 4454 3821 4526 frequentes

2242 4549 2356 4602 illas
2402 4545 2770 4607 calamitates?
2828 4547 2892 4598 At
2945 4546 3034 4599 ille
3093 4546 3299 4616 patiens
3353 4563 3456 4600 non
3520 4547 3820 4602 fatiscebat.

2241 4637 2596 4707 Quamobrem
2625 4652 2751 4705 rogo
2776 4637 3046 4693 caritatem
3081 4647 3327 4701 vestram,
3350 4637 3523 4692 adhuc
3554 4639 3823 4707 paululum

2241 4727 2557 4798 exspectetis
2607 4744 2621 4778 :
2668 4725 2898 4780 nondum
2943 4727 3084 4778 enim
3135 4734 3306 4780 totum
3346 4726 3597 4792 diximus,
3652 4746 3825 4798 neque

2243 4822 2542 4878 addidimus
2593 4819 2812 4878 alteram
2877 4821 3325 4886 exsuperantiam.
3387 4819 3559 4878 Unum
3610 4823 3826 4889 quidem

2245 4923 2382 4976 erat,
2416 4912 2556 4980 quod
2607 4911 2782 4964 omnia
2836 4909 2972 4962 maia
3020 4925 3139 4978 qua:
3199 4911 3503 4966 hominibus
3551 4913 3824 4976 accidunt,

2247 5020 2407 5058 unum
2451 5019 2644 5070 corpus
2699 5000 2958 5072 perferret
3000 5017 3016 5053 :
3054 5001 3199 5058 aliud
3251 5017 3398 5066 vero,
3451 5004 3592 5071 quod
3647 5005 3825 5056 tunnia

2246 5097 2424 5158 simul,
2454 5109 2550 5149 nec
2565 5096 2645 5148 vel
2671 5095 2939 5150 minimam
2979 5091 3209 5150 habebat
3235 5094 3469 5162 requiem
3500 5096 3582 5150 vel
3612 5096 3825 5150 dilatio-

2250 5207 2393 5245 nom.
2451 5188 2688 5242 Tertium
2730 5186 2930 5246 addere
2968 5188 3088 5240 volo
3132 5204 3146 5240 :
3197 5187 3462 5255 quodnam
3524 5189 3652 5243 illud
3703 5190 3823 5243 (st?

2248 5280 2399 5349 Quod
2453 5280 2717 5333 dictvrum
2770 5277 2974 5348 singula
3032 5292 3138 5333 non
3194 5278 3354 5332 modo
3405 5280 3559 5336 simul
3612 5282 3824 5350 ingrue'

2251 5383 2400 5438 runt,
2455 5372 2549 5426 sed
2601 5372 2760 5429 etiam
2817 5384 2937 5424 ctum
2995 5369 3044 5423 vi
3095 5385 3284 5437 magna
3331 5383 3384 5430 et
3436 5375 3821 5433 vehementia;

2251 5479 2371 5518 nam
2419 5469 2698 5531 paupertas
2733 5460 2851 5528 ejus
2879 5467 2995 5514 erat
3040 5463 3183 5514 omni
3225 5471 3530 5530 paupertate
3571 5466 3830 5532 gravior;

2252 5553 2470 5608 morbus
2514 5553 2660 5616 item,
2705 5551 2882 5617 sedes,
2936 5549 3163 5610 ﬁliorum
3210 5553 3490 5620 pernicies,
3537 5555 3830 5608 btmOt‘tllll-

2249 5661 2354 5714 quc
2401 5645 2662 5698 omnium.
2713 5641 2989 5710 Perpende
3037 5653 3213 5695 autem
3244 5662 3255 5697 :
3285 5645 3517 5713 perdidit
3553 5651 3832 5716 quispiam

2254 5738 2390 5793 bona
2438 5754 2529 5791 sua
2555 5737 2576 5787 ?
2602 5745 2656 5790 at
2683 5753 2785 5790 nun
2819 5734 3026 5806 [cuiius
3063 5735 3268 5802 omnia,
3309 5753 3482 5806 neque
3522 5743 3611 5792 tali
3642 5743 3825 5798 nudo.
