  <div class='ocr_page' id='page_1' title='image "/cluster/home/n/w/nwhite01/storage/ocr_20150623/63/hvd.32044054112164/376.png"; bbox 0 0 4054 6190; ppageno 0'>
   <div class='ocr_carea' id='block_1_1' title="bbox 326 296 431 355">
    <p class='ocr_par' dir='ltr' id='par_1_1' title="bbox 326 296 431 355">
     <span class='ocr_line' id='line_1_1' title="bbox 326 296 431 355; baseline -0.038 0"><span class='ocrx_word' id='word_1_1' title='bbox 326 296 431 355; x_wconf 65' lang='grc' dir='ltr'><strong>ιει</strong></span> 
     </span>
    </p>
   </div>
   <div class='ocr_carea' id='block_1_2' title="bbox 326 410 1912 480">
    <p class='ocr_par' dir='ltr' id='par_1_2' title="bbox 326 410 1912 480">
     <span class='ocr_line' id='line_1_2' title="bbox 326 410 1912 480; baseline -0.009 -9"><span class='ocrx_word' id='word_1_2' title='bbox 326 412 527 471; x_wconf 69' lang='lat' dir='ltr'><strong>Amisit</strong></span> <span class='ocrx_word' id='word_1_3' title='bbox 571 410 748 469; x_wconf 74' lang='lat' dir='ltr'><strong>ﬁlios?</strong></span> <span class='ocrx_word' id='word_1_4' title='bbox 799 418 853 465; x_wconf 92' lang='lat' dir='ltr'><strong>at</strong></span> <span class='ocrx_word' id='word_1_5' title='bbox 892 425 1180 480; x_wconf 77' lang='lat' dir='ltr'><strong>numquam</strong></span> <span class='ocrx_word' id='word_1_6' title='bbox 1232 425 1337 464; x_wconf 91' lang='lat' dir='ltr'><strong>uno</strong></span> <span class='ocrx_word' id='word_1_7' title='bbox 1380 418 1650 463; x_wconf 85' lang='lat' dir='ltr'><strong>momento</strong></span> <span class='ocrx_word' id='word_1_8' title='bbox 1705 420 1912 471; x_wconf 84' lang='lat' dir='ltr'><strong>omnes,</strong></span> 
     </span>
    </p>
   </div>
   <div class='ocr_carea' id='block_1_3' title="bbox 328 498 1918 575">
    <p class='ocr_par' dir='ltr' id='par_1_3' title="bbox 328 498 1918 575">
     <span class='ocr_line' id='line_1_3' title="bbox 328 498 1918 575; baseline -0.007 -13"><span class='ocrx_word' id='word_1_9' title='bbox 328 520 508 575; x_wconf 82' lang='lat' dir='ltr'><strong>neque</strong></span> <span class='ocrx_word' id='word_1_10' title='bbox 563 513 679 570; x_wconf 90' lang='lat' dir='ltr'><strong>tot,</strong></span> <span class='ocrx_word' id='word_1_11' title='bbox 734 517 907 573; x_wconf 88' lang='lat' dir='ltr'><strong>neque</strong></span> <span class='ocrx_word' id='word_1_12' title='bbox 967 503 1116 556; x_wconf 86' lang='lat' dir='ltr'><strong>tales.</strong></span> <span class='ocrx_word' id='word_1_13' title='bbox 1176 502 1234 557; x_wconf 88' lang='lat' dir='ltr'><strong>In</strong></span> <span class='ocrx_word' id='word_1_14' title='bbox 1286 502 1529 555; x_wconf 89' lang='lat' dir='ltr'><strong>morbum</strong></span> <span class='ocrx_word' id='word_1_15' title='bbox 1584 498 1808 553; x_wconf 86' lang='lat' dir='ltr'><strong>incidit?</strong></span> <span class='ocrx_word' id='word_1_16' title='bbox 1864 506 1918 551; x_wconf 91' lang='lat' dir='ltr'><strong>at</strong></span> 
     </span>
    </p>
   </div>
   <div class='ocr_carea' id='block_1_4' title="bbox 325 590 1917 658">
    <p class='ocr_par' dir='ltr' id='par_1_4' title="bbox 325 590 1917 658">
     <span class='ocr_line' id='line_1_4' title="bbox 325 590 1917 658; baseline -0.006 -6"><span class='ocrx_word' id='word_1_17' title='bbox 325 612 438 652; x_wconf 82' lang='lat' dir='ltr'><strong>non</strong></span> <span class='ocrx_word' id='word_1_18' title='bbox 466 595 645 656; x_wconf 91' lang='lat' dir='ltr'><strong>talem,</strong></span> <span class='ocrx_word' id='word_1_19' title='bbox 673 593 766 648; x_wconf 87' lang='lat' dir='ltr'><strong>sed</strong></span> <span class='ocrx_word' id='word_1_20' title='bbox 811 592 893 647; x_wconf 90' lang='lat' dir='ltr'><strong>vel</strong></span> <span class='ocrx_word' id='word_1_21' title='bbox 942 591 1076 648; x_wconf 81' lang='lat' dir='ltr'><strong>febri</strong></span> <span class='ocrx_word' id='word_1_22' title='bbox 1123 592 1402 658; x_wconf 87' lang='lat' dir='ltr'><strong>laboravit,</strong></span> <span class='ocrx_word' id='word_1_23' title='bbox 1432 592 1517 646; x_wconf 89' lang='lat' dir='ltr'><strong>vel</strong></span> <span class='ocrx_word' id='word_1_24' title='bbox 1562 590 1917 653; x_wconf 88' lang='lat' dir='ltr'><strong>mutilatione,</strong></span> 
     </span>
    </p>
   </div>
   <div class='ocr_carea' id='block_1_5' title="bbox 326 681 1916 756">
    <p class='ocr_par' dir='ltr' id='par_1_5' title="bbox 326 681 1916 756">
     <span class='ocr_line' id='line_1_5' title="bbox 326 681 1916 756; baseline -0.004 -17"><span class='ocrx_word' id='word_1_25' title='bbox 326 687 413 741; x_wconf 85' lang='lat' dir='ltr'><strong>vel</strong></span> <span class='ocrx_word' id='word_1_26' title='bbox 439 685 790 756; x_wconf 90' lang='lat' dir='ltr'><strong>similiaiiquo</strong></span> <span class='ocrx_word' id='word_1_27' title='bbox 811 695 1173 754; x_wconf 80' lang='lat' dir='ltr'><strong>consuetaque</strong></span> <span class='ocrx_word' id='word_1_28' title='bbox 1195 683 1402 739; x_wconf 90' lang='lat' dir='ltr'><strong>morbo.</strong></span> <span class='ocrx_word' id='word_1_29' title='bbox 1434 682 1525 738; x_wconf 91' lang='lat' dir='ltr'><strong>Illa</strong></span> <span class='ocrx_word' id='word_1_30' title='bbox 1557 690 1733 736; x_wconf 88' lang='lat' dir='ltr'><strong>autem</strong></span> <span class='ocrx_word' id='word_1_31' title='bbox 1767 681 1916 750; x_wconf 86' lang='lat' dir='ltr'><strong>plaga</strong></span> 
     </span>
    </p>
   </div>
   <div class='ocr_carea' id='block_1_6' title="bbox 326 771 1915 847">
    <p class='ocr_par' dir='ltr' id='par_1_6' title="bbox 326 771 1915 847">
     <span class='ocr_line' id='line_1_6' title="bbox 326 771 1915 847; baseline -0.007 -14"><span class='ocrx_word' id='word_1_32' title='bbox 326 779 542 833; x_wconf 87' lang='lat' dir='ltr'><strong>insolita</strong></span> <span class='ocrx_word' id='word_1_33' title='bbox 573 786 705 843; x_wconf 88' lang='lat' dir='ltr'><strong>erat,</strong></span> <span class='ocrx_word' id='word_1_34' title='bbox 738 793 854 847; x_wconf 78' lang='lat' dir='ltr'><strong>qua:</strong></span> <span class='ocrx_word' id='word_1_35' title='bbox 871 776 960 831; x_wconf 92' lang='lat' dir='ltr'><strong>uni</strong></span> <span class='ocrx_word' id='word_1_36' title='bbox 994 774 1211 846; x_wconf 85' lang='lat' dir='ltr'><strong>patienti</strong></span> <span class='ocrx_word' id='word_1_37' title='bbox 1241 785 1365 830; x_wconf 83' lang='lat' dir='ltr'><strong>nota</strong></span> <span class='ocrx_word' id='word_1_38' title='bbox 1386 783 1544 829; x_wconf 85' lang='lat' dir='ltr'><strong>esset.</strong></span> <span class='ocrx_word' id='word_1_39' title='bbox 1566 772 1752 827; x_wconf 81' lang='lat' dir='ltr'><strong>Nullus</strong></span> <span class='ocrx_word' id='word_1_40' title='bbox 1776 771 1915 825; x_wconf 86' lang='lat' dir='ltr'><strong>enim</strong></span> 
     </span>
    </p>
   </div>
   <div class='ocr_carea' id='block_1_7' title="bbox 326 863 1915 939">
    <p class='ocr_par' dir='ltr' id='par_1_7' title="bbox 326 863 1915 939">
     <span class='ocr_line' id='line_1_7' title="bbox 326 863 1915 939; baseline -0.005 -14"><span class='ocrx_word' id='word_1_41' title='bbox 326 886 509 925; x_wconf 80' lang='lat' dir='ltr'><strong>sermo</strong></span> <span class='ocrx_word' id='word_1_42' title='bbox 529 870 796 939; x_wconf 80' lang='lat' dir='ltr'><strong>explicare</strong></span> <span class='ocrx_word' id='word_1_43' title='bbox 825 868 994 938; x_wconf 90' lang='lat' dir='ltr'><strong>possit</strong></span> <span class='ocrx_word' id='word_1_44' title='bbox 1015 883 1172 937; x_wconf 83' lang='lat' dir='ltr'><strong>quant</strong></span> <span class='ocrx_word' id='word_1_45' title='bbox 1199 866 1389 922; x_wconf 89' lang='lat' dir='ltr'><strong>acerba</strong></span> <span class='ocrx_word' id='word_1_46' title='bbox 1411 873 1592 920; x_wconf 83' lang='lat' dir='ltr'><strong>essent</strong></span> <span class='ocrx_word' id='word_1_47' title='bbox 1622 865 1799 919; x_wconf 87' lang='lat' dir='ltr'><strong>ulcera</strong></span> <span class='ocrx_word' id='word_1_48' title='bbox 1827 863 1915 917; x_wconf 89' lang='lat' dir='ltr'><strong>illa</strong></span> 
     </span>
    </p>
   </div>
   <div class='ocr_carea' id='block_1_8' title="bbox 324 957 1916 1033">
    <p class='ocr_par' dir='ltr' id='par_1_8' title="bbox 324 957 1916 1033">
     <span class='ocr_line' id='line_1_8' title="bbox 324 957 1916 1033; baseline -0.004 -14"><span class='ocrx_word' id='word_1_49' title='bbox 324 973 381 1019; x_wconf 77' lang='lat' dir='ltr'><strong>et</strong></span> <span class='ocrx_word' id='word_1_50' title='bbox 408 972 664 1033; x_wconf 88' lang='lat' dir='ltr'><strong>quantum</strong></span> <span class='ocrx_word' id='word_1_51' title='bbox 706 962 962 1017; x_wconf 77' lang='lat' dir='ltr'><strong>inferrent</strong></span> <span class='ocrx_word' id='word_1_52' title='bbox 987 961 1207 1015; x_wconf 85' lang='lat' dir='ltr'><strong>vulnera</strong></span> <span class='ocrx_word' id='word_1_53' title='bbox 1238 960 1519 1026; x_wconf 84' lang='lat' dir='ltr'><strong>dolorem;</strong></span> <span class='ocrx_word' id='word_1_54' title='bbox 1552 957 1643 1014; x_wconf 91' lang='lat' dir='ltr'><strong>sed</strong></span> <span class='ocrx_word' id='word_1_55' title='bbox 1675 958 1804 1011; x_wconf 84' lang='lat' dir='ltr'><strong>satis</strong></span> <span class='ocrx_word' id='word_1_56' title='bbox 1833 965 1916 1012; x_wconf 82' lang='lat' dir='ltr'><strong>est</strong></span> 
     </span>
    </p>
   </div>
   <div class='ocr_carea' id='block_1_9' title="bbox 324 1050 1915 1126">
    <p class='ocr_par' dir='ltr' id='par_1_9' title="bbox 324 1050 1915 1126">
     <span class='ocr_line' id='line_1_9' title="bbox 324 1050 1915 1126; baseline -0.004 -14"><span class='ocrx_word' id='word_1_57' title='bbox 324 1056 529 1112; x_wconf 75' lang='lat' dir='ltr'><strong>dixisse</strong></span> <span class='ocrx_word' id='word_1_58' title='bbox 571 1056 691 1126; x_wconf 85' lang='lat' dir='ltr'><strong>quis</strong></span> <span class='ocrx_word' id='word_1_59' title='bbox 717 1055 916 1108; x_wconf 86' lang='lat' dir='ltr'><strong>malum</strong></span> <span class='ocrx_word' id='word_1_60' title='bbox 954 1053 1225 1118; x_wconf 83' lang='lat' dir='ltr'><strong>inﬂixerit,</strong></span> <span class='ocrx_word' id='word_1_61' title='bbox 1258 1060 1312 1107; x_wconf 90' lang='lat' dir='ltr'><strong>et</strong></span> <span class='ocrx_word' id='word_1_62' title='bbox 1341 1067 1500 1123; x_wconf 90' lang='lat' dir='ltr'><strong>quam</strong></span> <span class='ocrx_word' id='word_1_63' title='bbox 1529 1052 1843 1107; x_wconf 79' lang='lat' dir='ltr'><strong>exulcerato</strong></span> <span class='ocrx_word' id='word_1_64' title='bbox 1871 1050 1915 1106; x_wconf 92' lang='lat' dir='ltr'><strong>is</strong></span> 
     </span>
    </p>
   </div>
   <div class='ocr_carea' id='block_1_10' title="bbox 325 1143 1912 1217">
    <p class='ocr_par' dir='ltr' id='par_1_10' title="bbox 325 1143 1912 1217">
     <span class='ocr_line' id='line_1_10' title="bbox 325 1143 1912 1217; baseline -0.004 -14"><span class='ocrx_word' id='word_1_65' title='bbox 325 1151 512 1205; x_wconf 83' lang='lat' dir='ltr'><strong>animo</strong></span> <span class='ocrx_word' id='word_1_66' title='bbox 538 1158 702 1213; x_wconf 85' lang='lat' dir='ltr'><strong>esset,</strong></span> <span class='ocrx_word' id='word_1_67' title='bbox 735 1157 791 1201; x_wconf 91' lang='lat' dir='ltr'><strong>ut</strong></span> <span class='ocrx_word' id='word_1_68' title='bbox 820 1147 988 1217; x_wconf 68' lang='lat' dir='ltr'><strong>plaga:</strong></span> <span class='ocrx_word' id='word_1_69' title='bbox 1031 1145 1341 1216; x_wconf 75' lang='lat' dir='ltr'><strong>magnitudo</strong></span> <span class='ocrx_word' id='word_1_70' title='bbox 1383 1144 1715 1200; x_wconf 80' lang='lat' dir='ltr'><strong>ostendatur.</strong></span> <span class='ocrx_word' id='word_1_71' title='bbox 1766 1143 1912 1198; x_wconf 87' lang='lat' dir='ltr'><strong>Nova</strong></span> 
     </span>
    </p>
   </div>
   <div class='ocr_carea' id='block_1_11' title="bbox 326 1242 1912 1313">
    <p class='ocr_par' dir='ltr' id='par_1_11' title="bbox 326 1242 1912 1313">
     <span class='ocr_line' id='line_1_11' title="bbox 326 1242 1912 1313; baseline -0.002 -13"><span class='ocrx_word' id='word_1_72' title='bbox 326 1247 455 1300; x_wconf 84' lang='lat' dir='ltr'><strong>item</strong></span> <span class='ocrx_word' id='word_1_73' title='bbox 478 1255 532 1303; x_wconf 89' lang='lat' dir='ltr'><strong>et</strong></span> <span class='ocrx_word' id='word_1_74' title='bbox 548 1246 755 1300; x_wconf 89' lang='lat' dir='ltr'><strong>insolita</strong></span> <span class='ocrx_word' id='word_1_75' title='bbox 783 1252 899 1298; x_wconf 91' lang='lat' dir='ltr'><strong>erat</strong></span> <span class='ocrx_word' id='word_1_76' title='bbox 924 1243 1039 1313; x_wconf 86' lang='lat' dir='ltr'><strong>ejus</strong></span> <span class='ocrx_word' id='word_1_77' title='bbox 1060 1243 1238 1299; x_wconf 88' lang='lat' dir='ltr'><strong>sedes.</strong></span> <span class='ocrx_word' id='word_1_78' title='bbox 1264 1242 1446 1313; x_wconf 86' lang='lat' dir='ltr'><strong>Neque</strong></span> <span class='ocrx_word' id='word_1_79' title='bbox 1466 1242 1609 1298; x_wconf 88' lang='lat' dir='ltr'><strong>enim</strong></span> <span class='ocrx_word' id='word_1_80' title='bbox 1634 1242 1769 1297; x_wconf 88' lang='lat' dir='ltr'><strong>ullus</strong></span> <span class='ocrx_word' id='word_1_81' title='bbox 1792 1258 1912 1297; x_wconf 90' lang='lat' dir='ltr'><strong>um-</strong></span> 
     </span>
    </p>
   </div>
   <div class='ocr_carea' id='block_1_12' title="bbox 323 1335 1913 1408">
    <p class='ocr_par' dir='ltr' id='par_1_12' title="bbox 323 1335 1913 1408">
     <span class='ocr_line' id='line_1_12' title="bbox 323 1335 1913 1408; baseline 0.001 -19"><span class='ocrx_word' id='word_1_82' title='bbox 323 1354 485 1408; x_wconf 84' lang='lat' dir='ltr'><strong>quam</strong></span> <span class='ocrx_word' id='word_1_83' title='bbox 516 1352 715 1408; x_wconf 82' lang='lat' dir='ltr'><strong>pauper</strong></span> <span class='ocrx_word' id='word_1_84' title='bbox 743 1337 820 1391; x_wconf 89' lang='lat' dir='ltr'><strong>sic</strong></span> <span class='ocrx_word' id='word_1_85' title='bbox 848 1337 985 1391; x_wconf 84' lang='lat' dir='ltr'><strong>sedit</strong></span> <span class='ocrx_word' id='word_1_86' title='bbox 1012 1338 1156 1391; x_wconf 90' lang='lat' dir='ltr'><strong>omni</strong></span> <span class='ocrx_word' id='word_1_87' title='bbox 1188 1346 1429 1406; x_wconf 90' lang='lat' dir='ltr'><strong>tempore</strong></span> <span class='ocrx_word' id='word_1_88' title='bbox 1454 1336 1555 1391; x_wconf 89' lang='lat' dir='ltr'><strong>sub</strong></span> <span class='ocrx_word' id='word_1_89' title='bbox 1583 1335 1702 1403; x_wconf 90' lang='lat' dir='ltr'><strong>dio,</strong></span> <span class='ocrx_word' id='word_1_90' title='bbox 1736 1345 1793 1391; x_wconf 92' lang='lat' dir='ltr'><strong>ut</strong></span> <span class='ocrx_word' id='word_1_91' title='bbox 1824 1336 1913 1391; x_wconf 89' lang='lat' dir='ltr'><strong>ille</strong></span> 
     </span>
    </p>
   </div>
   <div class='ocr_carea' id='block_1_13' title="bbox 323 1427 1913 1498">
    <p class='ocr_par' dir='ltr' id='par_1_13' title="bbox 323 1427 1913 1498">
     <span class='ocr_line' id='line_1_13' title="bbox 323 1427 1913 1498; baseline 0.001 -16"><span class='ocrx_word' id='word_1_92' title='bbox 323 1429 572 1495; x_wconf 81' lang='lat' dir='ltr'><strong>sedebat,</strong></span> <span class='ocrx_word' id='word_1_93' title='bbox 590 1428 828 1483; x_wconf 76' lang='lat' dir='ltr'><strong>vestibus</strong></span> <span class='ocrx_word' id='word_1_94' title='bbox 854 1427 1099 1492; x_wconf 84' lang='lat' dir='ltr'><strong>nudatus,</strong></span> <span class='ocrx_word' id='word_1_95' title='bbox 1120 1439 1258 1483; x_wconf 89' lang='lat' dir='ltr'><strong>tecto</strong></span> <span class='ocrx_word' id='word_1_96' title='bbox 1277 1429 1511 1498; x_wconf 89' lang='lat' dir='ltr'><strong>privatus</strong></span> <span class='ocrx_word' id='word_1_97' title='bbox 1528 1429 1694 1494; x_wconf 91' lang='lat' dir='ltr'><strong>omni,</strong></span> <span class='ocrx_word' id='word_1_98' title='bbox 1716 1429 1765 1483; x_wconf 91' lang='lat' dir='ltr'><strong>in</strong></span> <span class='ocrx_word' id='word_1_99' title='bbox 1787 1429 1913 1483; x_wconf 81' lang='lat' dir='ltr'><strong>[into</strong></span> 
     </span>
    </p>
   </div>
   <div class='ocr_carea' id='block_1_14' title="bbox 324 1518 1908 1590">
    <p class='ocr_par' dir='ltr' id='par_1_14' title="bbox 324 1518 1908 1590">
     <span class='ocr_line' id='line_1_14' title="bbox 324 1518 1908 1590; baseline 0 -15"><span class='ocrx_word' id='word_1_100' title='bbox 324 1520 524 1575; x_wconf 84' lang='lat' dir='ltr'><strong>sedens</strong></span> <span class='ocrx_word' id='word_1_101' title='bbox 545 1519 816 1574; x_wconf 76' lang='lat' dir='ltr'><strong>vermibus</strong></span> <span class='ocrx_word' id='word_1_102' title='bbox 846 1529 1079 1573; x_wconf 85' lang='lat' dir='ltr'><strong>scatens.</strong></span> <span class='ocrx_word' id='word_1_103' title='bbox 1110 1518 1266 1589; x_wconf 85' lang='lat' dir='ltr'><strong>Sa-pe</strong></span> <span class='ocrx_word' id='word_1_104' title='bbox 1296 1520 1473 1575; x_wconf 85' lang='lat' dir='ltr'><strong>evenit</strong></span> <span class='ocrx_word' id='word_1_105' title='bbox 1495 1520 1688 1590; x_wconf 89' lang='lat' dir='ltr'><strong>utquis</strong></span> <span class='ocrx_word' id='word_1_106' title='bbox 1716 1520 1908 1575; x_wconf 89' lang='lat' dir='ltr'><strong>malam</strong></span> 
     </span>
    </p>
   </div>
   <div class='ocr_carea' id='block_1_15' title="bbox 324 1610 1910 1681">
    <p class='ocr_par' dir='ltr' id='par_1_15' title="bbox 324 1610 1910 1681">
     <span class='ocr_line' id='line_1_15' title="bbox 324 1610 1910 1681; baseline 0.003 -18"><span class='ocrx_word' id='word_1_107' title='bbox 324 1612 546 1667; x_wconf 79' lang='lat' dir='ltr'><strong>haberet</strong></span> <span class='ocrx_word' id='word_1_108' title='bbox 580 1625 798 1665; x_wconf 69' lang='lat' dir='ltr'><strong>uxorem</strong></span> <span class='ocrx_word' id='word_1_109' title='bbox 824 1610 947 1665; x_wconf 86' lang='lat' dir='ltr'><strong>:sed</strong></span> <span class='ocrx_word' id='word_1_110' title='bbox 969 1611 1109 1664; x_wconf 90' lang='lat' dir='ltr'><strong>nulla</strong></span> <span class='ocrx_word' id='word_1_111' title='bbox 1134 1627 1381 1680; x_wconf 80' lang='lat' dir='ltr'><strong>umquam</strong></span> <span class='ocrx_word' id='word_1_112' title='bbox 1403 1621 1509 1665; x_wconf 89' lang='lat' dir='ltr'><strong>tam</strong></span> <span class='ocrx_word' id='word_1_113' title='bbox 1534 1612 1773 1681; x_wconf 90' lang='lat' dir='ltr'><strong>improba</strong></span> <span class='ocrx_word' id='word_1_114' title='bbox 1816 1613 1910 1667; x_wconf 81' lang='lat' dir='ltr'><strong>fuit</strong></span> 
     </span>
    </p>
   </div>
   <div class='ocr_carea' id='block_1_16' title="bbox 320 1702 1911 1775">
    <p class='ocr_par' dir='ltr' id='par_1_16' title="bbox 320 1702 1911 1775">
     <span class='ocr_line' id='line_1_16' title="bbox 320 1702 1911 1775; baseline 0.001 -21"><span class='ocrx_word' id='word_1_115' title='bbox 320 1720 443 1773; x_wconf 80' lang='lat' dir='ltr'><strong>qnze</strong></span> <span class='ocrx_word' id='word_1_116' title='bbox 472 1704 523 1757; x_wconf 91' lang='lat' dir='ltr'><strong>in</strong></span> <span class='ocrx_word' id='word_1_117' title='bbox 555 1712 697 1756; x_wconf 78' lang='lat' dir='ltr'><strong>tanta</strong></span> <span class='ocrx_word' id='word_1_118' title='bbox 737 1702 1040 1758; x_wconf 80' lang='lat' dir='ltr'><strong>calamitate</strong></span> <span class='ocrx_word' id='word_1_119' title='bbox 1080 1703 1249 1757; x_wconf 88' lang='lat' dir='ltr'><strong>virum</strong></span> <span class='ocrx_word' id='word_1_120' title='bbox 1290 1703 1675 1769; x_wconf 84' lang='lat' dir='ltr'><strong>insectaretur,</strong></span> <span class='ocrx_word' id='word_1_121' title='bbox 1709 1715 1762 1758; x_wconf 88' lang='lat' dir='ltr'><strong>et</strong></span> <span class='ocrx_word' id='word_1_122' title='bbox 1801 1704 1911 1775; x_wconf 83' lang='lat' dir='ltr'><strong>gla-</strong></span> 
     </span>
    </p>
   </div>
   <div class='ocr_carea' id='block_1_17' title="bbox 321 1795 1904 1867">
    <p class='ocr_par' dir='ltr' id='par_1_17' title="bbox 321 1795 1904 1867">
     <span class='ocr_line' id='line_1_17' title="bbox 321 1795 1904 1867; baseline 0.001 -17"><span class='ocrx_word' id='word_1_123' title='bbox 321 1798 467 1850; x_wconf 83' lang='lat' dir='ltr'><strong>dium</strong></span> <span class='ocrx_word' id='word_1_124' title='bbox 499 1804 708 1848; x_wconf 84' lang='lat' dir='ltr'><strong>acueret</strong></span> <span class='ocrx_word' id='word_1_125' title='bbox 741 1795 998 1848; x_wconf 87' lang='lat' dir='ltr'><strong>adversus</strong></span> <span class='ocrx_word' id='word_1_126' title='bbox 1028 1796 1260 1849; x_wconf 89' lang='lat' dir='ltr'><strong>animam</strong></span> <span class='ocrx_word' id='word_1_127' title='bbox 1296 1795 1479 1865; x_wconf 87' lang='lat' dir='ltr'><strong>ipsius,</strong></span> <span class='ocrx_word' id='word_1_128' title='bbox 1508 1796 1738 1867; x_wconf 90' lang='lat' dir='ltr'><strong>taliaque</strong></span> <span class='ocrx_word' id='word_1_129' title='bbox 1778 1813 1904 1852; x_wconf 85' lang='lat' dir='ltr'><strong>con-</strong></span> 
     </span>
    </p>
   </div>
   <div class='ocr_carea' id='block_1_18' title="bbox 318 1889 1908 1959">
    <p class='ocr_par' dir='ltr' id='par_1_18' title="bbox 318 1889 1908 1959">
     <span class='ocr_line' id='line_1_18' title="bbox 318 1889 1908 1959; baseline -0.002 -15"><span class='ocrx_word' id='word_1_130' title='bbox 318 1893 437 1945; x_wconf 86' lang='lat' dir='ltr'><strong>silia</strong></span> <span class='ocrx_word' id='word_1_131' title='bbox 465 1890 634 1944; x_wconf 87' lang='lat' dir='ltr'><strong>daret.</strong></span> <span class='ocrx_word' id='word_1_132' title='bbox 671 1890 978 1943; x_wconf 80' lang='lat' dir='ltr'><strong>Amicorum</strong></span> <span class='ocrx_word' id='word_1_133' title='bbox 1008 1904 1221 1959; x_wconf 82' lang='lat' dir='ltr'><strong>quoque</strong></span> <span class='ocrx_word' id='word_1_134' title='bbox 1262 1899 1311 1944; x_wconf 89' lang='lat' dir='ltr'><strong>et</strong></span> <span class='ocrx_word' id='word_1_135' title='bbox 1339 1889 1762 1944; x_wconf 88' lang='lat' dir='ltr'><strong>domesticorum</strong></span> <span class='ocrx_word' id='word_1_136' title='bbox 1790 1890 1908 1944; x_wconf 90' lang='lat' dir='ltr'><strong>ani-</strong></span> 
     </span>
    </p>
   </div>
   <div class='ocr_carea' id='block_1_19' title="bbox 320 1980 1906 2053">
    <p class='ocr_par' dir='ltr' id='par_1_19' title="bbox 320 1980 1906 2053">
     <span class='ocr_line' id='line_1_19' title="bbox 320 1980 1906 2053; baseline 0.001 -16"><span class='ocrx_word' id='word_1_137' title='bbox 320 1998 467 2037; x_wconf 77' lang='lat' dir='ltr'><strong>mum</strong></span> <span class='ocrx_word' id='word_1_138' title='bbox 499 1980 781 2037; x_wconf 84' lang='lat' dir='ltr'><strong>considera</strong></span> <span class='ocrx_word' id='word_1_139' title='bbox 813 1998 825 2033; x_wconf 93' lang='lat'><strong>:</strong></span> <span class='ocrx_word' id='word_1_140' title='bbox 860 1980 1013 2035; x_wconf 75' lang='lat' dir='ltr'><strong>famis</strong></span> <span class='ocrx_word' id='word_1_141' title='bbox 1054 1997 1266 2052; x_wconf 87' lang='lat' dir='ltr'><strong>quoque</strong></span> <span class='ocrx_word' id='word_1_142' title='bbox 1306 1997 1500 2036; x_wconf 90' lang='lat' dir='ltr'><strong>novum</strong></span> <span class='ocrx_word' id='word_1_143' title='bbox 1529 1997 1726 2053; x_wconf 84' lang='lat' dir='ltr'><strong>genus,</strong></span> <span class='ocrx_word' id='word_1_144' title='bbox 1767 1982 1906 2052; x_wconf 91' lang='lat' dir='ltr'><strong>quod</strong></span> 
     </span>
    </p>
   </div>
   <div class='ocr_carea' id='block_1_20' title="bbox 279 2073 1909 2144">
    <p class='ocr_par' dir='ltr' id='par_1_20' title="bbox 279 2073 1909 2144">
     <span class='ocr_line' id='line_1_20' title="bbox 279 2073 1909 2144; baseline 0.002 -18"><span class='ocrx_word' id='word_1_145' title='bbox 279 2088 507 2126; x_wconf 81' lang='lat' dir='ltr'><strong>-mcns.&#39;t</strong></span> <span class='ocrx_word' id='word_1_146' title='bbox 541 2073 778 2143; x_wconf 88' lang='lat' dir='ltr'><strong>apposita</strong></span> <span class='ocrx_word' id='word_1_147' title='bbox 809 2073 934 2127; x_wconf 88' lang='lat' dir='ltr'><strong>nihil</strong></span> <span class='ocrx_word' id='word_1_148' title='bbox 961 2082 1174 2141; x_wconf 82' lang='lat' dir='ltr'><strong>gustare</strong></span> <span class='ocrx_word' id='word_1_149' title='bbox 1209 2080 1391 2143; x_wconf 84' lang='lat' dir='ltr'><strong>posset</strong></span> <span class='ocrx_word' id='word_1_150' title='bbox 1441 2073 1621 2128; x_wconf 85' lang='lat' dir='ltr'><strong>Dicam</strong></span> <span class='ocrx_word' id='word_1_151' title='bbox 1666 2083 1719 2129; x_wconf 91' lang='lat' dir='ltr'><strong>et</strong></span> <span class='ocrx_word' id='word_1_152' title='bbox 1748 2090 1909 2144; x_wconf 87' lang='lat' dir='ltr'><strong>quar-</strong></span> 
     </span>
    </p>
   </div>
   <div class='ocr_carea' id='block_1_21' title="bbox 320 2163 1907 2236">
    <p class='ocr_par' dir='ltr' id='par_1_21' title="bbox 320 2163 1907 2236">
     <span class='ocr_line' id='line_1_21' title="bbox 320 2163 1907 2236; baseline 0.003 -19"><span class='ocrx_word' id='word_1_153' title='bbox 320 2173 429 2217; x_wconf 86' lang='lat' dir='ltr'><strong>tam</strong></span> <span class='ocrx_word' id='word_1_154' title='bbox 471 2164 845 2236; x_wconf 78' lang='lat' dir='ltr'><strong>hyperbolen?</strong></span> <span class='ocrx_word' id='word_1_155' title='bbox 897 2163 1110 2217; x_wconf 84' lang='lat' dir='ltr'><strong>divitias</strong></span> <span class='ocrx_word' id='word_1_156' title='bbox 1160 2178 1351 2236; x_wconf 90' lang='lat' dir='ltr'><strong>nempe</strong></span> <span class='ocrx_word' id='word_1_157' title='bbox 1398 2174 1452 2219; x_wconf 89' lang='lat' dir='ltr'><strong>et</strong></span> <span class='ocrx_word' id='word_1_158' title='bbox 1504 2166 1907 2234; x_wconf 87' lang='lat' dir='ltr'><strong>prosperitatem</strong></span> 
     </span>
    </p>
   </div>
   <div class='ocr_carea' id='block_1_22' title="bbox 319 2254 1906 2325">
    <p class='ocr_par' dir='ltr' id='par_1_22' title="bbox 319 2254 1906 2325">
     <span class='ocr_line' id='line_1_22' title="bbox 319 2254 1906 2325; baseline 0.002 -18"><span class='ocrx_word' id='word_1_159' title='bbox 319 2256 622 2324; x_wconf 82' lang='lat' dir='ltr'><strong>pristinam.</strong></span> <span class='ocrx_word' id='word_1_160' title='bbox 670 2254 801 2309; x_wconf 89' lang='lat' dir='ltr'><strong>Nam</strong></span> <span class='ocrx_word' id='word_1_161' title='bbox 840 2254 929 2325; x_wconf 89' lang='lat' dir='ltr'><strong>qui</strong></span> <span class='ocrx_word' id='word_1_162' title='bbox 959 2255 1025 2309; x_wconf 90' lang='lat' dir='ltr'><strong>ab</strong></span> <span class='ocrx_word' id='word_1_163' title='bbox 1069 2254 1219 2308; x_wconf 90' lang='lat' dir='ltr'><strong>initio</strong></span> <span class='ocrx_word' id='word_1_164' title='bbox 1273 2257 1324 2309; x_wconf 91' lang='lat' dir='ltr'><strong>in</strong></span> <span class='ocrx_word' id='word_1_165' title='bbox 1364 2264 1678 2325; x_wconf 85' lang='lat' dir='ltr'><strong>paupertate</strong></span> <span class='ocrx_word' id='word_1_166' title='bbox 1734 2256 1906 2321; x_wconf 78' lang='lat' dir='ltr'><strong>vixit,</strong></span> 
     </span>
    </p>
   </div>
   <div class='ocr_carea' id='block_1_23' title="bbox 320 2344 1911 2417">
    <p class='ocr_par' dir='ltr' id='par_1_23' title="bbox 320 2344 1911 2417">
     <span class='ocr_line' id='line_1_23' title="bbox 320 2344 1911 2417; baseline 0.002 -18"><span class='ocrx_word' id='word_1_167' title='bbox 320 2346 530 2399; x_wconf 76' lang='lat' dir='ltr'><strong>facilius</strong></span> <span class='ocrx_word' id='word_1_168' title='bbox 567 2344 671 2400; x_wconf 78' lang='lat' dir='ltr'><strong>fert</strong></span> <span class='ocrx_word' id='word_1_169' title='bbox 710 2346 874 2411; x_wconf 89' lang='lat' dir='ltr'><strong>illam,</strong></span> <span class='ocrx_word' id='word_1_170' title='bbox 905 2355 1085 2416; x_wconf 85' lang='lat' dir='ltr'><strong>utpote</strong></span> <span class='ocrx_word' id='word_1_171' title='bbox 1125 2345 1215 2417; x_wconf 85' lang='lat' dir='ltr'><strong>qui</strong></span> <span class='ocrx_word' id='word_1_172' title='bbox 1259 2347 1457 2400; x_wconf 87' lang='lat' dir='ltr'><strong>malum</strong></span> <span class='ocrx_word' id='word_1_173' title='bbox 1490 2346 1616 2401; x_wconf 90' lang='lat' dir='ltr'><strong>illud</strong></span> <span class='ocrx_word' id='word_1_174' title='bbox 1645 2346 1736 2401; x_wconf 92' lang='lat' dir='ltr'><strong>diu</strong></span> <span class='ocrx_word' id='word_1_175' title='bbox 1769 2348 1911 2403; x_wconf 83' lang='lat' dir='ltr'><strong>tule-</strong></span> 
     </span>
    </p>
   </div>
   <div class='ocr_carea' id='block_1_24' title="bbox 319 2436 1906 2509">
    <p class='ocr_par' dir='ltr' id='par_1_24' title="bbox 319 2436 1906 2509">
     <span class='ocr_line' id='line_1_24' title="bbox 319 2436 1906 2509; baseline 0.001 -18"><span class='ocrx_word' id='word_1_176' title='bbox 319 2440 389 2491; x_wconf 87' lang='lat' dir='ltr'><strong>rit</strong></span> <span class='ocrx_word' id='word_1_177' title='bbox 420 2454 433 2490; x_wconf 89' lang='lat'><strong>:</strong></span> <span class='ocrx_word' id='word_1_178' title='bbox 461 2436 551 2508; x_wconf 91' lang='lat' dir='ltr'><strong>qui</strong></span> <span class='ocrx_word' id='word_1_179' title='bbox 582 2446 760 2492; x_wconf 88' lang='lat' dir='ltr'><strong>autem</strong></span> <span class='ocrx_word' id='word_1_180' title='bbox 791 2452 854 2492; x_wconf 74' lang='lat' dir='ltr'><strong>ex</strong></span> <span class='ocrx_word' id='word_1_181' title='bbox 900 2446 1043 2491; x_wconf 91' lang='lat' dir='ltr'><strong>tanta</strong></span> <span class='ocrx_word' id='word_1_182' title='bbox 1073 2438 1343 2506; x_wconf 87' lang='lat' dir='ltr'><strong>opulentia</strong></span> <span class='ocrx_word' id='word_1_183' title='bbox 1375 2438 1627 2509; x_wconf 87' lang='lat' dir='ltr'><strong>delapsus</strong></span> <span class='ocrx_word' id='word_1_184' title='bbox 1650 2447 1757 2504; x_wconf 90' lang='lat' dir='ltr'><strong>est,</strong></span> <span class='ocrx_word' id='word_1_185' title='bbox 1783 2454 1906 2493; x_wconf 89' lang='lat' dir='ltr'><strong>eum</strong></span> 
     </span>
    </p>
   </div>
   <div class='ocr_carea' id='block_1_25' title="bbox 320 2532 1909 2600">
    <p class='ocr_par' dir='ltr' id='par_1_25' title="bbox 320 2532 1909 2600">
     <span class='ocr_line' id='line_1_25' title="bbox 320 2532 1909 2600; baseline 0.004 -17"><span class='ocrx_word' id='word_1_186' title='bbox 320 2539 507 2600; x_wconf 80' lang='lat' dir='ltr'><strong>utpote</strong></span> <span class='ocrx_word' id='word_1_187' title='bbox 533 2546 631 2585; x_wconf 90' lang='lat' dir='ltr'><strong>nec</strong></span> <span class='ocrx_word' id='word_1_188' title='bbox 659 2542 960 2600; x_wconf 78' lang='lat' dir='ltr'><strong>expertum,</strong></span> <span class='ocrx_word' id='word_1_189' title='bbox 984 2546 1084 2585; x_wconf 90' lang='lat' dir='ltr'><strong>nec</strong></span> <span class='ocrx_word' id='word_1_190' title='bbox 1114 2540 1427 2587; x_wconf 88' lang='lat' dir='ltr'><strong>noscentem</strong></span> <span class='ocrx_word' id='word_1_191' title='bbox 1451 2532 1593 2586; x_wconf 82' lang='lat' dir='ltr'><strong>illam</strong></span> <span class='ocrx_word' id='word_1_192' title='bbox 1619 2533 1909 2590; x_wconf 77' lang='lat' dir='ltr'><strong>verisimile</strong></span> 
     </span>
    </p>
   </div>
   <div class='ocr_carea' id='block_1_26' title="bbox 317 2624 1906 2694">
    <p class='ocr_par' dir='ltr' id='par_1_26' title="bbox 317 2624 1906 2694">
     <span class='ocr_line' id='line_1_26' title="bbox 317 2624 1906 2694; baseline 0.003 -16"><span class='ocrx_word' id='word_1_193' title='bbox 317 2634 405 2679; x_wconf 85' lang='lat' dir='ltr'><strong>est</strong></span> <span class='ocrx_word' id='word_1_194' title='bbox 444 2624 660 2693; x_wconf 86' lang='lat' dir='ltr'><strong>gravius</strong></span> <span class='ocrx_word' id='word_1_195' title='bbox 707 2624 959 2687; x_wconf 86' lang='lat' dir='ltr'><strong>sensisse,</strong></span> <span class='ocrx_word' id='word_1_196' title='bbox 1019 2624 1263 2679; x_wconf 90' lang='lat' dir='ltr'><strong>acerbius</strong></span> <span class='ocrx_word' id='word_1_197' title='bbox 1314 2624 1585 2689; x_wconf 85' lang='lat' dir='ltr'><strong>doluisse,</strong></span> <span class='ocrx_word' id='word_1_198' title='bbox 1642 2632 1697 2680; x_wconf 83' lang='lat' dir='ltr'><strong>ct</strong></span> <span class='ocrx_word' id='word_1_199' title='bbox 1739 2625 1906 2694; x_wconf 88' lang='lat' dir='ltr'><strong>magis</strong></span> 
     </span>
    </p>
   </div>
   <div class='ocr_carea' id='block_1_27' title="bbox 328 2715 1903 2787">
    <p class='ocr_par' dir='ltr' id='par_1_27' title="bbox 328 2715 1903 2787">
     <span class='ocr_line' id='line_1_27' title="bbox 328 2715 1903 2787; baseline 0 -16"><span class='ocrx_word' id='word_1_200' title='bbox 328 2718 606 2771; x_wconf 73' lang='lat' dir='ltr'><strong>turbatum</strong></span> <span class='ocrx_word' id='word_1_201' title='bbox 636 2715 818 2771; x_wconf 85' lang='lat' dir='ltr'><strong>fuisse.</strong></span> <span class='ocrx_word' id='word_1_202' title='bbox 861 2717 1116 2783; x_wconf 85' lang='lat' dir='ltr'><strong>Quintum</strong></span> <span class='ocrx_word' id='word_1_203' title='bbox 1160 2718 1320 2771; x_wconf 88' lang='lat' dir='ltr'><strong>etiam</strong></span> <span class='ocrx_word' id='word_1_204' title='bbox 1350 2715 1456 2771; x_wconf 89' lang='lat' dir='ltr'><strong>dici</strong></span> <span class='ocrx_word' id='word_1_205' title='bbox 1499 2720 1665 2787; x_wconf 88' lang='lat' dir='ltr'><strong>possit</strong></span> <span class='ocrx_word' id='word_1_206' title='bbox 1693 2734 1706 2771; x_wconf 72' lang='grc' dir='ltr'><strong>ε</strong></span> <span class='ocrx_word' id='word_1_207' title='bbox 1734 2716 1903 2787; x_wconf 74' lang='grc' dir='ltr'><strong>(ιυοά-</strong></span> 
     </span>
    </p>
   </div>
   <div class='ocr_carea' id='block_1_28' title="bbox 319 2808 1906 2881">
    <p class='ocr_par' dir='ltr' id='par_1_28' title="bbox 319 2808 1906 2881">
     <span class='ocr_line' id='line_1_28' title="bbox 319 2808 1906 2881; baseline 0 -17"><span class='ocrx_word' id='word_1_208' title='bbox 319 2825 444 2865; x_wconf 82' lang='lat' dir='ltr'><strong>mm</strong></span> <span class='ocrx_word' id='word_1_209' title='bbox 474 2810 639 2863; x_wconf 85' lang='lat' dir='ltr'><strong>illud?</strong></span> <span class='ocrx_word' id='word_1_210' title='bbox 670 2810 723 2864; x_wconf 92' lang='lat' dir='ltr'><strong>In</strong></span> <span class='ocrx_word' id='word_1_211' title='bbox 751 2810 869 2865; x_wconf 85' lang='lat' dir='ltr'><strong>altis</strong></span> <span class='ocrx_word' id='word_1_212' title='bbox 896 2810 1137 2881; x_wconf 87' lang='lat' dir='ltr'><strong>quidem,</strong></span> <span class='ocrx_word' id='word_1_213' title='bbox 1163 2808 1360 2879; x_wconf 89' lang='lat' dir='ltr'><strong>singuli</strong></span> <span class='ocrx_word' id='word_1_214' title='bbox 1380 2810 1625 2865; x_wconf 83' lang='lat' dir='ltr'><strong>homines</strong></span> <span class='ocrx_word' id='word_1_215' title='bbox 1654 2811 1741 2881; x_wconf 92' lang='lat' dir='ltr'><strong>qni</strong></span> <span class='ocrx_word' id='word_1_216' title='bbox 1764 2810 1906 2864; x_wconf 83' lang='lat' dir='ltr'><strong>mul-</strong></span> 
     </span>
    </p>
   </div>
   <div class='ocr_carea' id='block_1_29' title="bbox 320 2900 1901 2968">
    <p class='ocr_par' dir='ltr' id='par_1_29' title="bbox 320 2900 1901 2968">
     <span class='ocr_line' id='line_1_29' title="bbox 320 2900 1901 2968; baseline 0.002 -14"><span class='ocrx_word' id='word_1_217' title='bbox 320 2908 496 2956; x_wconf 88' lang='lat' dir='ltr'><strong>torum</strong></span> <span class='ocrx_word' id='word_1_218' title='bbox 522 2901 621 2955; x_wconf 86' lang='lat' dir='ltr'><strong>sibi</strong></span> <span class='ocrx_word' id='word_1_219' title='bbox 674 2900 936 2955; x_wconf 90' lang='lat' dir='ltr'><strong>malorum</strong></span> <span class='ocrx_word' id='word_1_220' title='bbox 988 2901 1190 2956; x_wconf 90' lang='lat' dir='ltr'><strong>conscii</strong></span> <span class='ocrx_word' id='word_1_221' title='bbox 1220 2911 1364 2966; x_wconf 91' lang='lat' dir='ltr'><strong>sunt,</strong></span> <span class='ocrx_word' id='word_1_222' title='bbox 1416 2916 1635 2956; x_wconf 83' lang='lat' dir='ltr'><strong>causam</strong></span> <span class='ocrx_word' id='word_1_223' title='bbox 1684 2912 1901 2968; x_wconf 90' lang='lat' dir='ltr'><strong>norunt,</strong></span> 
     </span>
    </p>
   </div>
   <div class='ocr_carea' id='block_1_30' title="bbox 315 2992 1905 3063">
    <p class='ocr_par' dir='ltr' id='par_1_30' title="bbox 315 2992 1905 3063">
     <span class='ocr_line' id='line_1_30' title="bbox 315 2992 1905 3063; baseline 0.002 -17"><span class='ocrx_word' id='word_1_224' title='bbox 315 2994 473 3060; x_wconf 83' lang='lat' dir='ltr'><strong>cujus</strong></span> <span class='ocrx_word' id='word_1_225' title='bbox 519 3007 680 3046; x_wconf 83' lang='lat' dir='ltr'><strong>causa</strong></span> <span class='ocrx_word' id='word_1_226' title='bbox 740 2993 1040 3062; x_wconf 88' lang='lat' dir='ltr'><strong>patiuntur;</strong></span> <span class='ocrx_word' id='word_1_227' title='bbox 1094 2992 1254 3063; x_wconf 85' lang='lat' dir='ltr'><strong>idque</strong></span> <span class='ocrx_word' id='word_1_228' title='bbox 1313 3008 1418 3048; x_wconf 91' lang='lat' dir='ltr'><strong>non</strong></span> <span class='ocrx_word' id='word_1_229' title='bbox 1473 3009 1658 3063; x_wconf 85' lang='lat' dir='ltr'><strong>parum</strong></span> <span class='ocrx_word' id='word_1_230' title='bbox 1712 3003 1793 3048; x_wconf 91' lang='lat' dir='ltr'><strong>est</strong></span> <span class='ocrx_word' id='word_1_231' title='bbox 1835 2994 1905 3049; x_wconf 88' lang='lat' dir='ltr'><strong>ad</strong></span> 
     </span>
    </p>
   </div>
   <div class='ocr_carea' id='block_1_31' title="bbox 316 3070 1905 3157">
    <p class='ocr_par' dir='ltr' id='par_1_31' title="bbox 316 3070 1905 3157">
     <span class='ocr_line' id='line_1_31' title="bbox 316 3070 1905 3157; baseline 0.004 -19"><span class='ocrx_word' id='word_1_232' title='bbox 316 3070 741 3139; x_wconf 71' lang='lat' dir='ltr'><strong>Consolationem</strong></span> <span class='ocrx_word' id='word_1_233' title='bbox 772 3103 787 3138; x_wconf 87' lang='lat'><strong>:</strong></span> <span class='ocrx_word' id='word_1_234' title='bbox 830 3085 918 3140; x_wconf 91' lang='lat' dir='ltr'><strong>ille</strong></span> <span class='ocrx_word' id='word_1_235' title='bbox 951 3099 1078 3139; x_wconf 85' lang='lat' dir='ltr'><strong>vero</strong></span> <span class='ocrx_word' id='word_1_236' title='bbox 1100 3101 1272 3155; x_wconf 83' lang='lat' dir='ltr'><strong>neque</strong></span> <span class='ocrx_word' id='word_1_237' title='bbox 1302 3085 1404 3141; x_wconf 83' lang='lat' dir='ltr'><strong>hoc</strong></span> <span class='ocrx_word' id='word_1_238' title='bbox 1429 3086 1642 3156; x_wconf 88' lang='lat' dir='ltr'><strong>quidem</strong></span> <span class='ocrx_word' id='word_1_239' title='bbox 1670 3087 1905 3157; x_wconf 86' lang='lat' dir='ltr'><strong>cogitare</strong></span> 
     </span>
    </p>
   </div>
   <div class='ocr_carea' id='block_1_32' title="bbox 316 3176 1900 3249">
    <p class='ocr_par' dir='ltr' id='par_1_32' title="bbox 316 3176 1900 3249">
     <span class='ocr_line' id='line_1_32' title="bbox 316 3176 1900 3249; baseline 0.003 -19"><span class='ocrx_word' id='word_1_240' title='bbox 316 3186 546 3246; x_wconf 86' lang='lat' dir='ltr'><strong>poterat,</strong></span> <span class='ocrx_word' id='word_1_241' title='bbox 566 3176 705 3248; x_wconf 89' lang='lat' dir='ltr'><strong>quod</strong></span> <span class='ocrx_word' id='word_1_242' title='bbox 725 3176 1038 3231; x_wconf 90' lang='lat' dir='ltr'><strong>delictorum</strong></span> <span class='ocrx_word' id='word_1_243' title='bbox 1059 3188 1502 3249; x_wconf 88' lang='lat' dir='ltr'><strong>peccatorumque</strong></span> <span class='ocrx_word' id='word_1_244' title='bbox 1519 3194 1701 3249; x_wconf 75' lang='lat' dir='ltr'><strong>ptenas</strong></span> <span class='ocrx_word' id='word_1_245' title='bbox 1715 3181 1866 3235; x_wconf 81' lang='lat' dir='ltr'><strong>daret</strong></span> <span class='ocrx_word' id='word_1_246' title='bbox 1886 3198 1900 3234; x_wconf 86' lang='lat'><strong>:</strong></span> 
     </span>
    </p>
   </div>
   <div class='ocr_carea' id='block_1_33' title="bbox 317 3267 1901 3338">
    <p class='ocr_par' dir='ltr' id='par_1_33' title="bbox 317 3267 1901 3338">
     <span class='ocr_line' id='line_1_33' title="bbox 317 3267 1901 3338; baseline 0.004 -17"><span class='ocrx_word' id='word_1_247' title='bbox 317 3277 374 3321; x_wconf 87' lang='lat' dir='ltr'><strong>et</strong></span> <span class='ocrx_word' id='word_1_248' title='bbox 397 3267 495 3321; x_wconf 90' lang='lat' dir='ltr'><strong>boc</strong></span> <span class='ocrx_word' id='word_1_249' title='bbox 518 3269 749 3324; x_wconf 81' lang='lat' dir='ltr'><strong>maxime</strong></span> <span class='ocrx_word' id='word_1_250' title='bbox 778 3268 1117 3323; x_wconf 83' lang='lat' dir='ltr'><strong>ratiocinium</strong></span> <span class='ocrx_word' id='word_1_251' title='bbox 1147 3268 1263 3338; x_wconf 91' lang='lat' dir='ltr'><strong>ejus</strong></span> <span class='ocrx_word' id='word_1_252' title='bbox 1302 3270 1567 3326; x_wconf 89' lang='lat' dir='ltr'><strong>turbabat.</strong></span> <span class='ocrx_word' id='word_1_253' title='bbox 1599 3272 1732 3326; x_wconf 82' lang='lat' dir='ltr'><strong>Cum</strong></span> <span class='ocrx_word' id='word_1_254' title='bbox 1758 3274 1901 3328; x_wconf 89' lang='lat' dir='ltr'><strong>enim</strong></span> 
     </span>
    </p>
   </div>
   <div class='ocr_carea' id='block_1_34' title="bbox 317 3360 1904 3433">
    <p class='ocr_par' dir='ltr' id='par_1_34' title="bbox 317 3360 1904 3433">
     <span class='ocr_line' id='line_1_34' title="bbox 317 3360 1904 3433; baseline 0.004 -21"><span class='ocrx_word' id='word_1_255' title='bbox 317 3360 481 3414; x_wconf 86' lang='lat' dir='ltr'><strong>vitam</strong></span> <span class='ocrx_word' id='word_1_256' title='bbox 512 3376 663 3414; x_wconf 88' lang='lat' dir='ltr'><strong>suam</strong></span> <span class='ocrx_word' id='word_1_257' title='bbox 693 3360 1061 3431; x_wconf 88' lang='lat' dir='ltr'><strong>perpendebat</strong></span> <span class='ocrx_word' id='word_1_258' title='bbox 1090 3370 1145 3416; x_wconf 88' lang='lat' dir='ltr'><strong>et</strong></span> <span class='ocrx_word' id='word_1_259' title='bbox 1183 3362 1565 3416; x_wconf 88' lang='lat' dir='ltr'><strong>conscientiam</strong></span> <span class='ocrx_word' id='word_1_260' title='bbox 1597 3379 1746 3417; x_wconf 91' lang='lat' dir='ltr'><strong>suam</strong></span> <span class='ocrx_word' id='word_1_261' title='bbox 1787 3364 1904 3433; x_wconf 90' lang='lat' dir='ltr'><strong>plus</strong></span> 
     </span>
    </p>
   </div>
   <div class='ocr_carea' id='block_1_35' title="bbox 314 3451 1901 3522">
    <p class='ocr_par' dir='ltr' id='par_1_35' title="bbox 314 3451 1901 3522">
     <span class='ocr_line' id='line_1_35' title="bbox 314 3451 1901 3522; baseline 0.004 -19"><span class='ocrx_word' id='word_1_262' title='bbox 314 3467 476 3519; x_wconf 85' lang='lat' dir='ltr'><strong>quam</strong></span> <span class='ocrx_word' id='word_1_263' title='bbox 508 3451 588 3505; x_wconf 91' lang='lat' dir='ltr'><strong>sol</strong></span> <span class='ocrx_word' id='word_1_264' title='bbox 635 3452 971 3522; x_wconf 73' lang='lat' dir='ltr'><strong>eﬂulgentem</strong></span> <span class='ocrx_word' id='word_1_265' title='bbox 1019 3467 1081 3507; x_wconf 90' lang='lat' dir='ltr'><strong>ac</strong></span> <span class='ocrx_word' id='word_1_266' title='bbox 1121 3463 1264 3508; x_wconf 88' lang='lat' dir='ltr'><strong>recte</strong></span> <span class='ocrx_word' id='word_1_267' title='bbox 1300 3451 1561 3508; x_wconf 76' lang='lat' dir='ltr'><strong>factorum</strong></span> <span class='ocrx_word' id='word_1_268' title='bbox 1604 3453 1901 3510; x_wconf 82' lang='lat' dir='ltr'><strong>multitudi-</strong></span> 
     </span>
    </p>
   </div>
   <div class='ocr_carea' id='block_1_36' title="bbox 316 3544 1904 3615">
    <p class='ocr_par' dir='ltr' id='par_1_36' title="bbox 316 3544 1904 3615">
     <span class='ocr_line' id='line_1_36' title="bbox 316 3544 1904 3615; baseline 0.002 -19"><span class='ocrx_word' id='word_1_269' title='bbox 316 3559 461 3605; x_wconf 88' lang='lat' dir='ltr'><strong>nem,</strong></span> <span class='ocrx_word' id='word_1_270' title='bbox 492 3552 712 3597; x_wconf 79' lang='lat' dir='ltr'><strong>noverat</strong></span> <span class='ocrx_word' id='word_1_271' title='bbox 737 3558 796 3596; x_wconf 86' lang='lat' dir='ltr'><strong>se</strong></span> <span class='ocrx_word' id='word_1_272' title='bbox 835 3544 1048 3597; x_wconf 88' lang='lat' dir='ltr'><strong>coronis</strong></span> <span class='ocrx_word' id='word_1_273' title='bbox 1078 3553 1131 3598; x_wconf 90' lang='lat' dir='ltr'><strong>et</strong></span> <span class='ocrx_word' id='word_1_274' title='bbox 1176 3545 1357 3597; x_wconf 86' lang='lat' dir='ltr'><strong>bravio</strong></span> <span class='ocrx_word' id='word_1_275' title='bbox 1397 3554 1451 3599; x_wconf 92' lang='lat' dir='ltr'><strong>et</strong></span> <span class='ocrx_word' id='word_1_276' title='bbox 1481 3545 1711 3615; x_wconf 66' lang='lat' dir='ltr'><strong>praemiis</strong></span> <span class='ocrx_word' id='word_1_277' title='bbox 1752 3546 1904 3599; x_wconf 87' lang='lat' dir='ltr'><strong>imm-</strong></span> 
     </span>
    </p>
   </div>
   <div class='ocr_carea' id='block_1_37' title="bbox 315 3633 1902 3705">
    <p class='ocr_par' dir='ltr' id='par_1_37' title="bbox 315 3633 1902 3705">
     <span class='ocr_line' id='line_1_37' title="bbox 315 3633 1902 3705; baseline 0.002 -18"><span class='ocrx_word' id='word_1_278' title='bbox 315 3636 479 3690; x_wconf 89' lang='lat' dir='ltr'><strong>meris</strong></span> <span class='ocrx_word' id='word_1_279' title='bbox 505 3649 625 3689; x_wconf 81' lang='lat' dir='ltr'><strong>esse</strong></span> <span class='ocrx_word' id='word_1_280' title='bbox 654 3633 870 3703; x_wconf 86' lang='lat' dir='ltr'><strong>dignum</strong></span> <span class='ocrx_word' id='word_1_281' title='bbox 901 3651 916 3690; x_wconf 89' lang='lat'><strong>:</strong></span> <span class='ocrx_word' id='word_1_282' title='bbox 948 3650 1069 3689; x_wconf 90' lang='lat' dir='ltr'><strong>cum</strong></span> <span class='ocrx_word' id='word_1_283' title='bbox 1094 3650 1221 3690; x_wconf 90' lang='lat' dir='ltr'><strong>vero</strong></span> <span class='ocrx_word' id='word_1_284' title='bbox 1247 3649 1439 3704; x_wconf 84' lang='lat' dir='ltr'><strong>corpus</strong></span> <span class='ocrx_word' id='word_1_285' title='bbox 1460 3650 1612 3689; x_wconf 88' lang='lat' dir='ltr'><strong>suum</strong></span> <span class='ocrx_word' id='word_1_286' title='bbox 1646 3637 1902 3705; x_wconf 89' lang='lat' dir='ltr'><strong>respicie-</strong></span> 
     </span>
    </p>
   </div>
   <div class='ocr_carea' id='block_1_38' title="bbox 311 3726 1902 3796">
    <p class='ocr_par' dir='ltr' id='par_1_38' title="bbox 311 3726 1902 3796">
     <span class='ocr_line' id='line_1_38' title="bbox 311 3726 1902 3796; baseline 0.001 -16"><span class='ocrx_word' id='word_1_287' title='bbox 311 3727 428 3791; x_wconf 86' lang='lat' dir='ltr'><strong>bat,</strong></span> <span class='ocrx_word' id='word_1_288' title='bbox 462 3726 660 3789; x_wconf 86' lang='lat' dir='ltr'><strong>ulcera,</strong></span> <span class='ocrx_word' id='word_1_289' title='bbox 687 3736 741 3780; x_wconf 91' lang='lat' dir='ltr'><strong>et</strong></span> <span class='ocrx_word' id='word_1_290' title='bbox 769 3727 947 3780; x_wconf 88' lang='lat' dir='ltr'><strong>omnia</strong></span> <span class='ocrx_word' id='word_1_291' title='bbox 974 3741 1091 3796; x_wconf 73' lang='lat' dir='ltr'><strong>qua:</strong></span> <span class='ocrx_word' id='word_1_292' title='bbox 1122 3727 1221 3780; x_wconf 87' lang='lat' dir='ltr'><strong>sibi</strong></span> <span class='ocrx_word' id='word_1_293' title='bbox 1252 3726 1597 3793; x_wconf 85' lang='lat' dir='ltr'><strong>acciderant;</strong></span> <span class='ocrx_word' id='word_1_294' title='bbox 1626 3728 1813 3782; x_wconf 90' lang='lat' dir='ltr'><strong>videns</strong></span> <span class='ocrx_word' id='word_1_295' title='bbox 1843 3745 1902 3783; x_wconf 91' lang='lat' dir='ltr'><strong>se</strong></span> 
     </span>
    </p>
   </div>
   <div class='ocr_carea' id='block_1_39' title="bbox 312 3818 1902 3889">
    <p class='ocr_par' dir='ltr' id='par_1_39' title="bbox 312 3818 1902 3889">
     <span class='ocr_line' id='line_1_39' title="bbox 312 3818 1902 3889; baseline 0.002 -17"><span class='ocrx_word' id='word_1_296' title='bbox 312 3819 557 3886; x_wconf 76' lang='lat' dir='ltr'><strong>graviora</strong></span> <span class='ocrx_word' id='word_1_297' title='bbox 595 3818 721 3886; x_wconf 92' lang='lat' dir='ltr'><strong>pati,</strong></span> <span class='ocrx_word' id='word_1_298' title='bbox 753 3833 912 3888; x_wconf 88' lang='lat' dir='ltr'><strong>quam</strong></span> <span class='ocrx_word' id='word_1_299' title='bbox 952 3818 1042 3887; x_wconf 91' lang='lat' dir='ltr'><strong>qui</strong></span> <span class='ocrx_word' id='word_1_300' title='bbox 1090 3829 1329 3873; x_wconf 80' lang='lat' dir='ltr'><strong>extrema</strong></span> <span class='ocrx_word' id='word_1_301' title='bbox 1377 3819 1580 3874; x_wconf 83' lang='lat' dir='ltr'><strong>scelera</strong></span> <span class='ocrx_word' id='word_1_302' title='bbox 1625 3832 1902 3889; x_wconf 86' lang='lat' dir='ltr'><strong>perpetra-</strong></span> 
     </span>
    </p>
   </div>
   <div class='ocr_carea' id='block_1_40' title="bbox 313 3909 1902 3981">
    <p class='ocr_par' dir='ltr' id='par_1_40' title="bbox 313 3909 1902 3981">
     <span class='ocr_line' id='line_1_40' title="bbox 313 3909 1902 3981; baseline 0.003 -17"><span class='ocrx_word' id='word_1_303' title='bbox 313 3918 457 3975; x_wconf 84' lang='lat' dir='ltr'><strong>rant,</strong></span> <span class='ocrx_word' id='word_1_304' title='bbox 489 3911 686 3964; x_wconf 75' lang='lat' dir='ltr'><strong>trullam</strong></span> <span class='ocrx_word' id='word_1_305' title='bbox 713 3926 928 3964; x_wconf 83' lang='lat' dir='ltr'><strong>causam</strong></span> <span class='ocrx_word' id='word_1_306' title='bbox 961 3912 1203 3965; x_wconf 90' lang='lat' dir='ltr'><strong>invenire</strong></span> <span class='ocrx_word' id='word_1_307' title='bbox 1245 3920 1298 3966; x_wconf 87' lang='lat' dir='ltr'><strong>et</strong></span> <span class='ocrx_word' id='word_1_308' title='bbox 1331 3909 1511 3966; x_wconf 88' lang='lat' dir='ltr'><strong>dicere</strong></span> <span class='ocrx_word' id='word_1_309' title='bbox 1550 3921 1763 3981; x_wconf 83' lang='lat' dir='ltr'><strong>poterat</strong></span> <span class='ocrx_word' id='word_1_310' title='bbox 1804 3930 1902 3968; x_wconf 85' lang='lat' dir='ltr'><strong>cur</strong></span> 
     </span>
    </p>
   </div>
   <div class='ocr_carea' id='block_1_41' title="bbox 314 4001 1900 4076">
    <p class='ocr_par' dir='ltr' id='par_1_41' title="bbox 314 4001 1900 4076">
     <span class='ocr_line' id='line_1_41' title="bbox 314 4001 1900 4076; baseline -0.003 -16"><span class='ocrx_word' id='word_1_311' title='bbox 314 4006 442 4060; x_wconf 87' lang='lat' dir='ltr'><strong>talia</strong></span> <span class='ocrx_word' id='word_1_312' title='bbox 464 4014 757 4076; x_wconf 87' lang='lat' dir='ltr'><strong>pateretur.</strong></span> <span class='ocrx_word' id='word_1_313' title='bbox 790 4002 911 4058; x_wconf 89' lang='lat' dir='ltr'><strong>Ideo</strong></span> <span class='ocrx_word' id='word_1_314' title='bbox 929 4003 1088 4073; x_wconf 83' lang='lat' dir='ltr'><strong>igitur</strong></span> <span class='ocrx_word' id='word_1_315' title='bbox 1102 4004 1169 4058; x_wconf 88' lang='lat' dir='ltr'><strong>ad</strong></span> <span class='ocrx_word' id='word_1_316' title='bbox 1194 4004 1787 4076; x_wconf 87' lang='lat' dir='ltr'><strong>incomprehensibilem</strong></span> <span class='ocrx_word' id='word_1_317' title='bbox 1810 4001 1900 4059; x_wconf 87' lang='lat' dir='ltr'><strong>Dei</strong></span> 
     </span>
    </p>
   </div>
   <div class='ocr_carea' id='block_1_42' title="bbox 298 4094 1904 4168">
    <p class='ocr_par' dir='ltr' id='par_1_42' title="bbox 298 4094 1904 4168">
     <span class='ocr_line' id='line_1_42' title="bbox 298 4094 1904 4168; baseline -0.002 -16"><span class='ocrx_word' id='word_1_318' title='bbox 298 4097 770 4168; x_wconf 51' lang='lat' dir='ltr'><strong>‘tlispcnsationem</strong></span> <span class='ocrx_word' id='word_1_319' title='bbox 794 4096 1102 4164; x_wconf 77' lang='lat' dir='ltr'><strong>confugiens</strong></span> <span class='ocrx_word' id='word_1_320' title='bbox 1119 4096 1329 4151; x_wconf 88' lang='lat' dir='ltr'><strong>dicebat</strong></span> <span class='ocrx_word' id='word_1_321' title='bbox 1352 4096 1530 4150; x_wconf 87' lang='lat' dir='ltr'><strong>:Sicut</strong></span> <span class='ocrx_word' id='word_1_322' title='bbox 1546 4094 1768 4150; x_wconf 83' lang='lat' dir='ltr'><strong>Domino</strong></span> <span class='ocrx_word' id='word_1_323' title='bbox 1789 4097 1904 4165; x_wconf 85' lang='lat' dir='ltr'><strong>pla-</strong></span> 
     </span>
    </p>
   </div>
   <div class='ocr_carea' id='block_1_43' title="bbox 315 4188 1901 4262">
    <p class='ocr_par' dir='ltr' id='par_1_43' title="bbox 315 4188 1901 4262">
     <span class='ocr_line' id='line_1_43' title="bbox 315 4188 1901 4262; baseline -0.002 -16"><span class='ocrx_word' id='word_1_324' title='bbox 315 4196 440 4257; x_wconf 82' lang='lat' dir='ltr'><strong>cuit,</strong></span> <span class='ocrx_word' id='word_1_325' title='bbox 464 4194 535 4245; x_wconf 82' lang='lat' dir='ltr'><strong>ita</strong></span> <span class='ocrx_word' id='word_1_326' title='bbox 563 4192 752 4262; x_wconf 76' lang='lat' dir='ltr'><strong>faction</strong></span> <span class='ocrx_word' id='word_1_327' title='bbox 778 4198 848 4244; x_wconf 78' lang='lat' dir='ltr'><strong>est</strong></span> <span class='ocrx_word' id='word_1_328' title='bbox 878 4188 996 4261; x_wconf 79' lang='lat' dir='ltr'><strong>(Job</strong></span> <span class='ocrx_word' id='word_1_329' title='bbox 1032 4192 1079 4244; x_wconf 80' lang='lat' dir='ltr'><strong>i.</strong></span> <span class='ocrx_word' id='word_1_330' title='bbox 1118 4189 1233 4258; x_wconf 70' lang='lat' dir='ltr'><strong>2i).</strong></span> <span class='ocrx_word' id='word_1_331' title='bbox 1259 4188 1325 4243; x_wconf 85' lang='lat' dir='ltr'><strong>Et</strong></span> <span class='ocrx_word' id='word_1_332' title='bbox 1350 4203 1570 4244; x_wconf 79' lang='lat' dir='ltr'><strong>uxorein</strong></span> <span class='ocrx_word' id='word_1_333' title='bbox 1600 4189 1901 4258; x_wconf 87' lang='lat' dir='ltr'><strong>reprimens</strong></span> 
     </span>
    </p>
   </div>
   <div class='ocr_carea' id='block_1_44' title="bbox 308 4280 1937 4355">
    <p class='ocr_par' dir='ltr' id='par_1_44' title="bbox 308 4280 1937 4355">
     <span class='ocr_line' id='line_1_44' title="bbox 308 4280 1937 4355; baseline -0.001 -18"><span class='ocrx_word' id='word_1_334' title='bbox 308 4285 687 4355; x_wconf 56' lang='lat' dir='ltr'><strong>&#39;pro&#39;l&#39;acultate</strong></span> <span class='ocrx_word' id='word_1_335' title='bbox 715 4282 973 4335; x_wconf 89' lang='lat' dir='ltr'><strong>rationem</strong></span> <span class='ocrx_word' id='word_1_336' title='bbox 1005 4282 1334 4351; x_wconf 80' lang='lat' dir='ltr'><strong>exprompsit</strong></span> <span class='ocrx_word' id='word_1_337' title='bbox 1359 4297 1474 4351; x_wconf 67' lang='lat' dir='ltr'><strong>qua!</strong></span> <span class='ocrx_word' id='word_1_338' title='bbox 1504 4280 1753 4350; x_wconf 88' lang='lat' dir='ltr'><strong>pietatem</strong></span> <span class='ocrx_word' id='word_1_339' title='bbox 1784 4280 1903 4349; x_wconf 82' lang='lat' dir='ltr'><strong>ejus</strong></span> <span class='ocrx_word' id='word_1_340' title='bbox 1929 4316 1937 4321; x_wconf 92' lang='lat'><strong>-</strong></span> 
     </span>
    </p>
   </div>
   <div class='ocr_carea' id='block_1_45' title="bbox 314 4372 1900 4442">
    <p class='ocr_par' dir='ltr' id='par_1_45' title="bbox 314 4372 1900 4442">
     <span class='ocr_line' id='line_1_45' title="bbox 314 4372 1900 4442; baseline -0.004 -10"><span class='ocrx_word' id='word_1_341' title='bbox 314 4378 604 4432; x_wconf 84' lang='lat' dir='ltr'><strong>admodum</strong></span> <span class='ocrx_word' id='word_1_342' title='bbox 633 4376 970 4438; x_wconf 85' lang='lat' dir='ltr'><strong>ostendebat,</strong></span> <span class='ocrx_word' id='word_1_343' title='bbox 990 4377 1067 4431; x_wconf 89' lang='lat' dir='ltr'><strong>sic</strong></span> <span class='ocrx_word' id='word_1_344' title='bbox 1095 4375 1279 4430; x_wconf 88' lang='lat' dir='ltr'><strong>dicens</strong></span> <span class='ocrx_word' id='word_1_345' title='bbox 1303 4394 1316 4429; x_wconf 86' lang='lat'><strong>:</strong></span> <span class='ocrx_word' id='word_1_346' title='bbox 1341 4377 1399 4429; x_wconf 84' lang='lat' dir='ltr'><strong>Si</strong></span> <span class='ocrx_word' id='word_1_347' title='bbox 1427 4375 1558 4428; x_wconf 84' lang='lat' dir='ltr'><strong>bona</strong></span> <span class='ocrx_word' id='word_1_348' title='bbox 1588 4372 1900 4442; x_wconf 77' lang='lat' dir='ltr'><strong>suscepimus</strong></span> 
     </span>
    </p>
   </div>
   <div class='ocr_carea' id='block_1_46' title="bbox 313 4465 1711 4538">
    <p class='ocr_par' dir='ltr' id='par_1_46' title="bbox 313 4465 1711 4538">
     <span class='ocr_line' id='line_1_46' title="bbox 313 4465 1711 4538; baseline -0.006 -11"><span class='ocrx_word' id='word_1_349' title='bbox 313 4492 349 4527; x_wconf 81' lang='grc' dir='ltr'><em>α</em></span> <span class='ocrx_word' id='word_1_350' title='bbox 378 4473 620 4536; x_wconf 87' lang='lat' dir='ltr'><strong>Domino,</strong></span> <span class='ocrx_word' id='word_1_351' title='bbox 651 4471 784 4524; x_wconf 77' lang='lat' dir='ltr'><strong>maia</strong></span> <span class='ocrx_word' id='word_1_352' title='bbox 810 4486 910 4523; x_wconf 71' lang='lat' dir='ltr'><strong>non</strong></span> <span class='ocrx_word' id='word_1_353' title='bbox 930 4469 1282 4523; x_wconf 74' lang='lat' dir='ltr'><strong>sustinebimus</strong></span> <span class='ocrx_word' id='word_1_354' title='bbox 1310 4467 1462 4538; x_wconf 75' lang='lat' dir='ltr'><strong>(Job.</strong></span> <span class='ocrx_word' id='word_1_355' title='bbox 1494 4466 1551 4528; x_wconf 71' lang='lat'><strong>2,</strong></span> <span class='ocrx_word' id='word_1_356' title='bbox 1577 4465 1665 4537; x_wconf 76' lang='grc'><strong>10)</strong></span> <span class='ocrx_word' id='word_1_357' title='bbox 1687 4466 1711 4519; x_wconf 83' lang='lat'><strong>?</strong></span> 
     </span>
    </p>
   </div>
   <div class='ocr_carea' id='block_1_47' title="bbox 386 4558 1902 4636">
    <p class='ocr_par' dir='ltr' id='par_1_47' title="bbox 386 4558 1902 4636">
     <span class='ocr_line' id='line_1_47' title="bbox 386 4558 1902 4636; baseline -0.006 -16"><span class='ocrx_word' id='word_1_358' title='bbox 386 4570 517 4620; x_wconf 78' lang='lat' dir='ltr'><strong>Ante</strong></span> <span class='ocrx_word' id='word_1_359' title='bbox 556 4564 772 4636; x_wconf 83' lang='lat' dir='ltr'><strong>gratiam</strong></span> <span class='ocrx_word' id='word_1_360' title='bbox 808 4563 964 4617; x_wconf 83' lang='lat' dir='ltr'><strong>virtus</strong></span> <span class='ocrx_word' id='word_1_361' title='bbox 1005 4560 1257 4632; x_wconf 70' lang='grc' dir='ltr'><strong>«1ίῇἱεὶιὶον</strong></span> <span class='ocrx_word' id='word_1_362' title='bbox 1293 4569 1418 4614; x_wconf 90' lang='lat' dir='ltr'><strong>erat.</strong></span> <span class='ocrx_word' id='word_1_363' title='bbox 1446 4558 1715 4613; x_wconf 81' lang='lat' dir='ltr'><strong>—Aliam</strong></span> <span class='ocrx_word' id='word_1_364' title='bbox 1764 4569 1902 4626; x_wconf 89' lang='lat' dir='ltr'><strong>quo-</strong></span> 
     </span>
    </p>
   </div>
   <div class='ocr_carea' id='block_1_48' title="bbox 315 4649 1904 4728">
    <p class='ocr_par' dir='ltr' id='par_1_48' title="bbox 315 4649 1904 4728">
     <span class='ocr_line' id='line_1_48' title="bbox 315 4649 1904 4728; baseline -0.006 -17"><span class='ocrx_word' id='word_1_365' title='bbox 315 4675 420 4728; x_wconf 90' lang='lat' dir='ltr'><strong>que</strong></span> <span class='ocrx_word' id='word_1_366' title='bbox 459 4659 634 4711; x_wconf 75' lang='lat' dir='ltr'><strong>dicam</strong></span> <span class='ocrx_word' id='word_1_367' title='bbox 678 4656 1042 4728; x_wconf 82' lang='lat' dir='ltr'><strong>hyperbolen,</strong></span> <span class='ocrx_word' id='word_1_368' title='bbox 1083 4670 1201 4724; x_wconf 64' lang='lat' dir='ltr'><strong>qua:</strong></span> <span class='ocrx_word' id='word_1_369' title='bbox 1242 4652 1499 4708; x_wconf 84' lang='lat' dir='ltr'><strong>athletam</strong></span> <span class='ocrx_word' id='word_1_370' title='bbox 1543 4651 1693 4706; x_wconf 85' lang='lat' dir='ltr'><strong>illum</strong></span> <span class='ocrx_word' id='word_1_371' title='bbox 1736 4649 1904 4703; x_wconf 81' lang='lat' dir='ltr'><strong>maxi-</strong></span> 
     </span>
    </p>
   </div>
   <div class='ocr_carea' id='block_1_49' title="bbox 319 4743 1899 4818">
    <p class='ocr_par' dir='ltr' id='par_1_49' title="bbox 319 4743 1899 4818">
     <span class='ocr_line' id='line_1_49' title="bbox 319 4743 1899 4818; baseline -0.006 -11"><span class='ocrx_word' id='word_1_372' title='bbox 319 4768 405 4807; x_wconf 92' lang='lat' dir='ltr'><strong>me</strong></span> <span class='ocrx_word' id='word_1_373' title='bbox 446 4759 668 4806; x_wconf 84' lang='lat' dir='ltr'><strong>coronet</strong></span> <span class='ocrx_word' id='word_1_374' title='bbox 709 4764 772 4803; x_wconf 91' lang='lat' dir='ltr'><strong>ac</strong></span> <span class='ocrx_word' id='word_1_375' title='bbox 810 4749 1083 4818; x_wconf 73' lang='lat' dir='ltr'><strong>prmdicet,</strong></span> <span class='ocrx_word' id='word_1_376' title='bbox 1123 4745 1477 4815; x_wconf 86' lang='lat' dir='ltr'><strong>ostendatque</strong></span> <span class='ocrx_word' id='word_1_377' title='bbox 1508 4743 1647 4798; x_wconf 62' lang='lat' dir='ltr'><strong>illius</strong></span> <span class='ocrx_word' id='word_1_378' title='bbox 1667 4743 1899 4797; x_wconf 88' lang='lat' dir='ltr'><strong>animam</strong></span> 
     </span>
    </p>
   </div>
   <div class='ocr_carea' id='block_1_50' title="bbox 319 4833 1899 4909">
    <p class='ocr_par' dir='ltr' id='par_1_50' title="bbox 319 4833 1899 4909">
     <span class='ocr_line' id='line_1_50' title="bbox 319 4833 1899 4909; baseline -0.006 -12"><span class='ocrx_word' id='word_1_379' title='bbox 319 4844 601 4899; x_wconf 86' lang='lat' dir='ltr'><strong>sublimem</strong></span> <span class='ocrx_word' id='word_1_380' title='bbox 632 4841 698 4894; x_wconf 91' lang='lat' dir='ltr'><strong>ad</strong></span> <span class='ocrx_word' id='word_1_381' title='bbox 744 4840 932 4893; x_wconf 66' lang='lat' dir='ltr'><strong>etelum</strong></span> <span class='ocrx_word' id='word_1_382' title='bbox 974 4853 1138 4909; x_wconf 89' lang='lat' dir='ltr'><strong>usque</strong></span> <span class='ocrx_word' id='word_1_383' title='bbox 1184 4837 1597 4907; x_wconf 82' lang='lat' dir='ltr'><strong>pcrtingentem.</strong></span> <span class='ocrx_word' id='word_1_384' title='bbox 1643 4833 1899 4902; x_wconf 81' lang='lat' dir='ltr'><strong>Qutenatn</strong></span> 
     </span>
    </p>
   </div>
   <div class='ocr_carea' id='block_1_51' title="bbox 320 4927 1903 5003">
    <p class='ocr_par' dir='ltr' id='par_1_51' title="bbox 320 4927 1903 5003">
     <span class='ocr_line' id='line_1_51' title="bbox 320 4927 1903 5003; baseline -0.005 -16"><span class='ocrx_word' id='word_1_385' title='bbox 320 4936 479 5003; x_wconf 85' lang='lat' dir='ltr'><strong>igitur</strong></span> <span class='ocrx_word' id='word_1_386' title='bbox 507 4934 593 4986; x_wconf 89' lang='lat' dir='ltr'><strong>illa</strong></span> <span class='ocrx_word' id='word_1_387' title='bbox 623 4931 747 4985; x_wconf 86' lang='lat' dir='ltr'><strong>est?</strong></span> <span class='ocrx_word' id='word_1_388' title='bbox 776 4929 1055 5000; x_wconf 87' lang='lat' dir='ltr'><strong>Temporis</strong></span> <span class='ocrx_word' id='word_1_389' title='bbox 1079 4927 1379 4983; x_wconf 80' lang='lat' dir='ltr'><strong>diﬂerentia</strong></span> <span class='ocrx_word' id='word_1_390' title='bbox 1416 4947 1427 4983; x_wconf 91' lang='lat'><strong>:</strong></span> <span class='ocrx_word' id='word_1_391' title='bbox 1462 4942 1585 4982; x_wconf 90' lang='lat' dir='ltr'><strong>cum</strong></span> <span class='ocrx_word' id='word_1_392' title='bbox 1610 4927 1751 4981; x_wconf 90' lang='lat' dir='ltr'><strong>enim</strong></span> <span class='ocrx_word' id='word_1_393' title='bbox 1778 4932 1903 4979; x_wconf 87' lang='lat' dir='ltr'><strong>ante</strong></span> 
     </span>
    </p>
   </div>
   <div class='ocr_carea' id='block_1_52' title="bbox 316 5016 1902 5097">
    <p class='ocr_par' dir='ltr' id='par_1_52' title="bbox 316 5016 1902 5097">
     <span class='ocr_line' id='line_1_52' title="bbox 316 5016 1902 5097; baseline -0.007 -18"><span class='ocrx_word' id='word_1_394' title='bbox 316 5026 539 5097; x_wconf 80' lang='lat' dir='ltr'><strong>gratiam</strong></span> <span class='ocrx_word' id='word_1_395' title='bbox 571 5030 624 5078; x_wconf 91' lang='lat' dir='ltr'><strong>et</strong></span> <span class='ocrx_word' id='word_1_396' title='bbox 651 5031 774 5075; x_wconf 90' lang='lat' dir='ltr'><strong>ante</strong></span> <span class='ocrx_word' id='word_1_397' title='bbox 806 5022 977 5091; x_wconf 80' lang='lat' dir='ltr'><strong>legem</strong></span> <span class='ocrx_word' id='word_1_398' title='bbox 1006 5020 1317 5081; x_wconf 81' lang='lat' dir='ltr'><strong>exstitisset,</strong></span> <span class='ocrx_word' id='word_1_399' title='bbox 1359 5018 1449 5072; x_wconf 85' lang='lat' dir='ltr'><strong>tali</strong></span> <span class='ocrx_word' id='word_1_400' title='bbox 1495 5029 1671 5072; x_wconf 89' lang='lat' dir='ltr'><strong>tamen</strong></span> <span class='ocrx_word' id='word_1_401' title='bbox 1712 5016 1902 5085; x_wconf 90' lang='lat' dir='ltr'><strong>plenus</strong></span> 
     </span>
    </p>
   </div>
   <div class='ocr_carea' id='block_1_53' title="bbox 317 5107 1902 5187">
    <p class='ocr_par' dir='ltr' id='par_1_53' title="bbox 317 5107 1902 5187">
     <span class='ocr_line' id='line_1_53' title="bbox 317 5107 1902 5187; baseline -0.006 -16"><span class='ocrx_word' id='word_1_402' title='bbox 317 5126 436 5171; x_wconf 90' lang='lat' dir='ltr'><strong>erat</strong></span> <span class='ocrx_word' id='word_1_403' title='bbox 466 5115 819 5187; x_wconf 84' lang='lat' dir='ltr'><strong>philosophia.</strong></span> <span class='ocrx_word' id='word_1_404' title='bbox 860 5112 978 5168; x_wconf 84' lang='lat' dir='ltr'><strong>Non</strong></span> <span class='ocrx_word' id='word_1_405' title='bbox 1024 5127 1209 5183; x_wconf 88' lang='lat' dir='ltr'><strong>parum</strong></span> <span class='ocrx_word' id='word_1_406' title='bbox 1256 5121 1434 5165; x_wconf 90' lang='lat' dir='ltr'><strong>autem</strong></span> <span class='ocrx_word' id='word_1_407' title='bbox 1479 5109 1607 5164; x_wconf 90' lang='lat' dir='ltr'><strong>illud</strong></span> <span class='ocrx_word' id='word_1_408' title='bbox 1654 5117 1759 5172; x_wconf 90' lang='lat' dir='ltr'><strong>est,</strong></span> <span class='ocrx_word' id='word_1_409' title='bbox 1806 5107 1902 5163; x_wconf 91' lang='lat' dir='ltr'><strong>sed</strong></span> 
     </span>
    </p>
   </div>
   <div class='ocr_carea' id='block_1_54' title="bbox 317 5199 1901 5281">
    <p class='ocr_par' dir='ltr' id='par_1_54' title="bbox 317 5199 1901 5281">
     <span class='ocr_line' id='line_1_54' title="bbox 317 5199 1901 5281; baseline -0.005 -20"><span class='ocrx_word' id='word_1_410' title='bbox 317 5208 459 5281; x_wconf 86' lang='lat' dir='ltr'><strong>quod</strong></span> <span class='ocrx_word' id='word_1_411' title='bbox 503 5216 783 5263; x_wconf 75' lang='lat' dir='ltr'><strong>sescentas</strong></span> <span class='ocrx_word' id='word_1_412' title='bbox 820 5206 985 5275; x_wconf 81' lang='lat' dir='ltr'><strong>possit</strong></span> <span class='ocrx_word' id='word_1_413' title='bbox 1032 5212 1246 5258; x_wconf 91' lang='lat' dir='ltr'><strong>nectere</strong></span> <span class='ocrx_word' id='word_1_414' title='bbox 1287 5217 1535 5257; x_wconf 89' lang='lat' dir='ltr'><strong>coronas.</strong></span> <span class='ocrx_word' id='word_1_415' title='bbox 1579 5199 1901 5255; x_wconf 79' lang='lat' dir='ltr'><strong>Eorumdem</strong></span> 
     </span>
    </p>
   </div>
   <div class='ocr_carea' id='block_1_55' title="bbox 317 5292 1901 5359">
    <p class='ocr_par' dir='ltr' id='par_1_55' title="bbox 317 5292 1901 5359">
     <span class='ocr_line' id='line_1_55' title="bbox 317 5292 1901 5359; baseline -0.009 0"><span class='ocrx_word' id='word_1_416' title='bbox 317 5305 463 5359; x_wconf 86' lang='lat' dir='ltr'><strong>enim</strong></span> <span class='ocrx_word' id='word_1_417' title='bbox 494 5311 639 5357; x_wconf 90' lang='lat' dir='ltr'><strong>recte</strong></span> <span class='ocrx_word' id='word_1_418' title='bbox 667 5301 925 5354; x_wconf 78' lang='lat' dir='ltr'><strong>factorum</strong></span> <span class='ocrx_word' id='word_1_419' title='bbox 956 5314 1059 5351; x_wconf 91' lang='lat' dir='ltr'><strong>non</strong></span> <span class='ocrx_word' id='word_1_420' title='bbox 1088 5296 1289 5351; x_wconf 55' lang='lat' dir='ltr'><strong>eadem</strong></span> <span class='ocrx_word' id='word_1_421' title='bbox 1313 5303 1438 5348; x_wconf 92' lang='lat' dir='ltr'><strong>sunt</strong></span> <span class='ocrx_word' id='word_1_422' title='bbox 1460 5292 1756 5357; x_wconf 89' lang='lat' dir='ltr'><strong>mercedes,</strong></span> <span class='ocrx_word' id='word_1_423' title='bbox 1780 5308 1901 5347; x_wconf 91' lang='lat' dir='ltr'><strong>cum</strong></span> 
     </span>
    </p>
   </div>
   <div class='ocr_carea' id='block_1_56' title="bbox 318 5384 1905 5464">
    <p class='ocr_par' dir='ltr' id='par_1_56' title="bbox 318 5384 1905 5464">
     <span class='ocr_line' id='line_1_56' title="bbox 318 5384 1905 5464; baseline -0.008 -14"><span class='ocrx_word' id='word_1_424' title='bbox 318 5397 458 5450; x_wconf 65' lang='lat' dir='ltr'><strong>alius</strong></span> <span class='ocrx_word' id='word_1_425' title='bbox 486 5394 703 5464; x_wconf 79' lang='lat' dir='ltr'><strong>quidem</strong></span> <span class='ocrx_word' id='word_1_426' title='bbox 743 5391 931 5462; x_wconf 79' lang='lat' dir='ltr'><strong>priscis</strong></span> <span class='ocrx_word' id='word_1_427' title='bbox 962 5388 1289 5458; x_wconf 83' lang='lat' dir='ltr'><strong>temporibus</strong></span> <span class='ocrx_word' id='word_1_428' title='bbox 1331 5386 1452 5439; x_wconf 84' lang='lat' dir='ltr'><strong>talia</strong></span> <span class='ocrx_word' id='word_1_429' title='bbox 1486 5386 1731 5456; x_wconf 87' lang='lat' dir='ltr'><strong>patravit,</strong></span> <span class='ocrx_word' id='word_1_430' title='bbox 1768 5384 1905 5437; x_wconf 89' lang='lat' dir='ltr'><strong>alius</strong></span> 
     </span>
    </p>
   </div>
   <div class='ocr_carea' id='block_1_57' title="bbox 316 5474 1903 5550">
    <p class='ocr_par' dir='ltr' id='par_1_57' title="bbox 316 5474 1903 5550">
     <span class='ocr_line' id='line_1_57' title="bbox 316 5474 1903 5550; baseline -0.009 -7"><span class='ocrx_word' id='word_1_431' title='bbox 316 5498 498 5543; x_wconf 82' lang='lat' dir='ltr'><strong>autem</strong></span> <span class='ocrx_word' id='word_1_432' title='bbox 529 5489 713 5540; x_wconf 90' lang='lat' dir='ltr'><strong>inlimo</strong></span> <span class='ocrx_word' id='word_1_433' title='bbox 738 5499 885 5547; x_wconf 71' lang='lat' dir='ltr'><strong>mvo;</strong></span> <span class='ocrx_word' id='word_1_434' title='bbox 916 5483 1008 5537; x_wconf 86' lang='lat' dir='ltr'><strong>sed</strong></span> <span class='ocrx_word' id='word_1_435' title='bbox 1045 5478 1208 5550; x_wconf 84' lang='lat' dir='ltr'><strong>priori</strong></span> <span class='ocrx_word' id='word_1_436' title='bbox 1239 5479 1395 5546; x_wconf 67' lang='lat' dir='ltr'><strong>longe</strong></span> <span class='ocrx_word' id='word_1_437' title='bbox 1424 5474 1676 5543; x_wconf 75' lang='lat' dir='ltr'><strong>majores.</strong></span> <span class='ocrx_word' id='word_1_438' title='bbox 1721 5474 1903 5544; x_wconf 81' lang='lat' dir='ltr'><strong>Neque</strong></span> 
     </span>
    </p>
   </div>
   <div class='ocr_carea' id='block_1_58' title="bbox 315 5567 1906 5648">
    <p class='ocr_par' dir='ltr' id='par_1_58' title="bbox 315 5567 1906 5648">
     <span class='ocr_line' id='line_1_58' title="bbox 315 5567 1906 5648; baseline -0.011 -11"><span class='ocrx_word' id='word_1_439' title='bbox 315 5582 463 5645; x_wconf 72' lang='lat' dir='ltr'><strong>enim</strong></span> <span class='ocrx_word' id='word_1_440' title='bbox 502 5594 598 5648; x_wconf 91' lang='lat' dir='ltr'><strong>par</strong></span> <span class='ocrx_word' id='word_1_441' title='bbox 628 5592 713 5631; x_wconf 89' lang='lat' dir='ltr'><strong>res</strong></span> <span class='ocrx_word' id='word_1_442' title='bbox 752 5585 854 5641; x_wconf 87' lang='lat' dir='ltr'><strong>est,</strong></span> <span class='ocrx_word' id='word_1_443' title='bbox 902 5583 1181 5644; x_wconf 90' lang='lat' dir='ltr'><strong>postquam</strong></span> <span class='ocrx_word' id='word_1_444' title='bbox 1216 5567 1463 5624; x_wconf 72' lang='lat' dir='ltr'><strong>Christus</strong></span> <span class='ocrx_word' id='word_1_445' title='bbox 1490 5567 1723 5630; x_wconf 88' lang='lat' dir='ltr'><strong>advenit,</strong></span> <span class='ocrx_word' id='word_1_446' title='bbox 1766 5576 1906 5635; x_wconf 80' lang='lat' dir='ltr'><strong>post-</strong></span> 
     </span>
    </p>
   </div>
   <div class='ocr_carea' id='block_1_59' title="bbox 314 5657 1907 5746">
    <p class='ocr_par' dir='ltr' id='par_1_59' title="bbox 314 5657 1907 5746">
     <span class='ocr_line' id='line_1_59' title="bbox 314 5657 1907 5746; baseline -0.007 -25"><span class='ocrx_word' id='word_1_447' title='bbox 314 5687 481 5746; x_wconf 79' lang='lat' dir='ltr'><strong>quam</strong></span> <span class='ocrx_word' id='word_1_448' title='bbox 527 5677 608 5725; x_wconf 89' lang='lat' dir='ltr'><strong>tot</strong></span> <span class='ocrx_word' id='word_1_449' title='bbox 658 5679 906 5739; x_wconf 83' lang='lat' dir='ltr'><strong>tantaque</strong></span> <span class='ocrx_word' id='word_1_450' title='bbox 950 5665 1188 5726; x_wconf 83' lang='lat' dir='ltr'><strong>exhibuit</strong></span> <span class='ocrx_word' id='word_1_451' title='bbox 1230 5672 1279 5718; x_wconf 91' lang='lat' dir='ltr'><strong>et</strong></span> <span class='ocrx_word' id='word_1_452' title='bbox 1336 5659 1544 5715; x_wconf 88' lang='lat' dir='ltr'><strong>monuit</strong></span> <span class='ocrx_word' id='word_1_453' title='bbox 1584 5666 1637 5712; x_wconf 88' lang='lat' dir='ltr'><strong>et</strong></span> <span class='ocrx_word' id='word_1_454' title='bbox 1673 5657 1907 5729; x_wconf 82' lang='lat' dir='ltr'><strong>philoso-</strong></span> 
     </span>
    </p>
   </div>
   <div class='ocr_carea' id='block_1_60' title="bbox 318 5754 1904 5838">
    <p class='ocr_par' dir='ltr' id='par_1_60' title="bbox 318 5754 1904 5838">
     <span class='ocr_line' id='line_1_60' title="bbox 318 5754 1904 5838; baseline -0.009 -17"><span class='ocrx_word' id='word_1_455' title='bbox 318 5765 523 5838; x_wconf 84' lang='lat' dir='ltr'><strong>phandi</strong></span> <span class='ocrx_word' id='word_1_456' title='bbox 556 5765 774 5822; x_wconf 79' lang='lat' dir='ltr'><strong>consilia</strong></span> <span class='ocrx_word' id='word_1_457' title='bbox 806 5763 948 5819; x_wconf 85' lang='lat' dir='ltr'><strong>dedit</strong></span> <span class='ocrx_word' id='word_1_458' title='bbox 995 5759 1247 5832; x_wconf 65' lang='lat' dir='ltr'><strong>pra&#39;clare</strong></span> <span class='ocrx_word' id='word_1_459' title='bbox 1276 5770 1432 5824; x_wconf 72' lang='lat' dir='ltr'><strong>agere</strong></span> <span class='ocrx_word' id='word_1_460' title='bbox 1476 5762 1530 5810; x_wconf 88' lang='lat' dir='ltr'><strong>et</strong></span> <span class='ocrx_word' id='word_1_461' title='bbox 1581 5764 1700 5809; x_wconf 83' lang='lat' dir='ltr'><strong>ante</strong></span> <span class='ocrx_word' id='word_1_462' title='bbox 1741 5754 1904 5824; x_wconf 71' lang='lat' dir='ltr'><strong>ipsius</strong></span> 
     </span>
    </p>
   </div>
   <div class='ocr_carea' id='block_1_61' title="bbox 975 272 2965 367">
    <p class='ocr_par' dir='ltr' id='par_1_61' title="bbox 975 272 2965 367">
     <span class='ocr_line' id='line_1_61' title="bbox 975 272 2965 367; baseline 0.004 -19"><span class='ocrx_word' id='word_1_463' title='bbox 975 294 1042 349; x_wconf 83' lang='lat' dir='ltr'><strong>tv</strong></span> <span class='ocrx_word' id='word_1_464' title='bbox 1084 272 1385 361; x_wconf 65' lang='lat' dir='ltr'><strong>nonius,</strong></span> <span class='ocrx_word' id='word_1_465' title='bbox 1428 291 1787 348; x_wconf 70' lang='lat' dir='ltr'><strong>savensus</strong></span> <span class='ocrx_word' id='word_1_466' title='bbox 1828 291 1954 347; x_wconf 70' lang='lat' dir='ltr'><strong>eos</strong></span> <span class='ocrx_word' id='word_1_467' title='bbox 1992 292 2105 360; x_wconf 87' lang='lat' dir='ltr'><strong>QUI</strong></span> <span class='ocrx_word' id='word_1_468' title='bbox 2142 296 2288 354; x_wconf 85' lang='lat' dir='ltr'><strong>NON</strong></span> <span class='ocrx_word' id='word_1_469' title='bbox 2327 296 2770 367; x_wconf 68' lang='lat' dir='ltr'><strong>sorusnaur,</strong></span> <span class='ocrx_word' id='word_1_470' title='bbox 2814 301 2965 358; x_wconf 74' lang='lat' dir='ltr'><strong>me.</strong></span> 
     </span>
    </p>
   </div>
   <div class='ocr_carea' id='block_1_62' title="bbox 3517 308 3621 363">
    <p class='ocr_par' dir='ltr' id='par_1_62' title="bbox 3517 308 3621 363">
     <span class='ocr_line' id='line_1_62' title="bbox 3517 308 3621 363; baseline -0.01 -1"><span class='ocrx_word' id='word_1_471' title='bbox 3517 308 3621 363; x_wconf 68' lang='lat'><strong>482</strong></span> 
     </span>
    </p>
   </div>
   <div class='ocr_carea' id='block_1_63' title="bbox 2028 406 3610 492">
    <p class='ocr_par' dir='ltr' id='par_1_63' title="bbox 2028 406 3610 492">
     <span class='ocr_line' id='line_1_63' title="bbox 2028 406 3610 492; baseline 0.016 -33"><span class='ocrx_word' id='word_1_472' title='bbox 2028 406 2314 463; x_wconf 89' lang='lat' dir='ltr'><strong>adventum</strong></span> <span class='ocrx_word' id='word_1_473' title='bbox 2335 421 2388 464; x_wconf 92' lang='lat' dir='ltr'><strong>et</strong></span> <span class='ocrx_word' id='word_1_474' title='bbox 2420 422 2544 467; x_wconf 89' lang='lat' dir='ltr'><strong>ante</strong></span> <span class='ocrx_word' id='word_1_475' title='bbox 2575 412 2743 484; x_wconf 77' lang='lat' dir='ltr'><strong>legem</strong></span> <span class='ocrx_word' id='word_1_476' title='bbox 2782 424 2838 470; x_wconf 90' lang='lat' dir='ltr'><strong>et</strong></span> <span class='ocrx_word' id='word_1_477' title='bbox 2865 414 3151 485; x_wconf 86' lang='lat' dir='ltr'><strong>prophetas</strong></span> <span class='ocrx_word' id='word_1_478' title='bbox 3183 420 3303 475; x_wconf 78' lang='lat' dir='ltr'><strong>taiia</strong></span> <span class='ocrx_word' id='word_1_479' title='bbox 3335 434 3610 492; x_wconf 64' lang='lat' dir='ltr'><strong>praestare.</strong></span> 
     </span>
    </p>
   </div>
   <div class='ocr_carea' id='block_1_64' title="bbox 2026 495 3609 578">
    <p class='ocr_par' dir='ltr' id='par_1_64' title="bbox 2026 495 3609 578">
     <span class='ocr_line' id='line_1_64' title="bbox 2026 495 3609 578; baseline 0.011 -27"><span class='ocrx_word' id='word_1_480' title='bbox 2026 495 2315 567; x_wconf 79' lang='lat' dir='ltr'><strong>Propterea</strong></span> <span class='ocrx_word' id='word_1_481' title='bbox 2348 512 2627 573; x_wconf 89' lang='lat' dir='ltr'><strong>postquam</strong></span> <span class='ocrx_word' id='word_1_482' title='bbox 2672 496 2911 574; x_wconf 84' lang='lat' dir='ltr'><strong>advenit,</strong></span> <span class='ocrx_word' id='word_1_483' title='bbox 2946 508 3204 578; x_wconf 89' lang='lat' dir='ltr'><strong>majorem</strong></span> <span class='ocrx_word' id='word_1_484' title='bbox 3238 511 3483 571; x_wconf 90' lang='lat' dir='ltr'><strong>virtutem</strong></span> <span class='ocrx_word' id='word_1_485' title='bbox 3525 535 3609 572; x_wconf 71' lang='lat' dir='ltr'><strong>rn-</strong></span> 
     </span>
    </p>
   </div>
   <div class='ocr_carea' id='block_1_65' title="bbox 2024 588 3608 675">
    <p class='ocr_par' dir='ltr' id='par_1_65' title="bbox 2024 588 3608 675">
     <span class='ocr_line' id='line_1_65' title="bbox 2024 588 3608 675; baseline 0.014 -35"><span class='ocrx_word' id='word_1_486' title='bbox 2024 588 2183 658; x_wconf 84' lang='lat' dir='ltr'><strong>quirit</strong></span> <span class='ocrx_word' id='word_1_487' title='bbox 2205 633 2220 655; x_wconf 93' lang='lat'><strong>,</strong></span> <span class='ocrx_word' id='word_1_488' title='bbox 2262 591 2447 647; x_wconf 89' lang='lat' dir='ltr'><strong>dicens</strong></span> <span class='ocrx_word' id='word_1_489' title='bbox 2478 610 2492 647; x_wconf 90' lang='lat'><strong>:</strong></span> <span class='ocrx_word' id='word_1_490' title='bbox 2528 593 2647 649; x_wconf 76' lang='lat' dir='ltr'><strong>Nisi</strong></span> <span class='ocrx_word' id='word_1_491' title='bbox 2682 596 3013 653; x_wconf 81' lang='lat' dir='ltr'><strong>abundaverit</strong></span> <span class='ocrx_word' id='word_1_492' title='bbox 3039 600 3243 672; x_wconf 82' lang='lat' dir='ltr'><strong>justitia</strong></span> <span class='ocrx_word' id='word_1_493' title='bbox 3286 613 3447 658; x_wconf 77' lang='lat' dir='ltr'><strong>vestra</strong></span> <span class='ocrx_word' id='word_1_494' title='bbox 3494 612 3608 675; x_wconf 80' lang='lat' dir='ltr'><strong>plus</strong></span> 
     </span>
    </p>
   </div>
   <div class='ocr_carea' id='block_1_66' title="bbox 2022 684 3610 759">
    <p class='ocr_par' dir='ltr' id='par_1_66' title="bbox 2022 684 3610 759">
     <span class='ocr_line' id='line_1_66' title="bbox 2022 684 3610 759; baseline 0.013 -26"><span class='ocrx_word' id='word_1_495' title='bbox 2022 697 2175 752; x_wconf 83' lang='lat' dir='ltr'><strong>quam</strong></span> <span class='ocrx_word' id='word_1_496' title='bbox 2220 684 2515 739; x_wconf 84' lang='lat' dir='ltr'><strong>Scribarum</strong></span> <span class='ocrx_word' id='word_1_497' title='bbox 2561 698 2609 741; x_wconf 89' lang='lat' dir='ltr'><strong>et</strong></span> <span class='ocrx_word' id='word_1_498' title='bbox 2660 688 3059 759; x_wconf 70' lang='lat' dir='ltr'><strong>Phor-imorum,</strong></span> <span class='ocrx_word' id='word_1_499' title='bbox 3113 712 3213 749; x_wconf 84' lang='lat' dir='ltr'><strong>non</strong></span> <span class='ocrx_word' id='word_1_500' title='bbox 3256 696 3508 754; x_wconf 82' lang='lat' dir='ltr'><strong>intrabitis</strong></span> <span class='ocrx_word' id='word_1_501' title='bbox 3556 704 3610 754; x_wconf 78' lang='lat' dir='ltr'><strong>in</strong></span> 
     </span>
    </p>
   </div>
   <div class='ocr_carea' id='block_1_67' title="bbox 2024 779 3609 860">
    <p class='ocr_par' dir='ltr' id='par_1_67' title="bbox 2024 779 3609 860">
     <span class='ocr_line' id='line_1_67' title="bbox 2024 779 3609 860; baseline 0.015 -34"><span class='ocrx_word' id='word_1_502' title='bbox 2024 790 2233 844; x_wconf 86' lang='lat' dir='ltr'><strong>regnum</strong></span> <span class='ocrx_word' id='word_1_503' title='bbox 2258 779 2496 833; x_wconf 78' lang='lat' dir='ltr'><strong>cwlorum</strong></span> <span class='ocrx_word' id='word_1_504' title='bbox 2528 779 2740 854; x_wconf 79' lang='lat' dir='ltr'><strong>(Matth.</strong></span> <span class='ocrx_word' id='word_1_505' title='bbox 2774 783 2826 837; x_wconf 82' lang='grc'><strong>5.</strong></span> <span class='ocrx_word' id='word_1_506' title='bbox 2858 784 2971 855; x_wconf 78' lang='grc'><strong>20).</strong></span> <span class='ocrx_word' id='word_1_507' title='bbox 3004 787 3213 852; x_wconf 83' lang='lat' dir='ltr'><strong>Quanto</strong></span> <span class='ocrx_word' id='word_1_508' title='bbox 3258 791 3432 860; x_wconf 87' lang='lat' dir='ltr'><strong>major</strong></span> <span class='ocrx_word' id='word_1_509' title='bbox 3464 794 3609 849; x_wconf 85' lang='lat' dir='ltr'><strong>enim</strong></span> 
     </span>
    </p>
   </div>
   <div class='ocr_carea' id='block_1_68' title="bbox 2024 867 3607 947">
    <p class='ocr_par' dir='ltr' id='par_1_68' title="bbox 2024 867 3607 947">
     <span class='ocr_line' id='line_1_68' title="bbox 2024 867 3607 947; baseline 0.013 -28"><span class='ocrx_word' id='word_1_510' title='bbox 2024 867 2120 921; x_wconf 82' lang='lat' dir='ltr'><strong>init</strong></span> <span class='ocrx_word' id='word_1_511' title='bbox 2151 869 2412 935; x_wconf 84' lang='lat' dir='ltr'><strong>doctrina,</strong></span> <span class='ocrx_word' id='word_1_512' title='bbox 2452 882 2599 927; x_wconf 86' lang='lat' dir='ltr'><strong>tanto</strong></span> <span class='ocrx_word' id='word_1_513' title='bbox 2627 874 2855 944; x_wconf 86' lang='lat' dir='ltr'><strong>majores</strong></span> <span class='ocrx_word' id='word_1_514' title='bbox 2876 888 2926 931; x_wconf 90' lang='lat' dir='ltr'><strong>et</strong></span> <span class='ocrx_word' id='word_1_515' title='bbox 2950 878 3201 947; x_wconf 83' lang='lat' dir='ltr'><strong>justiores</strong></span> <span class='ocrx_word' id='word_1_516' title='bbox 3218 882 3428 937; x_wconf 87' lang='lat' dir='ltr'><strong>virtutis</strong></span> <span class='ocrx_word' id='word_1_517' title='bbox 3452 900 3607 940; x_wconf 89' lang='lat' dir='ltr'><strong>men-</strong></span> 
     </span>
    </p>
   </div>
   <div class='ocr_carea' id='block_1_69' title="bbox 2021 963 3589 1043">
    <p class='ocr_par' dir='ltr' id='par_1_69' title="bbox 2021 963 3589 1043">
     <span class='ocr_line' id='line_1_69' title="bbox 2021 963 3589 1043; baseline 0.012 -30"><span class='ocrx_word' id='word_1_518' title='bbox 2021 963 2368 1031; x_wconf 72' lang='lat' dir='ltr'><strong>surmpasitre</strong></span> <span class='ocrx_word' id='word_1_519' title='bbox 2411 975 2552 1019; x_wconf 90' lang='lat' dir='ltr'><strong>sunt.</strong></span> <span class='ocrx_word' id='word_1_520' title='bbox 2593 970 2660 1021; x_wconf 86' lang='lat' dir='ltr'><strong>At</strong></span> <span class='ocrx_word' id='word_1_521' title='bbox 2714 967 2797 1022; x_wconf 88' lang='lat' dir='ltr'><strong>hic</strong></span> <span class='ocrx_word' id='word_1_522' title='bbox 2843 985 2948 1024; x_wconf 84' lang='lat' dir='ltr'><strong>non</strong></span> <span class='ocrx_word' id='word_1_523' title='bbox 3002 972 3240 1028; x_wconf 89' lang='lat' dir='ltr'><strong>doctrina</strong></span> <span class='ocrx_word' id='word_1_524' title='bbox 3294 976 3589 1043; x_wconf 82' lang='lat' dir='ltr'><strong>institutus,</strong></span> 
     </span>
    </p>
   </div>
   <div class='ocr_carea' id='block_1_70' title="bbox 2022 1054 3603 1126">
    <p class='ocr_par' dir='ltr' id='par_1_70' title="bbox 2022 1054 3603 1126">
     <span class='ocr_line' id='line_1_70' title="bbox 2022 1054 3603 1126; baseline 0.014 -22"><span class='ocrx_word' id='word_1_525' title='bbox 2022 1067 2127 1105; x_wconf 89' lang='lat' dir='ltr'><strong>non</strong></span> <span class='ocrx_word' id='word_1_526' title='bbox 2159 1054 2374 1125; x_wconf 90' lang='lat' dir='ltr'><strong>scriptis</strong></span> <span class='ocrx_word' id='word_1_527' title='bbox 2404 1057 2665 1123; x_wconf 90' lang='lat' dir='ltr'><strong>eruditus,</strong></span> <span class='ocrx_word' id='word_1_528' title='bbox 2707 1076 2812 1113; x_wconf 90' lang='lat' dir='ltr'><strong>non</strong></span> <span class='ocrx_word' id='word_1_529' title='bbox 2846 1061 3013 1125; x_wconf 83' lang='lat' dir='ltr'><strong>libris,</strong></span> <span class='ocrx_word' id='word_1_530' title='bbox 3044 1079 3164 1119; x_wconf 90' lang='lat' dir='ltr'><strong>cum</strong></span> <span class='ocrx_word' id='word_1_531' title='bbox 3196 1067 3371 1123; x_wconf 89' lang='lat' dir='ltr'><strong>nullos</strong></span> <span class='ocrx_word' id='word_1_532' title='bbox 3400 1069 3603 1126; x_wconf 78' lang='lat' dir='ltr'><strong>similes</strong></span> 
     </span>
    </p>
   </div>
   <div class='ocr_carea' id='block_1_71' title="bbox 2020 1146 3600 1228">
    <p class='ocr_par' dir='ltr' id='par_1_71' title="bbox 2020 1146 3600 1228">
     <span class='ocr_line' id='line_1_71' title="bbox 2020 1146 3600 1228; baseline 0.013 -30"><span class='ocrx_word' id='word_1_533' title='bbox 2020 1146 2260 1213; x_wconf 63' lang='lat' dir='ltr'><strong>vidisset,</strong></span> <span class='ocrx_word' id='word_1_534' title='bbox 2295 1163 2395 1202; x_wconf 91' lang='lat' dir='ltr'><strong>nec</strong></span> <span class='ocrx_word' id='word_1_535' title='bbox 2419 1158 2597 1217; x_wconf 85' lang='lat' dir='ltr'><strong>posset</strong></span> <span class='ocrx_word' id='word_1_536' title='bbox 2624 1151 2690 1205; x_wconf 91' lang='lat' dir='ltr'><strong>ad</strong></span> <span class='ocrx_word' id='word_1_537' title='bbox 2716 1154 2990 1222; x_wconf 80' lang='lat' dir='ltr'><strong>Superiora</strong></span> <span class='ocrx_word' id='word_1_538' title='bbox 3020 1166 3259 1228; x_wconf 88' lang='lat' dir='ltr'><strong>tempora</strong></span> <span class='ocrx_word' id='word_1_539' title='bbox 3299 1175 3600 1227; x_wconf 88' lang='lat' dir='ltr'><strong>recurrere.</strong></span> 
     </span>
    </p>
   </div>
   <div class='ocr_carea' id='block_1_72' title="bbox 2017 1238 3605 1312">
    <p class='ocr_par' dir='ltr' id='par_1_72' title="bbox 2017 1238 3605 1312">
     <span class='ocr_line' id='line_1_72' title="bbox 2017 1238 3605 1312; baseline 0.009 -20"><span class='ocrx_word' id='word_1_540' title='bbox 2017 1245 2072 1292; x_wconf 86' lang='lat' dir='ltr'><strong>et</strong></span> <span class='ocrx_word' id='word_1_541' title='bbox 2100 1238 2349 1306; x_wconf 67' lang='lat' dir='ltr'><strong>praeclara</strong></span> <span class='ocrx_word' id='word_1_542' title='bbox 2373 1241 2622 1310; x_wconf 80' lang='lat' dir='ltr'><strong>exempla</strong></span> <span class='ocrx_word' id='word_1_543' title='bbox 2649 1244 2994 1299; x_wconf 83' lang='lat' dir='ltr'><strong>considerare</strong></span> <span class='ocrx_word' id='word_1_544' title='bbox 3020 1266 3033 1312; x_wconf 87' lang='lat'><strong>;</strong></span> <span class='ocrx_word' id='word_1_545' title='bbox 3065 1248 3298 1303; x_wconf 91' lang='lat' dir='ltr'><strong>nondum</strong></span> <span class='ocrx_word' id='word_1_546' title='bbox 3322 1251 3464 1305; x_wconf 89' lang='lat' dir='ltr'><strong>enim</strong></span> <span class='ocrx_word' id='word_1_547' title='bbox 3487 1262 3605 1308; x_wconf 89' lang='lat' dir='ltr'><strong>erat</strong></span> 
     </span>
    </p>
   </div>
   <div class='ocr_carea' id='block_1_73' title="bbox 2016 1332 3600 1410">
    <p class='ocr_par' dir='ltr' id='par_1_73' title="bbox 2016 1332 3600 1410">
     <span class='ocr_line' id='line_1_73' title="bbox 2016 1332 3600 1410; baseline 0.009 -26"><span class='ocrx_word' id='word_1_548' title='bbox 2016 1332 2301 1400; x_wconf 88' lang='lat' dir='ltr'><strong>scriptura,</strong></span> <span class='ocrx_word' id='word_1_549' title='bbox 2331 1348 2429 1387; x_wconf 91' lang='lat' dir='ltr'><strong>nec</strong></span> <span class='ocrx_word' id='word_1_550' title='bbox 2469 1334 2686 1389; x_wconf 89' lang='lat' dir='ltr'><strong>historia</strong></span> <span class='ocrx_word' id='word_1_551' title='bbox 2717 1354 2832 1405; x_wconf 73' lang='lat' dir='ltr'><strong>quae</strong></span> <span class='ocrx_word' id='word_1_552' title='bbox 2862 1354 2949 1393; x_wconf 91' lang='lat' dir='ltr'><strong>res</strong></span> <span class='ocrx_word' id='word_1_553' title='bbox 2975 1349 3153 1410; x_wconf 80' lang='lat' dir='ltr'><strong>gestas</strong></span> <span class='ocrx_word' id='word_1_554' title='bbox 3195 1341 3465 1409; x_wconf 87' lang='lat' dir='ltr'><strong>traderet;</strong></span> <span class='ocrx_word' id='word_1_555' title='bbox 3507 1346 3600 1400; x_wconf 90' lang='lat' dir='ltr'><strong>sed</strong></span> 
     </span>
    </p>
   </div>
   <div class='ocr_carea' id='block_1_74' title="bbox 2019 1423 3593 1505">
    <p class='ocr_par' dir='ltr' id='par_1_74' title="bbox 2019 1423 3593 1505">
     <span class='ocr_line' id='line_1_74' title="bbox 2019 1423 3593 1505; baseline 0.009 -29"><span class='ocrx_word' id='word_1_556' title='bbox 2019 1423 2068 1476; x_wconf 91' lang='lat' dir='ltr'><strong>in</strong></span> <span class='ocrx_word' id='word_1_557' title='bbox 2099 1424 2180 1477; x_wconf 89' lang='lat' dir='ltr'><strong>via</strong></span> <span class='ocrx_word' id='word_1_558' title='bbox 2212 1440 2317 1480; x_wconf 86' lang='lat' dir='ltr'><strong>non</strong></span> <span class='ocrx_word' id='word_1_559' title='bbox 2350 1426 2494 1492; x_wconf 91' lang='lat' dir='ltr'><strong>trita,</strong></span> <span class='ocrx_word' id='word_1_560' title='bbox 2527 1427 2580 1481; x_wconf 91' lang='lat' dir='ltr'><strong>in</strong></span> <span class='ocrx_word' id='word_1_561' title='bbox 2614 1430 2744 1481; x_wconf 89' lang='lat' dir='ltr'><strong>mari</strong></span> <span class='ocrx_word' id='word_1_562' title='bbox 2772 1428 2824 1483; x_wconf 92' lang='lat' dir='ltr'><strong>in</strong></span> <span class='ocrx_word' id='word_1_563' title='bbox 2855 1445 2963 1499; x_wconf 90' lang='lat' dir='ltr'><strong>quo</strong></span> <span class='ocrx_word' id='word_1_564' title='bbox 2994 1433 3172 1487; x_wconf 71' lang='lat' dir='ltr'><strong>mullus</strong></span> <span class='ocrx_word' id='word_1_565' title='bbox 3198 1436 3593 1505; x_wconf 85' lang='lat' dir='ltr'><strong>enavigaverat,</strong></span> 
     </span>
    </p>
   </div>
   <div class='ocr_carea' id='block_1_75' title="bbox 2018 1514 3600 1593">
    <p class='ocr_par' dir='ltr' id='par_1_75' title="bbox 2018 1514 3600 1593">
     <span class='ocr_line' id='line_1_75' title="bbox 2018 1514 3600 1593; baseline 0.011 -26"><span class='ocrx_word' id='word_1_566' title='bbox 2018 1514 2068 1568; x_wconf 91' lang='lat' dir='ltr'><strong>in</strong></span> <span class='ocrx_word' id='word_1_567' title='bbox 2103 1524 2243 1570; x_wconf 88' lang='lat' dir='ltr'><strong>tanta</strong></span> <span class='ocrx_word' id='word_1_568' title='bbox 2272 1516 2525 1586; x_wconf 75' lang='lat' dir='ltr'><strong>nequitia:</strong></span> <span class='ocrx_word' id='word_1_569' title='bbox 2562 1519 2811 1588; x_wconf 85' lang='lat' dir='ltr'><strong>caligine,</strong></span> <span class='ocrx_word' id='word_1_570' title='bbox 2846 1522 2992 1575; x_wconf 86' lang='lat' dir='ltr'><strong>solus</strong></span> <span class='ocrx_word' id='word_1_571' title='bbox 3031 1532 3085 1577; x_wconf 92' lang='lat' dir='ltr'><strong>et</strong></span> <span class='ocrx_word' id='word_1_572' title='bbox 3117 1525 3319 1593; x_wconf 88' lang='lat' dir='ltr'><strong>primus</strong></span> <span class='ocrx_word' id='word_1_573' title='bbox 3348 1528 3438 1583; x_wconf 90' lang='lat' dir='ltr'><strong>ille</strong></span> <span class='ocrx_word' id='word_1_574' title='bbox 3474 1536 3600 1585; x_wconf 89' lang='lat' dir='ltr'><strong>tunc</strong></span> 
     </span>
    </p>
   </div>
   <div class='ocr_carea' id='block_1_76' title="bbox 2017 1604 3597 1679">
    <p class='ocr_par' dir='ltr' id='par_1_76' title="bbox 2017 1604 3597 1679">
     <span class='ocr_line' id='line_1_76' title="bbox 2017 1604 3597 1679; baseline 0.011 -21"><span class='ocrx_word' id='word_1_575' title='bbox 2017 1604 2152 1659; x_wconf 86' lang='lat' dir='ltr'><strong>hanc</strong></span> <span class='ocrx_word' id='word_1_576' title='bbox 2176 1606 2521 1676; x_wconf 67' lang='lat' dir='ltr'><strong>philosophiae</strong></span> <span class='ocrx_word' id='word_1_577' title='bbox 2549 1608 2685 1662; x_wconf 89' lang='lat' dir='ltr'><strong>viam</strong></span> <span class='ocrx_word' id='word_1_578' title='bbox 2704 1612 2933 1679; x_wconf 87' lang='lat' dir='ltr'><strong>aperuit,</strong></span> <span class='ocrx_word' id='word_1_579' title='bbox 2955 1612 3007 1666; x_wconf 88' lang='lat' dir='ltr'><strong>in</strong></span> <span class='ocrx_word' id='word_1_580' title='bbox 3026 1629 3232 1670; x_wconf 89' lang='lat' dir='ltr'><strong>summa</strong></span> <span class='ocrx_word' id='word_1_581' title='bbox 3259 1616 3454 1672; x_wconf 91' lang='lat' dir='ltr'><strong>virtute</strong></span> <span class='ocrx_word' id='word_1_582' title='bbox 3474 1633 3597 1676; x_wconf 89' lang='lat' dir='ltr'><strong>cum</strong></span> 
     </span>
    </p>
   </div>
   <div class='ocr_carea' id='block_1_77' title="bbox 2015 1699 3595 1780">
    <p class='ocr_par' dir='ltr' id='par_1_77' title="bbox 2015 1699 3595 1780">
     <span class='ocr_line' id='line_1_77' title="bbox 2015 1699 3595 1780; baseline 0.009 -28"><span class='ocrx_word' id='word_1_583' title='bbox 2015 1699 2388 1767; x_wconf 71' lang='lat' dir='ltr'><strong>cvsttperaatia</strong></span> <span class='ocrx_word' id='word_1_584' title='bbox 2442 1714 2686 1754; x_wconf 89' lang='lat' dir='ltr'><strong>summus</strong></span> <span class='ocrx_word' id='word_1_585' title='bbox 2741 1701 3061 1759; x_wconf 88' lang='lat' dir='ltr'><strong>declaratus.</strong></span> <span class='ocrx_word' id='word_1_586' title='bbox 3126 1705 3292 1762; x_wconf 82' lang='lat' dir='ltr'><strong>Valde</strong></span> <span class='ocrx_word' id='word_1_587' title='bbox 3347 1724 3595 1780; x_wconf 89' lang='lat' dir='ltr'><strong>magnum</strong></span> 
     </span>
    </p>
   </div>
   <div class='ocr_carea' id='block_1_78' title="bbox 2013 1792 3594 1873">
    <p class='ocr_par' dir='ltr' id='par_1_78' title="bbox 2013 1792 3594 1873">
     <span class='ocr_line' id='line_1_78' title="bbox 2013 1792 3594 1873; baseline 0.009 -31"><span class='ocrx_word' id='word_1_588' title='bbox 2013 1792 2208 1860; x_wconf 87' lang='lat' dir='ltr'><strong>quippe</strong></span> <span class='ocrx_word' id='word_1_589' title='bbox 2224 1800 2307 1846; x_wconf 91' lang='lat' dir='ltr'><strong>est</strong></span> <span class='ocrx_word' id='word_1_590' title='bbox 2336 1792 2418 1846; x_wconf 90' lang='lat' dir='ltr'><strong>vel</strong></span> <span class='ocrx_word' id='word_1_591' title='bbox 2452 1793 2688 1848; x_wconf 89' lang='lat' dir='ltr'><strong>minores</strong></span> <span class='ocrx_word' id='word_1_592' title='bbox 2710 1795 2922 1849; x_wconf 90' lang='lat' dir='ltr'><strong>virtutis</strong></span> <span class='ocrx_word' id='word_1_593' title='bbox 2954 1806 3134 1865; x_wconf 89' lang='lat' dir='ltr'><strong>partes</strong></span> <span class='ocrx_word' id='word_1_594' title='bbox 3162 1809 3309 1855; x_wconf 90' lang='lat' dir='ltr'><strong>recte</strong></span> <span class='ocrx_word' id='word_1_595' title='bbox 3336 1804 3552 1873; x_wconf 78' lang='lat' dir='ltr'><strong>exsequi</strong></span> <span class='ocrx_word' id='word_1_596' title='bbox 3579 1820 3594 1865; x_wconf 83' lang='lat'><strong>;</strong></span> 
     </span>
    </p>
   </div>
   <div class='ocr_carea' id='block_1_79' title="bbox 2015 1881 3592 1956">
    <p class='ocr_par' dir='ltr' id='par_1_79' title="bbox 2015 1881 3592 1956">
     <span class='ocr_line' id='line_1_79' title="bbox 2015 1881 3592 1956; baseline 0.009 -21"><span class='ocrx_word' id='word_1_597' title='bbox 2015 1881 2170 1952; x_wconf 90' lang='lat' dir='ltr'><strong>longe</strong></span> <span class='ocrx_word' id='word_1_598' title='bbox 2188 1882 2359 1951; x_wconf 87' lang='lat' dir='ltr'><strong>majus</strong></span> <span class='ocrx_word' id='word_1_599' title='bbox 2377 1891 2552 1937; x_wconf 89' lang='lat' dir='ltr'><strong>autem</strong></span> <span class='ocrx_word' id='word_1_600' title='bbox 2576 1884 2626 1938; x_wconf 91' lang='lat' dir='ltr'><strong>in</strong></span> <span class='ocrx_word' id='word_1_601' title='bbox 2645 1899 2855 1939; x_wconf 89' lang='lat' dir='ltr'><strong>summo</strong></span> <span class='ocrx_word' id='word_1_602' title='bbox 2869 1901 3177 1956; x_wconf 87' lang='lat' dir='ltr'><strong>supremum</strong></span> <span class='ocrx_word' id='word_1_603' title='bbox 3191 1892 3428 1946; x_wconf 90' lang='lat' dir='ltr'><strong>omnium</strong></span> <span class='ocrx_word' id='word_1_604' title='bbox 3442 1909 3562 1949; x_wconf 91' lang='lat' dir='ltr'><strong>esse</strong></span> <span class='ocrx_word' id='word_1_605' title='bbox 3579 1913 3592 1950; x_wconf 90' lang='lat'><strong>:</strong></span> 
     </span>
    </p>
   </div>
   <div class='ocr_carea' id='block_1_80' title="bbox 2012 1972 3596 2048">
    <p class='ocr_par' dir='ltr' id='par_1_80' title="bbox 2012 1972 3596 2048">
     <span class='ocr_line' id='line_1_80' title="bbox 2012 1972 3596 2048; baseline 0.011 -27"><span class='ocrx_word' id='word_1_606' title='bbox 2012 1972 2154 2042; x_wconf 85' lang='lat' dir='ltr'><strong>quod</strong></span> <span class='ocrx_word' id='word_1_607' title='bbox 2175 1983 2354 2027; x_wconf 89' lang='lat' dir='ltr'><strong>autem</strong></span> <span class='ocrx_word' id='word_1_608' title='bbox 2384 1973 2637 2043; x_wconf 89' lang='lat' dir='ltr'><strong>patientia</strong></span> <span class='ocrx_word' id='word_1_609' title='bbox 2671 1975 2994 2031; x_wconf 89' lang='lat' dir='ltr'><strong>sitomnium</strong></span> <span class='ocrx_word' id='word_1_610' title='bbox 3018 1994 3291 2048; x_wconf 77' lang='lat' dir='ltr'><strong>suprema,</strong></span> <span class='ocrx_word' id='word_1_611' title='bbox 3318 1998 3474 2037; x_wconf 88' lang='lat' dir='ltr'><strong>nemo</strong></span> <span class='ocrx_word' id='word_1_612' title='bbox 3502 2000 3596 2041; x_wconf 84' lang='lat' dir='ltr'><strong>ne-</strong></span> 
     </span>
    </p>
   </div>
   <div class='ocr_carea' id='block_1_81' title="bbox 2012 2065 3592 2137">
    <p class='ocr_par' dir='ltr' id='par_1_81' title="bbox 2012 2065 3592 2137">
     <span class='ocr_line' id='line_1_81' title="bbox 2012 2065 3592 2137; baseline 0.008 -19"><span class='ocrx_word' id='word_1_613' title='bbox 2012 2065 2234 2135; x_wconf 85' lang='lat' dir='ltr'><strong>gaverit.</strong></span> <span class='ocrx_word' id='word_1_614' title='bbox 2264 2065 2388 2120; x_wconf 70' lang='lat' dir='ltr'><strong>Hmc</strong></span> <span class='ocrx_word' id='word_1_615' title='bbox 2411 2066 2569 2136; x_wconf 90' lang='lat' dir='ltr'><strong>igitur</strong></span> <span class='ocrx_word' id='word_1_616' title='bbox 2584 2082 2704 2121; x_wconf 90' lang='lat' dir='ltr'><strong>cum</strong></span> <span class='ocrx_word' id='word_1_617' title='bbox 2729 2067 2843 2137; x_wconf 89' lang='lat' dir='ltr'><strong>ipse</strong></span> <span class='ocrx_word' id='word_1_618' title='bbox 2867 2068 3113 2125; x_wconf 84' lang='lat' dir='ltr'><strong>diabolus</strong></span> <span class='ocrx_word' id='word_1_619' title='bbox 3135 2071 3320 2136; x_wconf 87' lang='lat' dir='ltr'><strong>sciret,</strong></span> <span class='ocrx_word' id='word_1_620' title='bbox 3344 2073 3552 2129; x_wconf 88' lang='lat' dir='ltr'><strong>dicebat</strong></span> <span class='ocrx_word' id='word_1_621' title='bbox 3577 2091 3592 2130; x_wconf 87' lang='lat'><strong>:</strong></span> 
     </span>
    </p>
   </div>
   <div class='ocr_carea' id='block_1_82' title="bbox 2013 2156 3595 2235">
    <p class='ocr_par' dir='ltr' id='par_1_82' title="bbox 2013 2156 3595 2235">
     <span class='ocr_line' id='line_1_82' title="bbox 2013 2156 3595 2235; baseline 0.006 -24"><span class='ocrx_word' id='word_1_622' title='bbox 2013 2156 2208 2211; x_wconf 71' lang='lat' dir='ltr'><strong>Pellem</strong></span> <span class='ocrx_word' id='word_1_623' title='bbox 2232 2174 2324 2227; x_wconf 85' lang='lat' dir='ltr'><strong>pro</strong></span> <span class='ocrx_word' id='word_1_624' title='bbox 2350 2158 2501 2227; x_wconf 79' lang='lat' dir='ltr'><strong>pelle,</strong></span> <span class='ocrx_word' id='word_1_625' title='bbox 2543 2167 2591 2211; x_wconf 85' lang='lat' dir='ltr'><strong>et</strong></span> <span class='ocrx_word' id='word_1_626' title='bbox 2617 2160 2786 2212; x_wconf 81' lang='lat' dir='ltr'><strong>omnia</strong></span> <span class='ocrx_word' id='word_1_627' title='bbox 2813 2176 2926 2229; x_wconf 80' lang='lat' dir='ltr'><strong>qua:</strong></span> <span class='ocrx_word' id='word_1_628' title='bbox 2954 2160 3099 2215; x_wconf 79' lang='lat' dir='ltr'><strong>habet</strong></span> <span class='ocrx_word' id='word_1_629' title='bbox 3139 2161 3307 2227; x_wconf 82' lang='lat' dir='ltr'><strong>Immo,</strong></span> <span class='ocrx_word' id='word_1_630' title='bbox 3338 2164 3475 2219; x_wconf 85' lang='lat' dir='ltr'><strong>dabit</strong></span> <span class='ocrx_word' id='word_1_631' title='bbox 3504 2184 3595 2235; x_wconf 78' lang='lat' dir='ltr'><strong>pro</strong></span> 
     </span>
    </p>
   </div>
   <div class='ocr_carea' id='block_1_83' title="bbox 2010 2248 3594 2322">
    <p class='ocr_par' dir='ltr' id='par_1_83' title="bbox 2010 2248 3594 2322">
     <span class='ocr_line' id='line_1_83' title="bbox 2010 2248 3594 2322; baseline 0.007 -23"><span class='ocrx_word' id='word_1_632' title='bbox 2010 2248 2183 2300; x_wconf 86' lang='lat' dir='ltr'><strong>anima</strong></span> <span class='ocrx_word' id='word_1_633' title='bbox 2213 2263 2305 2299; x_wconf 85' lang='lat' dir='ltr'><strong>sua</strong></span> <span class='ocrx_word' id='word_1_634' title='bbox 2334 2248 2462 2301; x_wconf 78' lang='lat' dir='ltr'><strong>:scd</strong></span> <span class='ocrx_word' id='word_1_635' title='bbox 2488 2248 2626 2301; x_wconf 85' lang='lat' dir='ltr'><strong>mitte</strong></span> <span class='ocrx_word' id='word_1_636' title='bbox 2675 2266 2883 2303; x_wconf 86' lang='lat' dir='ltr'><strong>manum</strong></span> <span class='ocrx_word' id='word_1_637' title='bbox 2910 2260 3069 2317; x_wconf 82' lang='lat' dir='ltr'><strong>luant,</strong></span> <span class='ocrx_word' id='word_1_638' title='bbox 3112 2263 3161 2305; x_wconf 81' lang='lat' dir='ltr'><strong>et</strong></span> <span class='ocrx_word' id='word_1_639' title='bbox 3200 2263 3349 2322; x_wconf 80' lang='lat' dir='ltr'><strong>tange</strong></span> <span class='ocrx_word' id='word_1_640' title='bbox 3392 2271 3594 2309; x_wconf 82' lang='lat' dir='ltr'><strong>carnem</strong></span> 
     </span>
    </p>
   </div>
   <div class='ocr_carea' id='block_1_84' title="bbox 2012 2336 3596 2408">
    <p class='ocr_par' dir='ltr' id='par_1_84' title="bbox 2012 2336 3596 2408">
     <span class='ocr_line' id='line_1_84' title="bbox 2012 2336 3596 2408; baseline 0.009 -19"><span class='ocrx_word' id='word_1_641' title='bbox 2012 2338 2120 2406; x_wconf 84' lang='lat' dir='ltr'><strong>ejus</strong></span> <span class='ocrx_word' id='word_1_642' title='bbox 2143 2336 2262 2405; x_wconf 84' lang='lat' dir='ltr'><strong>(Job</strong></span> <span class='ocrx_word' id='word_1_643' title='bbox 2288 2337 2343 2390; x_wconf 75' lang='grc'><strong>9..</strong></span> <span class='ocrx_word' id='word_1_644' title='bbox 2380 2338 2456 2408; x_wconf 76' lang='grc'><strong>4).</strong></span> <span class='ocrx_word' id='word_1_645' title='bbox 2493 2338 2646 2393; x_wconf 86' lang='lat' dir='ltr'><strong>Unde</strong></span> <span class='ocrx_word' id='word_1_646' title='bbox 2678 2340 2849 2408; x_wconf 89' lang='lat' dir='ltr'><strong>palam</strong></span> <span class='ocrx_word' id='word_1_647' title='bbox 2883 2351 2965 2395; x_wconf 87' lang='lat' dir='ltr'><strong>est</strong></span> <span class='ocrx_word' id='word_1_648' title='bbox 3009 2340 3147 2397; x_wconf 87' lang='lat' dir='ltr'><strong>hanc</strong></span> <span class='ocrx_word' id='word_1_649' title='bbox 3188 2344 3437 2400; x_wconf 87' lang='lat' dir='ltr'><strong>virtutem</strong></span> <span class='ocrx_word' id='word_1_650' title='bbox 3472 2362 3596 2403; x_wconf 87' lang='lat' dir='ltr'><strong>esse</strong></span> 
     </span>
    </p>
   </div>
   <div class='ocr_carea' id='block_1_85' title="bbox 2011 2428 3595 2506">
    <p class='ocr_par' dir='ltr' id='par_1_85' title="bbox 2011 2428 3595 2506">
     <span class='ocr_line' id='line_1_85' title="bbox 2011 2428 3595 2506; baseline 0.009 -28"><span class='ocrx_word' id='word_1_651' title='bbox 2011 2428 2247 2481; x_wconf 87' lang='lat' dir='ltr'><strong>omnium</strong></span> <span class='ocrx_word' id='word_1_652' title='bbox 2287 2441 2616 2495; x_wconf 88' lang='lat' dir='ltr'><strong>supremam,</strong></span> <span class='ocrx_word' id='word_1_653' title='bbox 2669 2442 2896 2499; x_wconf 84' lang='lat' dir='ltr'><strong>quaeque</strong></span> <span class='ocrx_word' id='word_1_654' title='bbox 2952 2432 3091 2486; x_wconf 90' lang='lat' dir='ltr'><strong>virili</strong></span> <span class='ocrx_word' id='word_1_655' title='bbox 3137 2441 3191 2486; x_wconf 91' lang='lat' dir='ltr'><strong>ct</strong></span> <span class='ocrx_word' id='word_1_656' title='bbox 3230 2432 3403 2489; x_wconf 82' lang='lat' dir='ltr'><strong>ferrea</strong></span> <span class='ocrx_word' id='word_1_657' title='bbox 3460 2452 3595 2506; x_wconf 87' lang='lat' dir='ltr'><strong>opus</strong></span> 
     </span>
    </p>
   </div>
   <div class='ocr_carea' id='block_1_86' title="bbox 2014 2519 3596 2598">
    <p class='ocr_par' dir='ltr' id='par_1_86' title="bbox 2014 2519 3596 2598">
     <span class='ocr_line' id='line_1_86' title="bbox 2014 2519 3596 2598; baseline 0.008 -25"><span class='ocrx_word' id='word_1_658' title='bbox 2014 2519 2208 2574; x_wconf 88' lang='lat' dir='ltr'><strong>habeat</strong></span> <span class='ocrx_word' id='word_1_659' title='bbox 2245 2520 2459 2587; x_wconf 89' lang='lat' dir='ltr'><strong>anima;</strong></span> <span class='ocrx_word' id='word_1_660' title='bbox 2492 2521 2755 2590; x_wconf 85' lang='lat' dir='ltr'><strong>siquidem</strong></span> <span class='ocrx_word' id='word_1_661' title='bbox 2798 2523 2980 2579; x_wconf 86' lang='lat' dir='ltr'><strong>videre</strong></span> <span class='ocrx_word' id='word_1_662' title='bbox 3025 2540 3211 2594; x_wconf 87' lang='lat' dir='ltr'><strong>posses</strong></span> <span class='ocrx_word' id='word_1_663' title='bbox 3239 2539 3467 2598; x_wconf 89' lang='lat' dir='ltr'><strong>quantus</strong></span> <span class='ocrx_word' id='word_1_664' title='bbox 3507 2532 3596 2586; x_wconf 84' lang='lat' dir='ltr'><strong>ille</strong></span> 
     </span>
    </p>
   </div>
   <div class='ocr_carea' id='block_1_87' title="bbox 2010 2612 3596 2679">
    <p class='ocr_par' dir='ltr' id='par_1_87' title="bbox 2010 2612 3596 2679">
     <span class='ocr_line' id='line_1_87' title="bbox 2010 2612 3596 2679; baseline 0.008 -13"><span class='ocrx_word' id='word_1_665' title='bbox 2010 2620 2128 2667; x_wconf 80' lang='lat' dir='ltr'><strong>erat</strong></span> <span class='ocrx_word' id='word_1_666' title='bbox 2175 2612 2227 2667; x_wconf 89' lang='lat' dir='ltr'><strong>in</strong></span> <span class='ocrx_word' id='word_1_667' title='bbox 2286 2613 2694 2668; x_wconf 84' lang='lat' dir='ltr'><strong>tentationibns.</strong></span> <span class='ocrx_word' id='word_1_668' title='bbox 2747 2614 2880 2668; x_wconf 83' lang='lat' dir='ltr'><strong>Rem</strong></span> <span class='ocrx_word' id='word_1_669' title='bbox 2930 2615 3075 2671; x_wconf 86' lang='lat' dir='ltr'><strong>enim</strong></span> <span class='ocrx_word' id='word_1_670' title='bbox 3121 2631 3299 2673; x_wconf 78' lang='lat' dir='ltr'><strong>Sermo</strong></span> <span class='ocrx_word' id='word_1_671' title='bbox 3346 2631 3596 2679; x_wconf 78' lang='lat' dir='ltr'><strong>ateurate</strong></span> 
     </span>
    </p>
   </div>
   <div class='ocr_carea' id='block_1_88' title="bbox 2010 2702 3599 2778">
    <p class='ocr_par' dir='ltr' id='par_1_88' title="bbox 2010 2702 3599 2778">
     <span class='ocr_line' id='line_1_88' title="bbox 2010 2702 3599 2778; baseline 0.008 -21"><span class='ocrx_word' id='word_1_672' title='bbox 2010 2702 2267 2758; x_wconf 79' lang='lat' dir='ltr'><strong>exhibere</strong></span> <span class='ocrx_word' id='word_1_673' title='bbox 2296 2718 2401 2757; x_wconf 91' lang='lat' dir='ltr'><strong>non</strong></span> <span class='ocrx_word' id='word_1_674' title='bbox 2434 2705 2623 2773; x_wconf 90' lang='lat' dir='ltr'><strong>potuit.</strong></span> <span class='ocrx_word' id='word_1_675' title='bbox 2661 2703 2908 2759; x_wconf 88' lang='lat' dir='ltr'><strong>Dolorem</strong></span> <span class='ocrx_word' id='word_1_676' title='bbox 2936 2707 3100 2773; x_wconf 90' lang='lat' dir='ltr'><strong>enim,</strong></span> <span class='ocrx_word' id='word_1_677' title='bbox 3138 2710 3396 2778; x_wconf 86' lang='lat' dir='ltr'><strong>supplicia</strong></span> <span class='ocrx_word' id='word_1_678' title='bbox 3420 2754 3433 2778; x_wconf 91' lang='lat'><strong>,</strong></span> <span class='ocrx_word' id='word_1_679' title='bbox 3464 2726 3599 2769; x_wconf 64' lang='lat' dir='ltr'><strong>mm-</strong></span> 
     </span>
    </p>
   </div>
   <div class='ocr_carea' id='block_1_89' title="bbox 2009 2795 3595 2867">
    <p class='ocr_par' dir='ltr' id='par_1_89' title="bbox 2009 2795 3595 2867">
     <span class='ocr_line' id='line_1_89' title="bbox 2009 2795 3595 2867; baseline 0.006 -17"><span class='ocrx_word' id='word_1_680' title='bbox 2009 2795 2148 2851; x_wconf 90' lang='lat' dir='ltr'><strong>roris</strong></span> <span class='ocrx_word' id='word_1_681' title='bbox 2175 2795 2534 2867; x_wconf 80' lang='lat' dir='ltr'><strong>tyrannidem,</strong></span> <span class='ocrx_word' id='word_1_682' title='bbox 2573 2807 2627 2852; x_wconf 91' lang='lat' dir='ltr'><strong>et</strong></span> <span class='ocrx_word' id='word_1_683' title='bbox 2653 2798 3110 2867; x_wconf 89' lang='lat' dir='ltr'><strong>perturbationem</strong></span> <span class='ocrx_word' id='word_1_684' title='bbox 3141 2815 3205 2856; x_wconf 82' lang='lat' dir='ltr'><strong>ex</strong></span> <span class='ocrx_word' id='word_1_685' title='bbox 3247 2812 3324 2857; x_wconf 92' lang='lat' dir='ltr'><strong>tot</strong></span> <span class='ocrx_word' id='word_1_686' title='bbox 3354 2804 3595 2862; x_wconf 86' lang='lat' dir='ltr'><strong>tristilms</strong></span> 
     </span>
    </p>
   </div>
   <div class='ocr_carea' id='block_1_90' title="bbox 2008 2890 3594 2967">
    <p class='ocr_par' dir='ltr' id='par_1_90' title="bbox 2008 2890 3594 2967">
     <span class='ocr_line' id='line_1_90' title="bbox 2008 2890 3594 2967; baseline 0.007 -24"><span class='ocrx_word' id='word_1_687' title='bbox 2008 2890 2172 2946; x_wconf 88' lang='lat' dir='ltr'><strong>rebus</strong></span> <span class='ocrx_word' id='word_1_688' title='bbox 2214 2898 2408 2955; x_wconf 85' lang='lat' dir='ltr'><strong>ortam,</strong></span> <span class='ocrx_word' id='word_1_689' title='bbox 2453 2890 2595 2945; x_wconf 88' lang='lat' dir='ltr'><strong>nulla</strong></span> <span class='ocrx_word' id='word_1_690' title='bbox 2641 2893 2721 2945; x_wconf 91' lang='lat' dir='ltr'><strong>vis</strong></span> <span class='ocrx_word' id='word_1_691' title='bbox 2766 2894 3034 2947; x_wconf 80' lang='lat' dir='ltr'><strong>sermonis</strong></span> <span class='ocrx_word' id='word_1_692' title='bbox 3079 2893 3274 2950; x_wconf 84' lang='lat' dir='ltr'><strong>cil&#39;erre</strong></span> <span class='ocrx_word' id='word_1_693' title='bbox 3301 2896 3378 2951; x_wconf 84' lang='lat' dir='ltr'><strong>sic</strong></span> <span class='ocrx_word' id='word_1_694' title='bbox 3419 2907 3594 2967; x_wconf 86' lang='lat' dir='ltr'><strong>potest</strong></span> 
     </span>
    </p>
   </div>
   <div class='ocr_carea' id='block_1_91' title="bbox 2006 2981 3232 3055">
    <p class='ocr_par' dir='ltr' id='par_1_91' title="bbox 2006 2981 3232 3055">
     <span class='ocr_line' id='line_1_91' title="bbox 2006 2981 3232 3055; baseline 0.004 -19"><span class='ocrx_word' id='word_1_695' title='bbox 2006 2981 2367 3047; x_wconf 87' lang='lat' dir='ltr'><strong>audientibus,</strong></span> <span class='ocrx_word' id='word_1_696' title='bbox 2396 2992 2454 3037; x_wconf 91' lang='lat' dir='ltr'><strong>ut</strong></span> <span class='ocrx_word' id='word_1_697' title='bbox 2501 2982 2612 3052; x_wconf 88' lang='lat' dir='ltr'><strong>ipsa</strong></span> <span class='ocrx_word' id='word_1_698' title='bbox 2654 2999 2834 3037; x_wconf 88' lang='lat' dir='ltr'><strong>rerum</strong></span> <span class='ocrx_word' id='word_1_699' title='bbox 2879 2986 3232 3055; x_wconf 81' lang='lat' dir='ltr'><strong>experientia.</strong></span> 
     </span>
    </p>
   </div>
   <div class='ocr_carea' id='block_1_92' title="bbox 2078 3073 3592 3154">
    <p class='ocr_par' dir='ltr' id='par_1_92' title="bbox 2078 3073 3592 3154">
     <span class='ocr_line' id='line_1_92' title="bbox 2078 3073 3592 3154; baseline 0.008 -27"><span class='ocrx_word' id='word_1_700' title='bbox 2078 3073 2134 3128; x_wconf 75' lang='grc'><strong>4.</strong></span> <span class='ocrx_word' id='word_1_701' title='bbox 2175 3073 2288 3143; x_wconf 79' lang='lat' dir='ltr'><strong>Age</strong></span> <span class='ocrx_word' id='word_1_702' title='bbox 2312 3088 2441 3142; x_wconf 87' lang='lat' dir='ltr'><strong>ergo</strong></span> <span class='ocrx_word' id='word_1_703' title='bbox 2463 3073 2611 3127; x_wconf 92' lang='lat' dir='ltr'><strong>illum</strong></span> <span class='ocrx_word' id='word_1_704' title='bbox 2642 3074 2735 3129; x_wconf 91' lang='lat' dir='ltr'><strong>tibi</strong></span> <span class='ocrx_word' id='word_1_705' title='bbox 2778 3075 2938 3130; x_wconf 89' lang='lat' dir='ltr'><strong>etiam</strong></span> <span class='ocrx_word' id='word_1_706' title='bbox 2964 3079 3274 3133; x_wconf 89' lang='lat' dir='ltr'><strong>monstrabo</strong></span> <span class='ocrx_word' id='word_1_707' title='bbox 3298 3080 3423 3154; x_wconf 90' lang='lat' dir='ltr'><strong>(boc</strong></span> <span class='ocrx_word' id='word_1_708' title='bbox 3448 3084 3592 3138; x_wconf 89' lang='lat' dir='ltr'><strong>enim</strong></span> 
     </span>
    </p>
   </div>
   <div class='ocr_carea' id='block_1_93' title="bbox 2008 3164 3591 3243">
    <p class='ocr_par' dir='ltr' id='par_1_93' title="bbox 2008 3164 3591 3243">
     <span class='ocr_line' id='line_1_93' title="bbox 2008 3164 3591 3243; baseline 0.006 -24"><span class='ocrx_word' id='word_1_709' title='bbox 2008 3180 2115 3219; x_wconf 92' lang='lat' dir='ltr'><strong>non</strong></span> <span class='ocrx_word' id='word_1_710' title='bbox 2142 3164 2410 3217; x_wconf 83' lang='lat' dir='ltr'><strong>modicum</strong></span> <span class='ocrx_word' id='word_1_711' title='bbox 2441 3173 2543 3225; x_wconf 90' lang='lat' dir='ltr'><strong>est,</strong></span> <span class='ocrx_word' id='word_1_712' title='bbox 2577 3164 2672 3218; x_wconf 87' lang='lat' dir='ltr'><strong>sed</strong></span> <span class='ocrx_word' id='word_1_713' title='bbox 2705 3164 2886 3219; x_wconf 91' lang='lat' dir='ltr'><strong>animo</strong></span> <span class='ocrx_word' id='word_1_714' title='bbox 2912 3166 3070 3221; x_wconf 88' lang='lat' dir='ltr'><strong>valde</strong></span> <span class='ocrx_word' id='word_1_715' title='bbox 3109 3169 3427 3241; x_wconf 89' lang='lat' dir='ltr'><strong>philosopho</strong></span> <span class='ocrx_word' id='word_1_716' title='bbox 3455 3188 3591 3243; x_wconf 80' lang='lat' dir='ltr'><strong>apus</strong></span> 
     </span>
    </p>
   </div>
   <div class='ocr_carea' id='block_1_94' title="bbox 2009 3254 3590 3329">
    <p class='ocr_par' dir='ltr' id='par_1_94' title="bbox 2009 3254 3590 3329">
     <span class='ocr_line' id='line_1_94' title="bbox 2009 3254 3590 3329; baseline 0.007 -21"><span class='ocrx_word' id='word_1_717' title='bbox 2009 3254 2274 3325; x_wconf 89' lang='lat' dir='ltr'><strong>habentis)</strong></span> <span class='ocrx_word' id='word_1_718' title='bbox 2298 3254 2349 3308; x_wconf 91' lang='lat' dir='ltr'><strong>in</strong></span> <span class='ocrx_word' id='word_1_719' title='bbox 2376 3254 2580 3309; x_wconf 90' lang='lat' dir='ltr'><strong>divitiis</strong></span> <span class='ocrx_word' id='word_1_720' title='bbox 2602 3264 2657 3309; x_wconf 92' lang='lat' dir='ltr'><strong>et</strong></span> <span class='ocrx_word' id='word_1_721' title='bbox 2680 3256 2730 3308; x_wconf 92' lang='lat' dir='ltr'><strong>in</strong></span> <span class='ocrx_word' id='word_1_722' title='bbox 2754 3255 3028 3327; x_wconf 87' lang='lat' dir='ltr'><strong>opulentia</strong></span> <span class='ocrx_word' id='word_1_723' title='bbox 3062 3274 3305 3329; x_wconf 89' lang='lat' dir='ltr'><strong>magnam</strong></span> <span class='ocrx_word' id='word_1_724' title='bbox 3331 3264 3590 3319; x_wconf 80' lang='lat' dir='ltr'><strong>exhiben-</strong></span> 
     </span>
    </p>
   </div>
   <div class='ocr_carea' id='block_1_95' title="bbox 2008 3344 3591 3417">
    <p class='ocr_par' dir='ltr' id='par_1_95' title="bbox 2008 3344 3591 3417">
     <span class='ocr_line' id='line_1_95' title="bbox 2008 3344 3591 3417; baseline 0.006 -16"><span class='ocrx_word' id='word_1_725' title='bbox 2008 3356 2115 3402; x_wconf 88' lang='lat' dir='ltr'><strong>tem</strong></span> <span class='ocrx_word' id='word_1_726' title='bbox 2130 3344 2543 3416; x_wconf 80' lang='lat' dir='ltr'><strong>phil050phiam.</strong></span> <span class='ocrx_word' id='word_1_727' title='bbox 2568 3344 2754 3413; x_wconf 88' lang='lat' dir='ltr'><strong>Qualis</strong></span> <span class='ocrx_word' id='word_1_728' title='bbox 2778 3346 2941 3416; x_wconf 85' lang='lat' dir='ltr'><strong>igitur</strong></span> <span class='ocrx_word' id='word_1_729' title='bbox 2960 3359 3075 3402; x_wconf 89' lang='lat' dir='ltr'><strong>erat</strong></span> <span class='ocrx_word' id='word_1_730' title='bbox 3097 3364 3215 3403; x_wconf 91' lang='lat' dir='ltr'><strong>cum</strong></span> <span class='ocrx_word' id='word_1_731' title='bbox 3241 3352 3391 3406; x_wconf 88' lang='lat' dir='ltr'><strong>dives</strong></span> <span class='ocrx_word' id='word_1_732' title='bbox 3407 3356 3591 3417; x_wconf 70' lang='lat' dir='ltr'><strong>esset!</strong></span> 
     </span>
    </p>
   </div>
   <div class='ocr_carea' id='block_1_96' title="bbox 2005 3434 3586 3513">
    <p class='ocr_par' dir='ltr' id='par_1_96' title="bbox 2005 3434 3586 3513">
     <span class='ocr_line' id='line_1_96' title="bbox 2005 3434 3586 3513; baseline 0.004 -21"><span class='ocrx_word' id='word_1_733' title='bbox 2005 3436 2318 3492; x_wconf 89' lang='lat' dir='ltr'><strong>Communis</strong></span> <span class='ocrx_word' id='word_1_734' title='bbox 2338 3434 2574 3489; x_wconf 91' lang='lat' dir='ltr'><strong>omnium</strong></span> <span class='ocrx_word' id='word_1_735' title='bbox 2602 3445 2806 3505; x_wconf 68' lang='lat' dir='ltr'><strong>portus,</strong></span> <span class='ocrx_word' id='word_1_736' title='bbox 2830 3438 3129 3491; x_wconf 87' lang='lat' dir='ltr'><strong>connnunis</strong></span> <span class='ocrx_word' id='word_1_737' title='bbox 3158 3440 3392 3495; x_wconf 87' lang='lat' dir='ltr'><strong>onmium</strong></span> <span class='ocrx_word' id='word_1_738' title='bbox 3416 3451 3586 3513; x_wconf 85' lang='lat' dir='ltr'><strong>pater,</strong></span> 
     </span>
    </p>
   </div>
   <div class='ocr_carea' id='block_1_97' title="bbox 2005 3526 3589 3600">
    <p class='ocr_par' dir='ltr' id='par_1_97' title="bbox 2005 3526 3589 3600">
     <span class='ocr_line' id='line_1_97' title="bbox 2005 3526 3589 3600; baseline 0.004 -17"><span class='ocrx_word' id='word_1_739' title='bbox 2005 3528 2304 3584; x_wconf 90' lang='lat' dir='ltr'><strong>communis</strong></span> <span class='ocrx_word' id='word_1_740' title='bbox 2334 3526 2603 3592; x_wconf 90' lang='lat' dir='ltr'><strong>medicus;</strong></span> <span class='ocrx_word' id='word_1_741' title='bbox 2654 3528 2762 3581; x_wconf 84' lang='lat' dir='ltr'><strong>imo</strong></span> <span class='ocrx_word' id='word_1_742' title='bbox 2794 3529 3011 3584; x_wconf 85' lang='lat' dir='ltr'><strong>medico</strong></span> <span class='ocrx_word' id='word_1_743' title='bbox 3041 3530 3211 3600; x_wconf 90' lang='lat' dir='ltr'><strong>major</strong></span> <span class='ocrx_word' id='word_1_744' title='bbox 3242 3549 3256 3587; x_wconf 87' lang='lat'><strong>;</strong></span> <span class='ocrx_word' id='word_1_745' title='bbox 3285 3532 3407 3587; x_wconf 90' lang='lat' dir='ltr'><strong>audi</strong></span> <span class='ocrx_word' id='word_1_746' title='bbox 3437 3550 3589 3589; x_wconf 83' lang='lat' dir='ltr'><strong>nam-</strong></span> 
     </span>
    </p>
   </div>
   <div class='ocr_carea' id='block_1_98' title="bbox 2004 3618 3587 3696">
    <p class='ocr_par' dir='ltr' id='par_1_98' title="bbox 2004 3618 3587 3696">
     <span class='ocr_line' id='line_1_98' title="bbox 2004 3618 3587 3696; baseline 0.004 -22"><span class='ocrx_word' id='word_1_747' title='bbox 2004 3635 2110 3691; x_wconf 90' lang='lat' dir='ltr'><strong>que</strong></span> <span class='ocrx_word' id='word_1_748' title='bbox 2138 3636 2259 3677; x_wconf 89' lang='lat' dir='ltr'><strong>eum</strong></span> <span class='ocrx_word' id='word_1_749' title='bbox 2296 3619 2565 3675; x_wconf 88' lang='lat' dir='ltr'><strong>dicentem</strong></span> <span class='ocrx_word' id='word_1_750' title='bbox 2600 3637 2615 3674; x_wconf 90' lang='lat'><strong>:</strong></span> <span class='ocrx_word' id='word_1_751' title='bbox 2652 3618 2759 3691; x_wconf 85' lang='lat' dir='ltr'><strong>Ego</strong></span> <span class='ocrx_word' id='word_1_752' title='bbox 2799 3636 2939 3674; x_wconf 61' lang='lat' dir='ltr'><strong>nam</strong></span> <span class='ocrx_word' id='word_1_753' title='bbox 2975 3623 3151 3675; x_wconf 84' lang='lat' dir='ltr'><strong>oculus</strong></span> <span class='ocrx_word' id='word_1_754' title='bbox 3191 3638 3457 3690; x_wconf 65' lang='lat' dir='ltr'><strong>caecorum,</strong></span> <span class='ocrx_word' id='word_1_755' title='bbox 3500 3644 3587 3696; x_wconf 77' lang='lat' dir='ltr'><strong>pes</strong></span> 
     </span>
    </p>
   </div>
   <div class='ocr_carea' id='block_1_99' title="bbox 2004 3712 3586 3783">
    <p class='ocr_par' dir='ltr' id='par_1_99' title="bbox 2004 3712 3586 3783">
     <span class='ocr_line' id='line_1_99' title="bbox 2004 3712 3586 3783; baseline 0.003 -15"><span class='ocrx_word' id='word_1_756' title='bbox 2004 3714 2304 3768; x_wconf 89' lang='lat' dir='ltr'><strong>claudorum</strong></span> <span class='ocrx_word' id='word_1_757' title='bbox 2336 3712 2455 3783; x_wconf 88' lang='lat' dir='ltr'><strong>(Job</strong></span> <span class='ocrx_word' id='word_1_758' title='bbox 2482 3712 2570 3767; x_wconf 75' lang='lat'><strong>29.</strong></span> <span class='ocrx_word' id='word_1_759' title='bbox 2601 3712 2715 3783; x_wconf 77' lang='grc'><strong>15).</strong></span> <span class='ocrx_word' id='word_1_760' title='bbox 2749 3712 2938 3769; x_wconf 83' lang='lat' dir='ltr'><strong>Viden‘</strong></span> <span class='ocrx_word' id='word_1_761' title='bbox 2977 3715 3245 3782; x_wconf 88' lang='lat' dir='ltr'><strong>quomodo</strong></span> <span class='ocrx_word' id='word_1_762' title='bbox 3267 3716 3473 3773; x_wconf 89' lang='lat' dir='ltr'><strong>medico</strong></span> <span class='ocrx_word' id='word_1_763' title='bbox 3515 3720 3586 3774; x_wconf 88' lang='lat' dir='ltr'><strong>sit</strong></span> 
     </span>
    </p>
   </div>
   <div class='ocr_carea' id='block_1_100' title="bbox 2004 3805 3586 3877">
    <p class='ocr_par' dir='ltr' id='par_1_100' title="bbox 2004 3805 3586 3877">
     <span class='ocr_line' id='line_1_100' title="bbox 2004 3805 3586 3877; baseline 0.003 -15"><span class='ocrx_word' id='word_1_764' title='bbox 2004 3807 2216 3875; x_wconf 76' lang='lat' dir='ltr'><strong>major?</strong></span> <span class='ocrx_word' id='word_1_765' title='bbox 2232 3806 2444 3861; x_wconf 82' lang='lat' dir='ltr'><strong>Naturae</strong></span> <span class='ocrx_word' id='word_1_766' title='bbox 2466 3805 2635 3860; x_wconf 87' lang='lat' dir='ltr'><strong>vicem</strong></span> <span class='ocrx_word' id='word_1_767' title='bbox 2660 3806 2850 3877; x_wconf 89' lang='lat' dir='ltr'><strong>agebat</strong></span> <span class='ocrx_word' id='word_1_768' title='bbox 2866 3822 2990 3876; x_wconf 89' lang='lat' dir='ltr'><strong>erga</strong></span> <span class='ocrx_word' id='word_1_769' title='bbox 3014 3808 3233 3862; x_wconf 89' lang='lat' dir='ltr'><strong>mutilos</strong></span> <span class='ocrx_word' id='word_1_770' title='bbox 3254 3818 3307 3864; x_wconf 89' lang='lat' dir='ltr'><strong>et</strong></span> <span class='ocrx_word' id='word_1_771' title='bbox 3329 3812 3586 3867; x_wconf 69' lang='lat' dir='ltr'><strong>mancos?</strong></span> 
     </span>
    </p>
   </div>
   <div class='ocr_carea' id='block_1_101' title="bbox 2005 3895 3588 3968">
    <p class='ocr_par' dir='ltr' id='par_1_101' title="bbox 2005 3895 3588 3968">
     <span class='ocr_line' id='line_1_101' title="bbox 2005 3895 3588 3968; baseline 0.003 -15"><span class='ocrx_word' id='word_1_772' title='bbox 2005 3907 2060 3954; x_wconf 94' lang='lat' dir='ltr'><strong>et</strong></span> <span class='ocrx_word' id='word_1_773' title='bbox 2089 3897 2230 3967; x_wconf 89' lang='lat' dir='ltr'><strong>quod</strong></span> <span class='ocrx_word' id='word_1_774' title='bbox 2264 3911 2367 3951; x_wconf 91' lang='lat' dir='ltr'><strong>non</strong></span> <span class='ocrx_word' id='word_1_775' title='bbox 2416 3906 2664 3967; x_wconf 85' lang='lat' dir='ltr'><strong>pateram</strong></span> <span class='ocrx_word' id='word_1_776' title='bbox 2698 3895 2889 3951; x_wconf 88' lang='lat' dir='ltr'><strong>medici</strong></span> <span class='ocrx_word' id='word_1_777' title='bbox 2926 3906 3043 3953; x_wconf 88' lang='lat' dir='ltr'><strong>arte</strong></span> <span class='ocrx_word' id='word_1_778' title='bbox 3084 3901 3375 3968; x_wconf 87' lang='lat' dir='ltr'><strong>corrigere,</strong></span> <span class='ocrx_word' id='word_1_779' title='bbox 3414 3900 3463 3955; x_wconf 92' lang='lat' dir='ltr'><strong>id</strong></span> <span class='ocrx_word' id='word_1_780' title='bbox 3496 3900 3588 3958; x_wconf 87' lang='lat' dir='ltr'><strong>ille</strong></span> 
     </span>
    </p>
   </div>
   <div class='ocr_carea' id='block_1_102' title="bbox 2004 3987 3588 4049">
    <p class='ocr_par' dir='ltr' id='par_1_102' title="bbox 2004 3987 3588 4049">
     <span class='ocr_line' id='line_1_102' title="bbox 2004 3987 3588 4049; baseline 0.003 -6"><span class='ocrx_word' id='word_1_781' title='bbox 2004 3987 2279 4043; x_wconf 80' lang='lat' dir='ltr'><strong>reficiebat</strong></span> <span class='ocrx_word' id='word_1_782' title='bbox 2306 3987 2694 4049; x_wconf 86' lang='lat' dir='ltr'><strong>consolatione,</strong></span> <span class='ocrx_word' id='word_1_783' title='bbox 2721 3987 2790 4041; x_wconf 93' lang='lat' dir='ltr'><strong>ob</strong></span> <span class='ocrx_word' id='word_1_784' title='bbox 2816 3987 3037 4042; x_wconf 90' lang='lat' dir='ltr'><strong>multam</strong></span> <span class='ocrx_word' id='word_1_785' title='bbox 3067 3988 3209 4045; x_wconf 88' lang='lat' dir='ltr'><strong>circa</strong></span> <span class='ocrx_word' id='word_1_786' title='bbox 3239 3990 3357 4046; x_wconf 83' lang='lat' dir='ltr'><strong>illos</strong></span> <span class='ocrx_word' id='word_1_787' title='bbox 3393 3991 3588 4048; x_wconf 82' lang='lat' dir='ltr'><strong>sollici-</strong></span> 
     </span>
    </p>
   </div>
   <div class='ocr_carea' id='block_1_103' title="bbox 2006 4078 3585 4155">
    <p class='ocr_par' dir='ltr' id='par_1_103' title="bbox 2006 4078 3585 4155">
     <span class='ocr_line' id='line_1_103' title="bbox 2006 4078 3585 4155; baseline 0.005 -21"><span class='ocrx_word' id='word_1_788' title='bbox 2006 4079 2243 4134; x_wconf 88' lang='lat' dir='ltr'><strong>tudinem</strong></span> <span class='ocrx_word' id='word_1_789' title='bbox 2271 4079 2633 4134; x_wconf 89' lang='lat' dir='ltr'><strong>membrorum</strong></span> <span class='ocrx_word' id='word_1_790' title='bbox 2662 4078 2831 4133; x_wconf 92' lang='lat' dir='ltr'><strong>vicem</strong></span> <span class='ocrx_word' id='word_1_791' title='bbox 2863 4079 2992 4148; x_wconf 88' lang='lat' dir='ltr'><strong>ipsis</strong></span> <span class='ocrx_word' id='word_1_792' title='bbox 3017 4093 3230 4149; x_wconf 89' lang='lat' dir='ltr'><strong>gerens.</strong></span> <span class='ocrx_word' id='word_1_793' title='bbox 3259 4081 3391 4137; x_wconf 88' lang='lat' dir='ltr'><strong>Nam</strong></span> <span class='ocrx_word' id='word_1_794' title='bbox 3429 4086 3585 4155; x_wconf 84' lang='lat' dir='ltr'><strong>quasi</strong></span> 
     </span>
    </p>
   </div>
   <div class='ocr_carea' id='block_1_104' title="bbox 2004 4169 3583 4250">
    <p class='ocr_par' dir='ltr' id='par_1_104' title="bbox 2004 4169 3583 4250">
     <span class='ocr_line' id='line_1_104' title="bbox 2004 4169 3583 4250; baseline 0.006 -26"><span class='ocrx_word' id='word_1_795' title='bbox 2004 4173 2144 4237; x_wconf 87' lang='lat' dir='ltr'><strong>sani,</strong></span> <span class='ocrx_word' id='word_1_796' title='bbox 2171 4169 2396 4240; x_wconf 89' lang='lat' dir='ltr'><strong>pedibus</strong></span> <span class='ocrx_word' id='word_1_797' title='bbox 2440 4170 2697 4236; x_wconf 89' lang='lat' dir='ltr'><strong>valentes,</strong></span> <span class='ocrx_word' id='word_1_798' title='bbox 2744 4180 2797 4224; x_wconf 93' lang='lat' dir='ltr'><strong>et</strong></span> <span class='ocrx_word' id='word_1_799' title='bbox 2843 4169 3085 4226; x_wconf 82' lang='lat' dir='ltr'><strong>videntes</strong></span> <span class='ocrx_word' id='word_1_800' title='bbox 3114 4172 3378 4244; x_wconf 86' lang='lat' dir='ltr'><strong>degebant</strong></span> <span class='ocrx_word' id='word_1_801' title='bbox 3417 4177 3451 4232; x_wconf 94' lang='lat' dir='ltr'><strong>ii</strong></span> <span class='ocrx_word' id='word_1_802' title='bbox 3490 4179 3583 4250; x_wconf 88' lang='lat' dir='ltr'><strong>qui</strong></span> 
     </span>
    </p>
   </div>
   <div class='ocr_carea' id='block_1_105' title="bbox 2005 4259 3590 4326">
    <p class='ocr_par' dir='ltr' id='par_1_105' title="bbox 2005 4259 3590 4326">
     <span class='ocr_line' id='line_1_105' title="bbox 2005 4259 3590 4326; baseline 0.007 -12"><span class='ocrx_word' id='word_1_803' title='bbox 2005 4260 2089 4315; x_wconf 88' lang='lat' dir='ltr'><strong>his</strong></span> <span class='ocrx_word' id='word_1_804' title='bbox 2114 4260 2353 4315; x_wconf 87' lang='lat' dir='ltr'><strong>mulctati</strong></span> <span class='ocrx_word' id='word_1_805' title='bbox 2380 4267 2533 4314; x_wconf 88' lang='lat' dir='ltr'><strong>erant</strong></span> <span class='ocrx_word' id='word_1_806' title='bbox 2557 4259 2829 4326; x_wconf 90' lang='lat' dir='ltr'><strong>membris,</strong></span> <span class='ocrx_word' id='word_1_807' title='bbox 2858 4277 2961 4316; x_wconf 91' lang='lat' dir='ltr'><strong>non</strong></span> <span class='ocrx_word' id='word_1_808' title='bbox 2992 4264 3285 4320; x_wconf 89' lang='lat' dir='ltr'><strong>sentientes</strong></span> <span class='ocrx_word' id='word_1_809' title='bbox 3317 4266 3590 4325; x_wconf 85' lang='lat' dir='ltr'><strong>claudica-</strong></span> 
     </span>
    </p>
   </div>
   <div class='ocr_carea' id='block_1_106' title="bbox 2008 4352 3587 4425">
    <p class='ocr_par' dir='ltr' id='par_1_106' title="bbox 2008 4352 3587 4425">
     <span class='ocr_line' id='line_1_106' title="bbox 2008 4352 3587 4425; baseline 0.004 -17"><span class='ocrx_word' id='word_1_810' title='bbox 2008 4354 2206 4409; x_wconf 87' lang='lat' dir='ltr'><strong>tionem</strong></span> <span class='ocrx_word' id='word_1_811' title='bbox 2240 4368 2413 4421; x_wconf 88' lang='lat' dir='ltr'><strong>neqne</strong></span> <span class='ocrx_word' id='word_1_812' title='bbox 2439 4352 2735 4406; x_wconf 72' lang='lat' dir='ltr'><strong>cmcitatem</strong></span> <span class='ocrx_word' id='word_1_813' title='bbox 2776 4354 2846 4407; x_wconf 93' lang='lat' dir='ltr'><strong>ob</strong></span> <span class='ocrx_word' id='word_1_814' title='bbox 2888 4369 3130 4423; x_wconf 87' lang='lat' dir='ltr'><strong>magnam</strong></span> <span class='ocrx_word' id='word_1_815' title='bbox 3166 4354 3282 4425; x_wconf 78' lang='lat' dir='ltr'><strong>ejus</strong></span> <span class='ocrx_word' id='word_1_816' title='bbox 3304 4358 3587 4423; x_wconf 81' lang='lat' dir='ltr'><strong>providen-</strong></span> 
     </span>
    </p>
   </div>
   <div class='ocr_carea' id='block_1_107' title="bbox 2008 4442 3588 4514">
    <p class='ocr_par' dir='ltr' id='par_1_107' title="bbox 2008 4442 3588 4514">
     <span class='ocr_line' id='line_1_107' title="bbox 2008 4442 3588 4514; baseline 0.001 -12"><span class='ocrx_word' id='word_1_817' title='bbox 2008 4446 2153 4502; x_wconf 90' lang='lat' dir='ltr'><strong>tiam.</strong></span> <span class='ocrx_word' id='word_1_818' title='bbox 2183 4444 2519 4514; x_wconf 86' lang='lat' dir='ltr'><strong>Quapropter</strong></span> <span class='ocrx_word' id='word_1_819' title='bbox 2546 4459 2651 4497; x_wconf 92' lang='lat' dir='ltr'><strong>non</strong></span> <span class='ocrx_word' id='word_1_820' title='bbox 2682 4443 2834 4509; x_wconf 83' lang='lat' dir='ltr'><strong>dixit,</strong></span> <span class='ocrx_word' id='word_1_821' title='bbox 2869 4442 2981 4514; x_wconf 83' lang='lat' dir='ltr'><strong>Ego</strong></span> <span class='ocrx_word' id='word_1_822' title='bbox 3006 4444 3256 4498; x_wconf 89' lang='lat' dir='ltr'><strong>consolor</strong></span> <span class='ocrx_word' id='word_1_823' title='bbox 3279 4445 3502 4502; x_wconf 89' lang='lat' dir='ltr'><strong>claudos</strong></span> <span class='ocrx_word' id='word_1_824' title='bbox 3531 4462 3588 4504; x_wconf 90' lang='lat' dir='ltr'><strong>et</strong></span> 
     </span>
    </p>
   </div>
   <div class='ocr_carea' id='block_1_108' title="bbox 1962 4534 3585 4601">
    <p class='ocr_par' dir='ltr' id='par_1_108' title="bbox 1962 4534 3585 4601">
     <span class='ocr_line' id='line_1_108' title="bbox 1962 4534 3585 4601; baseline -0.001 -8"><span class='ocrx_word' id='word_1_825' title='bbox 1962 4572 1963 4575; x_wconf 60' lang='grc' dir='ltr'><strong>η</strong></span> <span class='ocrx_word' id='word_1_826' title='bbox 2004 4551 2176 4593; x_wconf 72' lang='grc' dir='ltr'><strong>εαιεοε</strong></span> <span class='ocrx_word' id='word_1_827' title='bbox 2210 4554 2223 4591; x_wconf 92' lang='lat'>:</span> <span class='ocrx_word' id='word_1_828' title='bbox 2255 4536 2371 4601; x_wconf 90' lang='lat' dir='ltr'><strong>sed,</strong></span> <span class='ocrx_word' id='word_1_829' title='bbox 2406 4534 2504 4588; x_wconf 70' lang='lat' dir='ltr'><strong>Pes</strong></span> <span class='ocrx_word' id='word_1_830' title='bbox 2524 4544 2571 4588; x_wconf 81' lang='lat' dir='ltr'><strong>et</strong></span> <span class='ocrx_word' id='word_1_831' title='bbox 2596 4535 2771 4588; x_wconf 88' lang='lat' dir='ltr'><strong>oculus</strong></span> <span class='ocrx_word' id='word_1_832' title='bbox 2803 4534 3014 4588; x_wconf 90' lang='lat' dir='ltr'><strong>illormn</strong></span> <span class='ocrx_word' id='word_1_833' title='bbox 3056 4552 3227 4599; x_wconf 55' lang='lat' dir='ltr'><strong>«aut;</strong></span> <span class='ocrx_word' id='word_1_834' title='bbox 3272 4545 3327 4589; x_wconf 88' lang='lat' dir='ltr'><strong>et</strong></span> <span class='ocrx_word' id='word_1_835' title='bbox 3371 4552 3585 4601; x_wconf 88' lang='lat' dir='ltr'><strong>rursus,</strong></span> 
     </span>
    </p>
   </div>
   <div class='ocr_carea' id='block_1_109' title="bbox 2006 4623 3588 4703">
    <p class='ocr_par' dir='ltr' id='par_1_109' title="bbox 2006 4623 3588 4703">
     <span class='ocr_line' id='line_1_109' title="bbox 2006 4623 3588 4703; baseline -0.003 -17"><span class='ocrx_word' id='word_1_836' title='bbox 2006 4631 2119 4703; x_wconf 76' lang='lat' dir='ltr'><strong>Ego</strong></span> <span class='ocrx_word' id='word_1_837' title='bbox 2147 4646 2284 4683; x_wconf 83' lang='lat' dir='ltr'><strong>cram</strong></span> <span class='ocrx_word' id='word_1_838' title='bbox 2309 4639 2451 4698; x_wconf 81' lang='lat' dir='ltr'><strong>pater</strong></span> <span class='ocrx_word' id='word_1_839' title='bbox 2475 4628 2823 4694; x_wconf 86' lang='lat' dir='ltr'><strong>impotentium</strong></span> <span class='ocrx_word' id='word_1_840' title='bbox 2846 4624 3005 4694; x_wconf 88' lang='lat' dir='ltr'><strong>(Ibid.</strong></span> <span class='ocrx_word' id='word_1_841' title='bbox 3083 4623 3196 4691; x_wconf 75' lang='grc'><strong>16).</strong></span> <span class='ocrx_word' id='word_1_842' title='bbox 3284 4625 3468 4696; x_wconf 81' lang='lat' dir='ltr'><strong>Neque</strong></span> <span class='ocrx_word' id='word_1_843' title='bbox 3502 4628 3588 4683; x_wconf 84' lang='lat' dir='ltr'><strong>hic</strong></span> 
     </span>
    </p>
   </div>
   <div class='ocr_carea' id='block_1_110' title="bbox 2006 4713 3588 4787">
    <p class='ocr_par' dir='ltr' id='par_1_110' title="bbox 2006 4713 3588 4787">
     <span class='ocr_line' id='line_1_110' title="bbox 2006 4713 3588 4787; baseline -0.003 -9"><span class='ocrx_word' id='word_1_844' title='bbox 2006 4722 2155 4787; x_wconf 85' lang='lat' dir='ltr'><strong>dicit,</strong></span> <span class='ocrx_word' id='word_1_845' title='bbox 2182 4716 2831 4786; x_wconf 83' lang='lat' dir='ltr'><strong>Consolabarorphanos;</strong></span> <span class='ocrx_word' id='word_1_846' title='bbox 2861 4715 2977 4779; x_wconf 85' lang='lat' dir='ltr'><strong>sed,</strong></span> <span class='ocrx_word' id='word_1_847' title='bbox 3008 4713 3388 4770; x_wconf 83' lang='lat' dir='ltr'><strong>Paterillornm</strong></span> <span class='ocrx_word' id='word_1_848' title='bbox 3408 4734 3544 4771; x_wconf 84' lang='lat' dir='ltr'><strong>eram</strong></span> <span class='ocrx_word' id='word_1_849' title='bbox 3567 4734 3588 4774; x_wconf 90' lang='lat'><strong><em>:</em></strong></span> 
     </span>
    </p>
   </div>
   <div class='ocr_carea' id='block_1_111' title="bbox 2008 4806 3589 4869">
    <p class='ocr_par' dir='ltr' id='par_1_111' title="bbox 2008 4806 3589 4869">
     <span class='ocr_line' id='line_1_111' title="bbox 2008 4806 3589 4869; baseline -0.004 0"><span class='ocrx_word' id='word_1_850' title='bbox 2008 4813 2134 4869; x_wconf 91' lang='lat' dir='ltr'><strong>hinc</strong></span> <span class='ocrx_word' id='word_1_851' title='bbox 2160 4811 2451 4867; x_wconf 86' lang='lat' dir='ltr'><strong>ostendens</strong></span> <span class='ocrx_word' id='word_1_852' title='bbox 2477 4823 2535 4864; x_wconf 90' lang='lat' dir='ltr'><strong>se</strong></span> <span class='ocrx_word' id='word_1_853' title='bbox 2566 4824 2672 4863; x_wconf 88' lang='lat' dir='ltr'><strong>non</strong></span> <span class='ocrx_word' id='word_1_854' title='bbox 2699 4807 2889 4861; x_wconf 88' lang='lat' dir='ltr'><strong>sivisse</strong></span> <span class='ocrx_word' id='word_1_855' title='bbox 2924 4821 3018 4861; x_wconf 90' lang='lat' dir='ltr'><strong>eos</strong></span> <span class='ocrx_word' id='word_1_856' title='bbox 3048 4806 3130 4861; x_wconf 89' lang='lat' dir='ltr'><strong>vel</strong></span> <span class='ocrx_word' id='word_1_857' title='bbox 3162 4806 3214 4860; x_wconf 89' lang='lat' dir='ltr'><strong>in</strong></span> <span class='ocrx_word' id='word_1_858' title='bbox 3249 4822 3464 4863; x_wconf 87' lang='lat' dir='ltr'><strong>sensum</strong></span> <span class='ocrx_word' id='word_1_859' title='bbox 3497 4825 3589 4863; x_wconf 83' lang='lat' dir='ltr'><strong>ve-</strong></span> 
     </span>
    </p>
   </div>
   <div class='ocr_carea' id='block_1_112' title="bbox 2006 4897 3588 4975">
    <p class='ocr_par' dir='ltr' id='par_1_112' title="bbox 2006 4897 3588 4975">
     <span class='ocr_line' id='line_1_112' title="bbox 2006 4897 3588 4975; baseline -0.003 -14"><span class='ocrx_word' id='word_1_860' title='bbox 2006 4908 2123 4962; x_wconf 88' lang='lat' dir='ltr'><strong>nire</strong></span> <span class='ocrx_word' id='word_1_861' title='bbox 2148 4905 2292 4975; x_wconf 92' lang='lat' dir='ltr'><strong>quod</strong></span> <span class='ocrx_word' id='word_1_862' title='bbox 2323 4901 2548 4972; x_wconf 90' lang='lat' dir='ltr'><strong>orphani</strong></span> <span class='ocrx_word' id='word_1_863' title='bbox 2572 4908 2775 4964; x_wconf 90' lang='lat' dir='ltr'><strong>essent,</strong></span> <span class='ocrx_word' id='word_1_864' title='bbox 2810 4913 2980 4969; x_wconf 90' lang='lat' dir='ltr'><strong>neque</strong></span> <span class='ocrx_word' id='word_1_865' title='bbox 3016 4897 3323 4967; x_wconf 88' lang='lat' dir='ltr'><strong>permisisse</strong></span> <span class='ocrx_word' id='word_1_866' title='bbox 3352 4909 3408 4952; x_wconf 89' lang='lat' dir='ltr'><strong>ut</strong></span> <span class='ocrx_word' id='word_1_867' title='bbox 3435 4901 3588 4957; x_wconf 89' lang='lat' dir='ltr'><strong>triste</strong></span> 
     </span>
    </p>
   </div>
   <div class='ocr_carea' id='block_1_113' title="bbox 2009 4990 3589 5070">
    <p class='ocr_par' dir='ltr' id='par_1_113' title="bbox 2009 4990 3589 5070">
     <span class='ocr_line' id='line_1_113' title="bbox 2009 4990 3589 5070; baseline -0.004 -15"><span class='ocrx_word' id='word_1_868' title='bbox 2009 5000 2135 5055; x_wconf 92' lang='lat' dir='ltr'><strong>illud</strong></span> <span class='ocrx_word' id='word_1_869' title='bbox 2161 5006 2443 5070; x_wconf 88' lang='lat' dir='ltr'><strong>appareret</strong></span> <span class='ocrx_word' id='word_1_870' title='bbox 2472 5014 2486 5050; x_wconf 92' lang='lat'><strong>:</strong></span> <span class='ocrx_word' id='word_1_871' title='bbox 2517 4991 2963 5066; x_wconf 89' lang='lat' dir='ltr'><strong>quemadmodum</strong></span> <span class='ocrx_word' id='word_1_872' title='bbox 2983 5000 3038 5044; x_wconf 91' lang='lat' dir='ltr'><strong>et</strong></span> <span class='ocrx_word' id='word_1_873' title='bbox 3065 4990 3171 5043; x_wconf 91' lang='lat' dir='ltr'><strong>illic</strong></span> <span class='ocrx_word' id='word_1_874' title='bbox 3195 4990 3491 5046; x_wconf 69' lang='lat' dir='ltr'><strong>caecitatem</strong></span> <span class='ocrx_word' id='word_1_875' title='bbox 3521 5008 3589 5048; x_wconf 89' lang='lat' dir='ltr'><strong>ne</strong></span> 
     </span>
    </p>
   </div>
   <div class='ocr_carea' id='block_1_114' title="bbox 1957 5080 3583 5157">
    <p class='ocr_par' dir='ltr' id='par_1_114' title="bbox 1957 5080 3583 5157">
     <span class='ocr_line' id='line_1_114' title="bbox 1957 5080 3583 5157; baseline -0.005 -11"><span class='ocrx_word' id='word_1_876' title='bbox 1957 5112 1983 5127; x_wconf 61' lang='grc' dir='ltr'>κ</span> <span class='ocrx_word' id='word_1_877' title='bbox 2008 5094 2266 5150; x_wconf 81' lang='lat' dir='ltr'><strong>sentirent</strong></span> <span class='ocrx_word' id='word_1_878' title='bbox 2292 5090 2421 5146; x_wconf 69' lang='lat' dir='ltr'><strong>caeci</strong></span> <span class='ocrx_word' id='word_1_879' title='bbox 2443 5088 2492 5143; x_wconf 90' lang='lat' dir='ltr'><strong>vi</strong></span> <span class='ocrx_word' id='word_1_880' title='bbox 2524 5084 2874 5157; x_wconf 74' lang='lat' dir='ltr'><strong>providentia:</strong></span> <span class='ocrx_word' id='word_1_881' title='bbox 2901 5097 3013 5138; x_wconf 67' lang='lat' dir='ltr'><strong>sum</strong></span> <span class='ocrx_word' id='word_1_882' title='bbox 3034 5080 3318 5147; x_wconf 81' lang='lat' dir='ltr'><strong>efﬁciebat,</strong></span> <span class='ocrx_word' id='word_1_883' title='bbox 3341 5083 3465 5137; x_wconf 89' lang='lat' dir='ltr'><strong>dum</strong></span> <span class='ocrx_word' id='word_1_884' title='bbox 3496 5084 3583 5139; x_wconf 93' lang='lat' dir='ltr'><strong>iu-</strong></span> 
     </span>
    </p>
   </div>
   <div class='ocr_carea' id='block_1_115' title="bbox 2009 5174 3590 5247">
    <p class='ocr_par' dir='ltr' id='par_1_115' title="bbox 2009 5174 3590 5247">
     <span class='ocr_line' id='line_1_115' title="bbox 2009 5174 3590 5247; baseline -0.008 -6"><span class='ocrx_word' id='word_1_885' title='bbox 2009 5184 2287 5241; x_wconf 88' lang='lat' dir='ltr'><strong>commoda</strong></span> <span class='ocrx_word' id='word_1_886' title='bbox 2334 5181 2589 5237; x_wconf 83' lang='lat' dir='ltr'><strong>auferret.</strong></span> <span class='ocrx_word' id='word_1_887' title='bbox 2620 5176 2804 5247; x_wconf 83' lang='lat' dir='ltr'><strong>Neque</strong></span> <span class='ocrx_word' id='word_1_888' title='bbox 2847 5188 3071 5243; x_wconf 88' lang='lat' dir='ltr'><strong>corpora</strong></span> <span class='ocrx_word' id='word_1_889' title='bbox 3100 5174 3274 5227; x_wconf 88' lang='lat' dir='ltr'><strong>solum</strong></span> <span class='ocrx_word' id='word_1_890' title='bbox 3316 5188 3503 5229; x_wconf 89' lang='lat' dir='ltr'><strong>manca</strong></span> <span class='ocrx_word' id='word_1_891' title='bbox 3533 5183 3590 5228; x_wconf 89' lang='lat' dir='ltr'><strong>et</strong></span> 
     </span>
    </p>
   </div>
   <div class='ocr_carea' id='block_1_116' title="bbox 2011 5264 3593 5341">
    <p class='ocr_par' dir='ltr' id='par_1_116' title="bbox 2011 5264 3593 5341">
     <span class='ocr_line' id='line_1_116' title="bbox 2011 5264 3593 5341; baseline -0.009 -8"><span class='ocrx_word' id='word_1_892' title='bbox 2011 5278 2194 5333; x_wconf 90' lang='lat' dir='ltr'><strong>mutila</strong></span> <span class='ocrx_word' id='word_1_893' title='bbox 2235 5274 2475 5336; x_wconf 88' lang='lat' dir='ltr'><strong>curabat,</strong></span> <span class='ocrx_word' id='word_1_894' title='bbox 2508 5284 2683 5341; x_wconf 88' lang='lat' dir='ltr'><strong>neque</strong></span> <span class='ocrx_word' id='word_1_895' title='bbox 2725 5266 2998 5339; x_wconf 86' lang='lat' dir='ltr'><strong>orphanos</strong></span> <span class='ocrx_word' id='word_1_896' title='bbox 3041 5273 3268 5332; x_wconf 88' lang='lat' dir='ltr'><strong>tantum,</strong></span> <span class='ocrx_word' id='word_1_897' title='bbox 3309 5264 3437 5320; x_wconf 89' lang='lat' dir='ltr'><strong>dum</strong></span> <span class='ocrx_word' id='word_1_898' title='bbox 3484 5265 3593 5320; x_wconf 82' lang='lat' dir='ltr'><strong>illis</strong></span> 
     </span>
    </p>
   </div>
   <div class='ocr_carea' id='block_1_117' title="bbox 2012 5356 3591 5433">
    <p class='ocr_par' dir='ltr' id='par_1_117' title="bbox 2012 5356 3591 5433">
     <span class='ocr_line' id='line_1_117' title="bbox 2012 5356 3591 5433; baseline -0.008 -9"><span class='ocrx_word' id='word_1_899' title='bbox 2012 5369 2394 5426; x_wconf 88' lang='lat' dir='ltr'><strong>membrorum.</strong></span> <span class='ocrx_word' id='word_1_900' title='bbox 2439 5363 2522 5418; x_wconf 89' lang='lat' dir='ltr'><strong>bis</strong></span> <span class='ocrx_word' id='word_1_901' title='bbox 2572 5370 2852 5433; x_wconf 90' lang='lat' dir='ltr'><strong>parentum</strong></span> <span class='ocrx_word' id='word_1_902' title='bbox 2884 5360 2999 5413; x_wconf 87' lang='lat' dir='ltr'><strong>vice</strong></span> <span class='ocrx_word' id='word_1_903' title='bbox 3028 5357 3246 5423; x_wconf 86' lang='lat' dir='ltr'><strong>aderat;</strong></span> <span class='ocrx_word' id='word_1_904' title='bbox 3293 5356 3388 5413; x_wconf 89' lang='lat' dir='ltr'><strong>sed</strong></span> <span class='ocrx_word' id='word_1_905' title='bbox 3426 5356 3591 5412; x_wconf 89' lang='lat' dir='ltr'><strong>etiam</strong></span> 
     </span>
    </p>
   </div>
   <div class='ocr_carea' id='block_1_118' title="bbox 2012 5448 3594 5533">
    <p class='ocr_par' dir='ltr' id='par_1_118' title="bbox 2012 5448 3594 5533">
     <span class='ocr_line' id='line_1_118' title="bbox 2012 5448 3594 5533; baseline -0.008 -20"><span class='ocrx_word' id='word_1_906' title='bbox 2012 5461 2173 5533; x_wconf 81' lang='lat' dir='ltr'><strong>jndex</strong></span> <span class='ocrx_word' id='word_1_907' title='bbox 2222 5473 2252 5512; x_wconf 86' lang='lat' dir='ltr'><strong>a</strong></span> <span class='ocrx_word' id='word_1_908' title='bbox 2305 5459 2485 5526; x_wconf 84' lang='lat' dir='ltr'><strong>seipse</strong></span> <span class='ocrx_word' id='word_1_909' title='bbox 2530 5457 2854 5509; x_wconf 77' lang='lat' dir='ltr'><strong>constitutus</strong></span> <span class='ocrx_word' id='word_1_910' title='bbox 2904 5449 3078 5505; x_wconf 83' lang='lat' dir='ltr'><strong>fuerat</strong></span> <span class='ocrx_word' id='word_1_911' title='bbox 3108 5449 3218 5503; x_wconf 91' lang='lat' dir='ltr'><strong>imo</strong></span> <span class='ocrx_word' id='word_1_912' title='bbox 3261 5448 3379 5520; x_wconf 90' lang='lat' dir='ltr'><strong>plus</strong></span> <span class='ocrx_word' id='word_1_913' title='bbox 3431 5462 3594 5518; x_wconf 84' lang='lat' dir='ltr'><strong>quam</strong></span> 
     </span>
    </p>
   </div>
   <div class='ocr_carea' id='block_1_119' title="bbox 2013 5539 3595 5627">
    <p class='ocr_par' dir='ltr' id='par_1_119' title="bbox 2013 5539 3595 5627">
     <span class='ocr_line' id='line_1_119' title="bbox 2013 5539 3595 5627; baseline -0.011 -18"><span class='ocrx_word' id='word_1_914' title='bbox 2013 5554 2175 5627; x_wconf 80' lang='lat' dir='ltr'><strong>jutlex</strong></span> <span class='ocrx_word' id='word_1_915' title='bbox 2200 5567 2216 5617; x_wconf 90' lang='lat'><strong>;</strong></span> <span class='ocrx_word' id='word_1_916' title='bbox 2249 5564 2369 5605; x_wconf 89' lang='lat' dir='ltr'><strong>nam</strong></span> <span class='ocrx_word' id='word_1_917' title='bbox 2398 5548 2473 5601; x_wconf 87' lang='lat' dir='ltr'><strong>ait</strong></span> <span class='ocrx_word' id='word_1_918' title='bbox 2500 5564 2514 5601; x_wconf 90' lang='lat'><strong>:</strong></span> <span class='ocrx_word' id='word_1_919' title='bbox 2545 5544 2763 5600; x_wconf 83' lang='lat' dir='ltr'><strong>Causam</strong></span> <span class='ocrx_word' id='word_1_920' title='bbox 2786 5559 2938 5614; x_wconf 87' lang='lat' dir='ltr'><strong>quam</strong></span> <span class='ocrx_word' id='word_1_921' title='bbox 2955 5540 3236 5596; x_wconf 76' lang='lat' dir='ltr'><strong>nesciebam</strong></span> <span class='ocrx_word' id='word_1_922' title='bbox 3264 5539 3560 5610; x_wconf 72' lang='lat' dir='ltr'><strong>investigari</strong></span> <span class='ocrx_word' id='word_1_923' title='bbox 3577 5580 3595 5606; x_wconf 89' lang='lat'><strong>,</strong></span> 
     </span>
    </p>
   </div>
   <div class='ocr_carea' id='block_1_120' title="bbox 2011 5632 3597 5717">
    <p class='ocr_par' dir='ltr' id='par_1_120' title="bbox 2011 5632 3597 5717">
     <span class='ocr_line' id='line_1_120' title="bbox 2011 5632 3597 5717; baseline -0.01 -16"><span class='ocrx_word' id='word_1_924' title='bbox 2011 5658 2059 5701; x_wconf 77' lang='lat' dir='ltr'><strong>et</strong></span> <span class='ocrx_word' id='word_1_925' title='bbox 2086 5643 2312 5717; x_wconf 75' lang='lat' dir='ltr'><strong>confregi</strong></span> <span class='ocrx_word' id='word_1_926' title='bbox 2329 5640 2488 5693; x_wconf 86' lang='lat' dir='ltr'><strong>molas</strong></span> <span class='ocrx_word' id='word_1_927' title='bbox 2506 5638 2817 5708; x_wconf 79' lang='lat' dir='ltr'><strong>iniquorum,</strong></span> <span class='ocrx_word' id='word_1_928' title='bbox 2843 5644 2890 5689; x_wconf 78' lang='lat' dir='ltr'><strong>et</strong></span> <span class='ocrx_word' id='word_1_929' title='bbox 2909 5649 2973 5688; x_wconf 74' lang='lat' dir='ltr'><strong>ea:</strong></span> <span class='ocrx_word' id='word_1_930' title='bbox 2991 5632 3158 5688; x_wconf 74' lang='lat' dir='ltr'><strong>medio</strong></span> <span class='ocrx_word' id='word_1_931' title='bbox 3188 5632 3410 5686; x_wconf 75' lang='lat' dir='ltr'><strong>dentium</strong></span> <span class='ocrx_word' id='word_1_932' title='bbox 3422 5647 3597 5685; x_wconf 78' lang='lat' dir='ltr'><strong>eorum</strong></span> 
     </span>
    </p>
   </div>
   <div class='ocr_carea' id='block_1_121' title="bbox 2017 5721 3602 5818">
    <p class='ocr_par' dir='ltr' id='par_1_121' title="bbox 2017 5721 3602 5818">
     <span class='ocr_line' id='line_1_121' title="bbox 2017 5721 3602 5818; baseline -0.014 -19"><span class='ocrx_word' id='word_1_933' title='bbox 2017 5743 2239 5818; x_wconf 64' lang='lat' dir='ltr'><strong>jrrwdam</strong></span> <span class='ocrx_word' id='word_1_934' title='bbox 2284 5733 2446 5805; x_wconf 76' lang='lat' dir='ltr'><strong>eripui</strong></span> <span class='ocrx_word' id='word_1_935' title='bbox 2495 5729 2678 5803; x_wconf 82' lang='lat' dir='ltr'><strong>(ibid.</strong></span> <span class='ocrx_word' id='word_1_936' title='bbox 2723 5726 2813 5784; x_wconf 69' lang='lat'><strong>29.</strong></span> <span class='ocrx_word' id='word_1_937' title='bbox 2864 5726 2928 5782; x_wconf 76' lang='grc'><strong>17</strong></span> <span class='ocrx_word' id='word_1_938' title='bbox 2959 5728 2999 5797; x_wconf 87' lang='grc'><strong>).</strong></span> <span class='ocrx_word' id='word_1_939' title='bbox 3048 5723 3164 5781; x_wconf 76' lang='lat' dir='ltr'><strong>ltoc</strong></span> <span class='ocrx_word' id='word_1_940' title='bbox 3205 5721 3376 5781; x_wconf 84' lang='lat' dir='ltr'><strong>multo</strong></span> <span class='ocrx_word' id='word_1_941' title='bbox 3422 5721 3602 5794; x_wconf 78' lang='lat' dir='ltr'><strong>majus</strong></span> 
     </span>
    </p>
   </div>
  </div>
