4054 6190
475 239 580 295 483

481 365 563 408 est
613 367 771 424 quam
823 349 1027 422 judicia
1087 348 1342 403 ofﬁcium.
1406 346 1621 404 iudices
1679 345 1822 399 enim
1879 341 2064 397 sedent

482 453 859 515 exspectantes
899 443 986 515 qui
1013 442 1258 512 injuriatn
1293 441 1432 510 passi
1485 448 1651 502 sunt;
1703 447 1757 490 et
1789 445 2065 506 postquam

484 536 560 590 illi
613 535 881 604 supplices
910 541 1270 593 accesserunt,
1317 540 1441 584 tunc
1469 544 1622 583 suum
1650 527 1889 599 pra‘bent
1913 523 2068 578 auxi-

487 629 612 681 lium
670 626 742 700 illi
794 625 882 696 qui
942 625 1080 679 inter
1135 622 1344 692 judices
1404 620 1636 675 maxime
1694 617 1842 688 probi
1897 626 2071 683 sunt;

490 722 669 788 plures
694 715 957 786 siquidem
989 729 1087 769 nec
1128 713 1254 767 illud
1290 720 1545 780 praestant
1576 728 1588 762 :
1621 709 1706 763 hic
1751 723 1878 762 vero
1907 707 2068 760 etiam

489 813 725 880 optimos
769 809 887 863 illos
927 808 1051 861 vicit
1087 816 1140 862 et
1180 806 1338 874 longe
1377 802 1666 870 superavit.
1718 799 1899 868 Neque
1927 800 2071 853 enim

489 901 838 970 exspectabat
886 899 1060 952 donec
1123 897 1154 950 ii
1212 896 1302 966 qui
1352 893 1544 963 injuria
1584 892 1955 946 aliieiebantur
2003 889 2070 943 ad

491 993 549 1046 se
581 993 843 1056 venirent,
901 1005 1071 1061 neque
1116 1000 1396 1060 postquam
1449 985 1522 1040 illi
1575 983 1844 1053 supplices
1892 996 2072 1035 acces-

486 1096 695 1150 serant,
719 1086 783 1140 ad
811 1101 965 1156 opem
996 1083 1268 1138 ferendam
1301 1080 1584 1150 pergebat;
1611 1077 1706 1131 sed
1735 1077 1820 1131 illc
1869 1090 2074 1145 prtere-

491 1179 644 1231 niens
675 1177 933 1231 circuibat
953 1188 1200 1246 qtuerens
1229 1187 1323 1227 eos
1344 1173 1431 1241 qui
1461 1170 1571 1223 liesi
1619 1167 1848 1232 fuerant;
1877 1175 1932 1221 et
1969 1180 2072 1218 non

490 1270 650 1324 modo
672 1283 936 1340 quicrcns,
965 1267 1056 1322 sed
1080 1281 1200 1322 cmn
1229 1265 1390 1318 multa
1417 1261 1709 1332 vigilantia,
1735 1277 1854 1314 etnn
1885 1272 2073 1327 magna

491 1361 870 1416 sollicitudine.
895 1360 948 1415 ld
973 1375 1100 1415 vero
1131 1359 1274 1412 clare
1309 1357 1546 1420 noveris,
1570 1356 1612 1408 si
1637 1354 1764 1407 dicti
1795 1353 1896 1406 vim
1931 1352 2073 1406 didi-

491 1455 648 1508 ceris.
679 1453 794 1507 Non
825 1453 966 1507 enim
1011 1450 1170 1513 dixit,
1219 1448 1448 1516 Qumsiti
1475 1464 1488 1510 ;
1532 1439 1650 1506 sed.
1683 1444 1899 1500 Causam
1926 1459 2076 1513 quam

492 1548 773 1600 nesciebam
801 1544 1133 1614 investigari;
1167 1543 1215 1596 id
1241 1552 1344 1603 est,
1376 1540 1696 1604 cxatninavi,
1720 1542 1931 1593 curiose
1953 1552 2076 1607 pcr-

493 1639 684 1707 quisivi
715 1653 834 1692 cmn
865 1637 1241 1697 sollicitudine,
1270 1635 1447 1688 omnia
1477 1649 1694 1686 movere
1722 1649 1824 1686 non
1849 1630 2075 1697 ce~savi,

496 1741 550 1782 ut
579 1731 931 1797 compcrirem
977 1744 1042 1784 au
1088 1729 1208 1799 quis
1237 1729 1467 1782 latenter
1494 1725 1684 1795 injuria
1721 1726 1878 1780 Iasus
1921 1723 2072 1778 foret.

503 1813 747 1877 \'idi~tin'
777 1823 986 1894 vigilem
1014 1824 1248 1876 animum
1275 1821 1298 1874 ἲ
1331 1819 1449 1874 vide
1475 1835 1686 1890 quoque
1716 1817 2079 1872 fortitudinem

497 1927 553 1970 et
595 1931 779 1970 curam
814 1936 828 1970 :
861 1915 924 1969 Et
971 1915 1182 1968 contrivi
1222 1914 1383 1967 molas
1429 1913 1736 1977 iniquorum.
1782 1909 1930 1963 Illam
1977 1911 2080 1962 vim

499 2008 803 2064 mordacem
835 2007 990 2073 solvi,
1023 2007 1216 2077 inquit,
1244 2015 1300 2060 ut
1330 2005 1394 2060 ad
1447 2007 1604 2058 aliam
1653 2003 1948 2058 faciendam
1978 2001 2080 2054 ini-

497 2103 754 2172 quitatem
779 2103 889 2170 jam
911 2102 1114 2156 inutilis
1142 2102 1232 2156 sit.
1264 2102 1466 2156 Ambos
1491 2102 1665 2169 itaque
1689 2099 1929 2168 juvabat,
1962 2097 2081 2149 illos

499 2211 566 2248 ne
595 2195 733 2248 male
760 2201 1090 2264 paterentur,
1133 2192 1229 2246 bos
1259 2207 1326 2246 ne
1358 2193 1495 2246 male
1525 2191 1760 2245 facerent
1792 2188 2086 2258 impediens

500 2295 552 2340 et
579 2285 964 2339 moderatiores
993 2282 1242 2337 reddens.
1287 2282 1452 2334 Porro
1489 2280 1838 2336 Constantiam
1875 2287 1929 2333 et
1968 2292 2089 2346 per-

500 2379 853 2432 Severant'am
887 2395 899 2430 :
935 2374 996 2428 Et
1020 2391 1081 2428 ex
1118 2373 1282 2427 medio
1307 2373 1534 2425 dentium
1561 2387 1733 2426 eormn
1763 2371 1926 2440 eripui
1953 2385 2086 2439 prir-

502 2469 642 2522 dant.
696 2467 877 2536 Neque
927 2465 1070 2520 enim
1125 2462 1494 2531 desperabam,
1521 2477 1693 2531 neque
1739 2459 2084 2525 desistebam,

501 2561 600 2614 etsi
633 2575 718 2613 res
734 2559 844 2629 jam
869 2567 1021 2628 capta
1045 2565 1198 2622 erat;
1228 2555 1323 2610 sed
1349 2555 1491 2624 quod
1510 2556 1618 2623 jam
1641 2554 1948 2622 absorptum
1974 2565 2089 2612 erat

502 2650 866 2716 retralicbam,
894 2649 1126 2720 pastoris
1159 2647 1347 2717 optimi
1385 2657 1440 2702 et
1469 2647 1641 2717 vigilis
1671 2645 2088 2701 sollicitudinem

503 2756 628 2808 erga
658 2754 948 2794 conservos
977 2737 1260 2793 exhibens.

575 2833 694 2888 Jobi
750 2833 1030 2888 humilitas.
1075 2860 1148 2872 --
1193 2832 1400 2900 Quanta
1455 2845 1586 2886 vero
1639 2829 1913 2885 humilitas
1973 2829 2091 2900 ejus

515 2937 657 2982 esset
682 2926 876 2995 cogita.
938 2925 999 2981 Si
1025 2935 1193 2978 autem
1235 2923 1441 2990 despexi
1483 2923 1738 2994 judicium
1781 2923 1966 2993 {aniuli
1995 2924 2093 2977 mei

507 3029 551 3074 et
601 3017 820 3078 ancillae,
868 3017 988 3069 dum
1037 3015 1330 3084 iudicantur
1359 3016 1625 3067 adversum
1657 3031 1753 3069 me.
1788 3014 1924 3082 Quid
1961 3015 2093 3068 enim

508 3111 695 3183 [nciam
751 3105 795 3162 si
851 3109 1184 3162 visitationem
1249 3123 1412 3159 meam
1482 3107 1636 3177 faciat
1691 3102 1872 3160 Deus?
1923 3123 2094 3160 annon

510 3215 565 3259 ut
617 3219 708 3274 ego
764 3203 815 3256 in
864 3211 1033 3256 ventre
1075 3201 1172 3271 fui,
1219 3211 1264 3253 et
1303 3201 1401 3270 ipsi
1439 3204 1643 3270 [uerunt
1689 3201 1705 3268 (
1740 3199 1838 3254 Job
1873 3201 1960 3255 51.
2003 3203 2097 3256 15ο

513 3299 581 3352 15
597 3297 655 3367 )?
676 3293 977 3350 Contritum
991 3293 1236 3346 animum
1259 3291 1461 3353 vidisti,
1479 3301 1532 3344 ct
1549 3299 1790 3344 naturam
1821 3290 2094 3347 hominum

513 3397 760 3443 accurate
790 3385 1220 3440 considerantem
1251 3397 1314 3435 ac
1341 3383 1600 3436 scientem
1632 3381 1759 3450 quid
1792 3382 1858 3434 sit
1885 3398 2092 3448 servus,

514 3478 642 3548 quid
671 3469 848 3548 liber,
875 3475 928 3530 id
953 3473 1093 3544 quod
1125 3490 1152 3526 a
1182 3474 1364 3528 multis
1393 3470 1788 3526 circumfertur.
1825 3473 1970 3528 llanc
1997 3474 2097 3542 igi-

521 3581 607 3626 tnr
635 3570 854 3641 ejiciens
899 3565 1312 3637 itn'equalitatem
1358 3580 1388 3618 a
1428 3565 1540 3634 pari
1584 3565 1838 3619 natalium
1870 3565 2096 3632 honore,

517 3666 588 3720 de
629 3663 994 3746 philosophia.
1021 3674 1322 3714 sermonem
1377 3658 1595 3713 inducit.
1634 3657 1890 3728 Quodque
1943 3659 2102 3712 mira-

515 3756 628 3812 bile
649 3757 698 3810 in
724 3756 813 3808 illo
830 3762 932 3818 est,
972 3753 1072 3806 hoc
1099 3750 1299 3806 faciens
1327 3767 1430 3804 non
1458 3767 1521 3804 ex
1552 3749 1850 3806 lnnnilitatc
1873 3765 1931 3805 se
1962 3751 2101 3820 loqui

520 3846 779 3918 putabat,
820 3843 912 3898 sed
959 3843 1194 3897 debitum
1252 3841 1499 3909 implere.
1547 3840 1883 3911 Quapropter
1931 3845 2102 3898 ratio.-

522 3937 722 3992 cinium
753 3935 932 4003 posuit
974 3949 1078 4002 quo
1123 3931 1427 3986 hominibus
1472 3932 1720 3984 omnibus
1761 3932 2013 3998 suadeat,
2050 3942 2108 3987 ut

525 4044 633 4082 non
665 4027 823 4078 altius
854 4024 1062 4091 sapiant
1089 4038 1246 4092 quam
1271 4023 1433 4086 servi,
1457 4022 1664 4074 etiamsi
1687 4022 1880 4078 millies
1901 4023 2103 4077 domini

522 4119 648 4172 sint.
684 4116 810 4170 ll.ec
848 4115 1044 4184 quippe
1082 4115 1319 4178 nomina,
1369 4129 1557 4167 servus
1600 4125 1654 4168 et
1686 4115 1840 4178 liber,
1892 4115 2104 4168 nomina

513 4221 732 4270 tantum
763 4217 885 4262 sunt
915 4223 969 4261 re
997 4223 1159 4260 vacua
1194 4223 1206 4259 :
1243 4207 1473 4259 servitus
1493 4217 1668 4260 autem
1702 4208 1751 4261 in
1783 4220 2019 4277 peccato,
2050 4220 2106 4264 et

524 4303 745 4358 libertas
776 4300 826 4354 in
851 4298 1056 4369 justitia
1083 4296 1354 4352 definitur.
1392 4297 1528 4366 Ergo
1555 4312 1651 4350 nos
1693 4301 1771 4353 sic
1803 4299 2106 4355 humiliabi-

527 4393 678 4448 ntust
707 4408 886 4446 annon
926 4407 1054 4445 vero
1082 4389 1453 4444 desiderabilis
1481 4389 1826 4460 amabilisque
1849 4393 1936 4446 ille
1975 4394 2108 4449 est?

527 4487 702 4542 Etiam
753 4483 994 4537 amabilis
1053 4497 1066 4532 :
1120 4490 1173 4534 et
1240 4479 1326 4534 hic
1383 4480 1728 4550 hyperbolem
1794 4485 2106 4541 consideres

529 4579 706 4634 velim.
740 4572 1196 4643 Quemadmodum
1238 4573 1379 4626 enim
1425 4573 1476 4626 in
1525 4573 2016 4630 molestiisviriliter
2055 4587 2109 4632 et

529 4687 652 4727 cum
711 4667 1025 4723 fortitudine
1073 4681 1262 4736 magna
1314 4665 1456 4719 illata
1503 4667 1642 4722 mala
1690 4669 1810 4723 tulit
1861 4688 1877 4724 :
1929 4671 1998 4724 ita
2055 4682 2112 4727 et

528 4768 582 4820 in
631 4761 982 4834 prosperitate
1021 4759 1243 4814 virtutes
1287 4759 1526 4830 singulas
1569 4762 1810 4830 apprime
1850 4766 2106 4832 exercuit,

531 4872 640 4912 non
685 4856 1024 4911 mediocriter
1063 4869 1163 4908 nec
1216 4864 1539 4924 utcumque,
1590 4854 1683 4910 sed
1732 4856 1798 4910 ad
1846 4873 2110 4914 sinuatum

528 4955 705 5022 ipsum
749 4950 1064 5005 ascendens.
1096 4947 1156 5004 Si
1180 4964 1294 5003 vero
1319 4961 1454 5019 sape
1485 4949 1705 5003 dixerint
1733 4949 1937 5005 auciltw
1964 4967 2107 5018 mere,

530 5045 661 5113 Quis
706 5044 791 5098 det
835 5043 975 5098 nobis
1018 5045 1084 5097 de
1120 5041 1356 5096 carnibus
1403 5041 1506 5095 suis
1537 5051 1589 5094 ut
1625 5045 1953 5099 saturentur?
1997 5063 2114 5100 cunt

530 5135 679 5190 valde
722 5136 882 5189 bonus
912 5153 1002 5206 ego
1027 5136 1122 5190 sint
1155 5134 1275 5208 (Iob
1309 5135 1396 5190 15.
1426 5135 1540 5204 51).
1569 5135 1665 5191 llic
1689 5152 1926 5193 annu'em
1953 5154 2114 5194 enar-

529 5239 611 5284 rat
653 5225 974 5282 fsmnlorum
1006 5228 1558 5294 vehementissimum,
1603 5229 1726 5299 qui,
1765 5230 1831 5284 ad
1879 5231 2113 5286 furorem

529 5337 700 5392 usque
720 5330 990 5375 amatores
1016 5321 1266 5375 ardentes
1295 5329 1471 5388 erant,
1502 5337 1568 5376 cx
1597 5321 1757 5375 modo
1783 5324 1984 5378 scilicet
2006 5341 2114 5393 quo

526 5428 656 5482 erga
685 5412 807 5466 illos
834 5427 893 5467 se
930 5413 1168 5483 gerebat.
1206 5412 1278 5467 lla
1309 5413 1472 5479 enirn,
1519 5413 1710 5483 inquit,
1759 5415 1886 5468 inibi
1918 5416 2112 5470 addicti

529 5511 705 5567 erant,
749 5503 823 5557 ita
857 5502 1025 5568 afﬁxi,
1063 5503 1136 5556 ita
1181 5519 1269 5558 me
1311 5505 1583 5569 amabant,
1634 5513 1693 5559 ut
1741 5517 1997 5576 cuperent
2027 5509 2112 5564 vel

533 5595 663 5662 ipsis
693 5594 899 5661 impleri
927 5594 1196 5660 carnibus,
1241 5594 1494 5668 ipsasque
1542 5596 1825 5666 devorare,
1857 5600 1997 5670 quod
2028 5617 2112 5657 me

501 5713 512 5729 ς
527 5687 740 5744 ardenti
757 5702 939 5743 amore
960 5688 1261 5760 diligerent.

1162 271 1166 276 ι
1219 233 1272 289 5.
1315 229 1590 288 JOANNIS
1623 221 2094 285 CHRYSOSTOMI
2135 219 2445 276 ARCIIIEP.
2486 216 3016 276 CONSTANTINOP.

3662 221 3764 278 481

2249 337 2304 392 5.
2345 338 2484 404 Quid
2509 353 2637 392 vero
2662 338 2764 392 dici
2797 338 2964 407 possit
2987 336 3052 391 de
3082 346 3388 408 contemptu
3419 336 3764 395 divitiarum!

2175 446 2296 484 nam
2341 431 2478 486 hanc
2515 447 2726 501 quoque
2765 432 2858 486 ille
2907 432 3160 486 virtutem
3209 435 3452 503 apprime
3495 434 3761 490 exercuit.

2174 525 2288 579 Non
2338 526 2498 580 modo
2535 526 2678 580 enim
2725 528 2930 580 alienas
2981 541 3086 581 non
3137 527 3576 597 concupiscebat,
3620 525 3763 598 quod

2177 618 2328 672 multi
2345 633 2483 672 nunc
2508 618 2725 681 faciunt,
2744 619 2836 674 scd
2857 635 3028 689 neque
3043 634 3188 685 suas,
3204 636 3391 675 verum
3412 619 3479 675 ab
3503 619 3585 675 his
3603 621 3765 676 etiam

2175 724 2294 764 Cttltl
2330 711 2708 779 exsuperantia
2741 711 2905 765 nmlta
2935 727 2995 766 se
3026 713 3290 766 continuit
3316 731 3328 764 :
3361 713 3588 783 ideoque
3613 715 3767 768 dice-

2179 802 2268 855 bat
2298 820 2309 854 :
2344 801 2404 857 Si
2437 803 2637 858 (tutatus
2675 821 2788 856 sunt
2828 821 2943 858 cum
2971 805 3142 859 multa:
3177 807 3303 858 milii
3331 808 3522 878 fuerint
3551 809 3765 875 divitias,

2179 909 2338 960 neque
2375 893 2540 964 lapidi
2574 896 2795 963 pretioso
2829 896 3022 963 conlidi
3079 895 3202 966 (Job
3235 897 3324 952 51.
3477 897 3591 969 26).
3623 900 3764 968 Qua-

2181 995 2397 1056 propter
2425 1003 2546 1041 cum
2579 987 2801 1042 sublata:
2847 989 2944 1058 ipsi
2985 987 3158 1055 fuere,
3187 990 3452 1058 jacturam
3487 993 3576 1048 ille
3605 993 3761 1049 facil-

2181 1079 2308 1135 lime
2356 1081 2471 1135 tulit
2501 1098 2515 1146 ;
2548 1097 2779 1151 cumque
2809 1081 3079 1146 adessent,
3113 1084 3514 1156 eteemosynam
3544 1086 3767 1159 largiter

2177 1171 2452 1240 erogabat,
2496 1173 2745 1227 tnnnibns
2790 1173 3065 1227 dexteram
3113 1176 3394 1245 porrigens
3440 1177 3767 1250 domumque

2179 1278 2328 1319 suam
2358 1265 2624 1332 aperiens.
2659 1263 2841 1333 Neque
2873 1263 2923 1318 id
2956 1263 3205 1329 faciebat,
3235 1268 3376 1338 quod
3410 1270 3558 1324 multi
3590 1272 3768 1327 Solent

2180 1359 2268 1428 qtti
2317 1360 2531 1414 curiose
2586 1361 2860 1431 inquirunt
2891 1375 2919 1413 a
2952 1362 3296 1432 petentibus,
3353 1365 3568 1433 quinam
3617 1366 3769 1428 sint:

2182 1451 2295 1515 sed,
2336 1452 2510 1506 Janua
2552 1469 2684 1518 utea,
2739 1453 2929 1521 inquit,
2976 1454 3113 1505 omni
3157 1454 3374 1508 venienti
3415 1465 3590 1524 aperta
3636 1466 3767 1514 erat.

2188 1542 2388 1610 Infirmi
2410 1545 2540 1596 enim
2569 1560 2664 1611 ope
2689 1561 2798 1598 mea
2827 1561 2926 1597 non
2957 1545 3322 1612 privabantur:
3347 1555 3640 1616 peregrinus
3667 1565 3768 1604 non

2183 1634 2535 1704 egrediebatur
2569 1651 2632 1689 ea:
2657 1637 2823 1706 janua
2845 1652 2954 1688 mea
2981 1637 3094 1690 sinu
3121 1653 3278 1690 vacuo
3312 1637 3470 1706 (Ibid.
3503 1640 3591 1693 51.
3626 1640 3696 1693 52
3723 1650 3771 1696 ct

2183 1725 2298 1796 5i).
2341 1721 2526 1780 Vidisti
2556 1727 2896 1795 largitatem?
2923 1727 3096 1781 vidisti
3139 1729 3520 1784 humanitatem
3543 1772 3558 1794 ,
3591 1731 3770 1788 vidisti

2185 1819 2587 1885 benignitatem,
2615 1817 3007 1873 lnunilitatcm?
3033 1819 3124 1876 Vis
3143 1821 3301 1875 etiam
3331 1823 3632 1878 caelitatem
3657 1824 3773 1877 edi-

2185 1909 2374 1963 Scere?
2408 1908 2585 1979 Pcpigi
2615 1909 2798 1976 fwdus,
2832 1911 3020 1979 inquit,
3047 1926 3162 1964 cum
3183 1913 3340 1964 oculis
3359 1913 3501 1977 meis,
3529 1925 3578 1966 ut
3601 1931 3665 1968 ne
3687 1933 3775 1968 co-

2187 2005 2401 2074 gitarent
2441 2003 2642 2071 quidem
2684 2002 2747 2055 de
2784 2003 2975 2072 virgine
3002 2003 3170 2056 aliena
3215 2003 3378 2075 (Ibid.
3469 2002 3555 2071 1).
3641 2007 3773 2074 Qua:

2189 2107 2371 2167 postea
2404 2100 2624 2151 veniens
2665 2098 2912 2153 Christus
2952 2101 3230 2167 pra-cepit,
3263 2115 3324 2152 ea
3357 2100 3467 2168 ipse
3514 2116 3573 2154 re
3617 2117 3775 2156 exse-

2187 2199 2384 2258 quutus
2415 2200 2518 2244 est.
2551 2189 2738 2245 Vidisti
2769 2191 2918 2244 illum
2958 2189 3217 2244 divitem?
3251 2191 3426 2246 vidisti
3458 2208 3769 2262 pauperem,

2189 2281 2366 2335 vidisti
2413 2282 2548 2335 bene
2577 2282 2865 2343 \‘alettleltt,
2899 2265 3074 2335 vidisti
3107 2283 3348 2347 :rgrutn?
3380 2283 3551 2336 vidisti
3581 2298 3668 2338 res
3699 2283 3773 2338 iili

2190 2390 2286 2444 pro
2317 2383 2438 2427 voto
2465 2375 2847 2429 succedentes?
2867 2373 3043 2428 vidisti
3075 2374 3220 2427 illum
3249 2376 3485 2428 Omnium
3507 2375 3773 2445 jacturam

2191 2467 2418 2522 fecisse?
2452 2467 2625 2520 vidisti
2656 2468 2866 2536 qualem
2899 2483 2957 2522 se
2978 2467 3280 2522 exhibuerit
3304 2483 3429 2537 erga
3456 2468 3614 2534 filios,
3645 2485 3774 2539 etgt

2190 2558 2438 2620 famulos,
2469 2575 2596 2628 erga
2623 2559 2813 2628 injuria
2843 2559 3063 2614 all‘ecms
3087 2602 3102 2623 ,
3129 2575 3253 2630 erga
3279 2559 3540 2629 pupillos?
3568 2560 3629 2614 Si
3659 2577 3775 2616 vero

2189 2650 2422 2704 abiissem
2471 2667 2584 2703 cum
2627 2651 2916 2704 irrisoribus
3006 2653 3177 2724 (Ibid.
3235 2652 3315 2722 5),
3346 2650 3512 2721 inquit
3539 2669 3551 2704 :
3577 2652 3627 2706 id
3666 2663 3774 2718 est,

2191 2742 2374 2812 Neque
2399 2743 2512 2797 hinc
2547 2743 2816 2798 etmsortia
2852 2745 3178 2812 qumrebam,
3208 2759 3513 2798 scurrarum
3557 2759 3774 2815 nempe.

2195 2833 2260 2888 Et
2289 2833 2389 2888 hoc
2416 2834 2761 2887 continentim
2787 2850 2894 2887 non
2928 2850 3147 2903 parvum
3174 2843 3258 2889 est
3285 2835 3516 2903 signum.
3547 2835 3777 2892 Omnem

2194 2927 2389 2996 quippe
2421 2927 2669 2981 virtutem
2715 2935 2951 2982 sectatus
2980 2937 3061 2981 est
3090 2943 3105 2983 :
3140 2937 3193 2982 et
3221 2943 3340 2982 cum
3379 2929 3430 2982 in
3475 2937 3618 2983 tanta
3645 2945 3781 3000 opu-

2194 3003 2355 3066 lentia
2383 3022 2546 3078 esset,
2579 3012 2882 3067 accuratius
2908 3028 2966 3068 se
2992 3014 3234 3082 gerebat,
3263 3029 3423 3084 quam
3455 3013 3488 3067 ii
3518 3016 3603 3084 qui
3640 3011 3778 3072 nihil

2197 3101 2454 3156 haberent
2484 3120 2497 3156 :
2527 3119 2630 3157 non
2661 3104 2802 3158 enim
2827 3104 2914 3158 ille
2939 3105 3028 3174 qui
3061 3105 3193 3159 nihil
3226 3105 3475 3170 habebat,
3501 3117 3779 3177 tantopere

2196 3210 2225 3248 a
2270 3195 2612 3264 pecuniarqu
2660 3207 2846 3249 amore
2885 3194 3096 3252 alienus
3121 3206 3254 3261 erat,
3285 3207 3543 3268 quantum
3575 3198 3660 3252 hic
3685 3193 3781 3266 qui

2200 3297 2274 3342 tot
2305 3298 2558 3360 tantaque
2590 3289 2914 3358 possidebat.
2943 3287 3152 3360 Ubique
3174 3291 3316 3345 enim
3348 3291 3509 3344 animi
3533 3293 3782 3361 proposi-

2201 3389 2310 3434 tum
2353 3392 2436 3435 est
2474 3381 2612 3451 quod
2641 3393 2950 3436 coronatur.
2993 3381 3058 3436 Et
3094 3382 3161 3436 ad
3200 3381 3370 3452 ipsum
3411 3384 3784 3453 temperantia:

2199 3475 2410 3528 culmen
2445 3475 2536 3529 ille
2566 3475 2904 3540 ascenderat,
2937 3485 2988 3528 ct
3017 3475 3266 3529 virtutem
3296 3490 3416 3530 cum
3444 3476 3786 3531 accuratioue

2201 3567 2512 3636 congruenti
2541 3578 2866 3637 exsequutus
2893 3565 3087 3622 fuerat.

2277 3660 2400 3714 llaec
2425 3659 2704 3720 temularc.
2737 3658 2950 3725 dilecte,
2987 3658 3100 3714 hzrc
3132 3657 3375 3722 imitare;
3408 3668 3460 3713 et
3489 3658 3625 3714 hanc
3654 3661 3788 3713 ima.

2203 3755 2378 3823 ginem
2410 3752 2501 3806 tibi
2527 3750 2792 3821 depictam
2821 3766 3124 3819 assmnrns,
3154 3751 3203 3805 in
3233 3754 3562 3808 conscientia
3595 3763 3680 3807 tua
3703 3754 3786 3808 in-

2205 3847 2308 3915 ﬁge
2333 3859 2347 3898 :
2377 3854 2429 3898 et
2454 3844 2497 3898 si
2525 3845 2576 3896 in
2603 3859 2834 3898 incerare
2863 3844 2957 3907 sis,
2987 3843 3052 3897 ad
3081 3843 3225 3898 illum
3255 3845 3516 3913 confuge;
3557 3845 3601 3899 si
3630 3846 3680 3898 in
3702 3845 3786 3898 di-

2206 3939 2370 4001 vitiis,
2399 3937 2520 3991 hinc
2547 3937 2894 4008 pharmacum
2924 3946 3062 4005 pete,
3097 3936 3164 3990 ita
3193 3947 3248 3991 ut
3275 3953 3448 4008 neque
3475 3948 3794 4008 paupertate

2206 4031 2544 4101 deprimaris,
2567 4049 2738 4102 neqtte
2756 4034 2804 4087 in
2821 4034 3019 4088 divitiis
3044 4033 3268 4090 infleris.
3294 4034 3348 4088 Si
3368 4036 3503 4090 tilios
3518 4037 3802 4096 amiseris.
3829 4083 3833 4085 .

2209 4125 2330 4178 hinc
2349 4127 2771 4181 consolationem
2803 4127 2967 4181 babes
2993 4146 3006 4182 :
3036 4127 3122 4182 hic
3141 4129 3284 4184 enim
3313 4131 3522 4185 culmen
3552 4132 3796 4187 invenies

2207 4229 2260 4272 et
2292 4220 2651 4273 calamitatum
2680 4227 2734 4272 ct
2751 4219 3019 4288 patientia:
3049 4235 3062 4271 :
3093 4220 3134 4274 si
3165 4220 3214 4274 in
3247 4221 3489 4275 morbum
3515 4221 3794 4290 incideris,

2211 4313 2380 4381 regita
2408 4313 2665 4366 vermium
2694 4313 3069 4383 scaturigines,
3100 4329 3235 4382 quas
3261 4329 3390 4368 caro
3420 4315 3797 4385 ejusiebullie-

2211 4403 2333 4468 bat;
2359 4415 2412 4457 et
2439 4403 2618 4457 omnia
2647 4405 2912 4473 patienter
2939 4405 3079 4460 feres
3110 4423 3122 4458 :
3151 4407 3194 4458 si
3223 4409 3423 4460 amicus
3452 4408 3542 4462 tibi
3572 4408 3800 4464 insidias

2211 4497 2499 4560 struxerit,
2529 4511 2718 4550 rursus
2742 4505 2984 4552 sanctum
3015 4498 3067 4551 in
3097 4498 3332 4552 medium
3355 4499 3554 4564 adduc,
3581 4509 3637 4554 et
3663 4481 3798 4556 inim

2213 4598 2355 4642 tuam
2396 4589 2673 4656 super-abis
2707 4607 2721 4644 :
2750 4590 2798 4644 si
2830 4593 2917 4660 qui
2946 4590 3068 4644 vilis
3097 4590 3250 4660 pretii
3280 4600 3332 4646 te
3363 4591 3642 4662 itnpetant,
3671 4608 3801 4662 per-

2212 4681 2384 4752 pende
2411 4696 2471 4735 ea
2511 4697 2630 4752 qua:
2671 4697 2699 4735 a
2732 4682 2942 4737 famulis
2973 4683 3085 4753 ipse
3129 4697 3319 4753 passus
3343 4695 3446 4751 est,
3476 4695 3532 4739 ct
3574 4687 3802 4740 multam

2213 4775 2443 4844 accipies
2479 4773 2793 4830 medicinam
2835 4793 2850 4829 :
2888 4777 2931 4830 si
2980 4777 3116 4831 mala
3152 4777 3394 4847 quasdam
3426 4779 3662 4847 suspicio
3715 4780 3800 4834 iti—

2216 4867 2392 4931 vadat,
2423 4867 2594 4935 c0gita
2620 4867 2706 4920 illa
2749 4883 2865 4937 quin
2887 4866 2954 4922 de
2976 4867 3077 4922 hoc
3100 4866 3354 4934 dixerint,
3389 4869 3528 4938 quod
3560 4870 3802 4924 nondum

2219 4960 2447 5028 peccatis
2496 4975 2650 5030 pares
2697 4975 2884 5030 ptenas
2925 4960 3154 5028 dederit,
3183 4971 3238 5018 et
3264 4963 3438 5032 qualia
3479 4964 3576 5031 ipsi
3608 4979 3805 5033 expro-

2217 5051 2466 5115 brarent;
2497 5061 2550 5104 et
2588 5050 2638 5104 id
2683 5067 2895 5122 quoque
2935 5053 3106 5107 morbi
3136 5054 3435 5122 superabis.
3469 5054 3621 5109 Nulla
3655 5057 3803 5112 enim

2215 5154 2324 5203 est.
2350 5154 2407 5198 ut
2435 5144 2586 5197 initio
2610 5144 2744 5208 dixi,
2769 5145 2820 5199 in
2855 5144 3158 5200 hominibus
3197 5147 3475 5202 calamitas
3501 5165 3660 5217 quam
3693 5164 3802 5205 non

2220 5250 2407 5306 passus
2437 5235 2506 5290 sit
2532 5235 2618 5290 hic
2645 5237 2744 5301 vir,
2773 5237 3059 5291 adamante
3091 5237 3327 5302 firmior;
3358 5237 3552 5293 famem
3585 5253 3800 5311 nempe.

2221 5337 2608 5398 paupertatem,
2625 5329 2892 5394 morbum,
2911 5329 3138 5385 filiorum
3166 5332 3532 5398 amissionem,
3550 5343 3626 5387 tot
3641 5350 3804 5406 opum

2213 5421 2478 5491 jactm'am
2503 5424 2661 5477 simul
2699 5423 2974 5493 excipiens
3001 5433 3056 5480 et
3097 5425 3358 5481 tolerans.
3401 5427 3468 5482 Et
3495 5439 3612 5496 post
3641 5430 3804 5483 etiam

2219 5524 2428 5583 reputa,
2454 5514 2595 5581 quod
2621 5515 2800 5568 uxoris
2842 5515 3068 5582 insidiis,
3095 5518 3388 5571 amicorqu
3418 5519 3682 5573 molestiis
3703 5534 3806 5588 ap-

2219 5617 2433 5677 petitus.
2455 5621 2485 5659 ιι
2509 5605 2720 5660 famulis
2742 5607 3098 5677 impugnatus,
3121 5625 3214 5678 per
3227 5611 3410 5664 omnia
3433 5612 3619 5682 quavis
3647 5622 3798 5682 petra

2221 5701 2420 5754 ttrnuor
2459 5707 2709 5754 ost-rusus
2745 5711 2860 5767 est;
2889 5710 2942 5754 ct
2973 5698 3084 5756 haec
3113 5709 3236 5759 ante
3268 5701 3440 5774 legem
3478 5712 3530 5759 et
3551 5704 3804 5775 gratiam.
