4054 6190
317 242 421 302 485

306 481 451 529 nem,
475 465 517 517 si
543 473 661 532 post
698 464 869 534 legem
913 475 966 520 et
992 468 1215 535 gratiam
1255 478 1400 522 tanto
1435 470 1670 525 fruentes
1718 471 1881 538 d0n0,

304 557 480 609 minus
511 555 745 611 feramus
772 572 928 627 quam
953 558 1042 613 ille
1063 559 1151 630 qui
1180 560 1231 614 in
1260 561 1521 631 principio
1547 574 1599 617 et
1626 564 1756 633 ipsis
1779 565 1883 617 ini-

304 650 390 702 tiis
412 650 535 704 vitae
562 648 811 703 humana:
840 659 1038 704 tantam
1079 652 1322 731 exhibuit
1365 653 1781 723 philosophiam.
1818 655 1886 711 Ut

303 755 426 810 ergo
478 751 534 796 et
580 743 1002 797 consolationem
1063 743 1359 798 habeamus
1411 746 1463 798 in
1510 744 1791 807 tristibus,
1829 754 1885 799 et

302 833 515 899 optimm
563 834 916 903 philosophia!
970 835 1331 903 disciplinam,
1382 836 1467 890 his
1518 837 1878 906 conscriptis,

1186 259 1228 314 γ
1268 256 1568 330 ll0.\lll.l.\,
1615 266 1702 320 DE
1741 264 1987 324 STUDIO
2028 268 2677 345 PRAESINTIUMITC.

311 373 518 427 Etenim
565 386 631 426 ne
686 370 956 427 minimam
1000 372 1217 445 quidem
1263 378 1574 434 habebimus
1616 379 1888 437 defensio-

3463 304 3564 366 486

1994 385 2065 438 ita
2119 390 2469 457 recedamus,
2524 402 2839 459 a-mnlemnr
2878 408 3134 467 athletam
3195 414 3415 490 ejusque
3453 441 3569 480 rer-

1993 479 2188 534 tamina
2233 483 2543 543 imitemur:
2576 502 2630 546 ut
2668 506 2717 548 et
2765 496 2940 554 futura
2981 517 3374 577 consequamur
3408 518 3563 588 bona,

1988 571 2156 638 gratia
2185 582 2239 627 et
2269 575 2599 648 benignitate
2630 586 2835 643 Domini
2866 597 3033 650 nostri
3060 571 3189 654 Jesu
3224 600 3445 668 Christi.

1988 672 2147 753 quem
2199 670 2254 717 et
2306 681 2425 721 cum
2478 686 2583 741 quo
2640 677 2778 732 Patri
2818 683 2985 752 gloria
3014 727 3029 751 ,
3077 705 3177 745 una
3222 708 3344 749 cum
3384 670 3573 753 sancto

1989 748 2206 818 Spiritu,
2250 767 2392 813 nunc
2430 772 2483 816 et
2533 780 2767 838 semper,
2798 783 2852 827 et
2898 776 2947 830 in
3000 782 3193 837 ειυυυιει
3220 787 3558 844 saeculorum.

1991 842 2182 901 Amen.

2016 948 3555 1011 me.

1685 998 2025 1060 HOMILIA
2068 1006 2143 1065 V.

301 1116 543 1190 Ejusdem
569 1121 809 1176 Itomilia.
844 1121 1015 1174 Imbita
1045 1122 1096 1172 in
1128 1122 1314 1190 tempto
1351 1132 1539 1175 sancta:
1568 1120 1741 1175 [renes
1764 1164 1779 1185 ,
1812 1124 1874 1175 de

362 1214 531 1265 studio
580 1212 901 1281 prteserttium
950 1223 995 1265 et
1039 1213 1101 1265 de
1144 1213 1345 1281 ignauia
1384 1213 1666 1266 absentium
1693 1231 1711 1266 :
1738 1212 1875 1279 quod

361 1304 425 1354 sit
454 1302 792 1369 psallendum,
825 1312 868 1355 et
897 1303 1032 1371 quod
1074 1304 1364 1357 mulieribus
1408 1317 1556 1357 sexus
1584 1320 1685 1357 non
1713 1299 1874 1375 impe-

362 1395 585 1445 dimento
615 1393 680 1447 sit
707 1394 774 1445 ad
805 1395 1000 1447 virtutis
1027 1411 1249 1448 cursum.

364 1484 415 1538 l.
442 1485 609 1551 Quam
632 1480 939 1539 dulcissima
962 1496 1046 1539 est
1065 1486 1457 1555 Scripturarum
1480 1487 1638 1542 lectio
1654 1496 1705 1542 et
1726 1488 1869 1541 omni

292 1585 445 1644 prato
475 1577 710 1642 suavior,
742 1587 901 1648 atque
932 1581 1175 1647 pomario
1204 1578 1455 1649 paradiso
1481 1580 1868 1648 delectabilior,

290 1666 520 1720 maxime
550 1680 682 1721 vero
706 1682 826 1721 cum
870 1667 1104 1737 cognitio
1130 1668 1346 1726 lectioni
1387 1672 1618 1726 additur.
1651 1674 1868 1728 Pratum

287 1758 466 1822 cuitu,
507 1766 561 1810 et
606 1757 795 1811 ﬂorum
846 1760 1216 1828 pulchritudo,
1265 1771 1321 1816 et
1374 1763 1623 1818 arborum
1678 1781 1868 1829 enm-e,

287 1862 435 1912 rosa,
468 1847 685 1911 hedera,
720 1861 944 1920 myrtus,
971 1852 1142 1905 visum
1173 1852 1463 1917 delectant,
1486 1854 1582 1909 sed
1614 1866 1730 1924 post
1755 1857 1870 1911 dies

286 1955 488 2009 paucos
536 1952 920 1995 marcescunt:
954 1942 1351 2010 Scripturarum
1406 1955 1583 1999 autem
1637 1945 1870 2015 cognitio

286 2041 521 2083 tuentem
561 2032 752 2095 munit,
793 2034 1174 2086 conscientiam
1223 2043 1429 2102 purgat,
1469 2035 1754 2091 illiberales
1791 2040 1869 2090 af—

286 2119 458 2173 fectus
486 2121 689 2183 avellit,
720 2122 971 2176 virtutem
1003 2124 1227 2191 plantat,
1268 2126 1606 2181 ratiocinium
1638 2130 1868 2186 sublime

281 2213 458 2278 effert,
508 2230 612 2267 non
650 2216 910 2285 permittit
957 2225 1015 2269 ut
1056 2216 1436 2285 inexspectatts
1483 2223 1737 2276 zernmnis
1768 2224 1869 2276 im-

282 2321 607 2375 mergamur,
638 2307 920 2361 sublimius
950 2309 1110 2377 erigit
1134 2325 1293 2379 quam
1323 2320 1379 2364 ut
1406 2313 1602 2367 diaboli
1638 2314 1738 2368 tela
1770 2331 1867 2369 nos

279 2398 544 2465 attingere
568 2399 787 2467 possint.
803 2399 1056 2467 adipsum
1100 2402 1354 2457 transfert
1396 2405 1609 2471 ca‘ltun,
1638 2406 1867 2462 absolvit

279 2488 514 2541 animam
539 2504 565 2540 a
591 2488 815 2542 vinculis
854 2492 1114 2558 corporis,
1146 2493 1293 2547 leves
1332 2496 1507 2549 reddit
1528 2498 1678 2562 alas;
1706 2497 1865 2567 quid-

279 2579 409 2647 quid
441 2579 701 2648 boniqnis
725 2579 939 2645 dixerit,
961 2580 1012 2635 in
1031 2582 1331 2639 auditorum
1360 2588 1862 2647 mentemimmittit.

280 2669 407 2727 ideo
436 2672 556 2725 illos
582 2674 668 2743 qni
697 2675 890 2729 absunt
925 2676 1153 2731 miseros
1182 2678 1475 2746 prmdieare
1518 2698 1622 2735 non
1673 2698 1826 2738 cesso
1845 2726 1861 2750 ,

278 2775 485 2831 vosque
511 2765 598 2833 qui
625 2764 823 2819 adestis
847 2764 1033 2821 beatos
1057 2768 1329 2824 celebrare
1349 2812 1362 2834 ,
1403 2774 1523 2841 quia
1554 2772 1861 2831 thesaurum

276 2854 527 2923 colligitis
548 2854 635 2924 qni
664 2855 856 2910 insumi
886 2871 989 2910 noo
1016 2868 1191 2926 potest
1217 2859 1431 2915 divitias
1467 2879 1584 2933 qua:
1627 2864 1861 2935 impendi

276 2958 570 3016 nequeunt,
587 2956 640 3001 et
663 2946 936 3003 facultates
958 2948 1169 3004 invidia:
1192 2966 1295 3005 non
1320 2954 1596 3021 obnoxias,
1621 2966 1677 3010 ut
1697 2960 1860 3014 multa

276 3041 465 3107 repleti
494 3039 700 3104 laetitia,
747 3040 965 3095 domum
1007 3044 1276 3098 receditis.
1317 3044 1454 3100 Nihil
1483 3048 1625 3101 enim
1669 3050 1737 3103 ita
1766 3067 1858 3101 vo-

276 3128 536 3197 luptatem
582 3146 769 3199 parere
812 3141 1009 3200 potest,
1056 3141 1114 3187 ut
1158 3136 1481 3191 conscientia
1531 3155 1856 3211 pura:pura

272 3234 448 3277 autem
474 3222 704 3278 efficitur
725 3228 1074 3291 conscientia,
1095 3230 1303 3285 etiamsi
1324 3241 1512 3286 onusta
1538 3235 1607 3288 sit
1629 3238 1857 3303 peccatis

264 3314 585 3372 innumeris.
625 3332 744 3371 cum
793 3316 1100 3388 frequenter
1141 3322 1452 3379 concionem
1484 3327 1649 3380 audit.
1674 3327 1855 3399 Neque

267 3408 410 3460 enim
439 3409 703 3477 priorilms
724 3409 934 3465 delictis
959 3427 1091 3464 nova
1116 3413 1291 3478 addit;
1320 3415 1426 3468 imo
1451 3417 1610 3472 etiam
1639 3432 1851 3487 peccata

267 3499 523 3560 absumit,
583 3509 637 3554 et
682 3502 858 3555 minus
900 3516 1220 3572 propensam
1276 3506 1450 3561 reddit
1502 3509 1731 3564 animam
1784 3511 1850 3565 ad

266 3591 484 3645 easdem
528 3609 613 3646 res
642 3594 1043 3661 aggrediendas.

339 3681 526 3737 Contra
549 3682 874 3752 pecuniarum
897 3689 1240 3757 cupiditatem.
1263 3689 1459 3745 ludit-ii
1478 3694 1637 3764 futuri
1661 3694 1851 3749 descri-

262 3777 390 3841 ptio.
418 3774 725 3828 Auditorum
754 3776 1098 3848 Chrysostomi
1126 3780 1360 3852 gemitus.
1388 3813 1459 3823 —
1490 3784 1691 3840 idcirco
1718 3803 1847 3857 rvgo

258 3875 497 3919 vestram
524 3864 821 3931 caritatem,
848 3870 960 3924 hinc
992 3870 1299 3942 frequenter
1325 3875 1388 3927 iis
1413 3875 1501 3943 qni
1530 3877 1721 3932 absunt
1747 3881 1844 3933 de-

256 3958 517 4022 cantetis,
554 3957 779 4029 illosque
820 3959 926 4015 cito
966 3962 1231 4017 reducatis
1260 3965 1325 4019 ad
1357 3979 1689 4023 communem
1735 3988 1846 4024 ma-

258 4056 395 4100 trem
419 4090 433 4110 ,
479 4064 539 4101 ac
564 4048 916 4114 spiritualium
956 4052 1223 4107 lucrorutn
1252 4066 1530 4112 consortes
1570 4060 1839 4114 reddatis:

257 4155 365 4192 non
395 4142 535 4195 enim
561 4142 987 4207 diminutionem,
1018 4146 1111 4200 sed
1137 4158 1477 4216 augmentum
1502 4152 1602 4205 hoc
1621 4168 1842 4209 consor-

254 4235 387 4285 tium
421 4235 577 4302 parit.
611 4234 737 4301 Sed,
770 4253 803 4287 θ
830 4238 1174 4305 pecuniarum
1210 4243 1465 4313 tyrannis,
1498 4260 1618 4314 qum
1645 4249 1840 4301 multos

254 4322 477 4377 fratrum
521 4335 830 4380 nostrorum
862 4328 930 4381 ab
958 4328 1061 4384 hoc
1091 4331 1216 4384 ovili
1258 4332 1503 4388 amovet!
1538 4336 1667 4390 nihil
1693 4340 1836 4393 enim

248 4412 392 4467 aliud
419 4430 513 4469 cos
555 4416 676 4471 hinc
720 4429 951 4485 amovet,
982 4435 1139 4489 quam
1186 4423 1360 4491 gravis
1410 4424 1496 4479 ille
1536 4428 1755 4481 morbus
1784 4439 1839 4484 et

249 4520 541 4573 numquam
587 4510 848 4562 exstincta
879 4509 1066 4566 foruax
1097 4530 1110 4565 :
1141 4511 1256 4567 bzcc
1278 4514 1518 4581 domina,
1558 4519 1832 4590 plusquam

249 4595 472 4648 barbara
496 4637 511 4660 ,
538 4600 724 4667 quavis
752 4600 923 4656 bellua
955 4602 1205 4668 ferocior,
1248 4616 1300 4659 et
1346 4607 1475 4677 ipsis
1503 4610 1834 4669 dminonibns

242 4688 441 4752 acrior,
472 4691 717 4757 captivos
742 4707 869 4746 suos
890 4708 1070 4748 secum
1099 4710 1398 4757 assumens.
1426 4700 1545 4756 illos
1572 4720 1713 4759 nunc
1737 4724 1832 4778 per

243 4776 418 4831 forum
466 4782 796 4846 circumfert,
850 4788 1030 4854 gravia
1082 4788 1213 4843 dans
1244 4802 1505 4862 przecepta
1560 4810 1659 4852 nec
1696 4776 1828 4855 sinit

242 4888 338 4927 eos
389 4873 471 4926 vel
529 4876 791 4930 tantillum
861 4881 1128 4948 respirare
1192 4898 1220 4934 a
1269 4885 1579 4951 perniciosis
1628 4890 1828 4945 labori-

239 4963 359 5018 bus.
394 4963 499 5018 Sed
528 4966 654 5035 quid
704 4967 934 5032 facient,
966 4987 1085 5025 cum
1116 4972 1231 5027 dies
1258 4975 1346 5029 ille
1386 4978 1640 5032 terribilis
1664 4982 1831 5038 adve~

238 5054 375 5119 niet,
399 5054 657 5123 judicium
691 5059 1079 5129 incorruptum,
1114 5072 1170 5117 ct
1197 5063 1365 5120 Judex
1396 5068 1483 5134 qui
1510 5068 1683 5139 decipi
1718 5089 1821 5127 non

233 5147 453 5218 potest?
479 5164 599 5204 cum
628 5152 743 5207 vela
776 5154 1030 5207 cat-lorum
1054 5155 1439 5211 contrahentur
1459 5160 1557 5229 (a),
1584 5171 1638 5216 et
1657 5177 1820 5233 ange.

230 5242 410 5293 lorum
460 5243 685 5312 populus
725 5260 847 5300 cum
892 5245 1079 5300 Jndice
1123 5247 1452 5304 descendet?
1482 5267 1600 5306 cum
1640 5257 1817 5311 omnia

225 5333 375 5385 nuda
403 5341 457 5386 et
477 5344 658 5401 aperta
686 5338 882 5391 erunt?
902 5353 1074 5409 neque
1096 5340 1236 5393 enim
1259 5348 1381 5394 tunc
1402 5344 1675 5398 rhetorum
1702 5347 1816 5399 elo-

226 5422 474 5492 quentia,
507 5439 612 5479 non
644 5427 725 5481 vis
754 5430 1023 5497 pecunia},
1057 5445 1230 5499 neque
1258 5432 1401 5487 aliud
1425 5434 1633 5504 quidvis
1655 5436 1812 5503 justi-

287 5575 367 5633 (α)
396 5576 602 5650 \{ldetur
631 5578 852 5650 alludere
886 5580 1337 5650 Chrysostomnsad
1374 5586 1465 5635 aevi
1498 5588 1573 5637 sui
1597 5598 1811 5650 morem;

216 5650 331 5687 nam
348 5638 520 5707 velunt
546 5653 670 5701 5th.,
695 5650 811 5693 ante
827 5638 1018 5704 judicés
1039 5645 1415 5695 obtendebatur.

555 5737 822 5804 Panos.
870 5745 984 5802 fin.
1044 5748 1263 5811 LXIII.

1983 1146 2107 1261 l'lEltll
2146 1166 2491 1226 corrumpere
2523 1168 2733 1232 poterit.
2780 1172 3002 1237 Quando
3042 1182 3182 1236 enim
3226 1186 3564 1261 incorruptus

2012 1240 2147 1261 ---ΙΑυ
2291 1247 2303 1257 '
2471 1256 2480 1261 ‘
2587 1259 2600 1261 “

1978 1235 2183 1310 Judex,
2214 1247 2304 1315 qui
2340 1256 2516 1309 omnia
2556 1259 2697 1314 clare
2738 1266 2917 1327 novit.
2964 1283 3177 1337 peccata
3208 1289 3333 1334 ante
3374 1235 3562 1340 ocitlos

1986 1343 2183 1391 Statuet
2213 1344 2367 1410 quasi
2391 1345 2441 1399 in
2478 1347 2709 1420 imagine
2737 1354 2982 1423 depicta;
3016 1368 3145 1416 tunc
3172 1381 3270 1421 nec
3300 1383 3413 1433 rex,
3444 1386 3541 1426 nec

1986 1427 2149 1483 idiota
2167 1446 2497 1502 comparent,
2516 1457 2620 1493 non
2639 1459 2857 1513 pauper,
2873 1465 2977 1502 non
2996 1453 3165 1519 dives,
3184 1472 3286 1511 non
3301 1463 3534 1528 sapiens.

1980 1528 2083 1567 non
2136 1515 2424 1587 indoctus;
2468 1526 2559 1580 sed
2614 1526 2719 1585 ειπερ
2766 1549 2953 1591 omnes
3010 1539 3169 1598 larva:
3225 1515 3560 1622 auferuntur,

1977 1615 2136 1674 atque
2183 1625 2246 1662 cx
2289 1624 2561 1681 gestorum
2614 1636 2905 1691 couSpectu
2946 1646 3133 1687 omnes
3177 1636 3246 1691 ibi
3294 1615 3558 1701 visuntur;

1976 1693 2091 1749 Non
2126 1704 2452 1769 conspicitur
2480 1708 2551 1762 ibi
2596 1712 2837 1770 diadema
2887 1719 3133 1790 cingens,
3172 1744 3277 1781 non
3330 1748 3561 1801 purpura

1975 1786 2222 1855 amictus,
2251 1807 2358 1845 non
2385 1811 2546 1852 curru
2571 1814 2774 1868 vectus,
2802 1809 2891 1876 qui
2924 1812 3073 1868 mille
3102 1816 3317 1874 lictores
3346 1786 3558 1890 habent,

1978 1874 2029 1927 in
2075 1876 2191 1933 foro
2232 1880 2438 1940 turbam
2479 1902 2764 1949 arcentes:
2798 1894 2892 1953 sed
2938 1901 3084 1958 istzcc
3124 1910 3301 1964 omnia
3354 1915 3557 1970 sublata

1975 1977 2133 2034 sunt,
2182 1979 2238 2025 et
2290 1972 2417 2030 nudi
2473 1980 2667 2051 singuli
2718 1986 3071 2059 inducuntur,
3129 2015 3196 2055 ex
3242 2006 3409 2073 gestis
3468 2020 3561 2063 ant

1976 2063 2230 2124 perniciei
2268 2076 2358 2121 aut
2424 2071 2612 2128 salutis
2652 2092 2866 2136 causam
2930 2086 3186 2146 habentes
3238 2063 3359 2150 :vut
3414 2102 3558 2157 enin.

1974 2151 2178 2221 singula
2211 2166 2357 2224 gesta
2388 2158 2609 2228 fuerint,
2639 2168 2718 2223 sic
2739 2170 2974 2228 calculus
3003 2178 3191 2235 fet-tur.
3224 2151 3558 2245 Multa

1975 2243 2111 2338 bona
2154 2247 2278 2303 hinc
2310 2257 2655 2325 proveniant,
2702 2264 2843 2331 quod
2884 2282 3003 2321 cum
3046 2279 3193 2327 tanto
3237 2276 3413 2334 studio
3445 2281 3558 2338 haec.

1973 2332 2135 2391 verba
2179 2342 2449 2398 audiatis:
2485 2363 2605 2403 nam
2638 2349 2965 2422 singulorum
3011 2364 3269 2431 gemitus,
3322 2380 3376 2423 et
3414 2376 3556 2441 quod

1972 2428 2176 2483 vultum
2210 2434 2550 2503 percutiatis,
2601 2440 2790 2497 horum
2841 2450 3102 2505 seminum
3152 2452 3282 2511 milti
3323 2458 3555 2520 fructum

1974 2515 2192 2573 indicat.
2230 2522 2352 2578 Ideo
2383 2528 2608 2585 miseros
2640 2534 2875 2603 praedico
2905 2538 3028 2594 illos
3058 2544 3147 2612 qtti
3179 2549 3405 2615 absunt,
3434 2515 3553 2625 quia

1970 2625 2092 2665 cum
2142 2623 2282 2669 tanta
2331 2631 2549 2687 possent
2596 2625 2696 2680 frui
2748 2645 2899 2696 cura,
2952 2635 3221 2694 ulceribus
3247 2623 3463 2701 scatent
3502 2661 3557 2704 et

1970 2702 2280 2761 vulneribus
2308 2712 2665 2781 quotidianis,
2712 2735 2883 2789 neque
2927 2739 2987 2779 se
3030 2739 3291 2798 mgrotare
3330 2738 3550 2793 sciunt:

1970 2788 2197 2860 ideoque
2228 2792 2349 2852 illos
2391 2816 2551 2857 sanos
2584 2803 2695 2861 fieri
2735 2804 2946 2868 difficile
2983 2788 3107 2872 est:
3136 2819 3268 2886 Quis
3293 2826 3434 2881 enim
3461 2844 3555 2883 cos

1970 2880 2052 2935 Itis
2080 2883 2147 2938 de
2179 2885 2336 2942 rebus
2377 2890 2719 2963 alloquetur?
2749 2916 2815 2954 an
2869 2910 3105 2961 uxores?
3149 2912 3253 2967 Sed
3298 2932 3400 2970 una
3447 2920 3553 2975 illis

1966 2988 2092 3030 cura
2138 2986 2220 3033 est
2268 2998 2282 3034 ε
2326 2980 2393 3037 de
2445 2988 2642 3050 aureis,
2695 2990 2765 3044 de
2822 2998 3177 3070 vestimentis,
3233 3007 3299 3060 de
3348 3007 3549 3080 reliqua

1967 3069 2357 3137 magnificentia
2397 3117 2410 3138 ,
2459 3088 2513 3131 et
2566 3078 2633 3134 de
2674 3080 2833 3136 domo
2877 3069 3274 3159 sollicitaueos
3310 3098 3400 3169 qui
3442 3069 3550 3158 ilhc

1966 3156 2221 3225 habitant,
2284 3166 2508 3222 moleste
2561 3180 2810 3227 tractant.
2860 3179 2940 3231 An
2984 3178 3202 3239 famuli?
3245 3156 3545 3259 quomodo,

1962 3264 2079 3302 cum
2121 3254 2318 3308 nullam
2365 3256 2594 3314 habeant
2644 3262 2889 3333 loquendi
2942 3254 3275 3345 libertatem,
3303 3292 3358 3335 et
3389 3254 3544 3339 unani

1962 3340 2059 3409 ipsi
2109 3358 2321 3415 quoque
2370 3363 2552 3404 curam
2590 3352 2821 3411 habeant
2866 3360 3219 3421 ministerium
3254 3382 3408 3426 suum
3448 3376 3544 3430 im-

1961 3433 2176 3536 plendi?
2202 3439 2282 3492 An
2322 3439 2565 3510 iudices?
2595 3447 2687 3502 sed
2717 3449 2844 3505 nihil
2873 3454 3014 3515 aliud
3046 3452 3117 3512 illi
3149 3472 3359 3529 curant,
3384 3482 3541 3536 quam

1960 3540 2045 3578 res
2070 3526 2318 3585 urbanas.
2364 3535 2445 3587 An
2489 3532 2625 3592 forte
2663 3555 2815 3610 reges
2854 3553 2908 3599 et
2955 3546 2988 3600 ii
3040 3550 3130 3619 qui
3175 3526 3417 3612 diadema
3444 3574 3539 3629 ge-

1957 3619 2137 3671 stant?
2188 3636 2369 3676 verum
2428 3625 2639 3683 illorum
2686 3632 2837 3688 labor
2888 3641 3063 3695 omnis
3116 3653 3360 3701 versatur
3401 3619 3539 3704 circa

1953 3800 2334 3857 eunt-itabunt?
2364 3811 2420 3860 at
2448 3812 2713 3875 quomodo
2745 3815 2795 3868 id
2824 3818 3035 3873 valeant
3065 3820 3122 3890 ii,
3153 3800 3241 3894 qui
3270 3844 3337 3883 ne
3365 3800 3535 3904 respi-

1953 3907 2071 3947 rare
2099 3893 2311 3964 quidem
2359 3901 2580 3967 possunt
2606 3906 2675 3959 ob
2715 3911 3045 3977 negotiorum
3088 3893 3325 3987 turbam,
3361 3893 3536 3981 sed-et

1953 3994 2160 4040 noctem
2190 3988 2438 4059 diemque
2466 4009 2525 4047 ea
2561 3995 2610 4048 in
2658 4013 2718 4052 re
2764 4000 3060 4063 insmuunt.
3090 4009 3206 4077 Quo
3236 4013 3396 4084 igitur
3429 4032 3534 4072 non

1950 4079 2365 4137 miserabiliores
2417 4085 2613 4142 fuerint
2667 4091 2774 4156 illi,
2832 4096 2920 4164 qui
2979 4079 3278 4159 iunttmcra'
3314 4110 3532 4166 vulnera

1948 4168 2162 4239 quidem
2206 4177 2507 4245 accipiunt,
2561 4193 2615 4235 et
2655 4182 2758 4239 huc
2785 4202 2889 4242 non
2921 4192 3200 4260 accedunt,
3236 4200 3324 4254 ubi
3353 4201 3531 4259 disce-

1946 4276 2006 4316 re
2054 4267 2255 4333 possint
2277 4284 2364 4334 se,
2395 4273 2493 4325 etsi
2543 4275 2852 4334 vulneribus
2904 4282 3140 4348 affectos,
3173 4267 3329 4357 posse
3359 4294 3425 4347 ab
3467 4297 3551 4351 iis‘

1946 4349 2187 4422 liberari,
2217 4368 2269 4412 et
2295 4361 2648 4420 valetudinem
2697 4374 2970 4453 conseqpi.
3013 4376 3360 4445 Quandonam
3401 4403 3529 4457 ergo

1947 4442 1998 4500 hi
2030 4449 2259 4504 animam
2308 4470 2458 4508 suam
2502 4460 2806 4515 ettrabunt?
2850 4442 3149 4534 optandum
3191 4474 3332 4528 enim
3362 4489 3443 4531 est
3461 4442 3528 4533 ῖιι

1945 4539 1996 4598 ii,
2031 4541 2118 4611 qui
2156 4542 2459 4613 frequenter
2503 4548 2554 4602 in
2607 4553 2886 4609 ecclesiam
2927 4563 3284 4631 conveniunt,
3331 4577 3385 4622 et
3428 4569 3526 4625 do-

1940 4635 2109 4686 ctrina
2157 4636 2414 4704 Spirituali
2446 4646 2697 4712 tantaque
2721 4660 2846 4701 cura
2885 4649 3149 4721 fruuntur,
3181 4673 3369 4726 pravas
3395 4677 3523 4717 con-

1937 4726 2291 4791 enpiscentias
2320 4730 2531 4785 vincere
2556 4742 2609 4787 et
2636 4732 2845 4794 frenare
2877 4744 3108 4812 possint,
3136 4756 3293 4819 atque
3317 4751 3384 4806 ad
3412 4757 3521 4815 vir-

1938 4818 2063 4868 tutis
2090 4818 2399 4872 exercitium
2423 4837 2480 4876 se
2505 4835 2842 4885 convertere.

2003 4908 2057 4961 2.
2088 4907 2277 4963 Cantus
2317 4911 2643 4981 psalmorum.
2680 4948 2754 4960 -——
2785 4914 2976 4978 Verum
3018 4942 3087 4982 ne
3114 4928 3364 4989 absentes
3400 4937 3519 4993 illos

1932 5011 2190 5069 perpetuo
2214 5003 2519 5060 incusantes
2544 5022 2573 5061 a
2612 5015 2881 5067 consuetis
2912 5032 3005 5071 vos
3032 5022 3309 5089 privemus
3333 5070 3347 5092 ,
3380 5045 3478 5101 age
3498 5073 3514 5097 ,

1926 5092 2138 5146 solitam
2184 5092 2335 5147 vobis
2375 5111 2612 5151 mensam
2649 5115 2999 5174 apponamus,
3038 5120 3093 5165 et
3142 5113 3207 5168 de
3250 5092 3509 5186 psallendi

1930 5183 2075 5235 lucro
2101 5183 2260 5236 verba
2289 5184 2564 5243 faciamus.
2588 5191 2722 5247 Ecce
2752 5209 2979 5267 namque
3004 5183 3261 5261 incidens
3276 5211 3510 5278 psalmus

1928 5275 2100 5327 varias
2145 5277 2359 5331 miscuit
2387 5293 2560 5346 voces,
2593 5291 2646 5336 ct
2699 5299 2859 5340 unum
2909 5294 3115 5348 cunctis
3146 5275 3365 5355 vocibus
3393 5318 3506 5357 mo-

1924 5365 2159 5420 dulatum
2208 5371 2470 5423 canticum
2522 5373 2572 5425 in
2620 5373 2783 5429 altttm
2828 5381 3078 5439 excitavit
3127 5405 3141 5442 :
3187 5388 3413 5458 juvenes
3456 5403 3505 5450 et

1926 5473 2100 5522 senes,
2129 5459 2320 5515 divites
2358 5470 2412 5516 et
2430 5477 2719 5533 pauperes,
2748 5472 2999 5531 mulieres
3029 5487 3083 5533 et
3127 5482 3255 5549 viri,
3287 5488 3426 5540 servi
3449 5500 3503 5544 et

1922 5548 2093 5615 liberi,
2114 5552 2281 5606 melos
2322 5569 2483 5608 unum
2526 5570 2711 5612 omnes
2727 5564 3057 5624 sustulimus.
3084 5570 3138 5627 Si
3160 5574 3302 5628 enim
3333 5577 3502 5632 citha-

1919 5640 2102 5696 rtedus
2128 5643 2367 5700 diversos
2409 5661 2600 5702 nervos
2632 5664 2748 5708 arte
2802 5664 3126 5729 temperans.
3171 5680 3332 5721 sonos
3363 5670 3503 5725 mul-

3092 5762 3171 5831 25
