4092 6206
528 253 629 306 «587

484 369 490 374 ’
527 381 609 425 tos
639 383 800 422 unum
828 364 991 420 efficit
1023 381 1036 418 :
1070 360 1193 430 quid
1215 358 1430 422 mirum,
1455 357 1498 410 si
1528 353 1789 425 psalmict
1811 343 2100 419 spiritualis

523 459 720 517 cantici
769 460 849 512 vis
903 456 1134 524 idipsum
1184 450 1350 506 fecit?
1389 447 1572 518 Neque
1599 444 1742 502 enim
1786 455 1883 496 nos
1925 441 2101 494 solum

526 563 836 622 praesentes,
873 549 965 603 sed
993 547 1153 600 etiam
1199 551 1466 596 mortuum
1509 553 1628 593 cum
1671 535 1806 589 vivis
1847 530 2100 587 miscuit:

526 616 620 701 ille
675 656 904 710 namque
948 637 1108 693 etiam
1149 634 1424 690 nobiscum
1462 628 1722 700 psallebat
1761 627 1947 681 beatus
1965 616 2101 676 Pro-

527 738 686 806 pheta
718 753 730 788 :
759 745 1078 803 quamquam
1108 729 1162 782 in
1193 727 1352 795 regiis
1378 722 1514 778 aulis
1543 720 1594 775 id
1623 734 1727 774 non
1753 717 1915 774 liceat
1939 733 1951 768 :
1979 729 2101 768 nam

527 831 598 885 ibi
627 828 778 884 sedet
819 824 1119 880 diademate
1159 829 1402 883 ornatus,
1437 814 1649 869 adstant
1691 819 1869 864 autem
1919 819 2106 862 omnes

525 937 648 976 cum
702 918 948 982 silentio,
993 915 1115 970 licet
1152 912 1203 966 in
1259 907 1506 963 maximis
1549 901 1944 974 magistratibus
1999 897 2107 952 sint

525 1012 822 1068 constituti.
856 1009 952 1064 llic
984 1019 1114 1061 vero
1143 1019 1248 1058 non
1272 1003 1384 1065 sic;
1411 997 1504 1054 sed
1544 997 1780 1066 loquitur
1810 990 2099 1062 Propheta,

527 1115 582 1159 et
601 1115 790 1158 omnes
815 1096 1448 1170 respondemus,_omnes
1486 1103 1587 1143 una
1619 1086 1865 1140 canimus
1894 1100 1906 1134 :
1933 1095 2106 1150 neque

531 1182 662 1252 licet.
681 1196 767 1250 hic
810 1206 1024 1248 servum
1075 1168 1280 1251 videre,
1328 1199 1428 1238 nec
1449 1183 1697 1239 liberum,
1725 1192 1823 1231 nec
1865 1175 2102 1236 divitem,

530 1304 630 1345 nec
682 1297 989 1357 pauperem,
1024 1287 1125 1334 n‘ec
1164 1276 1482 1348 principem,
1532 1285 1631 1325 nec
1669 1269 1969 1338 privatum;
2011 1261 2105 1317 scd

527 1381 745 1453 pellitur
789 1375 879 1431 illa
909 1369 1183 1428 smeularis
1236 1365 1588 1435 inaequalitas,
1644 1373 1778 1414 unus
1800 1356 1996 1411 chorus
2039 1369 2107 1408 ex

529 1451 778 1529 omnibus
825 1475 1200 1537 congregatur,
1257 1458 1536 1530 aequalitas
1579 1469 1788 1524 quoque
1839 1451 2002 1506 multa
2054 1453 2105 1502 in

530 1565 749 1622 vocibus
766 1569 867 1626 est,
897 1573 959 1612 ac
988 1556 1176 1611 czrlum
1200 1563 1339 1606 terra
1365 1549 1618 1604 imitatur.
1641 1543 1808 1600 Tanta
1831 1539 2109 1596 estEccle-

530 1660 623 1714 size
640 1653 911 1712 nobilitas.
930 1649 1110 1717 Neque
1127 1644 1270 1700 enim
1291 1641 1394 1696 dici
1416 1645 1590 1709 potest
1605 1635 1877 1690 dominum
1893 1630 2106 1702 quidem

530 1765 650 1803 cum
679 1747 838 1801 multa
883 1737 1208 1798 confidentia
1255 1732 1505 1804 psallere,
1539 1740 1751 1783 servum
1796 1732 1974 1780 autem
2023 1736 2110 1776 re-

524 1842 708 1915 primi;
729 1851 898 1908 neque
919 1845 1152 1894 rursum,
1166 1827 1382 1883 divitem
1395 1821 1606 1894 quidem
1621 1819 1853 1889 linguam
1868 1828 2107 1879 movere,

533 1931 750 2004 pauperi
783 1938 958 1982 autem
986 1920 1256 1978 silentium
1285 1914 1565 1986 imperari;
1593 1925 1763 1981 neque
1793 1909 2004 1970 iterum,
2033 1905 2112 1958 vi-

436 2077 438 2079 ,
531 2001 652 2081 rum
667 2020 883 2094 quidem
903 2031 1023 2073 cum
1048 2011 1233 2068 fiducia
1252 2020 1466 2072 canere,
1487 2001 1764 2059 mulierem
1785 2014 1914 2054 vero
1935 2007 2113 2052 tacere

529 2127 584 2175 et
618 2091 735 2171 sine
759 2125 890 2166 Voce
910 2117 1053 2163 stare
1080 2122 1095 2160 :
1125 2101 1219 2158 sed
1263 2112 1450 2155 omnes
1488 2096 1598 2166 pari
1643 2096 1847 2148 honore
1875 2091 2114 2146 fruentes

532 2219 819 2263 commune
846 2190 1121 2256 oll'erimus
1147 2192 1486 2254 sacrificium,
1512 2199 1847 2244 communem
1881 2181 2112 2239 oblatio-

534 2317 656 2358 nem
683 2318 698 2356 :
721 2312 894 2368 neque
935 2294 1057 2364 plus
1081 2289 1240 2344 habet
1269 2285 1354 2340 hic
1392 2296 1550 2354 quam
1580 2281 1688 2345 ille,
1715 2293 1812 2333 nec
1839 2277 1926 2332 ille
1955 2290 2114 2346 quam

534 2395 623 2450 hic
641 2411 656 2460 ;
681 2391 774 2448 sed
799 2402 987 2444 omnes
1006 2386 1057 2439 in
1075 2381 1262 2438 eodem
1281 2378 1506 2442 honore,
1525 2386 1573 2428 et
1599 2389 1701 2428 una
1714 2387 1817 2427 vox
1840 2386 1868 2424 a
1887 2368 2116 2424 diversis

535 2486 731 2557 linguis
751 2483 817 2539 ad
842 2480 1318 2538 orbisCreatorem
1364 2468 1643 2525 emittitur.
1677 2463 1983 2519 Differentia
2016 2476 2113 2514 au-

538 2593 644 2635 tem
675 2587 777 2640 est,
811 2590 915 2628 non
946 2572 996 2625 in
1028 2582 1186 2624 servo
1210 2575 1264 2620 et
1291 2563 1342 2617 in
1373 2561 1562 2624 libero,
1596 2574 1701 2612 non
1726 2557 1776 2610 iu
1801 2554 1968 2610 divite
1989 2561 2041 2606 et
2063 2553 2114 2605 in

537 2685 797 2742 paupere,
822 2681 928 2720 nou
957 2661 1009 2716 in
1036 2658 1262 2716 muliere
1291 2665 1346 2710 et
1373 2655 1425 2708 in
1449 2652 1585 2716 viro,
1613 2648 1704 2704 sed
1735 2648 1785 2701 in
1827 2645 2027 2707 animo,
2067 2644 2116 2695 in

537 2779 666 2820 cura
691 2769 744 2816 et
761 2760 814 2813 in
841 2753 1070 2827 ignavia,
1093 2752 1144 2804 in
1167 2748 1295 2803 vitio
1307 2756 1360 2802 et
1376 2741 1593 2798 virtute‘.
1613 2741 1687 2795 Ita
1709 2737 1851 2793 enim
1872 2749 1972 2805 ego
1988 2733 2121 2788 adeo

539 2855 756 2910 divitem
781 2860 1091 2920 pauperem,
1128 2851 1182 2897 et
1208 2851 1494 2911 pauperem
1525 2832 1750 2888 divitem
1776 2841 1974 2883 vocare
1999 2841 2124 2897 pos-

540 2962 682 3010 sum,
710 2952 766 2999 et
782 2917 1059 2996 mulierem
1077 2935 1269 2998 virum,
1288 2931 1572 2999 virumque
1587 2923 1892 2990 mulierem,
1914 2927 1970 2976 et
1997 2917 2125 2973 idio-

540 3050 648 3094 tam
688 3035 1005 3106 sapientem,
1046 3025 1451 3098 sapientemque
1496 3019 1714 3074 idiotam
1741 3034 1755 3069 :
1780 3029 1887 3070 non
1941 3027 2122 3069 rerum

546 3142 790 3187 naturam
807 3123 1166 3189 confundens,
1182 3118 1276 3174 sed
1299 3119 1556 3188 optimam
1579 3111 1815 3182 regulam
1843 3108 2123 3172 inducens,

544 3240 663 3297 quae
704 3220 883 3276 omnia
930 3216 1181 3285 corrigat.
1213 3211 1278 3266 Et
1317 3205 1603 3278 quomodo.
1633 3203 1865 3272 inquies,
1897 3199 1978 3254 vir
2004 3212 2127 3252 mu-

546 3295 665 3382 lier,
696 3325 750 3370 et
795 3310 987 3366 mulier
1016 3309 1096 3361 vir
1128 3304 1241 3359 fieri
1273 3298 1476 3374 possit?
1515 3295 1630 3352 Non
1670 3303 1869 3349 mutata
1915 3298 2126 3353 natura,

546 3409 640 3466 sed
665 3410 783 3462 vitae
811 3405 1073 3460 instituto.
1101 3395 1235 3453 Cum
1264 3394 1408 3451 enim
1441 3391 1598 3444 video
1646 3386 1916 3441 hominem
1938 3395 2126 3435 aurum

545 3507 864 3570 gestantem,
891 3497 1379 3566 elegantem,coma
1407 3493 1676 3546 ornatum,
1705 3475 1991 3548 unguentis
2020 3472 2129 3527 fra-

549 3605 814 3666 grantem,
846 3605 967 3645 cum
999 3578 1150 3640 molli
1170 3580 1395 3636 vestium
1421 3576 1641 3640 amictu,
1665 3569 1896 3632 femineo
1918 3579 2126 3636 gressu,

550 3687 756 3743 deliciis
773 3695 992 3753 operam
1011 3677 1226 3732 dantem
1243 3691 1256 3726 ε
1271 3667 1537 3741 quomodo
1554 3665 1753 3736 possim
1779 3662 1926 3716 illum
1942 3672 2088 3714 vocat
2103 3670 2134 3710 e

552 3783 747 3843 virum,
777 3777 865 3848 qui
887 3781 1090 3829 naturae
1108 3767 1440 3825 nobilitatem
1465 3758 1698 3832 prodidit
1714 3755 1835 3812 etin
1854 3753 2130 3808 mulierem

553 3886 845 3930 conversus
892 3867 1008 3924 est?
1041 3862 1249 3918 Etenim
1295 3875 1361 3913 ne
1411 3855 1692 3910 mulierem
1726 3848 1943 3920 quidem
1974 3844 2024 3899 id
2060 3844 2135 3896 fa-

553 3968 785 4021 cientem
841 3962 981 4015 inter
1011 3958 1251 4010 viventes
1303 3951 1498 4006 Paulus
1543 3957 1828 4001 numerare
1856 3941 2134 4011 dignatur,

556 4055 652 4111 sed
674 4053 817 4110 illam
841 4049 1069 4105 secrevit
1091 4047 1157 4102 de
1185 4046 1424 4098 vivorum
1451 4040 1639 4101 choro,
1663 4045 1716 4090 et
1738 4034 1876 4087 inter
1900 4037 2139 4084 mortuos

557 4145 853 4208 constituit,
899 4141 1082 4196 dicens
1115 4155 1127 4191 :
1166 4137 1292 4204 Qua:
1333 4142 1499 4186 autem
1539 4131 1592 4182 in
1620 4126 1814 4180 deliciis
1841 4132 1933 4187 est,
1975 4119 2141 4174 vivens

559 4246 759 4292 mortua
783 4233 890 4307 εει(
920 4235 969 4288 1.
993 4231 1122 4286 Tim.
1141 4232 1195 4286 5.
1217 4227 1248 4283 6
1274 4228 1292 4300 )
1321 4244 1334 4280 :
1360 4221 1629 4296 quomodo
1658 4235 1784 4288 ergo
1810 4215 1890 4269 vir
1928 4213 2042 4268 haec
2067 4211 2143 4266 fa-

559 4334 709 4386 ciens
735 4329 787 4383 in
812 4329 1048 4383 virorum
1069 4322 1257 4378 ordine
1278 4323 1608 4379 numeretur,
1631 4326 1750 4382 quae
1768 4309 1815 4365 si
1838 4307 1996 4362 faciat
2019 4321 2106 4358 mu
2123 4332 2139 4344 -

560 4428 680 4492 lier,
703 4423 838 4480 adeo
858 4421 1018 4475 vitam
1045 4412 1314 4488 perdidit?
1340 4411 1417 4466 Ne
1441 4407 1568 4462 mihi
1597 4405 1739 4462 enim
1762 4402 1934 4457 virum
1963 4408 2144 4454 osten-

560 4518 659 4572 das
696 4515 765 4570 ab
805 4513 1022 4574 amictu,
1057 4523 1086 4561 a
1125 4519 1281 4567 zona,
1311 4501 1398 4557 vel
1431 4514 1498 4554 ex
1545 4511 1611 4552 eo
1665 4491 1806 4565 quod
1834 4489 1977 4546 domi
2025 4501 2146 4542 sese

563 4609 752 4663 efferat
777 4619 840 4659 ac
868 4595 1220 4656 formidabilis
1265 4599 1336 4649 sit
1373 4605 1437 4645 ac
1478 4589 1650 4643 minas
1680 4585 1931 4648 iutentet,
1956 4578 2050 4636 sed
2079 4577 2148 4631 ab

564 4697 731 4753 animi
773 4689 1111 4766 philosophia
1143 4701 1304 4749 ;cum
1336 4681 1463 4738 vitia
1490 4677 1815 4749 comprimit,
1847 4682 1902 4728 et
1931 4669 2148 4726 morbos

567 4792 762 4846 anima!
789 4791 1028 4858 superat,
1074 4796 1196 4837 cum
1243 4775 1423 4840 domui
1453 4787 1566 4828 sua;
1610 4766 1849 4825 interiori
1901 4765 2148 4833 imperat,

569 4887 636 4940 tle
663 4885 838 4938 anima
875 4881 1088 4950 loquor,
1117 4887 1291 4944 neque
1326 4885 1355 4925 a
1383 4863 1794 4938 cogitationibus
1835 4855 2153 4915 inordinatis

571 4977 804 5034 trahitur
835 4993 847 5030 :
877 4949 980 5028 hoc
1023 4969 1255 5025 maxime
1297 4964 1399 5018 viri
1446 4970 1547 5018 est.
1593 4958 1649 5014 Si
1692 4964 1870 5011 autem
1908 4949 2151 5007 ebrietati

574 5068 880 5138 ctcrapulae
925 5065 1017 5120 det
1063 5076 1304 5131 Operam,
1348 5071 1411 5110 ac
1435 5055 1577 5109 diem
1614 5049 1870 5119 transigat
1921 5053 1977 5100 et
2023 5061 2154 5096 cou-

573 5171 751 5219 sumat
795 5159 847 5213 in
902 5149 1383 5211 comessationibus
1409 5156 1462 5202 et
1515 5143 1793 5205 ebrietate,
1841 5153 1962 5193 cera
2012 5135 2156 5189 omni

574 5252 789 5309 inullior
813 5265 844 5304 a
875 5247 1002 5302 vitio
1025 5245 1215 5309 factus,
1253 5237 1524 5312 quomodo
1555 5246 1743 5306 potero
1790 5229 1953 5286 talem
1984 5227 2156 5280 virum

579 5357 795 5406 vocare,
814 5337 1086 5410 captivum
1104 5349 1318 5404 nempe,
1337 5343 1554 5386 servum
1575 5323 1895 5394 emptitium,
1911 5317 2162 5376 omnibus

579 5454 700 5496 sese
719 5436 858 5502 vitiis
872 5432 1181 5498 dedentem,
1203 5428 1448 5491 fractum,
1462 5419 1782 5483 emollitum,
1800 5413 2160 5476 deliciautem,

581 5531 651 5585 ab
673 5527 922 5584 oumibns
962 5522 1265 5593 depulsum,
1295 5517 1384 5588 qui
1413 5531 1478 5570 ne
1500 5522 1644 5568 stare
1688 5507 1904 5580 quidem
1958 5505 2010 5559 in
2051 5501 2166 5556 acie

583 5621 793 5694 possit?
824 5621 906 5674 An
945 5615 1162 5672 nescitis
1191 5611 1344 5667 nobis
1375 5623 1480 5663 non
1519 5619 1640 5660 esse
1671 5602 1869 5657 bellum
1898 5607 1954 5654 et
1993 5595 2164 5650 aciem

590 5712 882 5783 parandam
910 5711 1167 5765 adversus
1200 5700 1446 5756 homines
1473 5708 1822 5766 congeneres,
1856 5689 1947 5745 sed
1976 5686 2164 5743 adver~

1239 244 1298 299 S.
1340 237 1617 297 JOANNIS
1659 228 2140 290 CIIRYSOSTOMI
2181 228 2496 284 ARCHIEP.
2538 226 3077 285 CONSTANTINHP.

3681 217 3784 286 iss

2206 355 2297 394 sus
2326 343 2615 398 invisibiles
2657 343 2984 406 Potestatcs,
3016 341 3270 395 adversus
3309 337 3610 394 daemonum
3654 336 3796 406 pha-

2207 435 2425 503 langas,
2469 435 2762 490 secundum
2807 437 3020 490 beatqu
3069 433 3331 488 Paulum:
3366 430 3485 483 Non
3524 439 3598 483 est
3645 427 3796 483 nobis

2208 526 2342 578 lucta
2362 526 2600 582 adversus
2622 527 2916 597 sanguinem
2953 535 2998 578 et
3023 540 3246 587 carnem,
3272 521 3361 575 scd
3385 520 3624 574 adversus
3653 520 3794 590 prin-

2208 618 2341 684 cipes
2366 628 2412 672 et
2433 615 2706 673 Potestates
2733 618 2943 691 (Ephes.
2976 617 3027 671 6.
3058 617 3166 684 Η).

2278 709 2332 764 ὅ.
2365 710 2476 764 lloc
2502 710 2644 764 enim
2677 711 2907 764 maxime
2928 709 3024 762 viri
3049 718 3151 763 est.
3178 706 3278 774 Qui
3305 720 3436 776 ergo
3461 703 3650 760 formze
3676 715 3793 759 stu~

2208 800 2334 865 det,
2382 816 2481 855 nec
2529 815 2649 856 sese
2695 802 2902 854 virilem
2955 808 3205 870 priestat;
3249 798 3338 868 qui
3391 805 3650 861 ornatur,
3697 811 3798 853 nec

2211 890 2458 944 virtutem
2514 891 2611 944 viri
2668 890 2906 954 exhibet,
2961 887 3230 957 quomodo
3287 895 3393 941 stet
3443 885 3495 940 in
3527 885 3680 940 acie?
3711 887 3793 940 vel

2210 983 2479 1051 quomodo
2509 982 2590 1036 vir
2619 991 2860 1046 vocetur,
2889 997 3009 1034 cum
3032 981 3101 1033 sit
3125 978 3270 1033 omni
3296 981 3518 1034 muliere
3545 979 3799 1032 mollior?

2215 1075 2412 1130 Eodem
2442 1083 2618 1128 autem
2653 1073 2833 1138 modo,
2881 1074 3018 1127 sicut
3047 1071 3186 1125 hunc
3229 1087 3332 1125 non
3362 1069 3536 1124 virum
3564 1085 3797 1123 vocave-

2211 1165 2331 1230 rim,
2360 1162 2456 1218 sed
2483 1163 2707 1217 muliere
2733 1162 3063 1223 molliorem;
3095 1162 3163 1214 ita
3188 1170 3244 1214 et
3264 1159 3542 1214 mulierem
3567 1159 3798 1213 viriliter

2209 1264 2453 1322 agentem
2476 1296 2488 1316 ,
2521 1253 2668 1308 omni
2715 1253 2830 1306 viro
2863 1251 3134 1305 fortiorem
3166 1250 3393 1305 dixerim
3414 1292 3428 1314 ,
3473 1249 3521 1304 si
3566 1251 3798 1319 arreptis

2211 1344 2372 1398 armis
2395 1343 2779 1413 spiritualibus,
2810 1341 3025 1396 thorace
3049 1341 3268 1411 justitizc
3299 1340 3502 1403 induta,
3532 1339 3680 1410 galea
3706 1357 3796 1392 sa-

2213 1437 2367 1491 lutari
2415 1446 2724 1507 assumpta,
2771 1437 2961 1506 clypeo
3001 1432 3123 1488 fidei
3173 1442 3348 1496 tecta,
3395 1447 3527 1486 zona
3558 1433 3799 1487 veritatis

2211 1529 2515 1592 succincta,
2562 1537 2618 1582 et
2645 1527 2822 1598 gladio
2868 1525 3088 1594 spiritus
3133 1535 3376 1593 accepto,
3421 1532 3526 1576 stet
3565 1523 3617 1577 in
3647 1524 3796 1587 acie,

2214 1619 2420 1690 fulgens
2449 1619 2648 1682 armis,
2681 1618 2810 1686 ipsis
2854 1616 2999 1670 caelis
3041 1613 3307 1670 excelsior
3349 1612 3485 1666 facta
3527 1627 3593 1666 ex
3633 1613 3795 1666 animi

2212 1726 2372 1764 sensu
2393 1751 2408 1774 ,
2439 1709 2745 1762 daemonum
2787 1703 3079 1776 phalangas
3117 1703 3417 1757 dissolvens
3439 1743 3451 1764 ,
3483 1700 3681 1755 diaboli
3711 1710 3794 1771 ty-

2213 1801 2490 1856 rannidem
2519 1799 2732 1865 tollens,
2782 1799 2908 1853 vitia
2947 1811 3350 1866 compungens,
3382 1793 3800 1864 densioremqne

2214 1893 2301 1947 illa
2323 1909 2441 1961 qua:
2470 1891 2520 1944 in
2541 1891 2678 1946 bello
2702 1890 2757 1943 lit
2777 1899 3010 1959 stragem
3033 1887 3220 1952 edens,
3253 1902 3358 1939 non
3383 1884 3676 1947 hominum,
3703 1885 3798 1939 sed

2215 1983 2566 2038 ahsurdarum
2621 1981 2996 2052 cupiditatum.
3026 1979 3218 2034 Mulier
3259 1992 3490 2046 namque
3533 1985 3588 2030 et
3635 1975 3717 2029 vir
3745 1976 3799 2028 iu

2215 2076 2583 2147 corporalibus
2612 2074 2767 2128 divisi
2800 2081 2922 2127 sunt
2948 2090 2960 2136 ;
2996 2083 3053 2128 et
3082 2072 3155 2125 illi
3185 2068 3398 2141 quidem
3445 2068 3546 2123 tela
3566 2109 3583 2135 ,
3612 2069 3800 2134 colus,

2216 2168 2559 2233 calathiseus,
2579 2167 2769 2221 domus
2795 2163 3036 2219 custodia
3055 2163 3377 2232 assignatur,
3402 2172 3457 2214 ut
3487 2161 3536 2213 in
3569 2159 3802 2213 thalamo

2217 2270 2427 2315 maneat
2453 2270 2506 2314 et
2534 2259 2669 2312 filios
2695 2257 2932 2319 nutriat;
2965 2255 3078 2309 viro
3118 2263 3296 2307 autem
3326 2251 3643 2316 tribunalia,
3675 2266 3805 2304 con-

2217 2353 2364 2419 silia,
2407 2351 2612 2416 forum,
2643 2349 2802 2413 bella,
2836 2363 3026 2418 pugna:
3047 2389 3062 2412 ,
3095 2346 3239 2400 acies
3273 2363 3286 2397 :
3323 2346 3377 2400 in
3404 2342 3594 2413 pugnis
3621 2350 3801 2396 autem

2219 2444 2323 2500 illis
2343 2459 2463 2514 qua:
2499 2443 2750 2512 pietatem
2803 2446 3070 2508 spectant,
3104 2450 3389 2490 commune
3431 2432 3669 2487 studium
3698 2441 3805 2495 est,

2218 2537 2519 2594 conuuuuia
2572 2534 2866 2590 certamina
2897 2549 2910 2586 :
2941 2531 3292 2598 similiterque
3329 2526 3582 2580 mulieres
3627 2539 3686 2580 se
3737 2523 3806 2578 ad

2221 2644 2448 2702 pugnam
2490 2628 2808 2697 accingunt,
2843 2639 2940 2679 nec
2982 2619 3265 2693 ejiciuntur
3292 2635 3322 2673 a
3363 2616 3678 2680 certamine,
3711 2616 3809 2670 sed

2221 2733 2275 2776 et
2310 2722 2360 2775 iu
2409 2719 2524 2774 acie
2555 2726 2790 2788 pugnant
2845 2723 3175 2770 coronantur
3219 2722 3274 2766 et
3327 2711 3573 2764 victrices
3609 2723 3810 2764 renun-

2226 2817 2421 2869 tiantur
2457 2821 2512 2869 et
2538 2811 2867 2868 strenuitatis
2891 2809 3104 2879 praemia
3136 2814 3418 2876 reportant
3444 2811 3606 2874 atque
3625 2800 3812 2856 bravia

2226 2918 2282 2965 et
2318 2923 2543 2963 coronas
2574 2925 2586 2960 :
2621 2914 2928 2974 tropmaque
2953 2899 3094 2970 apud
3124 2897 3240 2954 illas
3273 2895 3553 2968 splendida
3582 2903 3727 2958 sunt,
3756 2904 3816 2948 et

2226 3000 2462 3055 victoria:
2491 2997 2816 3067 frequentes.

2299 3091 2703 3146 Maccaba’orum
2738 3096 2897 3140 mater
2920 3091 3108 3154 quanta
3141 3097 3310 3151 passa.
3331 3109 3401 3118 -—-
3428 3081 3502 3131 Ac
3528 3093 3591 3130 ne
3613 3075 3815 3146 putetis

2230 3188 2343 3241 haec
2383 3185 2574 3240 fastum
2623 3196 2814 3252 sapere
2843 3189 2897 3235 et
2941 3179 3228 3233 verborum
3275 3175 3530 3236 sonitum,
3567 3180 3623 3224 et
3664 3168 3817 3222 clare

2229 3280 2408 3335 sciatis
2433 3277 2684 3332 mulieres
2710 3272 2968 3345 quasdam
2996 3285 3101 3324 non
3133 3267 3233 3322 viri
3280 3264 3442 3319 modo
3487 3260 3820 3316 strenuiores

2231 3373 2416 3436 fuisse,
2445 3370 2536 3425 sed
2560 3370 2743 3434 etiam,
2775 3376 2832 3420 nt
2859 3367 2930 3420 ita
2961 3364 3162 3426 dicam,
3193 3359 3259 3414 ad
3281 3358 3595 3426 angelorum
3621 3357 3821 3422 impas-

2232 3467 2557 3528 sibilitatem,
2585 3471 2839 3532 quantum
2870 3458 2980 3513 fieri
3011 3463 3240 3526 poterat,
3259 3453 3600 3523 pervenisse:
3621 3449 3675 3502 in
3707 3463 3824 3501 me-

2233 3561 2377 3613 dium
2406 3556 2698 3609 adducatur
2723 3553 2836 3616 illa,
2869 3558 3056 3603 natura
3080 3546 3297 3617 quidem
3327 3543 3541 3606 mulier,
3574 3539 3668 3595 sed
3698 3553 3824 3607 quas

2235 3668 2298 3704 ex
2323 3647 2672 3720 philosoiihize
2705 3646 2754 3698 vi
2780 3644 2941 3699 caelos
2963 3641 3157 3710 attigit,
3181 3637 3598 3693 Maccabaeorum
3622 3640 3824 3693 mater.

2236 3758 2355 3813 quae
2404 3742 2486 3796 bis
2547 3748 2750 3809 septem
2807 3749 3035 3790 coronas
3104 3732 3323 3795 nexuit;
3394 3739 3450 3784 et
3505 3741 3665 3798 quem
3722 3740 3827 3778 ve-

2240 3834 2403 3888 lueris
2431 3832 2652 3886 militem
2698 3825 3203 3889 bellicosissimum,
3242 3821 3592 3876 fortissimum
3629 3825 3686 3872 et
3711 3832 3830 3871 ma-

2239 3925 2584 3996 gnanimitate
2613 3920 2940 3990 praecipuum
2969 3915 3135 3970 verbo
3166 3909 3346 3983 profer
3375 3913 3427 3965 in
3473 3909 3705 3965 medium
3727 3948 3744 3972 ,
3773 3918 3833 3958 et

2244 4024 2392 4071 tanto
2417 4014 2784 4069 sublimiorem
2830 4008 3034 4063 videbis
3087 4005 3366 4060 mulierem
3399 4003 3576 4067 illam,
3625 4013 3832 4071 quamn

2241 4109 2494 4163 cielorum
2535 4102 2765 4158 fornices
2794 4100 2993 4155 distant
3020 4113 3049 4152 a
3097 4107 3259 4152 terra.
3299 4094 3430 4150 Nam
3463 4094 3541 4147 vir
3581 4091 3736 4146 fortis
3774 4100 3834 4142 et

2246 4209 2507 4272 pugnator
2538 4197 2621 4251 vel
2649 4210 2804 4249 uuam
2849 4195 3000 4248 timet
3041 4191 3249 4261 plagam
3274 4230 3289 4255 ,
3322 4196 3379 4242 et
3437 4202 3502 4240 ex
3543 4183 3635 4238 illa
3680 4196 3832 4236 mor-

2248 4307 2354 4351 tem
2398 4290 2544 4347 brevi
2591 4298 2936 4358 sequuturam
2969 4301 2983 4338 :
3012 4283 3128 4337 haec
3164 4295 3294 4335 vero
3323 4278 3497 4332 stabat
3538 4289 3638 4330 ceu
3675 4287 3835 4328 mons

2246 4383 2488 4456 perfossa
2515 4378 2816 4444 tormentis,
2852 4375 2904 4430 in
2933 4371 3160 4443 singulis
3187 4371 3413 4424 filiorum
3444 4366 3715 4437 graviores
3741 4379 3838 4416 suo

2249 4455 2456 4534 stiuens
2485 4473 2665 4527 animo
2695 4470 2878 4541 plagas
2898 4509 2913 4534 ,
2942 4480 3100 4537 quam
3129 4461 3205 4517 illi
3235 4463 3288 4516 in
3321 4460 3576 4514 lateribus
3611 4455 3838 4522 excipe-

2250 4577 2371 4625 rent
2395 4566 2703 4621 cruciatus:
2738 4570 2908 4615 mater
2931 4558 3074 4613 enim
3099 4562 3246 4620 erat,
3276 4563 3332 4609 et
3359 4551 3514 4606 vidua
3536 4590 3552 4614 ,
3579 4557 3742 4618 atque
3766 4547 3840 4599 ad

2252 4675 2546 4719 extremam
2573 4663 2906 4712 senectutem
2933 4653 3254 4708 devenerat:
3285 4645 3431 4702 scitis
3452 4650 3655 4707 autem,
3681 4647 3846 4711 quot-

2253 4764 2385 4828 quot
2413 4762 2589 4824 patres
2620 4749 2751 4804 estis
2771 4787 2784 4810 ,
2817 4755 2874 4801 ct
2912 4755 3266 4815 quaecumque
3293 4746 3476 4808 partus
3500 4735 3717 4789 dolores
3741 4746 3843 4786 εις

2256 4856 2422 4920 ρειιω
2461 4844 2613 4909 estis,
2643 4839 2860 4911 spiculis
2899 4836 3147 4892 omnibus
3196 4831 3314 4886 haec
3371 4842 3494 4884 esse
3537 4823 3844 4880 acerbiora.

2258 4912 2336 4997 λα
2381 4936 2588 4994 nullum
2639 4933 2799 4988 telum
2842 4937 3054 4983 acutum
3100 4934 3205 4977 tam
3253 4934 3470 4992 gravem
3515 4916 3679 4972 infert
3720 4912 3843 4966 vul-

2260 5033 2460 5090 neratis
2509 5029 2782 5088 dolorem,
2817 5031 2878 5078 ut
2927 5021 3115 5075 harum
3157 5030 3338 5072 rerum
3392 5022 3726 5081 unaquaeque
3772 5005 3851 5060 il-

2263 5129 2363 5182 lius
2383 5121 2687 5195 pungebant
2708 5117 2966 5172 animum.
2997 5110 3183 5180 Cogita
3208 5107 3351 5162 enim
3371 5112 3640 5174 quantum
3651 5107 3765 5154 erat
3789 5097 3858 5150 in

2262 5191 2482 5290 singulis
2499 5216 2619 5269 (iliis
2640 5212 2822 5268 videre
2839 5219 3033 5276 corpus
3051 5217 3211 5258 unum
3231 5200 3336 5270 igni
3355 5207 3408 5254 et
3429 5196 3572 5252 ferro
3588 5191 3852 5258 disrumpi

2265 5281 2591 5380 longumque
2655 5299 2904 5375 protendi
2949 5305 3256 5357 certamen;
3300 5286 3570 5360 quomodo
3611 5281 3864 5346 videbat,

2267 5376 2536 5475 quomodo
2594 5395 2876 5458 audiebat,
2915 5386 3185 5461 quomodo
3211 5382 3511 5451 excipiebat
3535 5376 3757 5433 odorem
3782 5386 3856 5427 ex

2269 5462 2588 5565 corporibus
2631 5488 2768 5550 illis,
2810 5483 2960 5540 mille
3003 5487 3205 5534 mortes
3245 5472 3470 5543 singulis
3516 5469 3641 5524 ﬁliis
3669 5462 3862 5521 inferri

2271 5553 2475 5643 videns.
2507 5581 2615 5639 Sed
2638 5579 2744 5633 .ilta
2787 5574 3000 5645 quidem
3030 5568 3206 5624 stabat
3243 5573 3303 5620 ut
3344 5572 3497 5634 petra
3525 5553 3821 5615 immobilis
3843 5594 3863 5620 ,

2273 5698 2382 5738 non
2410 5677 2603 5748 agitata
2635 5667 2901 5731 fluctibus,
2933 5664 3028 5722 sed
3057 5661 3249 5718 ﬂuctus
3275 5659 3328 5714 iu
3359 5669 3601 5730 spumam
3629 5662 3865 5708 conver-
