4092 6206
196 348 303 406 ΗΠ

202 469 292 520 καὶ
316 466 412 520 τὸν
437 460 832 533 τελευτήσαντι
854 456 963 524 τοῖς
990 458 1154 525 ζῶσιν
1182 460 1405 531 ἀνέμιξε
1427 475 1442 491 ·
1470 464 1563 514 καὶ.
1592 462 1701 534 γὰρ
1727 460 1867 534 [καὶ]

197 555 406 618 ἐκεῖνος
439 552 558 624 μεθ’
583 550 739 621 ήμῶν
771 547 1047 617 ἐψαλλενό
1069 548 1335 619 μακάριος
1361 539 1516 612 οὗτος
1549 551 1834 621 προφήτης
1852 566 1866 580 ο

196 642 377 696 καίτοι
407 657 474 709 γε
492 641 552 693 ἐν
582 638 884 708 βασιλικαῖς
905 635 1096 696 αὐλαῖς
1120 634 1221 688 061:
1253 634 1336 689 ενι
1360 636 1536 700 τοῦτο,
1559 635 1697 693 ἀλλὰ
1732 637 1869 690 κάθ-

196 745 321 801 ηται
365 728 467 798 μὲν
510 727 540 779 6
581 724 643 778 τὸ
673 723 907 793 διάδημα
951 722 1348 792 περικείμενος,
1400 723 1778 794 παρεστήκασι
1815 722 1871 776 δὲ

196 819 398 880 πάντες
445 818 594 885 σιγῇ,
647 811 949 866 καὶταῦτα
1004 812 1062 864 ἐν
1112 810 1398 880 μεγίσταις
1451 810 1604 875 ὄντες
1653 812 1868 883 ἀρχαῖς.

207 901 480 957 Ἐνταῦθα
516 901 573 954 δὲ
605 900 702 970 οὐχ
745 896 937 961 οὔτως,
990 896 1124 951 ἀλλὰ
1160 897 1453 966 φθέγγεται
1493 899 1522 951 ό
1563 900 1869 969 προφήτης,

196 992 289 1044 καὶ
322 990 528 1051 πάντες
561 984 984 1056 ἀποκρινόμεθα,
1038 984 1131 1037 καὶ
1175 985 1373 1049 πάντες
1421 984 1864 1055 συνεπηχοῢμεν·

196 1077 289 1130 καὶ
323 1078 426 1129 οὐκ
461 1075 576 1127 ἔστι
620 1072 806 1127 δοῦλον
837 1071 1068 1125 ἐνταῦθα
1109 1071 1259 1136 ἰδεῖν,
1278 1071 1396 1124 οὐδὲ
1423 1071 1719 1143 ἐλεύθερον,
1750 1073 1868 1127 οὑδέ

195 1162 455 1217 πλούσιον
490 1160 585 1214 καὶ
623 1159 852 1229 πένητα,
896 1158 1017 1211 οὐδὲ
1066 1157 1300 1230 ἄρχοντα
1342 1160 1434 1212 καί
1467 1158 1712 1231 ἰδιώτην·
1752 1160 1867 1215 ἀλλ’

194 1249 444 1304 ἐκποδὼν
472 1248 658 1301 ἅπασα
681 1244 818 1316 αὕτη
848 1244 881 1316 ή
916 1244 1008 1299 τοῦ
1047 1244 1162 1315 βίου
1196 1245 1479 1315 ἀνωμαλία
1511 1246 1864 1317 ἀπελήλαται,

194 1338 285 1390 καὶ
316 1332 400 1400 εἷς
427 1334 586 1408 χορὸς
612 1334 672 1399 ἐξ
703 1332 957 1388 ἁπάντων
988 1333 1441 1403 συγκεκρότηται,
1481 1334 1575 1386 καὶ
1619 1334 1867 1406 ἰσηγορία

195 1425 389 1495 πολλὴ,
418 1424 513 1475 καὶ
555 1420 646 1474 τὸν
695 1419 921 1489 οὐρανὸν
965 1421 998 1489 ἠ
1048 1419 1119 1489 γῆ
1171 1421 1433 1488 μιμεῖται.
1482 1418 1728 1490 Τοσαύτη
1766 1420 1866 1490 τῆς

190 1511 491 1581 ἐκκλησίας
521 1511 555 1579 ή
587 1508 854 1576 εὐγένεια.
894 1506 1025 1559 οὐδὲ
1047 1505 1156 1575 γάρ
1191 1505 1338 1559 ἐστιν
1370 1507 1561 1569 εἰπεῖν,
1596 1508 1676 1560 ὃτι
1707 1510 1736 1562 ὁ
1765 1509 1864 1579 μὲν

188 1599 465 1668 δεσπότης
511 1596 651 1667 μετὰ
680 1594 879 1664 πολλῆς
918 1592 1110 1662 ψάλλει
1149 1596 1248 1663 τῆς
1290 1592 1620 1665 παρρησίας,
1652 1597 1864 1650 ἐπιστο-

193 1685 412 1756 μίζεται
438 1685 497 1737 δὲ
526 1686 557 1737 6
585 1681 835 1752 οίκέτης·
871 1680 978 1733 οὐδ’
1022 1675 1090 1734 αὖ
1123 1681 1151 1732 6
1184 1680 1436 1743 πλούσιος
1478 1682 1573 1751 μὲν
1599 1686 1737 1736 κινεῖ
1766 1684 1864 1754 τὴν

189 1774 460 1843 γλῶτταν,
482 1769 696 1841 ἀφωνία
710 1769 766 1822 δὲ
786 1770 815 1822 6
835 1767 1003 1839 πένης
1028 1766 1475 1830 καταδικάζεται·
1504 1769 1611 1822 οὐδ’
1635 1766 1701 1823 αὖ
1724 1771 1863 1843 ἀνὴρ

192 1861 291 1929 μὲν
317 1857 778 1930 παρρησιάζεται,
816 1855 954 1925 γυνή
987 1855 1044 1908 δέ
1085 1857 1211 1925 σιγᾷ
1236 1856 1331 1909 καὶ⁵
1355 1855 1567 1923 ἄφωνος
1596 1857 1824 1927 ἕστηκεν
1845 1876 1862 1893 ο

188 1947 327 2000 ἀλλά
361 1947 564 2008 πάντες
601 1943 702 2013 τῆς
738 1942 907 2013 αὐτῆς
959 1943 1226 2012 ἰσοτιμίας
1266 1941 1647 2006 ἀπολαύοντες,
1679 1943 1863 2014 κοινὴν

191 2034 546 2104 ἁναφέρομεν
583 2030 680 2100 τὴν
722 2029 933 2091 θυσίαν,
982 2030 1167 2099 κοινήν
1208 2029 1307 2101 τὴν
1354 2031 1700 2101 προσφοράν·
1752 2032 1862 2085 οὐδ’

195 2122 305 2192 ἔχει
341 2138 395 2173 τι
428 2118 589 2171 πλέον
616 2111 769 2180 06:0;
804 2116 1033 2179 ἐκείνου,
1067 2116 1188 2169 οὐδὲ
1232 2117 1439 2180 ἐκεῖνος
1479 2119 1691 2183 τούτου,
1728 2119 1863 2173 ἀλλά

195 2212 401 2274 πάντες
439 2210 499 2262 ἐν
535 2211 600 2280 τῇ
642 2209 781 2281 αὐτῇ
823 2210 979 2279 τιμῇ,
1013 2208 1106 2261 καὶ
1147 2208 1298 2280 φωνὴ
1354 2208 1451 2280 μία
1491 2211 1555 2263 ἐκ
1592 2210 1863 2282 διαφόρων

190 2298 449 2368 γλωττῶν
490 2296 627 2368 πρὸς
654 2296 746 2349 τὸν
792 2296 891 2365 τῆς
920 2297 1244 2367 οἰκουμένης
1292 2296 1676 2367 ἀναπέμπεται
1708 2297 1857 2371 [⁸550]

178 2384 546 2457 Δημιουργόν.
594 2381 659 2436 Ἦ
697 2383 929 2454 διαφορά
957 2384 1014 2436 δὲ
1043 2383 1143 2437 οὐκ
1177 2385 1234 2436 ἐν
1258 2382 1338 2453 τῷ
1365 2383 1535 2455 δούλῳ
1577 2386 1671 2438 καὶ
1700 2387 1756 2438 ἐν
1784 2384 1862 2456 τῷ

189 2472 484 2542 ἐλευθέρῳ,
517 2469 616 2524 οὐκ
652 2471 710 2522 ἐν
739 2468 815 2540 τῷ
847 2469 1085 2541 πλουσίῳ
1112 2471 1206 2524 καὶ
1233 2472 1290 2524 ἐν
1319 2470 1395 2540 τῷ
1422 2471 1635 2542 πένητι,
1667 2472 1768 2526 οὐκ
1803 2475 1862 2525 ἐν

187 2563 255 2631 τῇ
284 2559 512 2628 γυναικὶ⁸
554 2558 648 2611 καὶ
694 2559 752 2610 ἐν
779 2558 856 2628 τῷ
885 2558 1059 2627 ἀνδρὶ,
1095 2557 1210 2611 ἀλλ’
1253 2561 1310 2612 ἐν
1339 2562 1404 2632 τῇ
1441 2559 1656 2630 γνώμη,
1708 2561 1765 2612 ἐν
1793 2563 1858 2632 τῇ

190 2648 399 2718 σπουδῇ
427 2648 521 2699 καὶ
543 2648 607 2717 τῇ
637 2645 897 2717 ῥαθυμίᾳ,
921 2648 978 2698 ἐν
1000 2649 1064 2718 τῇ
1091 2647 1259 2718 κακίᾳ
1284 2650 1377 2701 καὶ
1398 2651 1462 2719 τῇ
1491 2650 1680 2719 ἀρετῇ.
1706 2648 1861 2701 Οὕτω

190 2737 301 2808 γάρ
331 2737 431 2790 καὶ
479 2734 729 2787 πλούσιον
754 2730 864 2801 ἐγὼ
905 2732 995 2785 τὸν
1022 2732 1229 2804 πένητα
1274 2733 1505 2804 δύναμαι
1533 2734 1734 2795 καλεῖν,
1766 2733 1861 2786 καὶ

193 2825 406 2895 πένητα
432 2823 527 2877 τὸν
552 2821 822 2884 πλούσιον,
863 2821 957 2874 καὶ
981 2824 1212 2888 γυναῖκα
1239 2821 1331 2874 τὸν
1350 2821 1536 2892 ἀνδρα,
1568 2822 1661 2874 καὶ
1695 2820 1861 2891 ἄνδρα

190 2913 295 2981 τὴν
314 2913 570 2981 γυναῖκα,
601 2908 697 2962 καὶ
722 2907 933 2979 ἰδιώτην
960 2908 1047 2961 τὸν
1075 2907 1255 2976 σοφὸν,
1276 2908 1371 2961 καὶ
1413 2908 1573 2977 σοφὸν
1598 2908 1688 2961 τὸν
1727 2907 1865 2960 ίδιώ-

192 3016 314 3069 την,
351 3000 414 3052 06
459 2996 700 3067 συγχέων
726 2995 832 3049 τῶν
862 2996 1203 3065 πραγμάτων
1243 2994 1341 3066 τὴν
1380 2994 1561 3065 φύσιν,
1595 2995 1729 3048 ἀλλά
1769 2995 1861 3048 τὸν

189 3089 412 3159 ἄριστον
437 3085 645 3138 κανόνα
681 3084 917 3150 είσάγων
956 3082 1047 3135 τὸν
1083 3083 1258 3135 πάντα
1305 3082 1701 3154 διορθούμενον.
1751 3083 1861 3136 Καὶ

192 3174 311 3236 πῶς
361 3175 430 3227 ἂν
460 3173 687 3239 γένοιτο,
735 3169 920 3240 φησὶν,
954 3170 983 3221 ό
1015 3169 1154 3240 ἀνὴρ
1195 3169 1351 3240 γυνὴ,
1384 3168 1502 3232 πῶς
1540 3169 1597 3222 δέ
1642 3170 1675 3239 ή
1723 3170 1858 3238 γυνὴ

190 3264 363 3331 ἀνήρ;
390 3261 467 3314 06
504 3259 603 3329 τῆς
630 3256 845 3327 φύσεως
879 3255 1372 3334 μεταϐαλλομένης,
1419 3256 1554 3310 ἀλλά
1588 3256 1689 3325 τῆς
1721 3273 1857 3327 προ-

186 3349 476 3419 αιρέσεως.
498 3348 667 3400 Ὅταν
688 3347 798 3414 γάρ
826 3344 918 3397 ἴδω
956 3343 1124 3414 ἄνδρα
1154 3342 1614 3415 χρυσοφοροῦντα,
1648 3343 1858 3397 καλλω-

190 3435 482 3504 πιζόμενον
507 3473 523 3496 ,
573 3432 672 3496 τάς
721 3432 895 3502 κόμας
955 3431 1295 3496 διατιθέντα,
1352 3432 1538 3502 μύρων
1584 3432 1810 3484 πνέοντα
1840 3472 1855 3492 ,

194 3506 414 3593 μαλακῇ
470 3521 701 3591 ἱματίων
749 3518 1008 3590 περιϐολῇ
1071 3520 1165 3572 καὶ
1227 3518 1430 3589 βαδίσει
1477 3518 1856 3589 θηλυνόμενον,

189 3612 372 3682 τρυφῇ
407 3608 763 3679 προσέχοντα,
793 3605 911 3669 πῶς
928 3605 995 3659 ἂν
1020 3605 1280 3675 δυναίμην
1297 3606 1464 3677 ἄνδρα
1492 3606 1716 3660 καλέσαι
1745 3609 1862 3663 τοῦ·

187 3715 282 3751 τον
296 3697 391 3750 τὸν
410 3695 510 3765 τὴν
532 3693 807 3763 εὐγένειαν
821 3692 921 3761 τῆς
945 3692 1157 3763 φύσεως
1178 3692 1569 3762 προδεδωκότα,
1601 3694 1693 3746 καὶ
1724 3695 1859 3765 πρὸς

183 3785 255 3837 :6
285 3781 419 3853 θῆλυ
453 3779 964 3853 μεθαρμοζόμενονς
1013 3779 1075 3831 EE
1105 3778 1215 3850 γάρ
1243 3779 1365 3832 οὐδὲ
1411 3782 1643 3847 γυναῖκα
1690 3781 1859 3833 ταῦτα

182 3872 455 3925 ποιοῦσαν
499 3870 558 3923 ἐν
588 3871 698 3933 τοῖς
732 3867 897 3933 ζῶσιν
939 3870 968 3920 6
1002 3867 1215 3930 Παῦλος
1258 3868 1509 3939 ἀριθμεῖν
1552 3869 1651 3922 οὐκ
1696 3870 1859 3936 ἀξιοῖ,

179 3959 306 4013 ἁλλ’
340 3956 575 4028 ἐξορίζει
605 3954 700 4008 τοῦ
731 3953 838 4007 τῶν
862 3955 1206 4024 ἐμπνεόντων
1239 3954 1420 4025 χοροῦ,
1453 3956 1547 4007 καὶ
1586 3955 1723 4024 μετά
1751 3955 1859 4007 τῶν

180 4041 504 4095 τεθνεώτων
524 4041 724 4111 ἵστησι,
745 4040 917 4108 λέγων
935 4056 948 4070 ⁸
968 4039 1039 4094 Ἦ
1065 4038 1133 4092 δὲ
1159 4037 1531 4094 σπαταλῶσα
1552 4037 1708 4100 ζῶσα
1761 4037 1857 4088 τέ-

182 4128 439 4195 θνηκεν·
455 4127 571 4194 πῶς
592 4126 658 4181 ἂν
689 4127 718 4179 ό
750 4126 888 4197 ἀνὴρ
914 4128 993 4189 είς
1035 4124 1134 4196 τὴν
1165 4126 1275 4179 τῶν
1308 4126 1510 4196 ἀνδρῶν
1554 4126 1857 4198 καταλεχθῇ

172 4215 343 4279 τάξιν
370 4213 548 4269 ταῦτα
587 4213 778 4272 ποιῶν.
828 4213 968 4283 ἅπερ
1003 4210 1137 4282 γυνὴ
1176 4212 1487 4283 πράττουσα
1525 4213 1620 4267 καὶ
1665 4213 1727 4266 :6
1761 4212 1859 4285 ζῇν

174 4302 547 4369 ἀπολώλεκε;
578 4300 682 4354 Τὸν
728 4301 836 4370 γὰρ
862 4300 1031 4370 ἀνδρα
1074 4301 1148 4370 μή
1199 4316 1289 4369 μοι
1329 4301 1438 4355 ἀπὸ
1467 4300 1566 4370 τῆς
1615 4300 1860 4370 χλανίδος

174 4392 391 4463 δείξῃς,
430 4389 565 4460 μηδὲ
599 4388 711 4441 ἀπὸ
738 4391 836 4458 τῆς
869 4385 1064 4456 ζώνης,
1098 4387 1230 4457 μηδέ
1262 4386 1369 4440 ἀπὸ
1389 4387 1482 4440 τοῦ
1522 4388 1695 4441 σοϐεῖν
1720 4388 1860 4442 κατά

174 4478 288 4546 τὴν
310 4476 493 4532 οίκίαν
518 4474 613 4529 καὶ
635 4473 864 4545 φοϐερὸν
886 4469 1024 4526 εἶναι
1054 4474 1149 4526 καὶ
1183 4472 1443 4535 ἀπειλεῖν,
1473 4475 1589 4527 ἀλλ’
1622 4476 1728 4529 ἀπὸ
1758 4477 1858 4545 τῆς

174 4564 331 4618 κατὰ
359 4563 603 4617 διάνοιαν
623 4561 958 4629 φιλοσοφίας,
980 4559 1108 4615 ὅταν
1134 4559 1244 4612 τῶν
1271 4559 1456 4613 παθῶν
1478 4561 1700 4635 κατέχῃ,
1731 4564 1858 4615 ὅταν

172 4652 294 4704 τῶν
320 4648 650 4719 νοσημάτων
678 4648 782 4717 τῆς
811 4646 991 4717 ψυχῆς
1028 4664 1094 4699 πε
1104 4646 1393 4717 ριγίνηται,
1422 4648 1550 4702 ὅταν
1587 4649 1729 4722 ἄρχῃ
1759 4651 1859 4719 τῆς

176 4741 367 4802 οἰκίας
406 4735 571 4790 αὐτοῦ
601 4736 702 4805 τῆς
732 4734 901 4798 ἔνδον,
928 4737 1027 4805 τῆς
1066 4734 1210 4788 κατά
1247 4735 1422 4807 ψυχὴν
1460 4734 1623 4803 λέγω,
1654 4738 1748 4790 καὶ
1783 4738 1856 4808 μὴ

176 4828 292 4883 ὕπδ
328 4824 444 4878 τῶν
469 4824 685 4878 ἀτόπων
706 4821 982 4892 λογισμῶν
1008 4821 1390 4893 παρασύρηται
1410 4839 1425 4854 ·
1449 4824 1607 4877 τοῦτο
1629 4825 1859 4893 μάλιστα

176 4913 350 4984 ἀνήρ.
376 4913 475 4964 “Av
502 4910 559 4965 δέ
588 4909 726 4981 μέθῃ
752 4910 846 4963 καὶ
872 4909 1152 4982 κραιπάλῃ
1181 4909 1444 4981 προσέχῃ,
1470 4910 1566 4962 καὶ
1596 4909 1697 4980 τὴν
1722 4910 1858 4981 ὴμέ-

182 5019 289 5073 ραν
336 4999 555 5069 δαπανᾷ
608 4999 703 5051 καὶ
739 4996 1000 5066 ἀναλίσκῃ
1044 4997 1126 5059 είς
1163 4995 1382 5065 κώμους
1415 4997 1507 5050 καὶ
1551 4998 1853 5067 παροινίας,

181 5086 365 5160 κηροῦ
405 5084 606 5149 παντὸς
648 5084 1037 5155 μαλακώτερος
1069 5083 1174 5137 61:6
1204 5083 1298 5137 τοῦ
1324 5082 1528 5149 πάθους
1554 5086 1856 5155 γινόμενος,

184 5177 308 5241 πῶς
333 5173 637 5243 δυνήσομαι
660 5172 752 5227 τὸν
778 5170 1018 5225 τοιοῦτον
1041 5170 1208 5241 ἄνδρα
1230 5169 1434 5235 καλεῖν,
1463 5172 1555 5225 τὸν
1576 5173 1859 5242 αίχμάλω-

184 5281 300 5329 τον,
328 5262 427 5317 τὸν
463 5259 644 5313 δοῦλον
683 5259 775 5314 τὸν
815 5256 1218 5330 ἀργυρώνητον,
1252 5258 1343 5312 τὸν
1379 5261 1543 5312 πᾶσιν
1593 5259 1860 5315 ἐνδιδόντα

187 5354 300 5414 τοῖς
329 5347 555 5411 πάθεσι,
579 5346 670 5399 τὸν
697 5344 1136 5415 κατακλάῳενον,
1165 5346 1257 5399 τὸν
1289 5345 1738 5417 μαλακιζόμενον,
1769 5347 1859 5400 τὸν

189 5434 584 5506 θρυπτόμενον.
621 5433 711 5486 τὸν
741 5433 846 5487 61:6
869 5434 1083 5487 πάντων
1109 5432 1597 5502 καταϐαλλόμενον,
1618 5434 1709 5486 τὸν
1738 5434 1859 5488 0666

190 5526 384 5596 στῆναι
404 5523 499 5576 ἐπὶ
526 5522 622 5593 τῆς
652 5520 1006 5593 παρατάξεως
1043 5520 1373 5590 δυνάμενονς
1410 5522 1478 5572 Ἢ
1505 5521 1604 5574 οὐκ
1635 5521 1747 5575 ἴστε
1777 5523 1854 5577 ὅτι

189 5612 251 5666 οὐ
294 5611 435 5683 πρὸς
466 5607 786 5680 ἀνθρώπους
817 5610 949 5680 ἡμῖν
974 5610 1253 5679 ὁμογενεῖς
1285 5608 1432 5660 ἐστιν
1454 5609 1482 5660 6
1508 5607 1740 5679 πόλεμος
1765 5610 1858 5664 καὶ

189 5704 226 5771 ή
258 5698 589 5773 παράταξις,
612 5698 752 5752 ἀλλά
779 5697 914 5768 πρὸς
942 5696 1052 5761 τὰς
1090 5696 1359 5769 ἀοράτους
1402 5694 1681 5764 δυνάμεις,
1727 5698 1861 5767 πρὸς

190 5790 290 5852 τάς
322 5787 436 5842 τῶν
469 5785 739 5855 δαιμόνων
764 5785 1065 5856 φάλαγγας,
1104 5784 1247 5839 κατὰ
1284 5783 1378 5837 τὸν
1406 5784 1674 5854 μακάριον
1709 5785 1856 5839 Παῦ-

193 5877 284 5929 λον
305 5894 319 5908 ο
359 5876 487 5931 οὐκ
523 5874 699 5928 ἐστιν
722 5872 866 5940 ἡμῖν
892 5875 932 5941 ἡ
968 5871 1132 5939 πάλη
1165 5872 1315 5939 πρὸς
1339 5865 1483 5940 αἷμα
1504 5872 1605 5925 καὶ
1639 5871 1854 5940 σάρκα,

193 5964 354 6019 ἀλλὰ
381 5959 534 6030 πρὸς
553 5958 661 6024 τὰς
688 5958 892 6027 ἀρχὰς,
922 5958 1068 6029 πρὸς
1099 5959 1207 6024 τὰς
1232 5959 1543 6024 ἐξουσίαςς

1113 340 1157 399 v
1190 342 1492 414 κωπίω,
1527 344 1616 405 ηε
1659 340 1913 407 s'mmo
1949 342 2434 418 ansammu,
2477 348 2629 410 mc.

3532 355 3639 418 688

2048 472 2117 532 γ’.
2145 465 2314 520 Τοῦτο
2338 468 2445 538 γάρ
2466 469 2696 538 μάλιστα
2722 466 2931 539 ἀνδρός.
2953 466 3020 525 '0
3053 470 3227 525 τοίνυν
3246 471 3635 550 ὼραῖζόμενοςν

1970 550 2085 604 ἀλλ’
2109 553 2168 605 06
2196 555 2623 627 νεανιευόμενος,
2658 558 2686 609 ὁ
2733 553 3228 628 καλλωπιζόμενος,
3258 560 3370 614 ἀλλ’
3405 564 3505 619 061:
3542 568 3639 621 ἀν-

1969 637 2302 709 δριζόμενος,
2328 640 2446 704 πῶς
2484 640 2550 695 ἂν
2573 642 2664 694 ἐπὶ
2691 643 2790 713 τῆς
2813 643 3175 716 παρατάξεως
3205 647 3338 719 στῇ;
3366 646 3399 719 ἦ
3434 650 3552 715 πῶς
3573 654 3641 708 ἂν

1971 723 2110 797 ἀνὴρ
2144 725 2393 797 κληθείη,
2422 727 2678 797 γυναικὸς
2717 732 2896 801 πάσης
2937 730 3325 806 μαλακώτερον
3360 734 3639 809 διαπιείμε⁴⁵

1969 828 2088 877 νος;
2137 811 2292 867 Κατὰ
2324 813 2388 885 δὴ
2427 812 2519 867 τὸν
2556 815 2719 869 αὑτὸν
2743 816 2964 888 τρόπον,
3006 816 3197 890 ὥσπερ
3228 819 3421 875 τοῦτον
3445 820 3545 878 οὒκ
3571 823 3639 877 ἂν

1918 932 1927 939 ι
1969 898 2260 970 καλέσαιμι
2290 901 2479 972 ἀνδρα.
2503 900 2639 955 ἀλλὰ
2665 903 2925 969 γυναικὸς
2950 904 3355 977 μαλακώτερον,
3376 904 3520 965 οὕτω
3543 908 3640 965 καὶ

1966 1000 2066 1055 την
2098 989 2330 1054 γυναῖκα
2354 988 2454 1058 τὴν
2480 988 2873 1060 ἀνδριζομένην
2903 989 3098 1061 ἀνδρὸς
3122 992 3320 1057 παντὸς
3346 997 3636 1066 στερροτέ-

1970 1089 2091 1144 ραν,
2125 1073 2192 1128 ἂν
2218 1074 2286 1129 τὰ
2308 1075 2447 1130 ὅπλα
2475 1076 2769 1147 ἁρπάσασα
2794 1076 2863 1130 τὰ
2893 1079 3257 1148 πνευματικὰ,
3286 1080 3381 1134 καὶ
3406 1081 3499 1136 τὸν
3524 1080 3634 1137 θῶ-

1969 1178 2110 1232 ρακα
2136 1162 2471 1234 ἐνδυσαμένη
2493 1164 2597 1234 τῆς
2618 1163 2980 1235 δικαιοσύνης,
3023 1166 3117 1223 καὶ
3146 1166 3208 1220 τό
3242 1168 3441 1240 κράνος
3480 1182 3636 1241 περι-

1967 1246 2169 1319 θεμένη
2212 1250 2307 1304 τοῦ
2368 1251 2658 1322 σωτηρίου,
2708 1251 2803 1305 καὶ
2845 1251 2944 1322 τὴν
2973 1251 3176 1310 ἀσπίδα
3222 1253 3636 1328 προϐαλλομένη

1964 1337 2064 1406 τῆς
2105 1338 2359 1402 πίστεως,
2405 1340 2499 1393 καὶ
2546 1338 2644 1410 τήν
2682 1336 2858 1409 ζώνην
2890 1339 3180 1411 ζωσαμένη
3217 1340 3320 1411 τῆς
3354 1341 3634 1415 ἀληθείας,

1965 1425 2060 1477 καὶ
2085 1424 2185 1495 τὴν
2216 1425 2493 1497 μάχαιραν
2519 1424 2872 1496 λαμϐάνουσα
2913 1423 3009 1479 τοῦ
3040 1429 3370 1499 πνεύματος.
3412 1430 3506 1484 ἐπὶ
3535 1431 3635 1501 τῆς

1966 1512 2325 1581 παρατάξεως
2350 1514 2450 1583 στῇ
2490 1512 2783 1583 λάμπουσα
2812 1510 2922 1566 ἀπὸ
2954 1513 3063 1567 τῶν
3097 1514 3295 1582 ὃπλων,
3329 1514 3636 1588 ὑψηλοτέρα

1963 1599 2070 1652 τῶν
2097 1598 2342 1670 οὐρανῶν
2375 1598 2483 1652 ἀπὺ
2510 1598 2603 1653 τοῦ
2644 1599 2988 1671 φρονήματος
3025 1601 3307 1672 γινομένη,
3342 1602 3636 1658 διαλύοντα

1962 1685 2070 1739 τῶν
2106 1686 2374 1757 δαιμόνων
2404 1686 2504 1750 τὰς
2548 1687 2856 1757 φάλαγγας,
2897 1685 3234 1759 καθαιροῦσα
3262 1689 3355 1743 τοῦ
3386 1690 3633 1746 διαϐόλου

1961 1773 2060 1843 τὴν
2097 1773 2409 1845 τυραννίδα,
2438 1772 2845 1828 κατακεντοῦσα
2873 1773 2940 1828 τὰ
2965 1773 3134 1847 πάθη,
3176 1775 3444 1846 πτώματα
3467 1779 3636 1850 ἐργα-

1962 1859 2162 1930 ζομένη
2197 1860 2304 1914 τῶν
2346 1863 2405 1914 ἐν
2439 1863 2553 1942 τοῖς
2591 1860 2849 1933 πολέμοις
2904 1863 3235 1934 πυκνότερα,
3280 1863 3381 1918 οὒκ
3424 1864 3634 1936 ἀνθρώ-

1963 1963 2100 2010 πων,
2121 1945 2258 1999 ἀλλά
2283 1946 2556 2016 λογισμῶν
2578 1946 2816 2001 ἀτόπων.
2847 1947 2987 2020 Γυνὴ
3018 1948 3129 2019 γάρ
3161 1948 3254 2002 καὶ
3274 1947 3414 2021 ἀνὴρ
3441 1951 3499 2005 ἐν
3531 1949 3632 2019 μὲν

1962 2036 2074 2097 τοῖς
2106 2035 2435 2103 σωματικοῖς
2468 2034 2573 2085 είσι
2608 2032 2943 2106 διηρῃμένοι,
2979 2035 3074 2087 καὶ
3103 2038 3168 2106 τῇ
3207 2035 3305 2111 μὲν
3341 2035 3489 2098 ίστὺς
3535 2036 3631 2089 καὶ

1961 2120 2208 2191 ἠλακάτη
2242 2120 2337 2174 καὶ
2373 2121 2699 2185 καλαθίσκος
2722 2122 2817 2175 καὶ
2855 2121 2914 2175 :6
2940 2124 3208 2193 οἰκουρεῖν
3240 2120 3391 2194 [551]
3424 2122 3519 2176 καὶ
3536 2122 3633 2177 θα-

1961 2207 2291 2276 λαμεύεσθαι
2320 2208 2414 2261 καὶ
2440 2207 2818 2279 παιδοτροφεῖν
2853 2207 3184 2281 ἀφώρισται,
3216 2209 3370 2281 ἀνδρὶ
3397 2208 3456 2263 δὲ
3479 2208 3640 2266 δικα-

1963 2297 2157 2366 στήρια
2209 2298 2302 2350 καὶ
2353 2296 2711 2368 βουλευτήρια
2755 2297 2848 2350 καὶ
2896 2296 3090 2369 ἀγορά,
3127 2297 3221 2350 καὶ
3259 2295 3489 2368 πόλεμοι
3533 2297 3633 2353 καὶ

1944 2374 2133 2454 ,μάχαί
2166 2384 2258 2437 καὶ
2304 2383 2635 2454 παρατάξεις
2657 2401 2672 2415 ·
2713 2384 2808 2436 ἐπὶ
2854 2384 2912 2438 δὲ
2956 2384 3064 2437 τῶν
3101 2384 3491 2455 παλαισμάτων
3528 2384 3630 2456 τῆς

1961 2470 2238 2531 εὐσεϐείας
2288 2471 2461 2524 κοινὸν
2512 2471 2575 2524 :6
2624 2469 2856 2536 στάδιον,
2917 2472 3071 2526 κοινὰ
3119 2473 3190 2525 τά
3240 2472 3627 2542 παλαίσματα·

1960 2558 2159 2627 ὁμοίως
2205 2559 2300 2611 καὶ
2349 2560 2608 2625 γυναῖκες
2638 2557 2984 2631 ἀποδύονται,
3016 2558 3107 2612 καὶ
3150 2559 3251 2613 οὐκ
3279 2559 3630 2614 ἐκϐάλλονται

1959 2643 2052 2695 τοῦ
2081 2642 2310 2710 ἀγῶνος,
2342 2642 2476 2695 ἀλλὰ
2511 2644 2608 2697 καὶ
2636 2644 3078 2713 παρα-τάσσονται
3116 2644 3211 2698 καὶ
3241 2642 3630 2712 στεφανοῦνται

1960 2732 2052 2783 καὶ
2082 2730 2521 2802 ἀναγορεύονται,
2563 2731 2657 2783 καὶ
2690 2722 2970 2800 ἀριστείας
3015 2730 3234 2802 ἔχουσιν
3282 2730 3495 2786 ἔπαθλα
3536 2732 3632 2786 καὶ

1961 2818 2187 2889 βραϐεῖα
2231 2817 2326 2870 καὶ
2379 2819 2694 2886 στεφάνους,
2739 2816 2832 2872 καὶ
2859 2818 3095 2888 τρόπαια
3133 2816 3189 2872 δὲ
3224 2820 3355 2891 παρ’
3392 2819 3632 2883 ἐκείναις

1958 2901 2206 2972 λαμπρά,
2241 2903 2331 2954 καὶ
2360 2904 2503 2954 νῖκαι
2536 2904 2775 2971 συνεχεῖς
2804 2904 2898 2955 καὶ
2927 2901 3238 2973 ἐπάλληλοι.

2030 2991 2140 3042 Καὶ
2168 2990 2254 3041 ἵνα
2292 2989 2365 3059 μὴ
2404 2990 2616 3059 κόμπον
2657 2989 2914 3057 νομίσητε
2950 2985 3088 3042 εἶναι
3128 2990 3287 3043 ταυτὶ
3316 2990 3383 3044 τὰ
3412 2992 3633 3063 ῥήματα

1963 3078 2097 3148 μηδὲ
2121 3078 2291 3146 ψόφον
2317 3076 2595 3147 ῥημάτων,
2621 3075 2737 3128 ἀλλ’
2765 3076 2942 3145 εἰδῆτε
2967 3076 3153 3146 σαφῶς
3187 3079 3270 3131 δτι
3297 3079 3397 3132 οὐκ
3422 3078 3635 3150 ἀνδρῶν

1964 3166 2123 3235 μόνον
2150 3164 2285 3218 είσὶν
2309 3163 2674 3234 άνδρειότεραι
2694 3160 2972 3231 γυναῖκες,
2996 3162 3130 3216 ἀλλά
3146 3165 3241 3217 καὶ
3269 3165 3407 3236 πρὸς
3436 3166 3630 3237 αὐτὴν,

1958 3253 2035 3316 ὡς
2066 3254 2259 3314 εἰπεῖν,
2279 3251 2388 3303 τῶν
2416 3249 2660 3317 ἀγγέλων
2681 3248 2779 3321 τὴν
2800 3249 3068 3304 ἀπάθειαν
3093 3250 3234 3305 κατά
3268 3250 3329 3305 :6
3352 3251 3633 3323 ἐγχωροῦν

1963 3337 2399 3410 μεθορμίζονται,
2431 3324 2649 3405 ἀγέσθω
2678 3337 2761 3400 είς
2787 3336 2952 3408 μέσον
2974 3340 3008 3407 ή
3036 3337 3172 3410 γυνὴ
3205 3337 3305 3409 μὲν
3324 3337 3422 3408 τὴν
3445 3338 3627 3408 φύσιν,

1956 3426 2066 3479 τῶν
2102 3424 2344 3496 οὐρανῶν
2387 3424 2444 3477 δὲ
2482 3422 2735 3496 ἁψαμένη
2769 3423 2847 3496 τῷ
2894 3425 3035 3497 τόνῳ
3073 3425 3172 3497 τῆς
3222 3424 3559 3495 φιλοσοφίας.
3593 3429 3630 3497 ἡ

1958 3512 2069 3566 τῶν
2097 3510 2472 3567 Μακκαϐαίων
2515 3511 2718 3583 μήτηρ,
2745 3513 2778 3584 ή
2813 3510 2894 3576 δίς
2933 3511 3074 3567 ἑπτά
3095 3511 3482 3583 ἀναδησαμένη
3509 3528 3631 3565 στε-

1965 3601 2185 3668 φάνους,
2213 3599 2309 3653 καὶ
2349 3598 2410 3652 ὃν
2456 3597 2634 3667 βούλει
2675 3596 3011 3671 στρατιώτην
3038 3598 3286 3670 ἀριστέα,
3325 3597 3633 3670 πολεμικώο

1959 3703 2139 3751 τατον,
2162 3686 2558 3757 ἀνδρειότατον,
2584 3686 3108 3757 μεγαλοψυχότατον,
3124 3686 3226 3754 ἀγε
3253 3687 3333 3750 είς
3366 3686 3533 3757 μέσον
3551 3685 3632 3758 τῷ

1959 3773 2122 3844 λόγῳ,
2171 3775 2264 3827 καί
2294 3773 2547 3827 τοσοῦτον
2575 3773 2694 3843 ὄψει
2724 3775 2822 3846 τὴν
2848 3778 3081 3844 γυναῖκα
3118 3773 3477 3846 ὑψηλοτέραν,
3506 3774 3631 3829 ὅσον

1959 3864 2056 3933 τῆς
2086 3861 2190 3931 γῆς
2234 3860 2606 3931 ἀφεστήκασιν
2644 3862 2701 3913 αἱ
2745 3860 2856 3914 τῶν
2889 3857 3137 3933 οὐρανῶν
3187 3860 3394 3932 ἀψῖδες.
3426 3862 3484 3917 '0
3529 3862 3631 3933 μὲν

1959 3950 2068 4022 γὰρ
2088 3948 2427 4021 στρατιώτης
2456 3948 2549 4002 καὶ
2568 3949 2826 4020 ἀριστεὺς
2867 3950 2998 4020 μίαν
3034 3950 3236 4006 δέδοικε
3270 3951 3507 4023 πληγὴν,
3534 3952 3631 4007 καὶ

1960 4037 2055 4108 τὴν
2092 4036 2350 4105 σύντομον
2379 4036 2437 4103 ἐξ
2463 4036 2633 4105 αὐτῆς
2659 4036 2914 4107 τελευτὴν
2941 4037 3099 4107 μόνον
3119 4055 3133 4069 ·
3163 4039 3302 4112 αὕτη
3323 4038 3380 4093 δὲ
3406 4040 3630 4112 ἑστήκει

1960 4125 2209 4194 καθάπερ
2232 4123 2355 4196 ὅρος
2392 4122 2849 4195 μεταλλευομένη.
2882 4125 3001 4178 καθ’
3032 4126 3261 4179 ἕκαστον
3295 4126 3505 4182 παιδίον
3532 4145 3633 4199 χα-

1958 4211 2270 4283 λεπωτέρας
2303 4211 2647 4282 ὑπομένουσα
2672 4211 2864 4274 ὀδύνας
2882 4213 2942 4265 ἐν
2971 4214 3036 4282 τῇ
3071 4213 3217 4284 ψυχῇ
3246 4213 3356 4267 τῶν
3379 4213 3629 4285 βασάνων

1958 4291 2033 4351 ὧν
2059 4299 2254 4352 ἐκεῖνοι
2282 4299 2404 4361 ταῖς
2441 4298 2700 4370 πλευραῖς
2731 4297 3005 4367 ἐδέχοντο·
3041 4299 3135 4354 καὶ
3166 4299 3276 4371 γάρ
3324 4302 3507 4373 μήτηρ
3537 4296 3628 4373 ἦν,

1959 4384 2056 4440 καὶ
2090 4385 2256 4455 χήρα,
2299 4384 2394 4438 καὶ
2439 4384 2519 4446 είς
2559 4384 2785 4455 ἔσχατον
2822 4384 3116 4456 ἐληλακυῖα
3149 4385 3362 4457 γῆρας·
3405 4387 3520 4442 ἴστε
3571 4388 3631 4443 δέ

1958 4471 2132 4525 ταῦτα
2163 4473 2277 4524 ὅσοι
2327 4471 2561 4542 πατέρες
2588 4469 2859 4539 ἐγένεσθε,
2899 4471 2992 4524 καὶ
3036 4472 3159 4527 ὅσαι
3198 4472 3403 4527 παίδων
3437 4473 3631 4538 ὠδῖνας

1960 4559 2211 4621 ἐλύσατε,
2275 4558 2391 4621 πῶς
2427 4558 2653 4629 κέντρου
2698 4558 2901 4623 παντός
2936 4561 3053 4613 ἐστι
3102 4557 3476 4632 χαλεπώτερα.
3518 4561 3629 4616 Καὶ

1959 4647 2107 4701 οὐδὲν
2136 4645 2279 4700 οὕτω
2313 4644 2465 4715 βέλος
2489 4644 2582 4708 ὀξὺ
2610 4644 2863 4717 δριμεῖαν
2904 4647 3098 4716 ἐπάγει
3124 4651 3236 4715 τοῖς
3262 4646 3631 4720 τραυματιζο-

1964 4735 2146 4805 μένοις
2170 4733 2381 4803 ὀδύνην,
2413 4731 2488 4797 ώς
2519 4732 2722 4788 τούτων
2749 4735 2980 4788 ἕκαστον
3012 4736 3111 4806 τήν
3130 4734 3345 4806 ἐκείνης
3370 4736 3629 4790 κατεκέν-

1961 4840 2041 4877 τει
2080 4820 2277 4891 ψυχήν.
2325 4819 2606 4891 Ἐννόησον
2650 4806 2972 4893 γάρήλίκον
3006 4817 3074 4893 ἦν
3100 4822 3222 4875 καθ’
3267 4822 3496 4878 ἕκαστον
3518 4823 3629 4877 τῶν

1964 4908 2165 4963 παίδων
2187 4908 2318 4979 ὁρᾷν
2341 4906 2543 4978 σιδήρῳ
2569 4907 2663 4961 καὶ
2697 4908 2830 4980 πυρὶ
2854 4908 3013 4979 σῶμα
3044 4908 3401 4981 μεριζόμενον
3422 4908 3501 4975 ἒν,
3531 4910 3629 4964 καὶ

1964 4995 2207 5067 μακροὺς
2261 4993 2577 5064 τιθεμένους
2632 4994 2760 5057 :06;
2807 4994 3088 5059 διαύλους·
3144 4996 3261 5062 πῶς
3297 4997 3464 5070 ἐώρα,
3512 4998 3630 5062 πῶς

1959 5085 2142 5156 ἤκουε,
2182 5082 2302 5147 πῶς
2331 5084 2543 5153 ἐδέχετο
2565 5082 2666 5154 τὴν
2689 5085 2915 5137 κνῖσσαν
2940 5083 3042 5156 τὴν
3080 5085 3188 5140 ἀπὸ
3217 5084 3328 5140 τιῖιν
3360 5087 3627 5158 σωμάτων

1960 5173 2206 5234 ἐκείνων,
2250 5171 2478 5243 μυρίους
2510 5169 2771 5235 θανάτους
2815 5172 3031 5243 ἑκάστῳ
3057 5172 3167 5225 τῶν
3195 5173 3404 5228 παίδων
3425 5175 3630 5243 ἐπαγο-

1964 5261 2158 5332 μένους
2185 5259 2475 5330 βλέπουσα.
2522 5257 2662 5310 ‘AD.’
2693 5260 2728 5329 ή
2766 5259 2862 5329 μὲν
2887 5260 3128 5330 εἱστήκει
3178 5261 3429 5333 καθάπερ
3452 5261 3631 5334 πέτρα

1962 5348 2239 5419 ἀκίνητος,
2276 5346 2338 5400 06
2378 5344 2709 5416 σαλευομένη
2758 5344 2862 5400 ὑπὸ
2904 5345 3012 5400 τῶν
3058 5346 3340 5417 κυμάτων,
3385 5348 3521 5403 ἀλλά
3560 5350 3631 5404 τά
3700 5388 3707 5397 .

1969 5435 2185 5505 κύματα
2216 5435 2299 5497 είς
2333 5432 2509 5505 ἀφρὸν
2536 5431 2845 5497 διαλύουσα,
2872 5432 2949 5497 ώς
2988 5433 3227 5506 σίδηρος,
3264 5437 3343 5500 ὡς
3372 5437 3586 5508 ἀδάμας
3611 5454 3626 5469 -

1966 5523 2165 5596 μᾶλλον
2184 5522 2262 5583 δὲ,
2282 5522 2422 5592 ὅπερ
2451 5521 2517 5574 ἂν
2546 5520 2704 5584 εἴπω,
2738 5520 2838 5575 οὐκ
2859 5520 2967 5592 ἔχω
3003 5523 3070 5592 τῇ
3112 5523 3380 5597 καρτερίᾳ
3413 5524 3511 5594 τῆς
3532 5541 3629 5594 γυ-

1962 5610 2148 5673 ναικὸς
2172 5608 2333 5674 ἀξίαν
2354 5607 2619 5661 ἐπιθεῖναι
2641 5608 3028 5679 προσηγορίαν.
3051 5608 3270 5683 Ταύτην
3288 5607 3382 5666 οὖν
3400 5614 3632 5683 γυναῖκα

1963 5696 2193 5768 ἐροῦμεν
2227 5692 2307 5767 [ἦ]
2336 5693 2504 5764 ἄνδρα
2526 5694 2585 5748 δέ
2610 5693 2769 5757 ὅλως,
2800 5694 2915 5748 ἀλλ’
2945 5695 3067 5768 οὐχὶ
3092 5698 3189 5755 καὶ
3218 5698 3427 5769 ἀνδρῶν
3452 5699 3633 5754 αὐτῶν

1966 5782 2300 5857 ὑψηλοτέραν
2337 5782 2403 5834 ἐκ
2435 5782 2633 5853 πολλῆς
2663 5781 2761 5851 τῆς
2787 5787 3135 5855 περιουσίας;
3168 5786 3235 5841 Τί
3253 5786 3332 5850 δὲ,
3358 5787 3493 5843 ὁταν
3517 5786 3632 5859 τδπῖ

1964 5871 2156 5941 ἑτέραν
2202 5868 2263 5922 ἐκ
2315 5868 2539 5940 πρώτης
2589 5869 2804 5940 ήλικίας
2848 5873 2906 5925 ἐν
2945 5873 3138 5945 ἀπαλῷ
3179 5872 3394 5945 σώματι
3432 5874 3635 5933 νύκτας

1966 5959 2205 6022 ἀΰπνους
2230 5956 2543 6025 διάγουσαν,
2571 5956 2778 6029 ἡμέρας
2801 5958 3039 6029 ἀσίτους,
3071 5954 3309 6034 γαστρὸς
3329 5958 3628 6031 ἐπιθυμίαν
