4092 6206
275 329 369 384 με)

274 455 407 504 ιιοιιε.
436 449 493 496 ιιι
518 441 747 508 ferrum,
781 450 836 496 ιιι
867 440 1084 496 adamas
1112 457 1126 494 :
1157 440 1266 495 imo
1305 455 1432 496 vero
1452 481 1465 503 ,
1489 437 1745 509 quidquid
1770 436 1851 493 di-

271 553 385 592 mm
407 577 421 600 ,
464 552 570 591 non
600 552 816 606 possum
847 534 1089 590 mulieris
1110 535 1291 590 virtuti
1324 534 1540 602 dignum
1573 532 1852 600 imponere

272 644 483 686 nomen.
525 627 674 684 Hanc
711 628 871 699 igitur
898 629 1176 683 mulierem
1198 669 1214 693 ,
1253 642 1319 681 an
1350 626 1570 681 omnino
1614 625 1854 678 dicemus

271 737 389 777 esse
417 720 589 775 virum
611 761 627 785 ,
669 734 732 775 ac
761 734 867 774 non
903 720 1080 788 potius
1110 719 1240 789 ipsis
1269 719 1398 773 viris
1428 718 1586 788 longe
1610 715 1857 786 superio-

272 827 404 868 rem.
436 810 575 879 Quid
607 826 757 876 vero,
793 811 838 865 si
877 811 1077 865 videris
1111 810 1269 865 aliam
1317 811 1369 864 in
1403 809 1655 877 primmva
1699 816 1856 862 :ctate

272 908 322 962 in
354 919 540 961 tenero
567 920 796 975 corpore
819 905 1096 961 insomnes
1122 914 1307 959 noctes
1333 912 1602 974 agentem,
1634 900 1857 969 diesque

269 1000 382 1055 sine
406 998 553 1063 cibo,
584 998 789 1052 ventris
818 997 1162 1067 cupiditatem
1190 997 1658 1065 comprimentem,
1691 1008 1858 1064 pecu-

272 1091 473 1144 niarum
503 1104 745 1145 amorem
782 1089 968 1160 procul
999 1088 1339 1157 abjicieutem
1362 1129 1375 1151 ,
1405 1102 1602 1156 corpus
1630 1084 1857 1138 mortili-

269 1192 500 1245 cantem,
535 1197 752 1237 carnem
782 1181 1183 1252 cruciligeutcm
1204 1223 1219 1247 ,
1248 1196 1345 1249 pro
1376 1180 1547 1234 nihilo
1573 1176 1856 1247 prmsentia

272 1276 556 1331 habentem
579 1316 597 1343 ,
643 1273 789 1329 humi
816 1274 1147 1344 gradientem
1173 1315 1188 1339 ,
1229 1282 1283 1327 et
1310 1273 1455 1341 ipsos
1481 1271 1597 1324 caeli
1625 1268 1857 1322 fornices

270 1376 600 1439 tangentem,
626 1366 918 1437 potentiam
941 1367 1257 1427 calcantem,
1275 1363 1497 1434 gloriam
1522 1361 1855 1423 irridentem,

269 1459 638 1514 celebritatem
687 1468 1028 1528 respuentem
1052 1498 1066 1521 ,
1110 1472 1207 1527 pro
1231 1456 1411 1509 subtili
1455 1464 1603 1507 veste
1641 1466 1855 1505 saccum

269 1552 601 1616 induentem,
630 1561 815 1606 catena
842 1550 1096 1612 cinctam,
1122 1548 1357 1602 cinerem
1386 1546 1485 1600 sibi
1510 1544 1859 1599 substernen-

270 1654 401 1709 tem,
431 1658 530 1715 pro
562 1643 703 1699 lecto
729 1643 901 1697 solum
932 1642 1242 1704 habentem,
1270 1650 1323 1695 et
1352 1639 1485 1693 nihil
1515 1637 1745 1707 amplius
1769 1651 1859 1705 pe-

270 1747 470 1793 tentem
490 1778 506 1803 ,
536 1736 587 1790 in
615 1744 838 1805 angusta
880 1732 1201 1789 domuncula
1233 1732 1494 1787 inclusam
1516 1772 1531 1796 ,
1574 1744 1693 1783 cum
1727 1742 1858 1797 pro-

270 1828 445 1898 phetis
467 1828 794 1898 loquentem,
810 1826 970 1880 vitam
997 1833 1243 1895 agentem
1266 1823 1318 1877 in
1346 1819 1691 1877 meditatione
1715 1832 1857 1873 mor-

270 1921 362 1981 tis,
391 1928 514 1973 ante
544 1919 747 1973 ubitum
778 1928 1070 1983 mortuam,
1098 1915 1257 1978 fame,
1289 1913 1486 1983 vigiliis
1511 1921 1566 1967 et
1608 1909 1860 1981 squalore

271 2009 615 2075 tabefactam,
659 2024 724 2064 ae
759 2008 1038 2080 praesentis
1082 2008 1207 2061 vitae
1244 2004 1438 2061 fastum
1486 2003 1656 2073 magis
1699 2015 1857 2070 quam

270 2102 414 2156 sicca
438 2100 561 2154 folia
584 2100 965 2169 despicientem
1000 2117 1015 2154 :
1044 2098 1322 2163 banccine,
1348 2110 1551 2167 quteso,
1580 2093 1857 2147 mulierem

269 2191 465 2246 dices?
505 2207 683 2246 annon
731 2192 873 2246 illam
915 2207 981 2246 ex
1007 2190 1241 2244 virorum
1271 2189 1431 2243 etiam
1459 2186 1647 2241 ordine
1674 2183 1858 2239 subla—

272 2293 382 2337 tam
413 2283 465 2337 in
492 2284 806 2354 angelorum
833 2282 1001 2337 choro
1019 2281 1241 2347 locabis,
1268 2295 1389 2349 qua:
1410 2278 1467 2333 in
1494 2276 1739 2333 tnuliebri
1770 2289 1862 2329 ua-

271 2384 394 2428 tnra
425 2383 626 2428 tantam
653 2373 868 2429 exhibet
901 2371 1333 2443 philosophiam?

347 2465 405 2520 4.
447 2465 642 2533 Ecquis
689 2464 772 2518 his
822 2463 1198 2519 contradicet?
1247 2462 1445 2518 nullus.
1498 2459 1637 2515 Audi
1675 2459 1863 2529 quales

271 2558 643 2627 apostolorum
675 2565 916 2627 tempore
958 2557 1213 2611 mulieres
1252 2563 1443 2609 erant:
1477 2553 1597 2607 audi
1638 2551 1861 2606 Paulum

276 2650 538 2704 Romanis
567 2651 888 2705 scribentem
931 2665 993 2704 ac
1023 2649 1290 2703 dicentem
1323 2665 1336 2702 :
1380 2646 1687 2702 Conmendo
1729 2646 1864 2699 vobis

276 2741 505 2795 Phoeben
533 2758 756 2796 sororem
797 2754 1054 2807 nostram,
1097 2742 1381 2795 ministram
1411 2738 1655 2794 Ecclesia:
1675 2754 1787 2808 qua:
1811 2739 1865 2791 in

274 2835 548 2890 Cenchreis
574 2847 666 2897 est,
695 2852 809 2907 quae
831 2838 1064 2907 adjutria:
1092 2837 1367 2889 multarum
1388 2835 1484 2905 fuit
1511 2843 1556 2886 et
1586 2833 1682 2886 mei
1708 2833 1865 2901 ipsius

276 2926 460 2996 (Rom.
500 2928 582 2983 16.
615 2926 685 2998 1).
718 2927 853 2994 Quid
882 2928 1016 2982 dicis
1038 2967 1052 2989 ,
1084 2942 1117 2981 0
1164 2926 1364 2980 Paule?
1410 2926 1605 2979 mulier
1634 2923 1865 2993 adjutrix

277 3028 363 3072 tua
398 3017 533 3082 fuit,
566 3034 663 3073 nec
692 3027 741 3073 te
786 3017 948 3087 pudet
974 3032 1147 3086 neque
1172 3016 1446 3070 erubescis
1488 3016 1600 3069 lucc
1640 3011 1867 3067 dicens?

275 3110 392 3164 Non
431 3126 516 3164 me
561 3110 756 3180 pudet,
788 3109 996 3181 inquit,
1031 3110 1138 3163 imo
1182 3109 1341 3162 etiam
1383 3108 1627 3178 glorior:
1667 3104 1864 3158 etenim

280 3205 567 3259 Dominum
601 3220 812 3275 quoque
842 3219 1022 3258 meum
1055 3219 1161 3256 non
1196 3201 1382 3271 puduit
1412 3212 1637 3255 matrem
1668 3196 1867 3252 habere

277 3298 564 3351 niulierem
594 3314 606 3349 :
639 3297 871 3366 adjutrix
900 3304 1077 3349 autem
1107 3294 1193 3347 illa
1221 3292 1351 3347 mihi
1376 3290 1506 3355 fuit,
1539 3305 1642 3343 non
1672 3287 1868 3356 simpli-

274 3390 417 3443 citer
440 3388 563 3458 quia
594 3388 784 3442 mulier
814 3395 963 3448 erat,
992 3384 1084 3440 sed
1113 3384 1235 3455 quia
1265 3381 1617 3458 philOSopltizc
1646 3379 1821 3433 dedita
1849 3418 1864 3441 ,

277 3484 480 3551 pietate
506 3481 746 3534 ﬂorebat.
784 3480 848 3532 Et
870 3477 1140 3547 quomodo
1169 3475 1413 3545 adjutrix.
1435 3473 1579 3528 Pauli
1605 3472 1738 3527 fuit?
1766 3486 1887 3553 qua.

274 3574 426 3627 enim
455 3586 515 3626 re
551 3571 742 3641 egebat
767 3570 996 3631 Paulus,
1030 3567 1118 3638 qui
1154 3567 1339 3620 orbem
1388 3563 1865 3627 circumcurrebat,

274 3666 368 3734 qui
399 3677 624 3733 corpore
654 3661 849 3716 frustra
896 3658 1351 3722 circmudabatur,
1397 3656 1486 3725 qui
1522 3654 1869 3709 necessitates

276 3767 489 3812 natura:
518 3755 886 3818 conculcabat,
917 3752 1302 3823 quidzrmonas
1334 3750 1584 3818 pellebat,
1609 3748 1697 3817 qui
1726 3762 1868 3801 mor-

275 3848 378 3903 bos
407 3863 503 3917 pcr
534 3848 849 3900 vestimenta
876 3845 1120 3909 curabat,
1153 3842 1305 3912 cujus
1327 3856 1511 3895 vocem
1541 3849 1593 3895 et
1622 3839 1864 3892 umbram

278 3937 550 3992 tremebat
574 3936 836 4001 diabolus,
866 3936 953 4004 qui
984 3944 1041 3988 ut
1063 3934 1285 4004 angelus
1315 3931 1454 4002 apud
1485 3930 1669 3984 fideles
1701 3930 1870 3982 hono-

278 4029 525 4089 rabatur,
557 4043 710 4095 quem
742 4027 1129 4080 reverebantur
1159 4024 1317 4079 etiam
1350 4022 1498 4087 ferre,
1534 4038 1689 4099 quem
1719 4036 1868 4075 reve-

278 4120 503 4173 rabatur
530 4134 702 4183 mare,
736 4127 787 4172 et
814 4134 939 4173 cum
984 4127 1140 4172 nocte
1169 4126 1221 4170 ct
1257 4116 1345 4170 die
1374 4116 1518 4171 illum
1546 4114 1865 4183 excepisset,

277 4225 392 4264 non
422 4207 698 4262 sull‘ucavit
729 4220 939 4273 tamen;
972 4209 1059 4278 qui
1090 4207 1322 4278 paradisi
1351 4206 1481 4261 civis
1523 4205 1652 4271 fuit,
1696 4205 1783 4274 qui
1815 4206 1868 4259 in

278 4300 502 4354 tertium
527 4300 714 4353 ratium
746 4311 927 4368 raptus
957 4309 1074 4361 est,
1117 4299 1205 4369 qui
1234 4298 1302 4354 de
1341 4298 1550 4351 arcanis
1595 4312 1715 4352 cum
1759 4297 1871 4352 Deo

279 4390 734 4453 communicavit,
788 4391 876 4460 qui
926 4391 1045 4460 plus
1082 4406 1241 4461 quam
1287 4404 1475 4443 omnes
1519 4389 1743 4458 apostoli
1790 4389 1867 4443 la-

278 4485 535 4540 boravit:
572 4499 663 4536 vas
688 4482 1001 4550 electionis,
1046 4482 1320 4552 pronubus
1364 4481 1651 4543 Ecclesizc,
1693 4495 1871 4548 prmco

278 4575 523 4647 gentium
546 4615 562 4640 ,
602 4576 689 4643 qui
720 4584 913 4629 terram
940 4584 997 4630 et
1018 4589 1165 4628 mare
1190 4574 1617 4628 circumcurrens
1657 4572 1869 4626 fortitu—

279 4667 431 4722 dinis
460 4682 570 4720 sua:
597 4667 791 4736 ubique
819 4676 1016 4737 tropaea
1044 4667 1236 4731 erexit,
1270 4666 1357 4735 qui
1384 4681 1505 4720 cum
1539 4665 1675 4719 fatue
1702 4679 1749 4720 et
1783 4666 1869 4720 siti

281 4758 505 4815 assidue
529 4758 810 4828 pugnabat,
838 4759 1065 4827 quicum
1091 4759 1328 4812 nuditate
1348 4765 1403 4811 et
1420 4756 1617 4826 frigore
1635 4758 1870 4815 luctaba-

284 4862 396 4913 tur,
425 4859 477 4903 et
502 4849 732 4913 dicebat,
763 4847 993 4919 Usquein
1010 4850 1138 4903 hanc
1154 4851 1331 4903 horam
1357 4857 1402 4901 et
1433 4849 1679 4902 esurimus
1702 4850 1870 4902 etsiti-

285 4956 403 4993 mus
422 4948 469 4993 et
490 4941 613 4993 nudi
632 4956 805 4994 sumus
831 4942 880 5008 (l
895 4980 909 4993 .
928 4941 1046 4994 Cor.
1076 4941 1127 4995 4.
1153 4940 1240 5010 ll)
1262 4957 1275 5004 ;
1295 4940 1383 5013 qui
1408 4939 1607 4994 mundo
1629 4949 1871 4995 mortuus

283 5038 441 5097 erat,
469 5031 558 5100 qui
586 5041 851 5085 mortuum
898 5032 1154 5086 mundum
1181 5047 1300 5086 esse
1328 5031 1544 5101 putabat
1562 5072 1578 5099 ,
1618 5031 1869 5087 caalorum

285 5122 449 5185 civis,
480 5123 905 5179 ferventissimus
935 5123 1135 5178 Christi
1164 5134 1392 5189 amator,
1428 5124 1548 5193 igne
1574 5123 1867 5189 ardentior,

288 5214 434 5268 ferro
464 5214 684 5281 firmior,
716 5217 998 5273 adamante
1035 5218 1299 5272 solidior:
1348 5218 1433 5273 hic
1463 5234 1566 5272 non
1606 5219 1872 5274 erubeScit

287 5305 359 5359 de
377 5306 598 5362 muliere
617 5307 815 5374 dicere,
836 5308 1076 5376 Adjutrix
1093 5308 1365 5362 multorum
1385 5309 1481 5379 fuit
1502 5316 1548 5360 cl
1568 5308 1665 5361 mei
1682 5308 1870 5379 ipsius?

292 5412 469 5466 neque
497 5397 629 5452 dicit
657 5407 883 5465 tantum,
916 5402 1016 5455 sed
1048 5401 1207 5455 etiam
1238 5400 1452 5464 scribit;
1487 5415 1659 5469 neque
1688 5400 1871 5455 scribit

288 5488 627 5557 simpliciter,
654 5491 747 5546 sed
770 5491 1129 5546 Romanorum
1160 5491 1353 5561 pepulo
1378 5501 1543 5554 tanto,
1574 5491 1794 5545 tumenti
1816 5500 1871 5545 et

288 5579 458 5633 altum
487 5582 709 5649 sapienti
750 5591 969 5654 propter
997 5596 1251 5639 externos
1280 5584 1512 5637 honores
1532 5623 1546 5648 ,
1590 5583 1725 5637 banc
1752 5583 1867 5652 epi-

290 5671 483 5725 stolam
517 5674 698 5727 misit:
732 5690 837 5729 uon
866 5675 974 5729 illis
1012 5685 1216 5730 tantum
1244 5675 1540 5741 mandavit,
1570 5673 1666 5731 sed
1706 5676 1865 5731 etiam

291 5762 500 5819 volebat
531 5774 583 5819 ut
608 5767 1041 5837 generationibus
1070 5769 1306 5824 venturis
1333 5768 1445 5825 hazc
1467 5769 1638 5839 palam
1661 5780 1863 5826 essem.

1122 329 1165 383 V
1204 327 1514 392 llOMlLIA,
1568 326 1656 382 DE
1697 325 1944 382 STUDIO
1985 328 2465 399 ΡΗΙΕΞΕΝἸἸΕΜ,
2510 334 2662 389 ETC.

3435 338 3535 395 (illi

1965 439 2075 493 Nisi
2115 442 2257 497 enim
2290 444 2392 499 hoc
2417 445 2709 512 voluisset,
2742 447 2795 503 in
2836 447 3060 518 epistula
3090 462 3195 502 non
3227 450 3527 519 posuisset:

1955 533 2065 601 jam
2116 550 2246 590 vero
2299 539 2484 593 volens
2542 549 2599 594 ut
2648 555 2736 595 res
2788 540 2841 594 in
2887 556 3179 611 perennem
3228 543 3541 599 memoriam

1963 625 2235 693 transiret,
2265 636 2319 682 et
2346 630 2625 685 mulierem
2652 630 2913 701 appellat,
2942 645 3236 702 omnesque
3263 633 3460 686 excitat
3486 641 3545 688 ut

1961 715 2035 770 illi
2063 720 2483 791 patrocinentur,
2508 730 2668 793 atque
2689 722 3003 792 adjutricem
3026 739 3175 779 suam
3199 721 3343 779 illam
3365 735 3540 791 vocat,

1960 823 2060 863 nec
2085 824 2207 864 eum
2236 811 2397 879 pudet
2421 828 2594 883 neque
2634 814 2922 870 erubescit.
2950 815 3119 870 Tanta
3148 830 3238 872 res
3266 825 3351 872 est
3377 817 3539 873 etiam

1963 897 2014 951 in
2043 900 2287 955 muliebri
2319 917 2546 973 corpore
2577 904 2927 975 pbil050pbus
2950 906 3178 962 animus.
3211 908 3334 963 llzec
3361 918 3557 965 autent

1960 987 2082 1044 dico
2103 1032 2118 1056 ,
2150 1000 2219 1046 ut
2235 1008 2303 1048 ne
2332 994 2591 1050 obtendat
2618 996 2810 1051 mulier
2834 996 3038 1064 dicens,
3078 999 3154 1053 Eo
3179 999 3319 1069 quod
3352 1001 3546 1056 mulier

1960 1082 2092 1149 sim,
2141 1084 2208 1138 ad
2239 1086 2449 1155 plenam
2477 1090 2692 1144 virtutis
2738 1105 3041 1145 mensuram
3084 1107 3191 1145 non
3218 1093 3360 1147 veni.
3407 1093 3545 1148 Ecce

1962 1190 2191 1244 namque
2222 1178 2336 1232 bzcc
2366 1179 2559 1235 mulier
2583 1189 2719 1247 erat,
2759 1193 2814 1236 et
2839 1196 3003 1237 sexus
3030 1182 3412 1252 impedimento
3437 1199 3543 1239 non

1962 1266 2076 1339 fuit,
2108 1268 2202 1323 sed
2227 1269 2439 1340 dignata
2466 1272 2785 1328 estutPauli
2809 1274 3221 1343 essetadjutrix,
3248 1286 3408 1345 atque
3431 1277 3547 1330 ubi—

1960 1374 2065 1426 que
2089 1376 2183 1428 per
2209 1362 2392 1417 orbem
2426 1364 2769 1433 praedicatur.
2799 1365 3079 1432 Quomodo
3103 1379 3281 1422 autem
3312 1368 3427 1437 ejus
3455 1368 3549 1420 ad-

1956 1449 2125 1519 jutrix
2157 1451 2290 1507 fuit?
2317 1470 2345 1508 ιι
2374 1455 2626 1524 periculis
2647 1455 2876 1512 fortasse
2899 1458 3072 1527 ipsum
3099 1459 3334 1529 eripuit?
3362 1459 3549 1514 Vincto

1960 1542 2178 1609 aderat,
2208 1544 2264 1599 in
2294 1556 2481 1601 catena
2516 1548 2687 1617 ipsum
2716 1549 3113 1616 consolabatur,
3145 1565 3323 1612 rerum
3354 1565 3547 1610 neces-

1961 1636 2224 1693 sariarum
2251 1640 2501 1695 solatium
2540 1641 2639 1711 ipsi
2668 1642 3076 1713 suppeditabat,
3106 1644 3313 1714 eosqui
3335 1645 3433 1714 ipsi
3466 1645 3546 1699 iu-

1962 1726 2293 1785 sidiabantur
2317 1730 2576 1796 cohibuit,
2604 1732 2669 1788 ad
2708 1741 2935 1791 mortem
2977 1748 3037 1789 se
3075 1722 3243 1805 ipsam
3274 1724 3562 1806 exposuit,~

1964 1828 2019 1873 ut
2049 1820 2335 1876 abductum
2369 1823 2515 1881 illum
2539 1824 2772 1894 eriperet
2797 1841 2828 1879 a
2859 1826 3271 1881 calamitatibus.

2033 1912 2235 1968 Laudes
2266 1916 2539 1970 Priscilla.
2574 1946 2644 1957 -—
2675 1918 2799 1973 Ideo
2819 1919 2978 1973 aliam
3006 1934 3217 1989 quoque
3247 1929 3367 1988 post
3398 1919 3542 1975 illam

1964 2003 2208 2061 laudibus
2237 2008 2510 2073 celebrat,
2554 2009 2633 2064 sic
2661 2011 2845 2065 dicens
2876 2028 2889 2064 :
2919 2009 3152 2065 Salutate
3181 2010 3469 2065 Priscillam
3501 2021 3549 2065 et

1963 2094 2199 2165 Aquilam
2228 2094 2419 2169 (Rom.
2456 2098 2545 2165 16,
2594 2100 2674 2168 5).
2717 2100 2815 2155 llic
2859 2115 3071 2171 quoque,
3104 2100 3222 2155 vide
3266 2100 3561 2162 mulierem

1963 2187 2248 2259 splendore
2274 2190 2561 2261 fulgentem
2594 2209 2607 2247 :
2634 2192 2843 2246 etiamsi
2890 2193 3031 2246 enim
3054 2191 3545 2247 amboimemoreu-

1967 2291 2073 2347 tur,
2094 2283 2285 2338 mulier
2311 2292 2487 2338 tamen
2516 2285 2631 2338 viro
2672 2285 3000 2355 praeponitur
3029 2303 3043 2339 :
3076 2301 3179 2339 nou
3221 2286 3363 2340 enim
3386 2285 3545 2351 dixit,

1966 2376 2211 2445 Aquilam
2255 2385 2310 2433 et
2352 2377 2669 2441 Priscillam,
2707 2378 2823 2442 sed,
2866 2376 3159 2432 Priscillam
3200 2388 3247 2433 et
3290 2377 3544 2449 Aquilam.

1967 2468 2195 2533 Quinam
2227 2476 2403 2524 autem
2436 2471 2489 2524 hi
2529 2471 2724 2525 erant?
2753 2469 3126 2526 Tentoriorum
3179 2471 3410 2527 artiﬁces
3434 2513 3448 2536 ,
3494 2472 3545 2525 in

1967 2558 2179 2613 ofticiua
2208 2569 2430 2616 stantes.
2460 2562 2565 2616 Sed
2595 2577 2765 2632 neque
2804 2577 2913 2627 ars,
2944 2578 3113 2632 neque
3144 2572 3423 2633 paupertas
3452 2563 3550 2616 im-

1970 2650 2275 2719 pedimento
2303 2650 2436 2716 fuit,
2468 2653 2593 2723 quin
2630 2652 2813 2707 beatus
2861 2654 2966 2719 hic,
3021 2664 3127 2707 tota
3168 2656 3298 2709 urbe
3332 2654 3548 2724 postha-

1967 2741 2098 2808 bita,
2132 2744 2181 2796 in
2205 2742 2701 2801 domiciliumistud
2732 2746 3116 2800 diversaretur.
3141 2746 3249 2800 Cur
3278 2757 3331 2800 et
3358 2762 3461 2816 qua
3484 2746 3551 2800 de

1968 2833 2167 2887 causa?
2198 2833 2455 2904 Nonquia
2484 2836 2763 2891 columnas
2786 2836 3038 2897 habebat,
3063 2852 3169 2891 non
3193 2837 3314 2907 quia
3345 2837 3550 2893 tabulas

1969 2934 2023 2979 ct
2052 2926 2227 2982 solum
2264 2927 2461 2997 lapillis
2507 2938 2752 2983 ornatum
2774 2971 2789 2994 ,
2822 2945 2921 2984 nec
2946 2931 3064 3001 quia
3096 2933 3547 3000 contfgualioncm

1968 3032 2205 3079 auream,
2239 3034 2338 3074 nec
2366 3022 2487 3091 quia
2515 3037 2789 3076 servormn
2816 3038 3005 3092 greges
3025 3064 3039 3087 ,
3070 3024 3150 3077 vel
3183 3024 3546 3078 euuuchormu

1969 3108 2345 3175 ministerium,
2390 3112 2482 3166 scd
2506 3115 2756 3168 maxime
2793 3114 2913 3183 quia
2956 3114 3190 3182 ipsorum
3220 3114 3548 3171 domicilium

1972 3214 2157 3267 purum
2176 3211 2311 3260 erat,
2331 3202 2497 3256 abhis
2513 3203 2758 3257 omnibus
2780 3220 2794 3257 :
2812 3206 2930 3272 quia
2949 3203 3137 3257 mulier
3154 3214 3206 3257 ct
3229 3205 3308 3257 vir
3321 3206 3551 3273 exjustis

1972 3290 2241 3344 laboribus
2266 3292 2461 3346 victum
2480 3293 2811 3362 colligentes,
2836 3292 3056 3347 domum
3086 3309 3234 3349 suam
3265 3295 3545 3349 ecclesiam

1971 3378 2241 3446 fecerant;
2273 3396 2379 3436 non
2408 3384 2696 3452 rapientes,
2721 3398 2819 3438 nec
2844 3383 3079 3438 avaritia:
3125 3383 3420 3450 studentes,
3455 3387 3547 3440 scd

1971 3474 2211 3543 corporis
2229 3490 2389 3544 opera
2413 3476 2476 3529 ad
2519 3475 2875 3531 necessarium
2914 3486 2968 3531 et
2994 3475 3345 3533 sufﬁcientem
3373 3478 3547 3533 cibum

1974 3573 2203 3619 utentes.
2231 3565 2352 3621 Ideo
2381 3569 2610 3625 maxime
2650 3567 2845 3625 Paulus
2876 3568 3011 3627 hanc
3047 3568 3262 3630 domum
3285 3564 3545 3640 opportu4

1972 3671 2093 3709 nam
2115 3671 2234 3712 esse
2263 3660 2463 3727 putavit
2487 3659 2551 3712 ad
2582 3659 2979 3715 diversandum.
3012 3661 3077 3714 Et
3120 3669 3177 3714 ut
3204 3646 3550 3730 discasquoil

1973 3746 2091 3799 illos
2120 3763 2186 3800 ex
2212 3748 2404 3801 anima:
2448 3749 2638 3803 virtute
2665 3752 2965 3819 approbans
2997 3751 3067 3805 ibi
3117 3752 3400 3814 manserit,
3425 3751 3549 3804 audi

1971 3840 2246 3907 sequentia
2272 3857 2284 3891 :
2306 3840 2411 3907 Qui
2428 3858 2521 3911 pro
2533 3844 2706 3896 anima
2719 3860 2847 3907 mea,
2864 3844 3050 3913 inquit,
3074 3844 3551 3908 suasrervicessup-

1972 3942 2244 4000 posuerunt
2266 3946 2284 3984 :
2309 3932 2489 4001 quibus
2506 3949 2605 3986 non
2627 3933 2763 3987 solus
2777 3951 2865 4004 ego
2884 3935 3076 4006 gratias
3095 3953 3190 4008 ago
3204 3977 3220 4004 ,
3246 3936 3334 3991 sed
3359 3946 3403 3991 et
3423 3953 3550 3990 cun-

1972 4037 2065 4080 cta:
2087 4023 2326 4079 Ecclesia:
2346 4027 2583 4097 gentium.
2608 4026 2898 4082 Viden'nec
2924 4029 3209 4086 femineum
3227 4045 3435 4098 sexum,
3456 4046 3552 4086 ucc

1972 4129 2180 4183 artem,
2218 4134 2318 4173 nec
2365 4128 2730 4188 paupertatem
2775 4120 3114 4191 impedivisse
3174 4124 3383 4177 virtutis
3434 4138 3553 4177 cur-

1973 4212 2134 4266 sum?
2159 4212 2329 4267 videu‘
2364 4212 2677 4282 hospitalem
2719 4214 2997 4270 mulierem
3027 4227 3081 4271 et
3110 4220 3302 4280 virum,
3332 4219 3417 4288 qui
3446 4234 3548 4271 non

1974 4319 2155 4358 mensa
2202 4312 2427 4369 tantum,
2467 4304 2560 4360 sed
2591 4306 2751 4359 etiam
2779 4308 3035 4377 sanguine
3055 4306 3372 4378 Apostolum
3393 4325 3550 4362 exce—

1976 4393 2202 4462 perunt?
2242 4393 2377 4461 Quid
2417 4395 2558 4449 enim
2600 4396 2645 4449 si
2690 4398 2981 4451 nonetiam
3012 4398 3177 4451 occisi
3198 4408 3318 4451 sunt
3340 4399 3362 4451 ?
3387 4407 3441 4450 at
3473 4397 3549 4451 illi

1974 4503 2092 4556 qua:
2120 4502 2214 4541 sua
2246 4495 2399 4541 erant
2448 4489 2822 4558 impleverunt,
2866 4504 2929 4547 ac
2975 4490 3213 4547 viventes
3253 4500 3515 4561 martyres

1976 4576 2147 4643 fuere,
2168 4594 2229 4632 ac
2250 4593 2393 4647 smpe
2417 4590 2695 4651 martyres,
2736 4580 2825 4651 qui
2858 4596 3072 4648 semper
3101 4580 3267 4653 parati
3294 4590 3445 4635 erant
3484 4580 3549 4633 :ul

1975 4668 2176 4723 eaedem
2205 4669 2574 4723 sumiuendam
2605 4687 2701 4741 pro
2747 4672 2929 4727 Paulo.
2960 4671 3073 4727 Non
3102 4672 3240 4727 cnim
3267 4671 3421 4758 dixit,
3448 4671 3551 4738 Qui

1979 4760 2227 4827 pecunias
2258 4759 2654 4831 impenderunt,
2700 4763 2789 4833 qui
2818 4762 3035 4816 domum
3061 4772 3425 4831 aperuerunt;
3458 4764 3553 4818 sed

1974 4849 2114 4919 quod
2144 4850 2390 4905 ununbus
2420 4850 2591 4922 majus
2616 4863 2750 4917 erat,
2786 4852 2988 4906 caedem
3014 4852 3466 4922 etjugulationem
3492 4850 3548 4906 in

1976 4942 2209 4997 medium
2235 4942 2464 5009 adducit,
2492 4952 2547 4996 ut
2567 4945 2791 5012 diceret,
2820 4944 3021 4999 caedem
3049 4961 3144 5015 pro
3172 4960 3257 5000 me
3274 4947 3549 5000 suStinen-

1974 5033 2097 5088 dam
2124 5034 2461 5103 delegerunt.
2492 5036 2725 5091 Audiant
2755 5052 2899 5090 nunc
2926 5035 3120 5091 divites
3145 5076 3159 5099 ,
3184 5036 3272 5105 qui
3303 5037 3388 5090 vix
3415 5036 3551 5090 obo-

1978 5128 2085 5181 lum
2118 5128 2311 5184 sanctis
2341 5138 2568 5198 erogant
2600 5145 2614 5181 :
2648 5127 2721 5181 illi
2753 5134 2808 5181 et
2834 5126 3147 5196 sanguinem
3178 5125 3474 5188 dederunt,
3503 5134 3557 5179 et

1977 5219 2137 5273 vitam
2164 5219 2330 5289 ipsam
2352 5219 2705 5287 depoucbant,
2729 5226 3036 5273 utsanctum
3054 5226 3333 5272 servarent
3349 5217 3555 5287 ipsique

1977 5314 2342 5367 ministrarent
2374 5314 2495 5382 :qui
2524 5321 2700 5365 autem
2725 5320 3015 5381 prresentes
3039 5319 3162 5365 sunt
3183 5327 3249 5365 ne
3277 5311 3551 5365 minimam

1976 5407 2189 5476 quidem
2212 5406 2520 5461 facultatum
2550 5416 2752 5474 partem
2775 5407 2958 5476 egenis
2988 5405 3142 5461 facile
3167 5417 3409 5476 erogent,
3428 5421 3552 5459 cum

1976 5497 2213 5554 Priscilla
2248 5507 2303 5553 et
2334 5499 2525 5567 Aquila
2556 5505 2610 5552 et
2639 5498 2889 5567 pecunias
2938 5507 2991 5552 et
3031 5513 3258 5567 corpora
3288 5506 3343 5550 et
3390 5497 3552 5550 vitam

1976 5590 2145 5660 ipsam
2199 5587 2411 5643 darent.
2444 5587 2630 5644 Vidcn’
2666 5598 2862 5659 quanta
2904 5589 2975 5643 sit
3022 5586 3213 5643 mulier
3250 5586 3553 5658 phllOSOplli

1977 5679 2137 5735 animi
2155 5680 2185 5734 ?A
2208 5689 2441 5750 quantus
2472 5681 2537 5735 sit
2565 5681 2643 5735 vir
2670 5681 2760 5750 qui
2793 5681 2843 5734 iu
2892 5689 3203 5752 paupertate
3230 5688 3284 5736 ct
3317 5690 3431 5735 arte
3457 5695 3553 5734 sua

1974 5772 2143 5828 vivit?
2188 5772 2297 5828 llos
2343 5781 2519 5829 autem
2551 5773 2850 5840 imitemur,
2900 5785 2949 5830 et
2982 5774 3263 5845 praesentia
3293 5787 3549 5843 spernen—
