4092 6206
487 241 585 299 ιυι

490 366 571 406 les
599 392 612 415 ,
658 348 833 404 otunia
862 347 929 403 ad
957 345 1053 402 Dei
1081 344 1335 415 placitum
1367 341 1733 412 expendamus
1763 357 1776 394 :
1810 346 1864 394 ut
1895 336 2070 391 futura

487 457 885 511 causequamnr
912 440 1073 499 bona,
1101 442 1273 505 gratia
1301 446 1354 489 et
1378 434 1706 505 benignitate
1730 430 1937 486 Domini
1969 446 2069 483 no-

489 535 587 592 stri
617 532 744 589 Jesu
770 531 994 596 Christi,
1031 544 1128 600 per
1154 542 1313 596 quem
1339 535 1392 579 et
1416 539 1539 579 cum
1568 538 1675 593 quo
1719 521 1861 576 Patri
1901 519 2065 589 gloria

1214 227 1269 285 S.
1311 227 1387 283 ,10
1405 226 1587 283 \NNiS
1621 220 2095 279 ClliiYSOSTOMI
2133 221 2448 280 ARCHIEP.
2488 222 3022 281 CONSTANTINOP.

3662 222 3767 283 592’.

2175 352 2296 391 cum
2336 349 2522 393 sancto
2551 338 2787 409 Spiritu,
2819 360 2957 401 nunc
2984 351 3039 401 et
3065 357 3278 416 semper
3305 385 3321 409 ,
3372 354 3426 399 et
3468 344 3522 398 in
3565 344 3766 403 smcula

2176 429 2512 484 surculorum.
2558 433 2751 487 Amen.

1684 656 1705 666 _
1718 644 2582 666 *ψ’--
2611 648 3764 672 '-——_————_—_-

2582 688 2591 698 ο

1879 723 2227 788 HOMILIA
2271 726 2381 787 Vl.

494 884 724 944 Homilia
764 882 931 937 habita
955 881 1009 934 in
1035 878 1242 933 ecclesia
1281 873 1643 944 Apostolorum
1664 914 1678 936 ,
1706 872 1759 925 in
1789 872 1871 925 die
1896 866 2070 924 Theo-

563 975 696 1035 dosii
756 970 1124 1044 Imperatoris,
1175 968 1417 1022 adversus
1469 981 1555 1020 eos
1591 963 1678 1033 qui
1720 979 1775 1016 se
1823 960 2073 1016 Cat/raros

564 1065 894 1138 appellabant
917 1060 996 1133 (a)
1018 1099 1038 1129 ,
1062 1068 1329 1131 postquam
1371 1057 1474 1111 duo
1497 1056 1589 1110 alii
1630 1052 1853 1126 episcopi
1880 1050 2073 1122 loquuti

566 1163 793 1232 fuerant.

562 1252 590 1307 1
603 1290 617 1305 .
641 1248 884 1320 Ερὶεεορί
904 1246 1005 1301 duo
1023 1254 1139 1300 ante
1156 1242 1568 1314 Clirysostomum
1581 1238 1884 1293 concionati.
1910 1233 2075 1290 Theo-

494 1344 627 1403 dosii
655 1341 828 1414 magni
857 1339 1057 1394 laudes.
1082 1367 1154 1379 —
1180 1335 1354 1403 Quam
1379 1332 1649 1404 egregium
1695 1338 1776 1385 est
1808 1344 1904 1398 par
1948 1325 2079 1381 illud

494 1449 681 1491 eorum
713 1432 802 1504 qui
825 1429 1029 1503 loquuti
1055 1436 1201 1491 sunt,
1228 1440 1455 1496 quorum
1486 1424 1623 1478 alius
1647 1421 1804 1476 boum
1834 1417 2080 1474 ministe-

496 1526 579 1581 rio
615 1539 797 1580 arcam
842 1521 1043 1587 trahit,
1074 1519 1213 1574 alius
1252 1515 1515 1588 primitias
1559 1526 1869 1571 sermonum
1899 1509 2078 1565 otl‘ert.

496 1614 611 1675 Etsi
638 1616 783 1673 enim
812 1615 1026 1671 illorum
1057 1625 1191 1670 tetas
1232 1609 1447 1666 diversa
1482 1615 1586 1673 est,
1618 1616 1674 1661 at
1699 1619 1805 1660 una
1826 1613 1910 1660 est
1940 1601 2083 1672 agri-

497 1710 724 1766 cultura:
748 1708 886 1764 ratio
914 1725 929 1762 :
960 1705 1071 1761 imo
1098 1718 1229 1761 vero
1253 1718 1360 1759 non
1387 1703 1599 1757 diversa
1640 1707 1770 1754 aetas
1798 1708 1882 1753 est
1912 1715 1925 1750 :
1959 1710 2081 1750 nam

492 1803 680 1874 junior
709 1800 936 1858 senioris
965 1800 1281 1871 gravitatem
1322 1796 1518 1860 habet,
1559 1801 1616 1850 et
1641 1791 1820 1847 senior
1855 1788 2086 1860 iunioris

497 1895 681 1965 vigore
704 1892 939 1963 ﬁoreqne
968 1893 1261 1945 instructus
1286 1897 1389 1943 est.
1418 1887 1755 1955 Quapropter
1782 1899 1886 1936 non
1919 1879 2084 1934 aber-

501 1986 718 2049 ravcrit,
761 1984 852 2054 qui
881 1982 1070 2037 ambos
1099 1991 1153 2035 et
1178 1995 1336 2035 senes
1365 1988 1418 2034 et
1443 1977 1670 2049 juvenes
1698 1989 1822 2030 esse
1848 1986 2083 2043 pronun-

501 2078 734 2144 tiaverit,
754 2092 862 2132 non
887 2074 1060 2132 aetatis
1081 2074 1307 2139 ratione,
1327 2072 1419 2128 sed
1451 2071 1612 2125 animi
1635 2068 1961 2123 conditione.
1978 2067 2087 2136 Age

500 2173 751 2245 ergojam
779 2180 834 2228 et
850 2186 946 2227 nos
972 2184 1185 2241 quoque
1202 2167 1417 2222 demum
1443 2174 1621 2219 nostra
1640 2161 1947 2218 aﬁ‘eramus.
1981 2158 2090 2213 Vos

500 2267 645 2321 enim
676 2262 929 2320 audiendi
957 2260 1139 2317 studio
1171 2257 1501 2315 insatiabiles
1526 2270 1646 2311 esse
1690 2253 1849 2308 video
1870 2294 1883 2317 ,
1915 2264 2090 2320 neque

505 2373 671 2428 parvo
698 2370 825 2427 erga
854 2354 1069 2410 beatum
1094 2350 1456 2406 Theodosium
1501 2344 1682 2400 ol'ticio
1708 2342 1954 2398 obstricti
1998 2356 2091 2395 su-

505 2463 649 2516 mus,
673 2463 778 2503 non
804 2444 927 2516 quia
957 2444 1270 2514 Imperator,
1294 2440 1387 2495 sed
1414 2440 1537 2510 quia
1564 2439 1679 2508 pius
1702 2436 1791 2491 ille
1812 2446 1957 2499 erat;
1983 2448 2088 2488 non

508 2539 630 2610 quia
657 2552 888 2608 purpura
918 2535 1170 2600 amictus,
1197 2531 1291 2587 sed
1323 2531 1444 2600 quia
1466 2528 1678 2585 Christo
1704 2527 1923 2582 indutus
1952 2534 2089 2590 erat,

507 2632 650 2702 quod
697 2631 1075 2685 vestimentum
1129 2640 1419 2694 munquam
1467 2622 1771 2685 veterascit,
1821 2628 1877 2674 et
1927 2618 2090 2672 lorica

505 2722 725 2794 iustitia:
752 2719 1071 2776 induebatur
1089 2759 1104 2783 ,
1132 2726 1290 2785 atque
1314 2716 1675 2770 calceamenta
1709 2709 1911 2764 habens
1932 2723 2095 2763 evan-

509 2814 633 2885 gelii
662 2812 829 2881 pacis,
860 2818 913 2864 et
959 2807 1193 2878 gladium
1216 2806 1452 2873 Spiritus,
1482 2806 1837 2872 clypeumque
1869 2799 2012 2865 ﬁdei,
2040 2807 2096 2853 et

512 2906 718 2977 galeam
743 2900 993 2957 salutaris
1014 2898 1227 2970 (Ephes.
1259 2898 1312 2952 6.
1343 2893 1602 2967 ll).Cum
1626 2894 1708 2947 his
1725 2892 1887 2947 armis
1915 2901 2096 2962 tyran-

517 3011 614 3051 nos
638 2996 850 3053 evertit.
898 2993 1130 3064 priorem
1155 2990 1228 3063 (b)
1260 3004 1324 3044 ac
1370 2988 1723 3059 pOSIeriorcm
1762 3003 1774 3039 :
1808 2985 1954 3039 illum
1981 2983 2099 3054 qui-

512 3091 635 3145 dem
663 3090 779 3145 sine
802 3087 983 3142 lahore
1005 3096 1059 3141 et
1078 3084 1338 3156 sanguine
1353 3082 1517 3152 cepit,
1539 3095 1602 3135 ac
1625 3090 1880 3149 trop:eum
1901 3076 2096 3142 erexit,

521 3182 639 3238 sine
658 3178 928 3235 exercitus
956 3177 1040 3233 sui
1066 3175 1211 3231 crede
1236 3175 1316 3228 vel
1340 3173 1587 3227 minima:
1610 3171 1751 3225 hunc
1776 3179 1951 3223 autem
1970 3183 2101 3221 cono

521 3289 709 3346 gressu
742 3271 902 3340 facto,
929 3269 1075 3327 solus
1104 3271 1217 3339 ipse
1236 3267 1304 3322 de
1330 3266 1507 3321 medio
1536 3265 1769 3320 sustulit.
1794 3262 1927 3317 Cum
1955 3261 2099 3316 enim

515 3367 785 3422 exercitus
800 3366 960 3420 ambo
981 3363 1246 3432 utrimque
1271 3361 1323 3415 in
1347 3360 1463 3415 acie
1485 3358 1856 3427 conﬂigerent,
1880 3370 1943 3410 ac
1966 3355 2102 3409 telo-

516 3474 635 3514 rum
661 3456 854 3511 emissa
903 3452 1080 3519 nube,
1132 3449 1450 3506 instantibus
1496 3446 1783 3503 admodum
1845 3444 2099 3510 inimicis,

511 3551 623 3619 jam
673 3548 755 3603 sui
809 3546 863 3602 in
907 3545 1086 3614 fugam
1135 3548 1578 3598 converterentur
1621 3557 1634 3594 :
1679 3555 1743 3594 ex
1800 3551 1939 3608 equo
2008 3536 2102 3592 ille

515 3640 789 3704 exsiliens,
818 3639 1009 3710 clypeo
1036 3635 1183 3690 humi
1213 3633 1461 3703 deposito
1487 3674 1502 3699 ,
1528 3630 1754 3701 genibus
1782 3628 1934 3684 ﬂexis
1954 3669 1968 3693 ,
1992 3644 2102 3683 ete-

517 3732 688 3789 lorum
710 3729 966 3785 auxilium
990 3727 1314 3799 postulabat,
1329 3735 1488 3795 atque
1510 3723 1642 3778 aciei
1668 3737 1912 3792 campum
1937 3720 2106 3777 eccle-

516 3826 609 3881 size
634 3821 865 3878 faciebat
889 3821 1086 3887 locum,
1118 3835 1222 3874 non
1247 3815 1478 3874 arcubus
1495 3824 1550 3872 et
1581 3816 1720 3878 telis,
1750 3830 1855 3877 non
1881 3813 2099 3880 lam-eis,

517 3915 613 3972 sed
640 3914 895 3987 lacrymis
933 3921 988 3967 et
1021 3910 1268 3981 precibus
1299 3924 1541 3981 pugnans
1569 3925 1583 3961 :
1611 3908 1795 3976 sicque
1820 3916 2101 3959 ventorum

521 4011 721 4078 impetu
748 4006 927 4060 statim
954 4003 1277 4059 adveniente
1300 4044 1316 4069 ,
1345 4002 1577 4056 hostium
1613 4001 1717 4055 tela
1743 4009 1927 4054 contra
1960 4001 2105 4068 ipsos

522 4100 705 4155 hostes
739 4096 1081 4162 ferebantur;
1131 4097 1181 4150 hi
1227 4109 1358 4149 vero
1408 4093 1643 4149 furorem
1695 4101 1855 4161 atque
1900 4090 2102 4145 ea-dcm

524 4193 818 4263 spirantes,
850 4188 952 4243 hoc
973 4188 1060 4243 ubi
1093 4188 1361 4250 viderunt,
1391 4185 1569 4240 statim
1596 4184 1932 4247 commutati,
1964 4184 2106 4238 hunc

524 4283 912 4353 Imperatorem
943 4279 1361 4349 proclamavere.
1387 4284 1443 4332 et
1471 4292 1626 4330 suum
1658 4275 1848 4330 vinctis
1883 4291 1916 4331 a
1956 4284 2106 4345 tergo

526 4374 770 4430 manibus
799 4354 900 4442 ipsi
928 4371 1281 4426 tradiderunt.
1324 4371 1402 4425 Ac
1442 4369 1705 4439 gloriosus
1744 4385 1993 4423 reversus
2022 4378 2107 4423 est

520 4445 714 4525 beatus
728 4465 1088 4528 Theodosius,
1121 4478 1227 4517 non
1251 4478 1320 4517 ex
1346 4462 1567 4516 victoria
1589 4461 1787 4530 solum,
1810 4462 1903 4516 sed
1931 4478 1994 4516 ex
2031 4461 2107 4514 \i-

520 4562 706 4618 etoriae
745 4557 925 4615 modo.
949 4556 1067 4611 Non
1094 4555 1272 4619 enim,
1317 4553 1536 4625 perinde
1561 4562 1720 4622 atque
1744 4568 1865 4608 cum
1894 4557 2105 4607 caeteris

522 4649 963 4724 lmperatoribus,
1006 4647 1192 4717 tropaei
1215 4661 1336 4702 cum
1364 4647 1479 4716 ipso
1505 4645 1789 4716 participes
1808 4655 1929 4700 sunt
1967 4644 2107 4698 mili-

524 4742 767 4809 tes;sed
814 4749 982 4796 totum
1031 4738 1197 4808 ipsius
1244 4745 1472 4802 tantum,
1514 4746 1569 4791 et
1613 4737 1782 4807 ipsius
1826 4735 1951 4791 ﬁdei
1983 4734 2103 4789 fuit.

393 4868 427 4907 3,
522 4832 648 4890 Ideo
676 4833 851 4902 ipsum
884 4830 1098 4885 beatum
1118 4869 1134 4894 ,
1164 4842 1338 4898 neque
1365 4838 1633 4882 mortuum
1660 4826 1888 4882 dicimus
1920 4845 1934 4880 :
1980 4841 2103 4881 nam

527 4923 628 4994 Qui
654 4922 883 4977 creditin
910 4936 1008 4983 me,
1036 4918 1224 4991 inquit,
1264 4918 1458 4971 etiamsi
1487 4926 1714 4972 mortuus
1742 4918 1908 4988 fuerit,
1941 4918 2107 4984 vivet;

382 5012 395 5027 ”
522 5028 568 5072 et
603 5015 767 5069 omnis
786 5013 868 5083 qui
897 5012 1012 5065 vivit
1037 5020 1082 5065 et
1112 5008 1267 5064 credit
1290 5011 1343 5062 in
1368 5025 1445 5062 me
1467 5050 1481 5073 ,
1511 5024 1612 5062 non
1636 5009 1877 5062 morietur
1907 5010 1922 5076 (
1946 5008 2104 5060 Joan.

523 5110 612 5164 11.
640 5107 754 5178 25).
805 5105 930 5159 time
956 5102 1201 5158 Christus
1220 5101 1385 5166 dixit,
1414 5100 1529 5155 haec
1552 5115 1649 5172 per
1677 5115 1838 5170 opera
1877 5099 2101 5168 fulgcn.

520 5198 662 5270 Quid
681 5210 839 5269 ergo,
857 5196 1094 5266 inquies,
1117 5210 1295 5248 annon
1317 5202 1559 5247 mortuus
1584 5200 1667 5247 est
1685 5193 1708 5246 ?
1724 5192 2065 5263 Nequaquam
2089 5212 2101 5246 :

583 5426 660 5490 (a)
698 5423 761 5475 Hi
778 5427 940 5490 erant
978 5419 1233 5490 l‘iovatiaui

520 5477 611 5542 sibi
638 5477 653 5488 '
681 5484 947 5537 eculiaretn
981 5483 1242 5533 habebant.
1279 5477 1402 5531 Vide
1439 5477 1675 5543 Epipltan.

523 5567 568 5599 o.
595 5502 689 5599 ιρὲ
710 5562 838 5599 8110..
862 5546 1121 5599 Augustin.
1144 5543 1221 5593 De
1245 5543 1375 5593 Haar.
1402 5555 1506 5599 cap.
1534 5543 1609 5590 ᾖς.

523 5567 568 5616 p.
595 5543 689 5599 49³5
710 5562 838 5613 sqq.,
862 5546 1121 5609 Augustin.
1144 5543 1221 5593 De
1245 5543 1375 5593 Haar.
1402 5555 1506 5605 cap.
1534 5543 1609 5590 ᾖς.
1968 5604 1982 5612 .

585 5610 657 5672 (li)
703 5609 842 5662 Prior
882 5607 973 5660 ille
997 5614 1228 5670 tyrannus
1264 5613 1368 5657 erat
1407 5604 1647 5657 Maximus
1677 5604 1921 5655 secundus
1946 5604 2105 5667 Euge-

524 5686 648 5725 Bilis.

1320 5420 1354 5468 ti
1392 5416 1795 5481 Constantinopoli
1829 5418 2104 5481 episcopum

1757 5494 1841 5530 zer.
1879 5482 1958 5538 59,
1994 5489 2030 5529 t.
2058 5483 2103 5538 ι,

2177 882 2347 936 neque
2377 870 2520 922 enim
2551 868 2654 923 hoc
2678 869 2911 925 dixerim
2944 887 3065 928 esse
3089 883 3317 927 mortem
3344 916 3358 939 ,
3390 874 3486 929 sed
3517 891 3766 932 somnum

2177 958 2459 1028 quemdam
2482 970 2535 1017 et
2557 963 3054 1031 peregrinationem.
3079 964 3144 1019 Ut
3159 965 3303 1020 enim
3325 966 3616 1020 viventium
3631 968 3768 1022 mul-

2182 1051 2224 1107 ti
2260 1060 2404 1119 sunt,
2430 1054 2519 1123 qui
2546 1055 2698 1125 quasi
2730 1054 2784 1109 in
2826 1056 3075 1125 sepulcro
3113 1072 3234 1112 cum
3276 1072 3502 1128 corpore
3534 1061 3768 1115 animam

2183 1143 2546 1214 deposuerunt
2578 1145 2696 1200 :sic
2723 1160 2790 1200 ex
2835 1151 3062 1203 mortuis
3108 1148 3263 1203 multi
3307 1150 3515 1217 vivunt,
3562 1151 3772 1221 jnstitia

2186 1237 2450 1308 fulgentes
2479 1255 2493 1292 :
2522 1239 2660 1293 sicut
2684 1247 2738 1295 ct
2759 1239 2847 1295 hic
2874 1241 3081 1297 beatus.
3111 1241 3254 1298 Mors
3281 1245 3426 1300 enim
3456 1253 3541 1301 est
3560 1247 3771 1317 gravis-

2183 1332 2342 1396 sima,
2375 1343 2430 1387 et
2456 1347 2585 1387 vere
2612 1349 2779 1397 mors,
2804 1346 2865 1389 ea
2897 1350 3018 1404 qum
3047 1351 3113 1390 ex
3140 1346 3364 1406 peccato
3392 1339 3595 1406 paritur
3617 1380 3632 1401 ,
3663 1355 3771 1409 qua

2187 1440 2476 1494 numquam
2508 1425 2645 1480 mori
2668 1425 2797 1480 dicit
2822 1425 2916 1482 ille
2940 1441 3035 1481 eos
3061 1427 3150 1496 qui
3190 1427 3243 1481 in
3267 1442 3327 1482 se
3355 1429 3604 1485 credunt.
3634 1429 3770 1485 Nam

2186 1514 2288 1582 Qui
2312 1517 2427 1570 vivit
2447 1527 2493 1570 et
2517 1518 2675 1572 credit
2697 1520 2749 1572 in
2772 1535 2871 1585 me,
2895 1519 3085 1591 inqttit,
3132 1535 3233 1575 non
3262 1522 3502 1576 morietur
3543 1522 3770 1592 (a)......

2253 1607 2312 1664 2.
2345 1607 2532 1663 Contra
2551 1608 2819 1664 Catharos.
2850 1639 2923 1651 —
2945 1610 3026 1664 An
3057 1611 3146 1681 qui
3176 1612 3328 1681 quasi
3356 1613 3526 1668 alatus
3572 1624 3772 1668 terram
3847 1679 3851 1682 ν

2185 1709 2241 1755 et
2287 1716 2435 1757 mare
2477 1701 2943 1769 circumcucurrit,
2973 1702 3063 1772 qui
3110 1703 3422 1760 innumeras
3468 1716 3658 1775 gentes
3704 1706 3775 1761 ad

2186 1791 2457 1848 Christum
2482 1792 2739 1857 adduxit,
2769 1793 2860 1863 qui
2887 1808 3206 1849 arcanorum
3237 1797 3615 1866 mysteriorum
3643 1812 3776 1868 par-

2189 1883 2359 1953 ticeps
2386 1882 2555 1938 factus
2598 1892 2703 1948 est,
2728 1886 2821 1953 qui
2870 1884 2921 1938 in
2969 1889 3185 1940 tertium
3225 1887 3419 1941 caalum
3452 1899 3660 1957 raptus,
3701 1904 3774 1943 an

2191 1975 2295 2029 tale
2341 1973 2608 2044 quidpiam
2636 1973 2703 2029 de
2730 1988 2790 2028 se
2825 1974 3005 2031 dicere
3032 1992 3194 2031 ausus
3236 1978 3356 2032 est?
3382 1977 3728 2049 Nequaquam
3753 2019 3774 2042 .

2190 2068 2285 2123 sed
2313 2069 2638 2123 contrarium
2686 2083 2912 2138 prorsus
2958 2086 2971 2124 :
3010 2070 3311 2125 abortivum
3340 2087 3401 2127 se
3440 2074 3690 2133 vocabat.
3721 2081 3783 2128 et

2193 2159 2438 2214 ultimum
2475 2160 2844 2229 apostolorum
2872 2202 2888 2225 ,
2918 2175 3019 2216 nec
3060 2176 3120 2216 se
3161 2161 3381 2232 dignum
3410 2178 3532 2219 esse
3560 2163 3785 2233 putabat

2191 2252 2284 2321 qui
2330 2251 2430 2306 hoc
2473 2252 2689 2307 nomine
2744 2261 3044 2308 vocaretur.
3104 2252 3222 2309 Non
3284 2272 3398 2310 sum
3449 2257 3635 2328 dignus
3700 2258 3785 2312 in-

2192 2343 2344 2414 quit,
2377 2346 2547 2398 vocari
2576 2334 2836 2415 apostolus
2858 2346 2934 2415 (ι.
2965 2346 3084 2400 Cor.
3116 2347 3205 2402 15.
3237 2348 3333 2418 9).
3367 2347 3623 2415 Quaenam
3649 2365 3787 2418 ergo

2193 2443 2277 2487 εει
2304 2434 2418 2487 ιιωο
2442 2434 2791 2503 arrogantia?
2819 2450 3066 2506 quasnam
3092 2435 3345 2505 iactantia
3366 2438 3390 2491 ?
3414 2453 3660 2509 quautam
3696 2441 3746 2493 in
3763 2471 3787 2482 -

2194 2525 2381 2578 sauia?
2410 2527 2570 2580 homo
2598 2541 2718 2581 cum
2745 2527 2842 2592 sis,
2875 2538 2926 2582 te
2970 2527 3259 2583 Catharum
3306 2530 3421 2585 sive
3450 2547 3640 2600 purmn
3660 2547 3789 2586 eSse

2195 2617 2354 2686 dicis,
2372 2628 2426 2672 el
2452 2629 2503 2674 te
2522 2635 2707 2688 purum
2731 2635 2850 2675 esse
2879 2634 3191 2690 persuasum
3211 2621 3415 2676 habes?
3443 2631 3499 2677 et
3522 2633 3786 2693 quantum

2198 2712 2298 2766 hoc
2324 2713 2543 2766 insaniae
2564 2714 2684 2769 est?
2711 2710 2842 2768 Nam
2890 2728 3013 2768 cum
3052 2722 3104 2767 te
3128 2729 3319 2784 purum
3359 2712 3514 2781 dicis,
3562 2716 3789 2786 perinde

2200 2802 2352 2865 facis.
2382 2818 2445 2857 ac
2489 2803 2533 2857 si
2568 2804 2689 2874 quis
2715 2802 2918 2859 diceret
2947 2819 3096 2859 mare
3124 2804 3373 2860 ﬁuctihus
3400 2821 3522 2862 esse
3565 2823 3783 2876 purmn.

2200 2900 2582 2975 Sicutergoilli
2624 2900 2816 2955 fluctus
2868 2916 3159 2971 numquam
3197 2900 3487 2967 deﬁciunt,
3511 2902 3582 2956 ita
3611 2919 3789 2973 neque

2202 2991 2357 3047 nobis
2374 3001 2608 3062 peccata.
2633 2994 2826 3046 Annon
2853 2994 2991 3046 nosti
3020 2993 3234 3062 quinam
3254 2993 3441 3058 simus;
3466 2992 3785 3064 gaudentes,

2202 3095 2489 3139 mmrentes
2509 3100 2526 3150 ;
2549 3083 2762 3149 divites,
2785 3098 3077 3153 pauperes;
3094 3085 3416 3140 contumelia
3436 3086 3630 3150 affecti,
3664 3088 3787 3139 lau-

2202 3178 2334 3244 dati,
2357 3176 2518 3246 pulsi,
2542 3176 2684 3232 bello
2706 3176 2952 3248 impetiti,
2972 3182 3157 3249 requie
3177 3177 3438 3245 fruentes;
3461 3180 3787 3248 esurientes,

2202 3272 2417 3326 satiati?
2444 3271 2693 3326 Sexcenti
2720 3272 2919 3341 agitant
2938 3272 3169 3326 animam
3212 3285 3390 3329 motus
3415 3288 3480 3329 ac
3500 3274 3788 3344 perturba-

2205 3364 2401 3425 tiones.
2456 3371 2707 3418 sexcenta
2737 3362 2946 3433 negotia
2968 3404 2983 3428 ,
3011 3364 3251 3418 sexcenti
3285 3367 3532 3436 corporis
3570 3366 3743 3419 morbi
3769 3406 3788 3431 ,

2204 3463 2471 3509 sexcenta:
2518 3470 2697 3511 rerum
2738 3455 3166 3526 inaequalitates;
3213 3466 3269 3511 et
3303 3457 3468 3512 audes
3507 3456 3689 3512 dicere
3738 3469 3792 3513 te

2207 3546 2260 3602 in
2298 3548 2486 3619 euripo
2521 3548 2871 3617 procellarum
2921 3548 3104 3602 talium
3136 3564 3346 3619 purum
3375 3550 3538 3604 esse?
3572 3560 3625 3604 et
3660 3549 3791 3620 quid

2206 3642 2465 3711 impurius
2484 3641 2641 3697 fuerit
2661 3658 2728 3696 eo
2749 3643 2838 3712 qui
2863 3644 2932 3697 ita
2951 3642 3177 3698 aﬁ'ectus
3202 3643 3323 3698 est?
3351 3643 3419 3699 Et
3442 3643 3569 3714 quid
3591 3644 3661 3700 de
3681 3647 3793 3699 vita

2209 3744 2316 3792 tota
2343 3735 2575 3806 loquor?
2607 3734 2694 3790 dic
2723 3735 2854 3790 mihi
2879 3778 2894 3800 ,
2921 3751 2989 3791 an
3028 3735 3209 3791 dicere
3233 3738 3354 3807 quis
3388 3739 3582 3807 poterit
3610 3752 3672 3793 se
3709 3738 3794 3793 vel

2209 3843 2314 3881 uno
2342 3827 2430 3882 die
2468 3842 2658 3897 purum
2690 3822 2849 3881 esse?
2880 3827 3104 3883 Etiamsi
3129 3832 3272 3883 enim
3318 3844 3424 3882 non
3451 3828 3752 3883 foruicetur
3773 3872 3790 3895 ,

2208 3920 2293 3975 vel
2313 3919 2633 3975 adulterium
2665 3919 2930 3987 admittat,
2972 3920 3182 3976 etiamsi
3209 3920 3262 3975 in
3307 3921 3456 3975 nullo
3487 3921 3795 3990 hujusmodi

2209 4010 2479 4081 prohibito
2511 4020 2727 4081 peccet,
2757 4011 3024 4081 poteritne
3052 4011 3269 4081 gloriari
3302 4053 3317 4079 ,
3348 4011 3489 4081 quod
3521 4030 3627 4067 non
3659 4030 3794 4068 vana

2207 4101 2374 4172 gleiia
2396 4100 2555 4157 fuerit
2583 4100 2824 4168 affectus,
2848 4101 2987 4171 quod
3016 4116 3119 4156 non
3141 4105 3442 4173 arrogantia
3465 4144 3480 4168 ,
3509 4103 3654 4174 quod
3683 4121 3789 4158 non

2211 4193 2490 4263 impudicis
2514 4193 2783 4262 aspexerit
2819 4192 2989 4249 oculis
3014 4234 3029 4257 ,
3059 4193 3201 4262 quod
3233 4210 3337 4248 non
3385 4195 3618 4262 proximi
3653 4197 3792 4250 bona

2208 4283 2596 4354 concupiverit,
2627 4284 2768 4354 quod
2795 4299 2900 4338 non
2928 4285 3185 4339 mentitus
3216 4285 3378 4339 fuerit
3396 4326 3412 4349 ,
3438 4284 3581 4354 quod
3610 4285 3791 4339 dolum

2208 4391 2316 4431 non
2354 4374 2646 4439 struxerit,
2677 4373 2818 4444 quod
2848 4389 2951 4429 non
2997 4375 3133 4430 mala
3163 4375 3484 4444 imprecatus
3513 4376 3584 4429 sit
3613 4377 3792 4430 inimi-

2208 4469 2308 4533 cis,
2339 4465 2481 4538 quod
2509 4482 2614 4521 non
2644 4466 2892 4521 inviderit
2921 4465 3135 4520 amico?
3155 4467 3212 4522 Si
3253 4475 3430 4521 autem
3458 4468 3505 4521 is
3543 4469 3634 4536 qui
3656 4471 3793 4523 anti-

2207 4576 2332 4617 cum
2356 4570 2533 4627 amat,
2558 4559 2690 4614 nihil
2718 4561 2893 4614 minus
2923 4558 3140 4614 habebit
3170 4574 3267 4629 pro
3285 4574 3342 4614 re
3364 4559 3478 4627 illa,
3504 4574 3667 4630 quam
3699 4576 3795 4631 pu-

2210 4653 2487 4719 blicanus;
2516 4667 2621 4722 qua
2640 4652 2794 4706 venia
2814 4651 3004 4721 dignus
3031 4653 3135 4706 erit
3156 4651 3202 4707 is
3222 4650 3311 4722 qui
3344 4651 3520 4707 amico
3546 4651 3789 4707 invidet?

2207 4748 2311 4804 Tot
2332 4749 2618 4816 absorptus
2648 4745 2801 4800 malis
2826 4744 2992 4799 audes
3019 4754 3069 4798 te
3100 4760 3290 4814 purum
3329 4744 3550 4799 dicere?
3579 4747 3652 4799 At
3697 4745 3788 4801 ho—

2211 4854 2328 4895 rum
2375 4839 2676 4910 arrogantia
2712 4852 2816 4891 non
2873 4837 2995 4892 hinc
3036 4838 3230 4902 solum,
3263 4835 3356 4891 sed
3385 4835 3606 4890 aliunde
3627 4837 3786 4892 etiam

2211 4932 2593 4990 monstrabitur
2617 4947 2630 4984 :
2654 4944 2752 4985 vos
2785 4937 2963 4982 autem
2985 4939 3322 4999 vestramque
3340 4929 3620 4984 caritatem
3643 4944 3787 5000 rogo,

2211 5029 2327 5084 inec
2354 5027 2533 5082 oumia
2561 5032 2892 5096 reputantes,
2920 5023 2988 5076 ab
3015 5022 3224 5076 illorum
3264 5021 3523 5092 jthIanliu
3551 5038 3649 5077 vos
3679 5028 3789 5078 exi-

2210 5122 2388 5181 matis,
2416 5126 2471 5172 et
2495 5117 2705 5171 illormn
2747 5114 3105 5184 arrogantiam
3151 5113 3330 5167 vitetis
3356 5123 3442 5168 :et
3476 5129 3598 5168 cum
3648 5114 3790 5168 onitii

2210 5210 2388 5265 studio
2412 5208 2612 5263 curetis
2635 5205 2867 5261 admissa
2906 5214 3122 5275 peccata
3145 5203 3385 5269 abluere.
3402 5215 3456 5260 et
3482 5206 3790 5262 accedentia

2211 5300 2533 5373 propellere.
2564 5298 2782 5354 Etiamsi
2824 5296 2968 5353 enim
2998 5298 3277 5352 innumera
3336 5311 3433 5353 nos
3458 5297 3791 5353 circumdant

2273 5541 2345 5603 (α)
2381 5540 2469 5590 Hic
2486 5540 2596 5589 dua:
2616 5541 2803 5603 paginas
2825 5538 3004 5603 deesse
3027 5539 3269 5603 videntur,
3299 5540 3345 5588 in
3368 5539 3544 5602 quibus
3566 5537 3790 5603 (‘atlmro-

2210 5600 2650 5717 rttin'iutliudeutite
2671 5600 2807 5652 Pauli
2831 5602 3113 5653 modestiam
3136 5600 3263 5653 forte
3284 5600 3565 5666 ουρὸειιυτὶι
3589 5601 3789 5663 ειη-ιω

2212 5681 2237 5715 s
2258 5679 2412 5716 omns.
