4092 6206
215 339 312 397 69!

209 459 321 514 τῶν
357 454 664 528 μελλόντων
704 451 1051 523 ἐπιτύχωμεν
1108 450 1349 520 ἀγαθῶν,
1405 452 1584 524 χάριτι
1631 455 1723 506 καὶ
1769 454 1887 524 φιλ-

213 542 505 616 ανθρωπία
535 541 629 594 τοῦ
663 539 869 610 Κυρίου
904 538 1059 611 ήμῶν
1099 539 1273 609 Ἰησοῦ
1306 539 1563 610 Χριστοῦ.
1592 540 1658 594 δι’
1691 533 1771 607 οὗ,
1794 544 1886 596 καὶ

1253 338 1319 391 γι
1350 338 1654 402 HOMILIA,
1694 339 2064 396 ADVERSUS
2101 340 2496 396 CATHAROS.

3535 341 3659 394 191‘.

1997 457 2114 526 μεθ’
2144 448 2204 509 οὗ
2234 454 2312 524 τῷ
2341 455 2513 527 Πατρὶ
2541 457 2573 524 ή
2617 444 2763 519 δόξα,
2801 457 2916 526 ἆμα
2953 455 3033 526 τῷ
3064 455 3205 525 ἀγίῳ
3238 457 3537 527 Πνεύματι,
3567 456 3665 512 νῦν

1993 545 2085 597 καὶ
2108 545 2213 609 ἀεὶ,
2242 545 2334 598 καὶ
2355 547 2433 606 είς
2462 543 2588 606 τοὺς
2618 543 2816 607 αἰῶνας
2845 544 2953 596 τῶν
2987 542 3218 598 αίώνων.
3256 544 3450 615 Ἀμήν.

1719 1248 1961 1301 omum
1996 1246 2087 1313 ς’.

225 1459 466 1529 ὀμιλία
505 1458 764 1527 ῥηθεῖσα
800 1458 871 1529 ἐν
912 1457 1038 1525 τοῖς
1067 1457 1449 1529 Ἅποστόλοις
1485 1456 1554 1510 ἐν
1597 1454 1672 1529 τῇ
1699 1455 1889 1529 ἡμέρᾳ

283 1525 929 1594 δεοδοσῖίοῖυβασιλέως
949 1528 1100 1596 πρὸς
1118 1528 1260 1593 τοὺς
1271 1527 1609 1592 καλοῦντας
1632 1525 1888 1591 ἑαυτοὺς

283 1599 620 1669 Καθαροὺς,
644 1599 861 1668 ἐτέρων
876 1600 936 1664 β’
964 1600 1313 1652 ἐπισκόπων
1335 1599 1676 1664 ειρηκότων.

281 1706 359 1762 α’.
397 1705 488 1768 Ὠς
510 1704 652 1774 καλὴ
703 1705 811 1758 τῶν
855 1704 1153 1776 εἰρηκότων
1184 1705 1216 1775 ή
1250 1703 1498 1774 ξυνωρὶς,
1541 1701 1632 1755 τοῦ
1675 1701 1773 1772 μὲν
1804 1701 1890 1755 διὰ

211 1794 327 1849 τῶν
361 1794 501 1864 βοῶν
518 1794 619 1863 τὴν
647 1791 879 1846 κιϐωτὸν
908 1792 1177 1854 ἐλκοντος,
1207 1790 1300 1844 τοῦ
1320 1791 1375 1844 δέ
1393 1790 1488 1854 τάς
1515 1790 1769 1860 ἀπαρχὰς
1785 1787 1890 1841 τῶν

212 1882 392 1952 λόγων
413 1882 776 1946 ἀνατιθέντος.
810 1882 872 1934 Et
894 1881 1002 1952 γὰρ
1034 1881 1125 1934 καὶ
1143 1880 1399 1948 διάφορος
1419 1878 1598 1932 αὐτῶν
1623 1880 1656 1948 ὴ
1684 1878 1888 1948 ήλικία,

211 1971 354 2027 ἀλλά
385 1972 487 2041 μία
513 1970 615 2039 τῆς
639 1968 912 2039 γεωργίας
941 1971 974 2039 ή
1017 1969 1128 2022 ίδέα
1152 1986 1165 1999 ο
1210 1965 1361 2041 ίῦὄό]
1396 1965 1595 2037 μᾶλλον
1623 1966 1680 2020 δὲ
1708 1965 1828 2019 ούδέ
1858 1966 1891 2036 ἡ

208 2057 401 2126 ἡλικία
440 2059 696 2129 διάφορος
719 2074 732 2088 ·
766 2059 794 2110 ὅ
824 2073 883 2110 τε
911 2057 1019 2127 γάρ
1041 2057 1158 2119 νέος
1181 2055 1241 2109 τὸ
1259 2054 1516 2118 εὐπαθὲς
1541 2053 1652 2124 ἔχει
1679 2051 1772 2106 τοῦ
1808 2068 1896 2120 γε-

210 2146 548 2220 γηρακότος,
569 2147 599 2199 ὃ
624 2162 682 2198 τε
711 2143 1038 2215 γεγηρακὼς
1055 2145 1118 2197 τὸ
1141 2143 1385 2214 σφριγῶν
1407 2141 1501 2195 καὶ
1520 2140 1766 2211 ἀκμάζον
1797 2138 1892 2192 τοῦ

211 2235 339 2290 νέου
363 2251 389 2266 ’ν
411 2233 554 2288 ὥστε
581 2233 681 2286 οὐκ
705 2232 770 2287 ἀν
794 2249 878 2297 τις
908 2231 1144 2302 ἁμάρτοι
1172 2229 1515 2300 ἀμφοτέρους
1535 2228 1628 2282 κει)¹
1658 2225 1894 2296 πρεσϐύ-

210 2339 312 2386 τας
339 2323 438 2377 καὶ
467 2321 622 2383 νέους
645 2317 985 2390 προσειπὼν,
1023 2318 1084 2372 οὐ
1106 2316 1247 2372 κατά
1269 2316 1372 2388 τὴν
1398 2315 1510 2382 ἐξιν
1535 2314 1634 2384 τῆς
1653 2313 1892 2384 ἡλικίας,

209 2410 354 2464 ἀλλά
386 2409 531 2464 κατά
551 2407 652 2480 τὴν
670 2407 909 2463 διάθεσιν
929 2407 1030 2477 τῆς
1061 2404 1307 2476 γνώμης.
1342 2404 1477 2475 Φέρε
1500 2404 1564 2474 δὴ
1585 2403 1770 2456 λοιπὸν
1799 2402 1896 2457 καὶ

210 2501 383 2569 ἡμεῖς
439 2497 509 2550 τά
572 2496 701 2566 παρ’
743 2495 902 2565 ἡμῶν
959 2493 1138 2548 αὐτῶν
1175 2492 1596 2562 είσενέγκωμεν.
1627 2491 1738 2544 Καὶ
1785 2490 1897 2560 γὰρ

210 2587 518 2657 ἀκόρεστον
549 2584 702 2654 ὑμῶν
734 2583 846 2655 ὁρῶ
872 2582 971 2653 τὴν
999 2581 1168 2651 ἀκοὴν
1201 2576 1386 2646 οὖσαν,
1425 2581 1520 2633 καλ⁵
1551 2579 1712 2650 χρέος
1738 2579 1801 2633 οὑ
1835 2577 1898 2633 τὸ

211 2676 376 2745 τυχὸν
410 2674 699 2744 ὀφείλομεν
729 2672 808 2743 τῷ
834 2671 1089 2742 μακαρίῳ
1110 2670 1392 2740 Θεοδοσίῳ,
1411 2668 1508 2739 ούχ
1529 2669 1610 2721 δτι
1646 2667 1898 2740 βασιλεὺς

211 2759 296 2835 ἦν,
335 2762 463 2818 ἀλλ’
484 2763 568 2816 δτι
609 2760 858 2831 εὐσεϐής,
893 2760 992 2831 οὐχ
1033 2761 1113 2814 ὅτι
1153 2757 1440 2830 ἁλουργίδα
1470 2754 1538 2830 ἦν
1563 2756 1892 2828 περιϐεϐλη-

217 2853 404 2923 μένος,
435 2849 552 2904 άλλ⁹
586 2851 668 2904 ὅτι
698 2847 933 2920 Χριστὸν
978 2844 1048 2919 ἦν
1088 2847 1449 2918 ἐνδεδυμένος,
1481 2845 1695 2915 ἱμάτιον
1733 2837 1896 2916 μηδέ-

214 2955 346 2994 ποτε
397 2936 819 3007 παλαιούμενον,
863 2935 1070 2989 καὶτὸν
1118 2932 1342 3004 θώρακα
1389 2932 1665 2986 ἐνεδέδυτο
1696 2931 1794 3000 τῆς
1819 2931 1896 2984 δι-

216 3026 539 3097 καιοσύνης,
572 3027 666 3079 καὶ
695 3024 764 3076 τά
785 3023 1108 3093 ὑποδήματα
1138 3019 1234 3074 τοῦ
1273 3019 1591 3088 εὐαγγελίου
1621 3018 1722 3088 τῆς
1746 3017 1897 3088 είρή-

215 3134 333 3186 νης,
376 3115 474 3169 καὶ⁸
502 3114 600 3184 τὴν
619 3112 897 3184 μάχαιραν
942 3109 1036 3164 τοῦ
1074 3108 1402 3179 πνεύματος,
1436 3107 1530 3162 καὶ
1555 3106 1652 3177 τήν
1693 3106 1896 3160 ἀσπίδα

215 3206 310 3275 τῆς
337 3203 603 3266 πίστεως,
633 3201 729 3254 καὶ
753 3199 850 3270 τὴν
867 3197 1294 3269 περικεφαλαίαν
1313 3197 1406 3250 τοῦ
1426 3195 1712 3267 σωτηρίου.
1740 3195 1897 3249 Μετά

216 3291 430 3345 τούτων
454 3290 564 3343 τῶν
585 3289 764 3344 ὃπλων
781 3289 907 3351 τοὺς
935 3286 1230 3358 τυράννους
1258 3285 1542 3346 κατέλυσε,
1576 3283 1666 3338 τόν
1686 3299 1745 3336 τε
1772 3282 1900 3352 πρό-

215 3396 376 3447 τερον
395 3379 492 3432 καὶ
508 3378 599 3431 τὸν
619 3375 864 3447 ἔσχατον.
888 3375 991 3429 Τὸν
1023 3376 1120 3446 μὲν
1133 3373 1490 3444 γὰρ-ἀπονητὶ
1516 3373 1609 3426 καὶ
1626 3371 1898 3442 ἀναιμωτὶ

217 3466 426 3529 λαϐὼν,
457 3467 517 3520 τὸ
540 3467 802 3538 τρόπαιον
834 3465 1050 3534 ἔστησε,
1077 3463 1210 3533 μηδέ
1242 3461 1436 3532 μικρὸν
1479 3458 1765 3514 ἀποϐαλὼν
1802 3457 1896 3512 τοῦ

219 3555 590 3628 στρατοπέδου
608 3571 620 3584 ·
646 3554 737 3608 τὸν
761 3553 818 3606 δὲ
842 3551 1112 3622 συμϐολῆς
1130 3551 1428 3621 γενομένης
1452 3549 1608 3619 μόνος
1630 3546 1895 3603 καθεῖλεν.

229 3643 470 3714 Ἐπειδὴ,
512 3643 619 3714 γάρ
662 3643 720 3708 ἐξ
756 3639 1018 3710 ἐκατέρου
1051 3639 1251 3710 μέρους
1282 3637 1352 3690 τά
1391 3635 1726 3708 στρατόπεδα
1755 3651 1898 3705 παρ-

215 3733 500 3795 ετάττετο,
523 3729 617 3783 καὶ
639 3730 773 3799 νέφη
800 3726 968 3798 βελῶν
987 3726 1197 3796 ἠφίετο,
1220 3725 1314 3779 καὶ
1346 3723 1522 3795 τροπὴ
1551 3723 1659 3776 τῶν
1685 3721 1900 3775 οἰκείων

215 3820 457 3888 ἐγίνετο,
492 3815 602 3871 τῶν
632 3815 889 3871 ἐναντίων
915 3814 1278 3883 ἐπικειμένων
1321 3810 1583 3882 σφοδρῶς,
1619 3809 1900 3880 ἀποπηδή-

216 3927 318 3973 σας
353 3906 457 3962 τοῦ
492 3907 681 3971 ἵππου,
711 3906 811 3959 καὶ.
843 3902 941 3974 τὴν
975 3901 1178 3956 ἀσπίδα
1197 3901 1372 3971 χαμαὶ
1399 3898 1531 3962 θεὶς,
1575 3900 1669 3952 καὶ
1697 3898 1902 3966 γόνατα

215 3997 434 4058 κλίνας,
467 3995 534 4047 ἐκ
561 3993 669 4047 τῶν
696 3991 937 4062 οὐρανῶν
966 3992 1066 4061 τὴν
1099 3987 1412 4059 συμμαχίαν
1444 3986 1649 4052 ἐκάλει,
1683 3985 1776 4039 καὶ
1811 3985 1904 4038 τὸν

215 4087 390 4142 τόπον
419 4084 520 4154 τῆς
545 4081 900 4152 παρατάξεως
925 4080 1090 4134 τόπον
1111 4077 1405 4148 ἐκκλησίας
1425 4074 1618 4139 ἐποίει,
1645 4074 1706 4129 οὐ
1729 4072 1903 4138 τόξοις

216 4175 312 4228 καὶ
343 4171 584 4244 βέλεσιν,
611 4169 730 4223 ούδέ
754 4169 944 4240 δόρασι
974 4166 1246 4239 πολεμῶν,
1269 4163 1405 4219 ἀλλά
1432 4163 1663 4235 δάκρυσι
1689 4162 1783 4216 καὶ
1811 4161 1902 4213 εύ-

217 4265 345 4331 χαίς
366 4276 386 4291 ·
421 4258 518 4312 καὶ
540 4257 712 4320 οὕτως
733 4256 928 4330 ἀθαόον
960 4255 1164 4326 ἀνέμου
1193 4252 1500 4325 προσϐολῆς
1533 4250 1901 4322 ἐμπεσούσης,

215 4351 284 4403 τά
317 4348 428 4420 μὲν
458 4344 585 4417 βέλη
599 4343 726 4397 ’τῶν
755 4343 1011 4398 ἐναντίων
1039 4341 1184 4396 κατά
1213 4341 1322 4394 τῶν
1351 4340 1620 4409 ἀφιέντων
1644 4338 1868 4409 ἐφέρετο
1887 4355 1900 4368 ·

216 4439 266 4490 ei
285 4436 346 4490 δέ
374 4431 551 4504 θυμοῦ
575 4431 828 4494 πνέοντες
840 4431 934 4484 καὶ
949 4429 1144 4498 φόνων,
1163 4426 1398 4499 δρῶντες
1419 4424 1686 4494 πολέμιοι,
1700 4423 1777 4476 ’άθ
1787 4423 1904 4494 ρόον

223 4520 719 4597 μεταϐαλλόμενοι,
768 4517 956 4573 τοῦτον
1007 4515 1232 4588 βασιλέα
1265 4514 1649 4584 ἀνεκήρυττον,
1688 4512 1785 4565 καὶ
1813 4511 1904 4566 τὸν

219 4611 411 4666 αὐτῶν
466 4608 844 4680 παρεδίδοσαν,
883 4606 1057 4659 ὀπίσω
1111 4605 1209 4668 τὰς
1259 4606 1447 4675 χεῖρας
1481 4602 1762 4672 δήσαντες.
1797 4601 1906 4652 Καὶ

221 4699 458 4770 ἐπανῄει
487 4697 737 4769 λαμπρὸς
763 4695 1043 4765 γινόμενος
1075 4694 1104 4746 6
1138 4692 1406 4763 μακάριος
1435 4690 1711 4753 Θεοδόσιος
1744 4689 1806 4742 ού
1835 4690 1902 4760 τῇ

220 4791 346 4861 νίκῃ
377 4789 562 4860 μόνον,
615 4785 751 4840 ἀλλά
779 4785 874 4839 καὶ
922 4783 1000 4854 τῷ
1049 4782 1237 4853 τρόπῳ
1284 4781 1383 4850 τῆς
1426 4781 1600 4850 νίκης.
1652 4779 1726 4832 Ού
1772 4777 1903 4849 γὰρ,

219 4876 419 4948 ῶσπερ
453 4875 545 4928 ἐπὶ
574 4873 684 4926 τῶν
711 4871 885 4927 ἄλλων
917 4869 1201 4940 βασιλέων,
1232 4866 1543 4940 μερίζονται
1570 4867 1706 4939 πρὸς
1744 4864 1904 4920 αὐτὸν

222 4965 284 5019 τὸ
307 4964 572 5036 τρόπαιον
598 4962 648 5013 οἱ
682 4959 1030 5032 στρατιῶται,
1055 4956 1192 5036 ἀλλά
1218 4957 1282 5010 τὸ
1307 4958 1414 5010 πᾶν
1437 4954 1602 5008 αὑτοῦ
1631 4953 1790 5024 μόνου
1812 4952 1904 5006 καὶ

222 5053 321 5122 τῆς
339 5034 512 5106 αὐτοῦ
544 5049 780 5111 πίστεως
796 5047 1021 5115 ἐγίνετο.
1041 5034 1139 5097 Δῖὰ
1156 5043 1219 5114 δὴ
1243 5042 1402 5097 τοῦτο
1416 5042 1575 5095 αὑτὸν
1604 5039 1902 5111 μακαρίζοο

227 5157 349 5212 μέν,
383 5138 478 5194 καὶ
506 5136 625 5190 ούδέ
650 5133 1091 5204 τετελευτηκέναι
1109 5131 1290 5202 φαμέν
1312 5146 1325 5162 ·
1342 5129 1468 5194 Πᾶς
1496 5127 1606 5199 γάρ
1635 5131 1667 5182 ὀ
1690 5129 1775 5193 είς
1800 5126 1906 5192 ἐμὲ

226 5227 550 5288 πιστεύων,
575 5224 727 5293 φησὶ,
759 5222 872 5277 κᾶν
894 5219 1188 5286 ἀποθάνῃ,
1211 5217 1464 5283 ζήσεται,
1494 5217 1590 5271 καί
1605 5215 1721 5280 πᾶς
1746 5219 1779 5269 ό
1795 5213 1905 5275 ζῶν

227 5315 327 5366 καί
344 5313 650 5367 πιστεύων
680 5314 766 5378 εις
784 5308 888 5379 ἐμὲ
909 5311 979 5362 οὐ
991 5308 1075 5378 μὴ
1092 5305 1386 5374 ἀποθάνῃ.
1419 5303 1604 5358 Ταῦτα
1620 5307 1647 5357 6
1670 5302 1902 5374 Χριστὸς

228 5402 444 5473 εἴρηκε,
460 5401 636 5455 ταῦτα
659 5399 747 5455 διὰ
773 5397 1074 5468 τῶνὲργων
1100 5393 1414 5465 διαλάμπει.
1433 5393 1496 5446 Τί
1513 5388 1632 5458 οὖν,
1652 5393 1752 5446 οὐκ
1798 5393 1903 5445 άπ-

230 5489 413 5554 έθανε,
441 5490 646 5561 φησίν;
676 5485 968 5558 Οὐδαμῶςο
999 5486 1061 5539 οὐ
1107 5483 1214 5556 γάρ
1256 5483 1323 5537 ἂν
1360 5482 1568 5552 εἴποιμι
1593 5480 1780 5534 τοῦτον
1809 5479 1906 5534 θά-

234 5594 396 5632 νατον.
419 5575 582 5644 εἶναι,
602 5576 738 5632 ἀλλά
761 5575 927 5629 ὕπνον
952 5574 1074 5629 τινά
1105 5574 1199 5628 καὶ
1227 5570 1554 5643 ἀποδημίαν.
1572 5570 1780 5640 Ὠσπερ
1795 5568 1904 5639 γάρ

235 5666 422 5720 πολλοὶ
456 5666 563 5720 τῶν
591 5664 808 5731 ζώντων
839 5663 1189 5734 τεθνήκασιν,
1214 5659 1289 5722 ὡς
1317 5660 1376 5711 ἐν
1401 5658 1558 5728 τάφῳ
1582 5657 1659 5726 τῷ
1691 5657 1904 5729 σώματι

237 5756 332 5828 τὴν
363 5757 537 5830 ψυχὴν
574 5752 991 5829 κατορύξαντες,
1017 5751 1159 5807 οὕτω
1194 5747 1376 5804 πολλοὶ
1406 5748 1514 5802 τῶν
1548 5747 1905 5815 τελευτησάν-

1992 1471 2098 1506 των
2123 1451 2278 1517 ζῶσι,
2306 1455 2372 1524 τῇ
2406 1450 2723 1528 δικαιοσύνῃ
2759 1452 3156 1524 διαλάμποντες
3178 1470 3193 1484 '
3227 1454 3476 1528 καθάπερ
3507 1459 3601 1512 καὶ
3635 1461 3666 1513 ό

1997 1541 2262 1611 μακάριος
2287 1534 2454 1603 οὗτος.
2491 1540 2730 1602 Θάνατος
2759 1541 2866 1611 γάρ
2909 1542 3023 1593 ἐστι
3052 1541 3434 1610 χαλεπώτατος
3467 1545 3560 1598 καὶ
3583 1545 3670 1598 όν-

1991 1646 2098 1690 τως
2129 1627 2357 1691 Θάνατος
2386 1630 2414 1681 6
2439 1630 2503 1682 ἐκ
2531 1629 2631 1700 τῆς
2658 1629 2933 1699 ἁμαρτίας
2961 1629 3295 1700 τικτόμενος,
3329 1631 3389 1686 δν
3417 1630 3478 1684 ού
3505 1650 3669 1704 φησιν

1993 1716 2356 1784 ἀποθνήσκειν
2388 1717 2514 1778 τοὺς
2561 1719 2642 1780 εἰς
2680 1717 2844 1770 αὑτὸν
2896 1716 3271 1781 πιστεύοντας.
3312 1719 3364 1771 '0
3395 1720 3503 1793 γάρ
3533 1717 3666 1788 ζῶν,

1994 1803 2150 1871 φησὶ,
2180 1805 2277 1856 καί
2307 1805 2608 1858 πιστεύων
2637 1806 2722 1870 εἰς
2751 1803 2874 1873 ἐμὲ.
2915 1807 2987 1859 οὺ
3023 1803 3109 1875 μὴ
3138 1805 3528 1877 ἀποθάνῃ.....

2065 1970 2217 2044 [555]
2247 1971 2312 2042 β’.
2328 1973 2402 2026 Ού
2421 1972 2667 2046 καθάπερ
2687 1973 2986 2045 ὑπόπτερος
3000 1975 3105 2046 γῆν
3122 1978 3214 2031 καὶ
3229 1977 3496 2032 θάλατταν
3513 1998 3669 2053 περι-

1992 2057 2216 2130 δραμὼν
2255 2062 2284 2113 ὁ
2331 2061 2499 2131 μυρία
2538 2060 2664 2130 ἔθνη
2710 2059 2788 2130 τῷ
2838 2063 3056 2133 Χριστῷ
3088 2065 3474 2133 προσαγαγὼν,
3510 2070 3538 2120 6
3563 2069 3670 2120 τῶν

1995 2147 2334 2219 ἀπορρήτων
2369 2149 2681 2219 μυστηρίων
2716 2152 3074 2220 κοινωνήσας,
3107 2154 3136 2205 6
3165 2154 3246 2216 είς
3276 2154 3458 2225 τρίτον
3491 2157 3672 2226 ἀρπα-

1995 2236 2112 2303 γεὶς
2165 2235 2425 2305 ούρανδν,
2472 2231 2582 2306 ἆρά
2636 2255 2689 2290 τι
2743 2238 2982 2292 τοιοῦτον
3042 2240 3308 2311 ἐτόλμησε
3367 2244 3496 2314 περὶ
3547 2245 3671 2296 ἐαυ-

1995 2321 2089 2375 τοῦ
2140 2324 2351 2389 είπεῖν;
2407 2323 2708 2393 Οὐδαμῶς,
2766 2325 2902 2378 ἀλλά
2961 2327 3273 2382 τούναντίον
3332 2329 3511 2383 ἅπαν·
3578 2332 3671 2385 ἐκ-

1996 2425 2191 2481 τρωμα
2243 2409 2434 2463 ἑαυτὸν
2489 2411 2690 2475 ἐκάλει,
2732 2413 2826 2466 καὶ
2879 2413 3104 2483 ἔσχατον
3156 2414 3266 2468 τῶν
3320 2417 3669 2483 ἀποστόλων,
3761 2438 3785 2461 ο

1998 2497 2093 2548 καὶ
2145 2497 2266 2551 οὐδὲ
2317 2498 2416 2567 τῆς
2478 2499 2849 2570 προσηγορίας
2902 2502 3094 2555 ἐαυτὸν
3136 2504 3284 2570 ἀξιον
3342 2500 3481 2559 εἶναι
3516 2506 3671 2577 νομί-

1999 2582 2140 2647 ζωνο
2173 2587 2293 2639 Οὐκ
2319 2586 2434 2653 εἰμὶ
2461 2586 2571 2656 γὰρ
2620 2587 2846 2654 ἱκανὸς,
2879 2590 3032 2659 φησὶ,
3069 2589 3380 2645 καλεῖσθαι
3407 2593 3674 2649 ἀπόστο-

1998 2675 2125 2735 λος.
2167 2672 2263 2735 Τίς
2292 2668 2386 2727 οὖν
2416 2674 2448 2745 ή
2489 2674 2714 2728 ἀπόνοια
2763 2675 2937 2746 αὓτης
2968 2677 3052 2740 τίς
3089 2678 3122 2748 ή
3172 2678 3496 2748 ἀλαζονεία;
3528 2683 3672 2754 τίςή

2003 2755 2200 2824 μανία;
2231 2756 2519 2827 ἄνθρωπος
2548 2756 2644 2822 ὢν,
2689 2759 2914 2812 σεαυτὸν
2943 2760 3184 2832 καθαρὸν
3213 2761 3418 2827 καλεῖς,
3448 2765 3544 2818 καὶ
3577 2768 3676 2820 πέ·

2001 2859 2187 2898 πεισαι
2217 2839 2357 2898 εἶναι
2387 2844 2660 2917 καθαρός,
2696 2849 2790 2901 καὶ
2827 2848 3001 2920 πόσης
3031 2848 3204 2904 ταῦτα
3235 2851 3455 2921 ἀνοίας;
3486 2855 3674 2909 Καθα-

2006 2931 2096 3002 ρὸν
2133 2933 2242 3002 γάρ
2281 2933 2470 2986 ἑαυτὸν
2505 2933 2699 3002 λέγων,
2745 2936 2928 3004 ὅμοιόν
2959 2955 3010 2990 τι
3053 2940 3248 3002 ποιεῖς,
3282 2939 3472 3012 ῶσπερ
3519 2943 3586 2995 ἂν
3626 2942 3682 2995 ετ

2001 3035 2082 3081 τις
2113 3017 2257 3086 λέγοι
2284 3020 2344 3072 τὸ
2375 3019 2606 3088 πέλαγος
2627 3022 2888 3091 κυμάτων
2911 3018 3047 3076 εἶναι
3077 3025 3336 3096 καθαρόν.
3353 3028 3564 3099 Ὠσπερ
3584 3025 3677 3084 οὖν

2003 3107 2177 3159 ἐκεῖνο
2194 3108 2294 3160 οὐκ
2313 3107 2582 3160 ἐπιλείπει
2598 3107 2667 3161 τὰ
2687 3108 2926 3178 κύματα,
2944 3110 3115 3174 οὕτως
3127 3112 3248 3166 οὐδὲ
3269 3115 3492 3185 ἡμᾶςτά
3505 3117 3679 3188 ἀμαρο

2002 3196 2067 3264 τή
2076 3211 2239 3264 ματα.
2260 3195 2330 3246 ’Ἡ
2349 3194 2449 3248 ούκ
2469 3188 2625 3248 οἶσθα
2639 3195 2783 3259 τίνες
2799 3196 2983 3265 ἐσμὲν,
3008 3199 3309 3270 χαίροντες,
3328 3202 3676 3274 λυπούμενοι,

2004 3279 2392 3345 πλουτοῦντες,
2454 3282 2774 3352 πενόμενοι,
2833 3283 3209 3355 ὑϐριζόμενοι,
3269 3289 3674 3360 ἐπαινούμενοι,

2003 3368 2347 3441 ἐλαυνόμενοι
2381 3369 2476 3423 καὶ
2500 3370 2917 3442 πολεμούμενοι,
2951 3373 3133 3437 ἀδείας
3157 3376 3538 3441 ἀπολαύοντες,
3570 3397 3683 3434 πει-

2004 3457 2222 3523 νῶντες,
2277 3457 2694 3529 κορεννύμενοι;
2744 3461 2930 3531 Μυρία
2982 3463 3308 3533 περιέστηκε
3351 3465 3448 3536 τήν
3497 3467 3678 3540 ψυχὴν

2005 3543 2175 3614 πάθη,
2210 3545 2396 3616 μυρίαι
2439 3547 2779 3617 πραγμάτων
2814 3549 3182 3620 περιστάσεις,
3217 3551 3384 3623 μυρία
3427 3553 3679 3624 σώματος

2005 3632 2308 3701 νοσήματα,
2345 3632 2537 3703 μυρίαι
2582 3635 2923 3704 πραγμάτων
2966 3637 3289 3708 ἀνωμαλίαι,
3338 3640 3432 3693 καὶ
3474 3641 3678 3714 τολμᾷς

2007 3721 2177 3771 εἰπεῖν
2207 3719 2288 3771 ὅτι
2327 3720 2384 3772 ἐν
2418 3720 2626 3791 εύρίπῳ
2668 3721 2845 3776 σάλων
2877 3725 3144 3778 τοσούτων
3169 3725 3411 3799 καθαρὸς
3459 3722 3548 3796 εἷς
3582 3729 3678 3784 καὶ

2005 3805 2057 3857 τί
2089 3805 2278 3858 τούτου
2311 3805 2505 3874 γένοιτ’
2552 3805 2619 3859 ἂν
2659 3807 3045 3882 ρυπαρώτερον
3077 3813 3170 3865 τοῦ
3214 3813 3357 3868 οὓτω
3403 3815 3674 3884 διακειμέ-

2007 3908 2132 3953 you;
2171 3893 2280 3946 Καὶ
2317 3892 2368 3946 τί
2398 3893 2544 3961 λέγω
2588 3893 2678 3948 τὸν
2719 3895 2831 3964 βίον
2863 3897 3110 3965 ἆπαντα;
3141 3901 3356 3973 ἡμέραν
3393 3904 3502 3976 γὰρ
3547 3897 3677 3975 μίαν

2007 3979 2292 4050 δυνήσεταί
2327 3997 2408 4044 τις
2441 3983 2634 4046 εἰπεῖν,
2667 3983 2790 4036 είπέ
2837 4001 2948 4054 μοι,
2993 3987 3074 4040 ὃτι
3106 3989 3346 4061 καθαρός
3385 3993 3536 4057 ἐστι;
3574 3992 3678 4048 κᾶν

2004 4068 2112 4138 γὰρ
2147 4069 2221 4139 μὴ
2251 4068 2512 4141 πορνεύῃ,
2549 4070 2683 4140 μηδέ
2714 4071 2962 4146 μοιχεύῃ,
2999 4076 3132 4147 μηδέ
3152 4077 3326 4132 ταῦτα
3352 4079 3420 4134 τὰ
3447 4081 3679 4154 ἀπειρη-

2009 4155 2146 4225 μένα
2183 4156 2495 4229 ἁμαρτάνῃ,
2541 4157 2826 4230 δυνήσεται
2859 4165 3256 4234 καυχήσασθαι,
3292 4168 3374 4222 ὅτι
3421 4169 3521 4222 οὐκ
3555 4172 3677 4223 ἐκε-

2007 4243 2304 4314 νοδόξησεν,
2350 4246 2559 4300 ὅτιούκ
2591 4248 2890 4320 ἀπενοήθη,
2931 4251 3010 4303 ὅτι
3045 4253 3145 4305 οὐκ
3175 4254 3494 4322 ἀκολάστοις
3534 4255 3676 4312 εἶδεν

2005 4336 2320 4406 ὀφθαλμοῖς,
2355 4337 2437 4390 ὅτι
2471 4338 2571 4390 οὐκ
2605 4337 2920 4408 ἐπεθύμησε
2946 4341 3014 4394 τά
3042 4341 3135 4394 τοῦ
3174 4343 3420 4414 πλησίον,
3466 4348 3546 4400 ὅτι
3577 4349 3678 4402 οὐκ

2007 4423 2292 4494 ἐψεύσατο,
2321 4425 2403 4476 ὅτι
2427 4423 2576 4477 δόλον
2614 4427 2714 4478 οὐκ
2755 4425 3010 4498 ἕρραψεν,
3040 4429 3120 4482 ὅτι
3148 4431 3210 4484 ού
3241 4432 3544 4502 κατηύξατο
3568 4436 3677 4489 τῶν

2007 4511 2235 4582 ἐχθρῶν,
2270 4512 2352 4564 ὅτι
2392 4513 2492 4564 οὐκ
2539 4512 2807 4582 ἐϐάσκηνε
2855 4514 2935 4586 τῷ
2970 4516 3140 4588 φίλως
3188 4519 3252 4571 Ei
3294 4518 3350 4572 δὲ
3383 4521 3412 4571 6
3453 4522 3544 4574 τὸν
3590 4541 3678 4593 φι-

2006 4598 2202 4654 λοῦντα
2249 4599 2436 4668 φιλῶν,
2492 4601 2645 4655 οὐδὲν
2703 4602 2920 4655 ἔλαττον
2977 4603 3088 4670 ἕξει
3132 4604 3226 4658 τοῦ
3266 4606 3495 4660 τελώνου
3535 4611 3677 4662 κατά

1985 4688 2182 4753 τοῦτο,
2234 4689 2378 4751 τίνος
2427 4689 2579 4742 ἔσται
2631 4690 2960 4762 συγγνώμης
3005 4692 3152 4756 ἄξιος
3201 4696 3230 4746 ὁ
3268 4695 3359 4747 καὶ
3407 4695 3485 4766 τῷ
3539 4697 3676 4769 φίλῳ

2009 4778 2352 4846 βασκαίνων;
2389 4777 2674 4842 Τοσούτοις
2703 4781 3187 4852 περιαντλούμενος
3221 4786 3426 4848 κακοῖς,
3474 4787 3675 4860 τολμᾷς

2009 4864 2232 4918 σεαυτὸν
2265 4865 2504 4937 καθαρὸν
2533 4865 2790 4932 καλέσαι;
2839 4867 2978 4921 Ἀλλ’
2999 4869 3220 4922 ἐκείνων
3245 4869 3345 4939 μὲν
3379 4873 3411 4942 ή
3449 4873 3678 4930 ἀπόνοια

2013 4953 2066 5004 σύ
2123 4953 2220 5022 μὲν
2250 4953 2520 5015 ἐντεῦθεν,
2571 4952 2706 5007 άλλά
2749 4955 2842 5007 καὶ
2891 4954 3155 5026 ἑτέρωθεν
3188 4957 3671 5032 ἀποδειχθήσεται·

2009 5041 2152 5108 ὑμᾶς
2193 5040 2248 5093 δὲ
2294 5039 2594 5111 παρακαλῶ
2639 5043 2729 5094 καὶ
2771 5042 2867 5112 τὴν
2910 5043 3180 5115 ὑμετέραν
3229 5046 3469 5119 ἀγάπην,
3505 5051 3676 5106 ταῦτα

2010 5128 2185 5180 πάντα
2224 5128 2534 5191 ἐννοοῦντας
2582 5127 2680 5194 τῆς
2721 5130 2818 5199 μὲν
2847 5130 3162 5196 ἀλαζονείας
3195 5134 3373 5189 αὐτῶν
3401 5138 3673 5192 ἀπαλλάτο

2007 5215 2216 5275 τεσθαι,
2265 5215 2358 5268 καὶ
2401 5215 2503 5283 τῆς
2547 5217 2802 5280 ἀπονοίας
2851 5218 3002 5282 ἐκτὸς
3056 5215 3231 5288 εἶναι,
3283 5225 3574 5296 πειρᾶσθαι
3617 5228 3674 5282 δέ

2009 5305 2147 5376 μετὰ
2176 5306 2408 5369 σπουδῆς
2435 5305 2651 5376 ἀπάσης
2683 5307 2752 5360 τά
2783 5323 2842 5359 τε
2870 5307 2996 5361 ὄντα
3027 5309 3400 5383 ἁμαρτήματα
3431 5315 3676 5387 ἀποσμήο

2005 5410 2143 5462 χειν,
2184 5393 2254 5447 τά
2291 5410 2350 5446 τε
2397 5392 2692 5464 προσιόντα
2741 5395 3165 5465 ἀποκρούεσθαι.
3206 5401 3324 5453 Κᾶν
3357 5402 3466 5474 γάρ
3503 5406 3674 5474 μυρία

2006 5482 2153 5551 ἡμᾶς
2181 5479 2640 5552 περιστοιχίζηται
2665 5481 2831 5543 κακὰ,
2863 5484 2958 5536 ἐὰν
2988 5487 3355 5559 σωφρονῶμεν
3388 5491 3481 5544 καὶ
3509 5493 3674 5562 ἐγρη-

2005 5568 2228 5639 γορότες
2275 5561 2444 5640 ὦμεν,
2488 5567 2827 5639 δυνησόμεθα
2881 5570 3080 5642 πολλῆς
3127 5574 3424 5645 ἀπολογίας
3472 5561 3672 5650 τυχεῖν,

2007 5656 2207 5729 πολλῆς
2235 5658 2337 5727 τῆς
2378 5657 2723 5729 συγγνώμης,
2761 5660 2855 5712 καὶ
2905 5660 3266 5734 ἀπονίψασθαι
3309 5663 3377 5717 τά
3418 5685 3672 5741 πεπημ-

2010 5745 2145 5817 μελη
2151 5745 2307 5818 μένα.
