4092 6206
396 289 499 342 ωδ

389 389 549 456 mala,
591 387 637 446 si
677 389 948 460 sapiamus
1000 395 1056 443 et
1095 386 1280 457 v'giles
1323 387 1513 452 simus,
1566 387 1860 457 poterimus
1909 397 1965 443 et

385 483 785 538 excusationem
811 481 1034 553 multam
1058 489 1114 534 et
1139 479 1346 534 veniam
1375 479 1651 549 consequi,
1685 487 1846 549 atque
1872 477 1968 534 de-

384 577 506 632 licta
527 575 770 632 abluere.

449 667 715 739 Confessio
743 678 1080 738 peccatorum.
1107 666 1252 722 —Et
1279 663 1546 736 quomodo
1569 663 1620 718 id
1647 672 1960 719 eventurum

377 761 446 817 sit
472 759 596 816 audi
629 777 644 814 :
674 760 717 814 si
745 760 796 814 in
827 759 1103 815 ecclesiam
1143 774 1238 813 nos
1272 757 1608 830 conferamus
1627 797 1642 819 ,
1671 755 1714 810 si
1745 753 1812 810 de
1841 771 1964 824 pec-

375 852 511 908 catis
559 852 757 906 nostris
803 851 1249 922 ingemiscamus,
1285 849 1329 902 si
1373 848 1486 917 ipsa
1533 856 1748 917 peccata
1795 845 1964 900 conli-

375 951 604 1005 tcamur,
632 941 677 996 si
704 941 1070 1010 eleemosynas
1108 954 1408 1010 erogcmus,
1442 937 1489 992 si
1536 951 1720 1006 preces
1749 937 1964 990 emitta-

345 1048 522 1098 Imus,
543 1031 592 1088 si
630 1032 823 1102 injuria
867 1031 1088 1087 allectos
1120 1031 1395 1100 juvemus.
1421 1028 1465 1083 si
1492 1027 1720 1082 inimicis
1747 1038 1962 1097 peccata

367 1125 770 1190 condonamus,
797 1124 842 1180 si
871 1124 940 1180 ob
963 1122 1152 1178 delicta
1179 1123 1440 1193 lacrymas
1468 1121 1772 1174 omittamus
1801 1135 1815 1171 :
1847 1117 1964 1174 haec

366 1219 570 1289 quippe
622 1218 800 1272 omnia
856 1225 981 1272 sunt
1030 1224 1369 1286 peccatorum
1427 1213 1734 1281 pharmaca.
1790 1211 1957 1277 Haec,

369 1323 578 1379 quaeso,
603 1308 782 1364 omnia
807 1307 1029 1379 singulis
1043 1306 1230 1362 diebus
1249 1318 1591 1376 apparemus,
1615 1318 1712 1358 nos
1737 1301 1960 1356 abluen-

370 1410 452 1456 tes
490 1409 549 1457 et
584 1399 951 1471 abstergentes
977 1416 990 1455 :
1021 1410 1076 1455 et
1111 1414 1233 1453 cum
1281 1397 1365 1452 his
1406 1395 1653 1452 omnibus
1699 1409 1794 1446 nos
1840 1393 1953 1446 mi-

1172 269 1260 326 \‘ll
1299 268 1603 336 HOMZLIA,
1649 267 1848 324 ΜΕΤΑ
1892 267 1956 324 IN
1996 271 2273 330 TEMI'LO
2308 275 2365 331 S.
2409 279 2833 338 ANASTASIAL'.

3550 284 3659 344 ιυι

2080 403 2230 446 seros
2257 392 2604 462 praedicemus
2621 441 2638 464 ,
2667 399 2908 456 dicentes
2933 416 3032 456 nos
3054 417 3240 460 servos
3269 405 3482 466 inutiles
3515 427 3656 468 esse.

2078 479 2288 537 Etenim
2310 493 2364 540 et
2387 484 2514 540 illud
2540 501 2644 542 non
2661 504 2820 560 parva
2839 493 3046 561 species
3059 503 3142 549 est
3158 498 3520 556 exstinctinuis
3535 518 3652 572 pec-

2074 583 2339 664 catorutn,
2371 577 2582 646 quando
2626 587 2768 635 bona
2795 597 2954 653 Opera
2981 585 3225 654 edentes,
3249 588 3381 645 nihil
3412 607 3656 664 magnum

2072 663 2141 718 de
2170 664 2458 737 nobisipsis
2486 669 2742 739 sapimus,
2773 681 2832 728 ut
2859 690 2926 730 ne
2947 691 3009 731 ea
3040 678 3336 746 patiamur,
3366 697 3485 752 qua:
3508 663 3653 740 Pha-

2073 757 2261 832 risauts
2289 758 2396 814 ille.
2432 759 2488 816 Si
2514 761 2592 817 sic
2619 773 2798 820 nostra
2826 765 3214 838 dispensemus,
3245 773 3536 841 poterimus
3558 779 3653 831 mi-

2071 848 2417 906 sericordiam
2446 862 2501 908 et
2525 856 2733 910 veniam
2755 861 3008 929 consequi
3038 861 3092 916 in
3123 862 3209 919 die
3233 864 3324 920 illa
3351 870 3654 936 tremenda,

2068 947 2124 992 et
2144 943 2420 1010 promissis
2442 944 2644 1016 dignari
2673 948 2826 1004 bonis
2852 967 2865 1004 :
2891 951 3084 1021 quibus
3113 954 3311 1011 utinam
3342 975 3439 1014 nos
3467 975 3654 1015 omnes

2068 1027 2330 1098 fruamur,
2373 1035 2540 1102 gratia
2585 1045 2640 1091 et
2685 1037 3009 1108 benignitate
3056 1043 3263 1098 Domini
3315 1051 3480 1104 nostri
3521 1051 3651 1106 Jesu

2067 1118 2261 1175 Christi
2285 1161 2302 1187 ,
2329 1137 2424 1192 per
2450 1140 2608 1196 quem
2637 1137 2690 1202 et
2715 1145 2834 1184 cum
2868 1147 2972 1200 quo
2999 1133 3140 1187 Patri
3167 1136 3356 1205 gloria,
3397 1155 3498 1194 una
3524 1157 3646 1197 cum

2065 1219 2252 1265 sancto
2279 1211 2496 1282 Spiritu,
2527 1233 2668 1274 nunc
2692 1230 2744 1273 et
2771 1235 3004 1291 semper,
3035 1232 3089 1278 et
3115 1224 3165 1278 in
3197 1227 3390 1282 smcula
3419 1232 3640 1286 ste-culo.

2062 1317 2204 1356 rum.
2227 1305 2419 1360 Amen.

979 1547 982 1550 ’
1765 1567 2110 1632 HOMILIA
2154 1569 2291 1632 vn.

477 1747 707 1803 Romilio
730 1745 902 1801 habita
925 1745 978 1799 in
1005 1743 1191 1814 templo
1219 1751 1410 1797 sanctae
1436 1736 1720 1793 Anastasio:
1743 1730 1842 1806 (α).

440 1844 490 1895 1.
518 1837 758 1894 Modicus
775 1846 859 1891 est
879 1835 1218 1906 prtesentium
1243 1841 1557 1895 conventus,
1583 1827 1678 1883 sed
1700 1840 1948 1896 magnum

365 1930 690 1986 desiderium
723 1947 736 1983 :
769 1937 1090 1999 quapropter
1116 1940 1214 1981 nec
1243 1924 1482 1978 modicus
1524 1929 1816 1976 conventus
1843 1927 1946 1972 est.

364 2024 480 2080 Non
499 2024 640 2078 enim
672 2021 1065 2078 multitudinem
1089 2033 1371 2087 corporqu
1394 2015 1702 2086 qua-rimus,
1721 2009 1814 2064 sed
1834 2009 1951 2062 ani-

365 2132 510 2172 mum
527 2123 900 2184 pneparatum,
926 2120 1160 2166 mentem
1176 2110 1274 2163 alis
1295 2108 1628 2168 instructam,
1648 2102 1947 2157 auditorem

361 2205 595 2263 terrenis
618 2204 866 2258 omnibus
883 2202 1272 2257 sublimiorem.
1299 2199 1355 2253 Si
1381 2199 1464 2252 vel
1488 2213 1621 2250 unus
1640 2195 1760 2250 talis
1779 2195 1865 2258 sit,
1891 2195 1946 2250 id

361 2297 698 2353 concionanti
725 2295 856 2352 satis
880 2310 1000 2350 esse
1029 2294 1214 2363 possit.
1237 2293 1446 2347 Etenim
1468 2291 1800 2346 Samaritana
1831 2305 1946 2342 mu-

361 2389 462 2444 lier
489 2398 544 2443 et
574 2390 726 2457 inops
755 2399 870 2441 erat
895 2395 951 2439 et
974 2385 1181 2454 impura
1207 2393 1262 2439 et
1287 2382 1582 2451 alienigena
1609 2397 1626 2444 ;
1659 2389 1946 2448 tamenque

359 2480 509 2534 urbis
559 2479 782 2532 Domino
819 2477 975 2546 digna
1019 2476 1132 2530 visa
1183 2483 1266 2530 est
1289 2489 1407 2544 qua:
1435 2472 1603 2542 longis
1649 2471 1754 2525 illis
1799 2473 1944 2525 frue-

355 2584 511 2626 retur
550 2567 1274 2640 sermonibus(Joan.c.4):
1306 2575 1361 2620 et
1405 2565 1494 2619 ille
1539 2563 1751 2634 quidem
1801 2577 1944 2630 smpe

352 2668 500 2717 inter
544 2661 768 2732 populos
807 2659 1056 2715 Iudaicos
1085 2658 1348 2723 circuivit,
1375 2667 1466 2711 aut
1499 2673 1603 2711 nou
1642 2656 1940 2724 alloquens,

349 2763 450 2807 aut
478 2766 781 2808 sermonem
815 2750 1174 2814 adumbrans;
1218 2749 1422 2803 mulieri
1452 2757 1628 2801 autem
1659 2746 1899 2800 barbara:
1922 2785 1939 2812 ,
1982 2813 1990 2823 ἴ

349 2863 477 2915 qua:
503 2847 735 2916 quinque
761 2845 903 2899 viros
933 2844 1212 2907 habuerat,
1241 2851 1295 2898 et
1323 2856 1444 2897 cum
1490 2852 1642 2896 sexto
1667 2839 1942 2909 illegitime

351 2937 647 3004 habitabat,
666 2936 764 2990 soli
783 2935 1118 3005 loquebatur,
1139 2949 1259 2988 cum
1281 2932 1569 3002 discipulos
1590 2931 1655 2986 de
1679 2931 1940 2985 indastria

350 3033 406 3086 in
438 3031 608 3085 lorum
637 3030 890 3093 misisset,
923 3037 979 3081 ut
1006 3042 1073 3081 ne
1100 3041 1221 3079 mox
1249 3023 1562 3094 capiendam
1591 3021 1822 3092 praedam
1846 3023 1940 3077 ah-

345 3130 630 3177 sterreret.
649 3119 818 3176 Tanta
851 3119 1076 3174 Domino
1102 3117 1249 3171 orbis
1266 3117 1348 3170 vel
1376 3131 1470 3184 pro
1489 3130 1588 3168 una
1615 3114 1790 3167 anima
1817 3129 1939 3182 pro-

346 3215 587 3270 videntia
613 3221 726 3269 crat
746 3255 762 3279 ,
790 3213 834 3267 si
858 3213 1092 3266 animum
1121 3220 1174 3265 et
1201 3209 1526 3264 alacritatem
1578 3207 1842 3261 inveniret
1869 3204 1936 3259 ad

343 3305 676 3362 audiendum
709 3303 1000 3374 proclivem
1023 3344 1038 3368 ,
1061 3317 1218 3371 quam
1250 3299 1338 3354 illa
1366 3308 1492 3353 tunc
1518 3297 1824 3353 exhibebat.

427 3397 772 3454 Samaritana
791 3395 988 3450 laudes.
1001 3423 1075 3434 -—
1091 3394 1164 3448 Ex
1193 3394 1472 3446 meretrice
1493 3391 1651 3459 igitur
1670 3389 1936 3459 evangeli-

342 3503 435 3546 sta
474 3489 609 3544 facta
639 3499 722 3543 est
743 3528 758 3553 ,
788 3499 909 3558 post
933 3487 1023 3541 illa
1054 3487 1154 3540 sibi
1180 3484 1338 3538 allata
1365 3494 1671 3553 argumenta
1697 3481 1936 3537 clamans

341 3595 404 3639 et
427 3583 644 3637 dicens:
685 3580 876 3645 Venite,
899 3580 1058 3634 uidete
1081 3578 1351 3643 hominem,
1368 3578 1454 3646 qui
1474 3577 1602 3630 dixit
1625 3577 1747 3629 mihi
1764 3577 1934 3630 omnia

340 3691 676 3746 quatuorque
728 3671 1142 3746 fecimumquid
1192 3671 1302 3742 ipse
1351 3680 1424 3724 est
1473 3668 1748 3723 Christus?
1789 3668 1934 3724 Illius

343 3767 516 3821 vitam
547 3767 870 3828 traduxerat.
917 3765 1139 3834 ejusque
1187 3771 1404 3833 peccata
1449 3761 1500 3814 in
1551 3761 1782 3814 medium
1832 3760 1930 3814 ad-

340 3861 596 3925 duxerat,
625 3859 806 3915 dicens
834 3873 853 3916 :
884 3859 1116 3927 Quinque
1139 3856 1272 3911 enim
1301 3856 1430 3909 uiros
1455 3853 1695 3920 habuisti,
1726 3863 1772 3906 et
1799 3869 1932 3906 nunc

338 3968 496 4022 quem
537 3953 709 4015 habes,
756 3967 855 4004 non
902 3960 974 4004 est
1001 3960 1119 4003 tuus
1144 3948 1238 4002 vir.
1287 3947 1360 4002 At
1397 3945 1487 4001 illa
1531 3947 1772 3999 convicta
1824 3959 1928 3998 non

343 4044 594 4114 perculsa
643 4043 758 4110 fuit,
805 4043 898 4098 sed
945 4043 1087 4097 illam
1126 4040 1372 4096 Christus
1412 4039 1480 4095 ad
1522 4039 1776 4110 majorem
1804 4055 1928 4109 erga

341 4154 411 4193 se
456 4137 705 4193 alectum
744 4137 979 4192 attraxit.
1025 4135 1183 4191 Tales
1232 4134 1428 4204 quippe
1467 4141 1592 4188 sunt
1655 4147 1930 4203 generosa:

341 4231 544 4286 anima:
575 4248 587 4283 :
617 4245 683 4285 ex
711 4229 920 4292 iisdem,
949 4229 1144 4299 quibus
1169 4226 1509 4282 oﬂ’enduntur
1533 4225 1646 4288 alii,
1682 4225 1784 4279 illa:
1809 4239 1929 4279 cor-

342 4322 614 4391 riguntur.
643 4320 772 4374 Nam
804 4321 848 4374 si
887 4337 951 4376 ex
1004 4322 1328 4390 ingratorum
1373 4333 1597 4373 numero
1644 4316 1853 4382 fuisset,
1884 4315 1930 4371 si

339 4413 612 4478 convicta,
644 4413 882 4481 perculsa
910 4411 1117 4472 fuisset.
1150 4410 1446 4466 resiluisset
1473 4409 1524 4463 in
1550 4409 1683 4463 iram
1707 4418 1761 4464 et
1787 4410 1928 4463 indi-

338 4505 654 4575 gnationem
675 4503 949 4558 comitata.
981 4503 1052 4557 At
1079 4503 1166 4556 illa
1193 4512 1310 4571 post
1334 4502 1730 4556 accusationem
1761 4502 1929 4571 magis

340 4597 558 4654 addicta
584 4597 787 4652 doctori
818 4597 894 4661 lit,
926 4606 981 4652 et
1022 4597 1090 4650 de
1133 4595 1412 4650 altioribus
1456 4595 1616 4649 rebus
1647 4595 1816 4664 ipsum
1851 4594 1930 4647 in-

343 4699 614 4760 terrogat:
637 4690 768 4743 dixit
785 4689 926 4742 enim
953 4706 964 4743 :
999 4687 1155 4741 Video
1175 4687 1312 4756 quod
1332 4687 1574 4756 prapheta
1589 4701 1640 4739 es
1656 4695 1746 4749 tu;
1771 4695 1929 4754 atque

342 4796 414 4835 ex
462 4789 797 4849 peccatorum
825 4794 1043 4833 suorum
1078 4778 1286 4843 notitia,
1313 4786 1370 4830 ut
1401 4775 1510 4846 jam
1541 4791 1728 4846 gnara,
1761 4776 1928 4846 magis

345 4873 522 4937 ipsum
541 4869 1264 4938 admiratursciscitaturque.
1291 4865 1416 4922 llaec
1433 4867 1626 4921 animm
1642 4876 1795 4921 erant
1812 4881 1930 4936 quae

349 4961 712 5030 philosophari
737 4961 964 5015 volebat.
987 4959 1170 5029 Neque
1186 4962 1328 5014 enim
1351 4959 1547 5029 aliquid
1568 4958 1930 5028 interrogabat

349 5054 418 5108 de
432 5053 771 5108 saecularibus
791 5053 971 5113 rebus,
993 5051 1175 5107 nonde
1188 5052 1398 5122 opibus,
1421 5067 1524 5105 non
1544 5051 1610 5106 de
1629 5051 1928 5106 valetudine

351 5144 628 5212 corporis,
676 5161 780 5198 non
828 5142 896 5198 de
946 5143 1259 5198 excutienda
1324 5152 1663 5213 paupertate.
1713 5143 1811 5197 etsi.
1876 5143 1926 5197 in

354 5249 586 5292 extrema
611 5236 830 5306 degebat
853 5237 1048 5305 inopia;
1074 5235 1167 5291 sed
1185 5235 1252 5290 de
1271 5235 1438 5290 sacris
1474 5235 1700 5304 legibus,
1729 5235 1793 5290 de
1821 5237 1926 5289 vita

356 5328 632 5399 majorum,
675 5328 742 5384 dc
769 5328 1018 5398 religioso
1063 5337 1269 5398 patrum
1297 5327 1465 5397 cultu,
1501 5327 1720 5384 dicens:
1745 5325 1927 5382 Patres

421 5522 492 5579 (α)
523 5520 654 5584 inter
677 5521 801 5571 hanc
822 5527 874 5571 et
900 5520 1262 5584 praecedentem
1299 5517 1547 5584 homiliam
1570 5523 1617 5569 in
1643 5520 1822 5572 Codice
1850 5523 1926 5572 Va-

362 5584 522 5631 ticano
545 5581 754 5631 habetur
781 5581 1504 5647 homiliaicontraﬂhippodromi
1539 5589 1592 5632 et
1624 5585 1801 5633 theatri
1824 5598 1938 5647 spe-

364 5647 570 5711 .‘lut‘ula,
595 5658 736 5711 quam
755 5647 852 5708 jam
880 5644 1297 5711 edidimns_Tom.
1327 5645 1408 5711 γι.
1433 5647 1569 5696 Circa
1603 5648 1737 5698 illam
1760 5644 1937 5697 neces-

365 5706 490 5757 sario
520 5705 730 5768 legenda
754 5705 868 5757 sunt
891 5720 1003 5769 quae
1027 5711 1077 5757 tu
1102 5706 1286 5758 ΙΙοηὶιο
1311 5707 1540 5757 diximus.

2061 1735 2221 1786 nostri
2239 1736 2292 1790 in
2313 1747 2480 1792 monte
2503 1739 2598 1794 hoc
2620 1742 2960 1799 adoraveruut
2978 1761 2997 1800 :
3013 1757 3060 1801 et
3080 1749 3330 1816 quomodo
3349 1765 3434 1803 uos
3449 1749 3640 1812 dicitis,

2059 1827 2196 1892 quod
2208 1821 2542 1900 Jerosolymis
2555 1832 2695 1887 locus
2710 1845 2783 1889 est
2800 1835 2882 1890 ubi
2899 1847 3094 1908 oportet
3111 1839 3328 1894 adorare
3353 1840 3374 1913 (
3401 1840 3558 1895 Joan.
3582 1843 3636 1896 4.

2055 1915 2188 1982 2οΠ
2215 1923 2390 1988 Atque
2407 1922 2456 1974 iu
2481 1925 2756 1994 prooemiis
2778 1924 2878 1982 hoc
2896 1929 3066 1998 ipsum
3085 1929 3234 1997 facit,
3253 1931 3437 1986 dicens
3457 1951 3469 1986 :
3496 1935 3639 1998 Quo-

2054 2009 2206 2062 modo
2233 2023 2285 2064 tu
2315 2012 2483 2067 bibere
2509 2031 2541 2067 a
2567 2031 2646 2069 me
2669 2019 2835 2086 poscis
2861 2058 2875 2084 ,
2905 2036 3018 2088 qua:
3043 2037 3155 2074 sum
3179 2022 3360 2076 mulier
3399 2023 3635 2078 Samari-

2055 2109 2175 2153 tana
2195 2101 2223 2155 ?
2249 2103 2323 2156 ita
2350 2104 2634 2160 sollicitam
2674 2107 2904 2163 habebat
2945 2111 3208 2174 animam.
3236 2123 3291 2167 et
3318 2113 3383 2167 ad
3411 2115 3636 2167 salutem

2055 2202 2312 2261 paratam.
2351 2195 2474 2251 ideo
2503 2199 2662 2252 etiam
2694 2200 2738 2253 is
2766 2201 2853 2270 qui
2883 2217 3076 2256 arcana
3107 2204 3300 2258 utentis
3331 2205 3478 2258 novit
3501 2247 3516 2271 ,
3550 2206 3635 2258 in-

2053 2295 2209 2340 venta
2235 2287 2413 2357 pingui
2436 2299 2600 2354 terra,
2624 2290 2768 2360 larga
2789 2307 2948 2346 manu
2969 2295 3172 2348 semina
3199 2296 3348 2365 jecit,
3380 2297 3635 2366 paulatim

2052 2378 2196 2432 illam
2219 2379 2452 2448 erigens.
2472 2380 2597 2436 [huc
2626 2385 2802 2436 omnia
2832 2399 2861 2437 a
2892 2401 2978 2440 me
2998 2385 3138 2440 dicta
3165 2397 3310 2452 sunt,
3333 2397 3392 2443 ut
3417 2389 3637 2445 discatis

2051 2485 2157 2522 non
2189 2469 2455 2524 modicum
2483 2471 2636 2526 nobis
2662 2472 2852 2528 adesse
2895 2453 3240 2531 conventum:
3289 2478 3420 2533 Nam
3451 2480 3496 2534 si
3525 2482 3634 2536 illic

2051 2577 2152 2615 una
2179 2562 2374 2617 mulier
2425 2563 2698 2620 sufﬁciens
2728 2565 2824 2620 fuit
2852 2566 3175 2623 auditorium
3203 2611 3219 2635 ,
3249 2571 3416 2625 multo
3467 2575 3634 2641 magis

2051 2669 2170 2720 nos,
2195 2661 2274 2710 tot
2295 2655 2460 2724 viros,
2491 2664 2567 2712 tot
2593 2658 2845 2714 mulieres
2873 2671 3180 2724 cernentes.
3210 2676 3330 2717 cum
3360 2664 3634 2719 alacritate

2051 2757 2214 2812 tanta,
2248 2763 2355 2802 non
2395 2763 2587 2819 segnes
2616 2751 2817 2805 erimus
2837 2793 2852 2817 ,
2883 2753 2977 2807 sed
3007 2762 3264 2808 consueta
3295 2764 3506 2809 utemur
3531 2755 3630 2808 do-

2047 2840 2238 2892 ctrina.
2271 2838 2326 2895 Si
2355 2855 2584 2910 namque
2629 2842 2939 2912 angelorum
2988 2844 3264 2911 Dominus,
3307 2861 3465 2918 quem
3510 2862 3630 2901 cmn

2047 2931 2272 2986 horrore
2294 2941 2528 2988 tremunt
2549 2933 2860 3000 Cherubim,
2878 2951 2982 2990 non
3009 2939 3629 2993 recusaviLmeretricem

2019 3024 2324 3078 ‘mulierem
2353 3024 2520 3079 solam
2547 3027 2742 3096 alloqui
2767 3069 2780 3093 ,
2810 3043 2967 3097 quam
3001 3029 3396 3083 excusationem
3425 3070 3439 3092 ,
3468 3046 3627 3099 quam

2045 3117 2252 3169 veniant
2283 3131 2632 3187 assequamur
2662 3135 2782 3185 nos,
2813 3120 2856 3173 si
2889 3129 3089 3173 tantum
3118 3132 3439 3176 convenqu
3489 3139 3627 3190 prae-

2043 3209 2449 3260 tercurramus'!
2499 3209 2611 3282 Age
2657 3224 2825 3278 ergo,
2880 3220 3188 3264 consuetam
3240 3225 3424 3264 rursus
3479 3213 3628 3264 Vobis

2042 3312 2280 3350 mensam
2309 3313 2628 3368 apparemus
2651 3311 2948 3364 ,‘craterem
2977 3310 3270 3356 statuamus
3290 3344 3306 3369 ,
3337 3313 3391 3357 et
3419 3318 3624 3356 merum

2041 3390 2374 3448 etl‘undamus
2403 3435 2418 3458 ,
2463 3394 2762 3448 convivium
2819 3395 3156 3454 instituentes
3201 3397 3497 3466 spirituale.
3529 3397 3623 3453 lla:

2041 3485 2237 3552 quippe
2262 3499 2453 3538 earnes
2481 3502 2588 3540 non
2620 3494 2858 3540 ventrem
2887 3486 3213 3556 dirumpunt,
3248 3489 3339 3543 sed
3389 3498 3622 3544 mentem

2039 3576 2322 3632 muniunt:
2349 3577 2449 3633 hoc
2471 3579 2650 3632 vinum
2675 3595 2780 3632 non
2803 3589 3070 3634 amentem
3094 3580 3267 3634 reddit
3288 3581 3620 3647 auditorem;

2039 3667 2148 3720 imo
2186 3669 2394 3724 ebrium
2440 3671 2736 3740 sapientem
2784 3671 2982 3728 reddit.
3009 3671 3155 3726 Talis
3183 3672 3323 3726 enim
3353 3683 3434 3726 est
3465 3672 3622 3742 hujus

2037 3774 2238 3814 mensa:
2267 3771 2475 3826 natura,
2503 3777 2620 3831 qua:
2649 3777 2747 3831 pro
2776 3764 2952 3816 omnis
2979 3763 3193 3834 generis
3219 3774 3487 3816 armatura
3524 3779 3620 3818 no-

2035 3851 2119 3906 bis
2166 3853 2298 3908 satis
2340 3868 2462 3908 esse
2515 3854 2701 3922 possit.
2755 3853 2966 3908 Etenim
3011 3854 3176 3908 armis
3223 3869 3434 3924 quoque
3463 3855 3618 3909 nobis

2035 3960 2172 4014 opus
2215 3956 2320 4012 est,
2349 3947 2600 4015 quoniam
2645 3945 2846 4000 bellum
2899 3956 2981 4000 est
3021 3947 3174 4000 nobis
3219 3946 3480 4016 quotidie,
3510 3963 3616 4001 non

2035 4049 2218 4094 contra
2262 4038 2505 4094 homines
2547 4052 2919 4110 congeneres,
2951 4037 3048 4094 sed
3087 4048 3274 4094 contra
3323 4038 3616 4094 invisibiles

2036 4139 2325 4201 potestates
2348 4173 2364 4198 ,
2393 4142 2580 4186 contra
2609 4133 2899 4202 phalangas
2927 4131 3232 4187 diﬁlllOlllllll
3258 4175 3272 4196 ,
3300 4133 3468 4204 magis
3497 4133 3621 4187 bar-

2035 4223 2192 4277 baras
2219 4238 2376 4293 quam
2429 4222 2648 4290 hostes;
2705 4235 2893 4278 contra
2930 4231 3215 4295 tyrannum
3260 4224 3618 4297 irreconcilia-

2034 4315 2234 4382 bilem,
2290 4315 2624 4386 implacabile
2669 4315 2865 4371 bellum
2925 4315 3081 4369 nobis
3136 4315 3476 4381 inferentem,
3528 4316 3616 4385 qui

2037 4424 2142 4462 non
2189 4417 2400 4478 tempus
2451 4409 2575 4463 belli
2624 4408 2777 4464 nobis
2825 4408 3162 4477 prtenuntiat,
3211 4422 3382 4478 neque
3409 4417 3612 4476 aperte,

2034 4500 2128 4554 sed
2157 4501 2364 4556 osculte
2405 4501 2559 4554 nobis
2603 4501 2704 4554 tela
2749 4500 2930 4553 mittit.
2962 4499 3074 4554 Hoc
3120 4499 3299 4568 itaque
3326 4497 3520 4552 bellqu
3546 4499 3618 4551 si-

2033 4591 2290 4662 gniﬁcans
2319 4592 2503 4646 beatus
2533 4591 2750 4656 Paulus,
2774 4591 2921 4646 orbis
2949 4591 3077 4656 dux,
3102 4590 3365 4645 clamabat
3393 4589 3612 4642 dicens:

2033 4683 2112 4738 De
2139 4693 2321 4739 cretero
2345 4723 2361 4748 ,
2394 4683 2578 4752 fratres
2603 4724 2617 4746 ,
2648 4683 3005 4754 confortamiui
3032 4683 3083 4735 in
3115 4681 3349 4745 Domino,
3375 4690 3420 4732 et
3447 4679 3496 4732 in
3525 4696 3616 4748 po-

2036 4779 2193 4831 tentia
2215 4775 2414 4831 virtutis
2443 4782 2552 4847 ejus
2581 4777 2599 4846 (
2625 4776 2815 4847 Ephes.
2865 4777 2918 4832 6.
2978 4777 3116 4846 l0);
3147 4785 3201 4830 et
3227 4789 3411 4829 rursus
3452 4775 3574 4829 alibi
3595 4817 3611 4835 .

2037 4867 2161 4922 Non
2189 4869 2322 4922 enim
2351 4878 2420 4922 est
2446 4868 2588 4921 nobis
2618 4869 2908 4922 colluctatio
2951 4870 3192 4922 adversus
3235 4869 3530 4938 sanguinem
3568 4881 3616 4922 et

2033 4978 2258 5026 carnem,
2281 4961 2370 5016 sed
2398 4961 2640 5013 adversus
2661 4961 2977 5026 principatus
3005 4969 3053 5012 et
3083 4969 3349 5029 potestates
3373 4970 3420 5015 et
3441 4963 3615 5014 mundi

2033 5063 2248 5108 rectores
2275 5053 2588 5105 tenebrarum
2614 5051 2766 5122 hujus
2791 5052 2966 5106 swculi
2987 5051 3005 5121 (
3029 5049 3110 5104 lb.
3134 5069 3182 5106 υ.
3205 5051 3332 5122 η).

2103 5145 2160 5198 2.
2191 5143 2434 5199 Vidistin‘
2454 5143 2720 5214 quomodo
2739 5143 2964 5198 militum
2988 5143 3197 5199 animos
3227 5144 3450 5199 incitat?
3479 5161 3616 5215 quo-

2036 5237 2198 5292 modo
2241 5245 2474 5291 mentem
2523 5236 2715 5306 erigit?
2761 5237 3030 5307 quomodo
3055 5247 3228 5291 armat
3276 5239 3616 5304 exercitum,

2036 5329 2298 5400 ignaviam
2366 5326 2684 5384 exscindens
2764 5337 3071 5399 metumque
3147 5328 3411 5399 ejiciens?
3483 5327 3617 5397 Quia

2036 5423 2179 5479 enim
2221 5423 2334 5477 lucc
2359 5420 2466 5475 duo
2492 5421 2722 5474 maxime
2749 5420 2800 5474 in
2833 5420 2986 5475 bellis
3034 5420 3230 5476 milites
3261 5419 3514 5490 produnt,
3571 5421 3616 5474 si

2035 5533 2104 5572 ex
2155 5530 2350 5586 pavore
2415 5513 2777 5570 fortitudinem
2836 5513 3103 5584 prodant,
3151 5523 3207 5569 et
3269 5513 3315 5568 si
3378 5512 3619 5568 custodia

2038 5611 2274 5680 neglecta
2305 5607 2641 5663 occasionem
2683 5607 2811 5662 dent
2852 5606 2991 5663 hosti
3033 5623 3093 5664 se
3137 5607 3381 5663 incautos
3431 5621 3615 5676 τιθεῖ-ρο

2039 5701 2216 5758 diendi
2247 5719 2257 5754 :
2290 5715 2463 5770 neque
2489 5699 2630 5757 enim
2663 5698 2708 5755 is
2749 5704 2839 5772 qui
2869 5714 3026 5773 supra
3071 5700 3285 5756 modum
3341 5700 3488 5755 timet
3515 5741 3527 5762 ,
3555 5698 3620 5754 ad
