4092 6206
419 253 541 309 493

433 399 632 455 bellant
662 397 884 452 idoneus
927 395 1124 460 fuerit,
1179 411 1299 450 cum
1348 411 1416 450 ex
1464 404 1608 449 metu
1639 403 1798 464 captu
1843 391 2012 447 iacilis

433 493 538 558 sit;
570 506 742 560 neque
773 490 816 544 is
858 487 947 560 qui
977 489 1155 542 omnis
1188 489 1484 543 formidinis
1511 497 1593 543 est
1621 499 1835 556 expers,
1865 496 2016 556 pote-

435 591 504 639 rit
528 583 709 637 hostes
732 596 986 650 superare
1067 581 1111 634 si
1154 597 1218 636 ex
1260 581 1450 634 fiducia
1489 581 1650 634 nimia
1679 589 1734 634 et
1762 595 1826 634 ex
1853 579 2014 632 animi

435 674 751 730 conﬁdentia
778 689 882 728 non
908 689 1026 728 sese
1055 673 1119 727 ad
1142 687 1490 741 congressum
1511 681 1761 743 apparet:
1785 671 1896 725 hmc
1917 670 2018 739 igi-

437 776 522 820 tur
546 765 704 820 ambo
730 767 1006 835 corrigens
1030 764 1239 829 Paulus,
1263 773 1313 817 et
1330 763 1394 817 ad
1412 779 1638 833 pugnam
1660 772 1872 832 paratos
1896 761 2021 816 red—

435 857 536 926 dit,
561 867 620 912 ttt
640 874 707 914 ne
725 867 987 928 torpeant,
1009 857 1132 910 dum
1157 856 1388 910 hostium
1410 855 1725 926 phalangem
1745 853 2016 917 describit;

437 966 730 1023 rursusque
762 950 864 1005 illis
883 950 1126 1003 fiduciam
1152 949 1534 1018 audaciamque
1565 948 1718 1010 indit,
1743 955 1799 1001 ut
1819 963 1884 1000 ne
1899 961 2020 1000 con-

443 1043 646 1106 cidant,
673 1045 960 1113 potentiam
989 1042 1141 1096 ducis
1169 1043 1219 1096 in
1251 1041 1443 1096 talibus
1472 1041 1630 1096 bellis
1655 1039 1853 1095 Christi
1885 1038 2019 1094 affe-

441 1151 562 1188 rens
588 1133 639 1188 in
686 1133 942 1187 medium.
973 1132 1097 1187 Ideo
1137 1133 1276 1187 sicut
1305 1133 1540 1202 optimus
1570 1131 1675 1185 dux
1701 1131 2020 1201 phalangem

439 1224 670 1292 ordinat,
694 1224 817 1278 vitia
867 1239 986 1294 quae
1029 1224 1397 1279 fortitudinem
1430 1223 1752 1278 labefactant
1789 1238 1819 1278 a
1850 1223 2019 1276 fideli-

442 1315 541 1368 bus
567 1314 870 1382 eliminans,
887 1325 941 1369 et
957 1316 1235 1369 caritatem
1254 1331 1403 1370 suam
1439 1315 1716 1377 exhibens,
1744 1323 1902 1384 atque
1927 1329 2022 1368 eos

440 1407 529 1476 qui
561 1409 773 1462 virtutis
821 1408 1028 1463 ratione
1054 1408 1280 1461 multum
1309 1422 1338 1461 a
1380 1423 1438 1462 sc
1481 1407 1785 1470 distabant,
1823 1422 2020 1476 cogna-

445 1495 611 1552 tionis
641 1497 857 1552 nomine
886 1497 1142 1566 copulans
1169 1515 1183 1551 :
1219 1512 1338 1550 nam
1366 1498 1439 1551 ait
1469 1516 1482 1552 :
1507 1497 1583 1551 De
1611 1508 1810 1562 ca'tero,
1843 1499 2024 1568 fratres

444 1587 543 1639 mei
587 1585 804 1659 (Ephas.
832 1586 885 1642 6.
921 1586 1034 1656 10).
1065 1587 1160 1640 llic
1206 1588 1349 1642 enim
1403 1588 1568 1642 multo
1596 1587 1849 1656 majorem
1899 1601 2023 1654 erga

445 1694 633 1733 omnes
679 1681 897 1735 exhibet
947 1679 1324 1744 dilectionem,
1389 1695 1549 1750 quam
1605 1680 1694 1748 qui
1747 1679 2022 1733 nobiscum

443 1770 636 1826 eodem
670 1780 824 1825 utero
853 1771 960 1824 nati
992 1778 1137 1836 sunt,
1165 1781 1219 1825 et
1244 1771 1296 1824 in
1322 1771 1497 1823 anima
1525 1785 1619 1825 sua
1648 1769 1832 1825 orbem
1858 1778 2024 1824 totum

446 1861 857 1917 circumferebat
889 1879 904 1916 :
935 1871 1080 1916 tanta
1111 1871 1226 1916 erat
1253 1861 1496 1917 caritatis
1523 1862 1666 1916 illius
1687 1862 1981 1931 amplitudo
2009 1879 2023 1916 :

451 1970 622 2025 neque
651 1954 704 2008 iu
737 1954 1118 2025 tranquillitate
1147 1955 1328 2018 modo,
1361 1954 1454 2008 sed
1477 1955 1638 2008 etiam
1666 1955 1716 2008 in
1750 1954 2024 2023 periculis.

448 2043 580 2099 Nam
609 2061 734 2101 cum
763 2046 815 2102 in
843 2047 1151 2101 carceribus
1171 2057 1350 2110 esset,
1381 2056 1608 2101 mortem
1636 2057 1978 2116 exspectaret
2005 2087 2021 2113 ,

448 2146 504 2190 et
522 2135 590 2190 de
610 2139 866 2192 extremis
885 2138 1296 2207 periclitaretur,
1319 2139 1699 2209 discipulorum
1727 2155 1909 2194 curam
1938 2154 2029 2209 ge-

451 2226 622 2292 rebat,
647 2237 699 2280 et
727 2227 981 2298 epistolas
1009 2242 1151 2298 smpe
1173 2244 1203 2284 e
1227 2215 1533 2284 carceribus
1558 2230 1844 2297 scribebat,
1868 2246 2029 2286 manu

449 2316 651 2369 catenis
683 2317 1028 2383 circumdata,
1053 2328 1106 2372 et
1135 2318 1351 2376 dextera
1384 2319 1576 2389 ligata;
1609 2329 1664 2375 et
1692 2321 1757 2374 ad
1777 2321 2031 2391 judiciale

452 2409 685 2463 tribunal
714 2411 1002 2480 ingressus,
1040 2426 1330 2481 pinnasque
1357 2411 1599 2478 daturus,
1628 2421 1787 2483 atque
1803 2413 1869 2468 ad
1886 2429 2032 2470 mor-

453 2509 559 2555 tem
589 2500 880 2564 dnccndos,
906 2511 1163 2571 quantum
1196 2503 1246 2556 in
1274 2503 1545 2572 judicibus
1569 2513 1704 2568 erat,
1733 2507 1910 2560 omnia
1940 2506 2030 2562 illa

454 2589 692 2653 mittens,
723 2592 966 2645 timorem
987 2606 1198 2660 nempe,
1228 2592 1542 2660 periculum,
1575 2595 1767 2664 minas,
1795 2606 2029 2666 mortes,

459 2680 716 2749 supplicia
737 2721 753 2746 ,
785 2696 969 2748 poenas
989 2721 1004 2746 ,
1035 2681 1341 2748 carnifices,
1371 2683 1673 2755 principum
1701 2686 1834 2740 iram
1853 2728 1868 2752 ,
1897 2687 2032 2742 insi-

453 2771 713 2825 diantium
745 2771 1041 2837 machinas,
1075 2772 1316 2836 verbera,
1345 2772 1580 2828 fidelium
1610 2791 1816 2830 memor
1837 2787 1956 2831 erat
1976 2787 2034 2833 et

457 2863 548 2914 illo
577 2863 690 2931 ipso
722 2873 960 2932 tempore
985 2882 998 2918 ε
1030 2865 1099 2918 ita
1131 2866 1304 2919 anima
1325 2867 1439 2936 ejus
1467 2877 1584 2923 erat
1608 2885 1637 2924 a
1663 2869 1891 2926 vinculis
1909 2886 2034 2926 cor-

459 2954 604 3022 poris
634 2954 822 3017 libera,
848 2957 940 3022 ita,
965 2955 1014 3008 in
1029 2972 1188 3011 carne
1210 2957 1330 3011 licet
1361 2974 1600 3025 versans,
1629 2961 1830 3016 ca'leSti
1852 2961 2038 3017 adlue-

459 3044 608 3098 rebat
638 3043 857 3110 fornici,
891 3055 946 3101 et
974 3048 1123 3116 quasi
1157 3047 1220 3102 ad
1252 3049 1392 3102 illam
1425 3052 1679 3106 translata
1703 3053 1923 3119 sedem,
1959 3055 2037 3110 sic

458 3135 637 3188 omnia
662 3175 677 3202 ,
711 3136 762 3189 in
813 3147 955 3190 terra
988 3137 1220 3206 degens.
1247 3139 1455 3209 agebat.
1481 3141 1653 3211 thue
1678 3142 1897 3199 discatis
1923 3145 2039 3200 ha-c

458 3228 616 3281 verba
648 3243 752 3281 non
783 3227 1113 3300 hyperbolen
1141 3244 1290 3297 esse,
1317 3248 1490 3302 neque
1511 3233 1892 3299 adulationem,
1915 3237 2038 3291 audi

460 3321 604 3375 illum
633 3319 735 3375 hoc
762 3320 1027 3376 dicentem
1054 3339 1067 3375 :
1101 3321 1247 3378 Sicut
1268 3335 1340 3377 est
1368 3325 1490 3379 mihi
1511 3327 1710 3396 justum
1739 3328 1832 3381 hoc
1857 3331 2041 3385 sentire

463 3411 528 3466 de
557 3411 722 3474 vobis,
755 3428 811 3465 eo
832 3413 968 3481 quod
995 3429 1078 3466 vos
1104 3413 1313 3467 habeam
1339 3417 1389 3468 in
1416 3419 1568 3470 corde
1597 3417 1854 3489 (Philipp.
1881 3420 1933 3473 1.
1960 3419 2038 3490 7).

458 3501 610 3570 Quod
638 3501 683 3556 si
710 3519 958 3572 magnum
985 3503 1086 3556 hoc
1117 3503 1378 3569 videatur,
1406 3505 1574 3560 multo
1591 3508 1762 3578 majus
1791 3519 1874 3564 est
1899 3510 2042 3578 quod

460 3593 722 3662 sequitur.
765 3591 976 3648 Etenim
1012 3603 1290 3664 postquam
1338 3596 1494 3660 dixit,
1541 3597 1618 3652 Eo
1660 3600 1796 3670 quod
1838 3615 1922 3654 vos
1950 3602 2044 3654 ha-

463 3684 604 3736 beam
629 3683 678 3736 in
703 3683 854 3737 corde
875 3725 891 3749 ,
920 3683 1216 3753 subjunxit,
1248 3684 1314 3739 Et
1353 3687 1407 3740 in
1458 3689 1672 3743 vinculis
1710 3692 1832 3744 meis
1852 3733 1868 3758 ,
1913 3701 1960 3746 et
1990 3693 2042 3747 in

463 3775 756 3845 defensione
812 3785 860 3830 et
927 3778 1312 3843 conﬁrmatione
1331 3775 1612 3851 Evangelii.
1667 3781 1855 3838 Viden’
1906 3801 2044 3854 quo-

464 3865 623 3920 Ino-lo
672 3867 793 3920 illos
851 3883 1138 3939 numquam
1211 3885 1277 3924 ex
1331 3881 1510 3927 mente
1568 3889 1663 3927 sua
1718 3875 1934 3931 omisit?
1988 3877 2044 3933 Si

464 3958 606 4012 enim
639 3958 847 4011 vincula
874 4001 889 4026 ,
921 3961 1206 4015 tribunalia
1247 3973 1302 4017 et
1340 3974 1527 4019 catena
1573 3967 1690 4036 ejus
1731 3970 2043 4026 memoriam

467 4063 574 4101 non
628 4048 1031 4115 labefactarunt,
1083 4053 1250 4107 multo
1285 4055 1461 4110 minus
1492 4059 1886 4125 tranquillitatis
1913 4071 2048 4116 tem-

466 4151 617 4206 pora.
651 4135 726 4191 Eo
767 4139 923 4208 quod,
973 4142 1180 4212 inquit,
1214 4144 1424 4198 habeam
1454 4163 1536 4200 vos
1566 4149 1617 4201 in
1657 4152 1826 4204 corde.
1862 4151 2047 4209 Viden’

470 4227 721 4298 paulatim
778 4233 958 4300 augeri
1004 4236 1353 4290 sennonem?
1407 4225 1652 4308 Magnum
1703 4242 1914 4309 quidem
1966 4253 2049 4299 est

468 4319 522 4376 in
549 4320 710 4376 corde
759 4321 974 4390 habere,
1027 4327 1195 4380 multo
1239 4327 1414 4398 majus
1455 4339 1632 4385 autem
1675 4334 1835 4388 etiam
1877 4337 1930 4390 in
1959 4353 2050 4391 ca-

471 4416 637 4470 tenis:
657 4418 828 4485 majus
855 4420 1014 4472 etiam
1042 4429 1125 4474 est
1151 4421 1202 4474 in
1221 4421 1530 4479 defensione
1558 4436 1612 4478 et
1645 4427 2048 4488 confirmatione

471 4503 766 4577 Evangelii.
787 4509 882 4566 llic
911 4511 1052 4566 enim
1079 4511 1292 4566 videtur
1321 4514 1447 4568 mihi
1479 4517 1817 4573 subindicare
1839 4529 2048 4592 tempus

467 4615 572 4669 quo
601 4599 667 4654 ad
705 4600 914 4671 judices
943 4601 1306 4659 adducebatur
1325 4646 1340 4670 ,
1364 4619 1486 4661 cum
1527 4607 1595 4663 de
1623 4611 1878 4666 extremis
1909 4615 2050 4682 peri-

467 4691 756 4746 clitaretur.
808 4693 873 4747 Et
921 4693 1025 4748 illic
1076 4705 1263 4756 stans,
1325 4697 1536 4768 inquit,
1593 4716 1699 4756 non
1749 4703 2046 4773 cogitabam

467 4783 735 4851 quomodo
763 4785 830 4839 ab
872 4785 1274 4842 imminentibus
1325 4791 1576 4858 periculis
1617 4795 1896 4860 eriperer,
1950 4810 2050 4849 nec

467 4874 738 4942 quomodo
789 4875 1009 4932 insidias
1063 4877 1428 4946 depellerem;
1477 4881 1570 4936 sed
1603 4883 1654 4936 in
1697 4884 1922 4940 caritate
1960 4901 2050 4941 ve-

467 4973 578 5019 stra
629 4963 924 5033 delicians,
986 4977 1042 5023 et
1094 4968 1344 5026 absentes
1395 4972 1710 5042 alloquens;
1766 4990 1829 5030 ac
1877 4992 2050 5048 neque

467 5054 567 5110 viae
615 5055 889 5127 longitudo
913 5099 926 5122 ,
960 5075 1133 5130 neque
1163 5065 1497 5132 negotiorum
1525 5068 1783 5124 tumultus
1807 5112 1822 5136 ,
1876 5087 2052 5142 neque

471 5146 826 5214 periculorum
873 5151 1216 5221 magnitudo,
1269 5169 1443 5225 neque
1493 5157 1790 5228 principum
1838 5170 2048 5229 metus,

467 5254 574 5294 non
633 5240 948 5310 populorum
1002 5243 1353 5313 insurrcctio,
1413 5264 1517 5302 non
1573 5266 1720 5306 mors
1775 5266 2046 5322 praesens,

467 5347 576 5387 non
607 5333 774 5390 stricti
797 5333 992 5405 gladii,
1027 5353 1132 5392 non
1161 5341 1470 5395 carnificum
1500 5343 1744 5412 agmina,
1777 5343 1906 5399 nihil
1942 5343 2048 5398 hu-

466 5422 696 5492 jusmodi
745 5441 773 5480 a
818 5437 994 5483 vestra
1041 5432 1302 5485 memoria
1343 5448 1430 5486 me
1460 5433 1698 5488 abduxit.
1732 5433 1874 5490 Nihil
1903 5437 2050 5492 enim

467 5523 551 5567 cst
603 5517 826 5572 caritate
880 5517 1292 5586 vehementius,
1340 5523 1472 5576 nihil
1523 5524 1806 5581 sublimius
1839 5549 1854 5580 :
1887 5527 2050 5584 altius

470 5604 615 5656 volat
640 5620 798 5672 quam
824 5607 927 5661 tela
959 5607 1165 5676 isthmc,
1197 5609 1463 5682 altiorque
1485 5623 1568 5668 est
1591 5613 1792 5670 diaboli
1821 5618 2044 5683 retibus,

467 5706 495 5745 a
525 5693 776 5750 canorum
809 5697 1038 5754 culmine
1064 5698 1242 5755 omnia
1283 5700 1585 5772 despiciens
1611 5723 1622 5759 :
1652 5721 1713 5761 ac
1741 5707 1878 5762 sicut
1920 5724 2044 5764 vcn-

1139 259 1195 315 S.
1236 257 1516 314 JOANNIS
1554 254 2032 314 εηιιγεοδτωιι
2076 254 2392 312 ARCHIEP.
2434 255 2974 314 CONSTANTINUP.

3595 265 3700 321 496

2125 397 2214 446 tus
2241 389 2531 450 vehemens
2566 395 2798 466 impetus
2821 395 3102 450 molestum
3128 393 3400 466 pulverem
3428 394 3668 449 eliminat
3686 438 3703 460 ,

2122 484 2200 537 sic
2225 484 2304 538 vis
2329 485 2571 539 caritatis
2597 487 2903 556 passionum
2936 487 3172 540 omnium
3203 485 3456 555 impetum
3490 486 3707 555 promti-

2123 589 2244 630 sare
2261 577 2418 631 solet.
2441 578 2595 644 Quod
2622 580 2782 634 etiam
2809 580 2859 634 in
2883 580 3048 633 Paulo
3071 580 3296 649 contigit
3320 579 3702 634 :sufficientem

2125 665 2177 719 in
2208 667 2456 722 omnibus
2499 668 2683 724 habuit
2709 670 3129 726 consolationem
3167 669 3482 723 dilectui-nm
3516 686 3707 742 nempe

2125 755 2351 811 salutem
2383 773 2677 830 eorumque
2713 762 3052 814 memoriam.
3085 760 3219 828 Quid
3252 771 3334 815 est
3381 771 3557 814 autem
3581 803 3596 826 ,
3642 761 3708 814 Et

2125 849 2510 915 conﬁrmatione
2528 850 2798 921 Evangelii
2820 851 2846 904 Σ)
2892 851 3002 904 Etsi
3033 851 3176 904 enim
3224 867 3325 904 una
3358 867 3458 904 vox
3507 862 3622 914 est,
3655 864 3709 905 at

2128 937 2345 1007 pelagus
2375 939 2692 994 immensum
2719 941 3104 994 sententiarum
3135 941 3375 995 continet
3405 959 3417 994 :
3447 941 3589 994 illam
3614 956 3709 995 ex-

2129 1029 2326 1099 plicare
2346 1039 2400 1084 et
2417 1029 2650 1100 undique
2669 1032 2896 1086 scrutari
2920 1032 3175 1085 conabor.
3197 1031 3492 1111 Margarita
3513 1032 3710 1102 quippe

2127 1128 2210 1175 est
2241 1121 2333 1175 Dei
2361 1122 2583 1176 verbum
2605 1165 2620 1189 ,
2652 1137 2748 1192 per
2773 1123 2950 1176 omnia
2981 1121 3194 1192 fulgens
3219 1163 3234 1188 ,
3263 1136 3366 1176 non
3393 1122 3445 1176 in
3474 1123 3712 1175 multitu-

2128 1209 2254 1266 dine
2280 1211 2568 1278 dictorum,
2593 1213 2686 1267 sed
2716 1213 2768 1266 in
2799 1213 3060 1267 brevitate
3076 1213 3295 1266 multam
3317 1211 3579 1266 dictorum
3602 1213 3709 1266 vim

2127 1303 2406 1357 exhibens.
2451 1303 2556 1359 Sed
2593 1305 2829 1374 surgite,
2863 1311 2921 1359 et
2949 1303 3198 1358 videbitis
3242 1313 3504 1374 quantum
3555 1303 3714 1357 nobis

2130 1397 2436 1450 thesaurum
2467 1397 2545 1450 vis
2576 1396 2716 1451 illius
2738 1395 2864 1450 dicti
2893 1396 3112 1450 rcvelet.

2201 1491 2254 1544 5.
2282 1488 2888 1560 ConﬁrmatioEvangelii
2929 1489 3052 1558 quid
3071 1490 3157 1543 sit.
3184 1517 3258 1530 —
3281 1487 3419 1556 Quid
3456 1496 3540 1542 est
3583 1502 3714 1557 ergo

2129 1580 2467 1636 confirmatio
2499 1582 2808 1652 Evangelii,
2837 1592 2891 1635 et
2917 1598 3078 1652 quam
3117 1581 3395 1650 Evangelii
3428 1580 3716 1635 confirmi-

2132 1673 2330 1728 tionem
2357 1673 2508 1739 dicit,
2536 1683 2591 1728 et
2619 1689 2717 1727 cur
2743 1673 2848 1728 hoc
2874 1673 3075 1728 dictum
3106 1672 3448 1733 memoravit,
3475 1687 3595 1725 cum
3643 1671 3715 1726 de

2134 1765 2518 1829 tribunalibus,
2556 1765 2865 1820 carceribus
2894 1776 2948 1820 et
2994 1775 3182 1820 catena
3205 1764 3552 1836 loqueretur?
3577 1763 3715 1819 Cum

2132 1857 2440 1930 prmdicatio
2451 1857 2794 1912 disseminata
2808 1867 2891 1912 est
2906 1858 3149 1928 (necesse
3161 1860 3303 1914 enim
3316 1868 3396 1914 est
3409 1873 3715 1915 sermonem

2133 1947 2293 2002 altius
2336 1958 2616 2018 repetere,
2647 1961 2706 2006 ut
2757 1950 2951 2004 clarior
2979 1952 3222 2005 doctrina
3249 1951 3376 2021 sit),
3414 1966 3607 2022 magno
3633 1961 3720 2006 tu-

2135 2040 2304 2094 multu
2351 2049 2407 2095 et
2452 2040 2615 2094 multa
2648 2041 3050 2111 perturbatione
3100 2043 3281 2097 omnia
3331 2043 3489 2111 plena
3535 2052 3716 2099 erant.

2131 2128 2266 2184 Cum
2289 2131 2429 2185 enim
2453 2131 2696 2186 undecim
2717 2131 2815 2186 viri
2831 2133 2931 2186 soli
2949 2143 3134 2187 contra
3151 2132 3337 2189 orbem
3359 2143 3526 2188 totum
3545 2136 3717 2190 aciem

2133 2221 2459 2292 dirigerent,
2501 2225 2771 2294 antiquam
2811 2226 3180 2281 concutientes
3231 2227 3671 2282 consuetudinem
3699 2269 3721 2296 ,

2135 2311 2439 2368 diuturnum
2470 2314 2825 2371 dissolventes
2867 2330 3130 2383 errorem,
3161 2327 3394 2388 patrum,
3425 2333 3647 2373 avorum
3665 2329 3724 2374 et

2138 2403 2403 2472 majorum
2430 2405 2574 2476 leges
2596 2417 2904 2464 evertentes
2925 2449 2941 2475 ,
2965 2417 3212 2478 paternos
3239 2410 3513 2463 civitatum
3543 2425 3726 2465 mores

2136 2495 2514 2550 concutientes
2538 2505 2594 2550 et
2619 2497 3016 2564 exscindentes,
3043 2508 3097 2554 et
3139 2498 3396 2554 adversus
3426 2515 3615 2554 omnes
3644 2501 3724 2554 lu-

2136 2595 2380 2656 quentes,
2409 2587 2780 2659 philosOphos,
2800 2591 3064 2658 rhetores,
3086 2592 3612 2662 principes,judices,
3634 2603 3724 2666 ty-

2137 2692 2356 2740 rannos,
2387 2679 2638 2749 populos,
2668 2694 2875 2747 servos,
2907 2680 3141 2748 liberos,
3179 2683 3460 2752 agricolas,
3495 2697 3722 2752 nautas;

2139 2769 2334 2824 bellum
2369 2770 2742 2840 gravissimum
2791 2772 3138 2839 monebatur,
3185 2784 3272 2840 et,
3325 2783 3384 2830 ut
3426 2775 3535 2844 jam
3585 2775 3725 2841 dixi,

2140 2862 2314 2914 omnia
2341 2861 2596 2929 tumultu,
2614 2863 2768 2932 plena
2797 2873 2983 2928 erant;
3009 2865 3202 2936 ubique
3218 2867 3508 2936 praecipitia
3526 2867 3724 2938 ubique

2141 2954 2343 3023 scopuli
2375 2972 2388 3008 :
2421 2969 2595 3025 neque
2619 2955 2689 3010 ita
2730 2955 3070 3011 furibundum
3103 2969 3344 3023 mare,et
3380 2973 3412 3013 a
3441 2960 3726 3013 contrariis

2141 3045 2316 3100 ventis
2362 3044 2650 3101 discissum
2695 3047 3076 3116 perturbatur,
3121 3059 3179 3102 ut
3227 3060 3352 3104 tunc
3381 3051 3528 3104 orbis
3580 3061 3733 3105 totus

2142 3136 2602 3202 commovebatur,
2631 3138 2824 3207 priscis
2845 3139 3050 3194 evulsis
3078 3141 3314 3195 moribus
3335 3150 3439 3196 tam
3471 3142 3733 3198 diuturno.

2145 3239 2386 3299 tempore
2445 3231 2669 3286 firmatis
2715 3249 2730 3291 :
2779 3248 2952 3303 neque
3022 3235 3075 3288 in
3132 3249 3274 3301 una,
3323 3245 3416 3290 aut
3465 3236 3674 3292 duabus
3707 3280 3732 3306 ,

2143 3328 2234 3372 aut
2276 3321 2442 3375 tribus
2487 3322 2830 3386 civitatibus,
2882 3324 2976 3379 sed
3028 3325 3224 3396 ubique
3275 3336 3572 3394 terrarum;
3624 3344 3727 3382 no-

2146 3411 2226 3464 vis
2277 3421 2455 3466 autem
2503 3413 2730 3467 inductis
2781 3414 3118 3486 dogmatibus
3151 3457 3164 3479 ,
3209 3433 3328 3487 quae
3387 3419 3560 3473 nullus
3605 3434 3726 3472 um-

2147 3518 2304 3572 quam
2332 3504 2596 3559 audierat.
2629 3505 2764 3561 l‘linc
2796 3507 3242 3565 irreconciliabile
3270 3522 3455 3565 contra
3481 3513 3731 3568 iilosbel-

2149 3594 2256 3647 lum
2283 3595 2351 3650 ab
2372 3595 2620 3650 omnibus
2643 3609 2848 3652 motum
2873 3609 2956 3654 est
2985 3617 2998 3652 :
3027 3602 3226 3654 etenim
3256 3602 3484 3658 familias
3519 3604 3730 3660 divide-

2147 3683 2296 3750 bant,
2328 3687 2675 3756 cognationes
2715 3688 3088 3745 distrahebant
3117 3709 3130 3745 :
3159 3707 3278 3746 nam
3312 3693 3622 3763 przedicatio
3641 3713 3732 3751 or-

2149 3775 2273 3829 dine
2319 3775 2618 3845 procedens
2643 3819 2658 3843 ,
2701 3787 2756 3833 et
2795 3780 2993 3834 multos
3041 3781 3139 3836 sibi
3171 3785 3463 3839 concilians
3486 3827 3502 3851 ,
3529 3787 3732 3842 bellum

2151 3867 2399 3921 movebat
2438 3867 2578 3936 apud
2617 3885 2712 3924 eos
2738 3872 2829 3942 qui
2864 3873 3078 3942 pietatis
3113 3875 3340 3930 verbum
3391 3893 3494 3933 non
3525 3881 3736 3950 recipe-

2151 3968 2271 4013 rent
2296 3979 2310 4015 :
2331 3970 2480 4030 pater
2503 3960 2668 4016 filium
2694 3963 2994 4029 abdicabat,
3028 3967 3108 4020 vir
3136 3982 3354 4020 uxorem
3377 3967 3742 4040 despiciebat,

2151 4062 2203 4104 et
2252 4051 2368 4106 heri
2417 4052 2674 4107 adversus
2717 4069 2902 4109 servos
2954 4057 3151 4112 bellum
3190 4059 3485 4130 gerebant,
3531 4063 3734 4120 subditi

2153 4143 2412 4198 adversus
2470 4145 2773 4213 principes.
2827 4157 2881 4202 et
2930 4149 3127 4203 bellum
3179 4151 3315 4205 istud
3365 4168 3523 4208 omne
3571 4157 3740 4214 civile

2154 4235 2350 4288 bellum
2375 4237 2700 4305 superabat;
2726 4237 2772 4291 si
2797 4247 2972 4294 tamen
3000 4240 3103 4295 hoc
3132 4257 3328 4297 vocare
3352 4243 3544 4298 bellum
3574 4263 3738 4315 Opor-

2155 4337 2264 4391 tet,
2293 4338 2347 4381 et
2390 4344 2496 4382 non
2539 4329 2682 4382 aliud
2730 4331 3003 4400 quidpiam
3056 4333 3196 4387 bello
3226 4336 3458 4404 gravius.
3485 4337 3538 4391 In
3579 4338 3744 4394 bellis

2153 4418 2297 4471 enim
2328 4433 2423 4487 par
2450 4419 2717 4490 utrimque
2739 4421 2872 4476 aciei
2897 4424 3036 4478 ratio
3065 4433 3170 4488 est,
3203 4435 3256 4480 et
3284 4427 3442 4482 ambo
3467 4430 3742 4486 exercitus

2157 4511 2276 4564 telis
2308 4512 2570 4580 impetunt
2599 4529 2649 4567 et
2679 4514 3008 4583 impetuntur
3032 4533 3044 4568 ε
3069 4525 3194 4571 tunc
3223 4527 3404 4573 autem
3425 4536 3527 4574 non
3547 4523 3621 4574 ita
3650 4539 3748 4578 res.

2153 4605 2438 4674 gerebatur
2462 4623 2475 4660 :
2507 4623 2629 4662 nam
2658 4609 2745 4664 ille
2765 4611 2982 4680 quidem
3001 4611 3171 4668 libere
3196 4613 3393 4670 bellum
3411 4615 3656 4685 gerebat,
3685 4617 3739 4670 hi

2155 4714 2282 4753 vero
2321 4700 2713 4769 impetebanlur
2741 4714 2977 4770 tantum;
3009 4707 3268 4778 impetere
3288 4723 3466 4766 autem
3501 4711 3602 4765 illis
3627 4728 3737 4766 non

2156 4794 2367 4856 licebat,
2399 4810 2570 4865 neque
2596 4797 2911 4854 insidiantes
2934 4800 3118 4854 ulcisci
3148 4821 3162 4855 :
3189 4801 3260 4855 ita
3287 4803 3431 4857 enim
3461 4804 3595 4858 aciei
3627 4804 3739 4860 dux

2153 4883 2372 4952 jubebat
2397 4927 2411 4950 ,
2445 4885 2632 4941 dicens
2660 4907 2672 4942 :
2707 4888 2857 4943 Mitto
2888 4903 2975 4943 vos
3015 4891 3144 4945 sicut
3166 4907 3276 4945 sues
3306 4893 3360 4946 in
3389 4893 3555 4948 medio
3585 4894 3739 4964 lupo-

2157 4991 2266 5027 rum
2294 4991 2312 5029 :
2340 4986 2496 5030 estote
2523 4995 2642 5048 ergo
2683 4979 2954 5048 prudentes
2981 4981 3111 5034 sicut
3137 4993 3393 5051 setpentes
3414 5026 3429 5047 ,
3456 4995 3502 5038 et
3531 4986 3738 5055 simpli-

2157 5085 2236 5122 ces
2261 5068 2388 5122 sicut
2415 5069 2660 5123 columba:
2693 5069 2905 5140 (Matth.
2934 5071 3022 5127 10.
3055 5070 3166 5145 16).
3195 5073 3261 5127 Ει
3291 5073 3605 5130 insidiantes
3631 5091 3738 5131 nou

2158 5161 2317 5214 modo
2370 5159 2552 5215 ulcisci
2600 5176 2706 5216 non
2754 5163 3012 5232 jubebat,
3061 5165 3158 5220 sed
3212 5167 3372 5222 etiam
3425 5168 3735 5225 facultatem

2160 5251 2401 5321 prazbere
2466 5262 2526 5307 ut
2568 5253 2622 5307 in
2674 5253 2863 5325 injuria
2907 5255 3188 5313 inferenda
3240 5261 3554 5330 gauderent.
3604 5263 3736 5319 Nam

2157 5343 2433 5398 dexteram
2461 5344 2730 5399 maxillam
2753 5347 3012 5414 prwberc,
3031 5358 3087 5404 et
3103 5364 3231 5406 oves
3251 5351 3464 5408 mittere
3486 5355 3540 5408 in
3559 5355 3738 5410 medie

2158 5435 2403 5504 luporum
2425 5478 2440 5502 ,
2464 5435 2593 5491 nihil
2625 5437 2770 5492 aliud
2793 5439 3098 5495 subindicat
3125 5458 3285 5512 quam
3317 5444 3462 5514 quod
3501 5446 3604 5502 illis
3644 5463 3739 5519 pa-

2159 5526 2321 5581 tiemli
2349 5537 2547 5584 sortem
2574 5528 2926 5596 adscripserit
2946 5573 2962 5598 ,
2992 5541 3050 5587 ut
3094 5534 3429 5605 splendidius
3475 5547 3735 5610 tr0pa3um

2158 5626 2320 5672 esset.
2354 5619 2671 5686 Quomodo?
2698 5621 2828 5689 Quia
2869 5623 3116 5680 undecim
3147 5643 3266 5682 cum
3309 5639 3492 5687 essent
3514 5672 3528 5694 .
3565 5641 3736 5686 totum

2159 5712 2340 5767 orbem
2387 5713 2658 5781 vicerunt;
2702 5715 2822 5786 quia
2870 5716 3172 5787 patientes,
3230 5738 3338 5777 non
3379 5721 3732 5787 insultantes;
