4092 6206
271 236 383 294 495

259 363 364 434 τῆς
392 364 572 429 ἀδείας
602 368 699 436 τῆς
734 365 909 439 ψυχῆς
952 368 1158 423 ἐκλύων
1187 370 1285 442 τήν
1327 374 1681 444 παρασκευήν
1702 390 1715 403 ·
1763 374 1929 443 ἀμφό-

259 466 404 522 τερα
436 449 545 523 γάρ
566 450 739 506 ταῦτα
758 454 1134 526 διορθούμενος
1165 460 1193 510 ό
1220 457 1448 523 Παῦλος,
1482 460 1577 513 καὶ
1610 460 1935 528 ἐναγωνίους

262 541 435 605 ποιεῖ,
468 539 554 593 ἴνα
592 540 669 611 μὴ
699 541 1079 613 ῥᾳθυμήσωσι,
1117 543 1216 614 τὴν
1243 545 1498 615 φάλαγγα
1530 548 1638 600 τῶν
1663 548 1935 618 πολεμίων

265 625 602 699 ὑπογράφων
663 630 757 682 καὶ
796 628 1016 702 θαρῥεῖν
1073 632 1235 686 πάλιν
1265 636 1691 704 παρασκευάζει,
1730 638 1816 690 ῖνα
1858 636 1934 711 μὴ

266 714 645 778 καταπέσωσι,
682 716 779 787 τὴν
823 717 1049 789 δύναμιν
1088 719 1182 773 τοῦ
1232 722 1662 792 στρατηγοῦντος
1716 725 1776 777 ἐν
1823 728 1937 789 τοῖς

267 801 527 866 τοιούτοις
564 803 818 874 πολέμοις
853 805 1088 876 Χριστοῦ
1140 807 1321 879 φέρων
1364 812 1443 872 εἰς
1495 811 1677 880 μέσον.
1730 811 1821 864 Διὸ
1868 811 1935 884 δὴ

268 889 520 960 καθάπρ
560 890 782 963 ἀριστος
824 894 1125 964 στρατηγὸς
1166 902 1460 969 συγκροτεῖ
1505 899 1606 971 τὴν
1660 900 1932 970 φάλαγγα.

269 975 341 1027 τά
381 974 529 1046 πάθη
563 976 632 1029 τά
673 976 1037 1049 λυμαινόμενα
1076 984 1142 1051 τῇ
1187 983 1410 1056 ἀνδρείᾳ
1445 984 1545 1055 τῆς
1575 985 1812 1049 διανοίας
1849 986 1935 1051 ἐξ-

269 1061 467 1131 ορίζων
493 1062 602 1116 τῶν
625 1063 851 1129 πιστῶν,
881 1068 974 1120 καὶ
998 1066 1095 1139 τὴν
1113 1070 1333 1141 ἀγάπην
1368 1073 1802 1143 ἐπιδεικνύμενος
1836 1074 1935 1145 τὴν

270 1147 458 1212 αὑτοῦ,
497 1151 590 1203 καὶ
624 1154 750 1215 τοὺς
798 1156 1001 1225 σφόδρα
1044 1157 1419 1228 ἀφεστηκότας
1459 1161 1625 1213 αὑτοῦ
1656 1161 1798 1215 κατά
1835 1161 1933 1232 τὴν

267 1235 367 1307 τῆς
412 1236 683 1302 πολιτείας
720 1240 1004 1314 ἀκρίϐειαν
1039 1244 1118 1314 τῷ
1158 1247 1259 1316 τῆς
1293 1248 1614 1316 συγγενείας
1645 1249 1932 1302 συνάπτων

267 1323 510 1394 ὀνόματι.
712 1327 782 1381 Τὸ
801 1330 1020 1384 λοιπὸν
1040 1332 1168 1403 γὰρ,
1192 1335 1377 1405 φησὶν,
1393 1336 1643 1404 ἀδελφοί
1664 1353 1804 1406 μου.
1827 1336 1933 1390 Καὶ

264 1409 375 1481 γάρ
408 1412 585 1497 πολλῷ
615 1414 834 1484 μείζονα
864 1419 992 1490 περί⁵
1022 1420 1227 1482 πάντας
1258 1422 1620 1477 ἐπιδείκνυται
1652 1425 1934 1497 φιλοστορ-

265 1499 391 1566 γίαν
428 1493 604 1566 οὗτος,
638 1502 671 1573 ἢ
701 1504 751 1556 οἰ
792 1502 889 1569 τὰς
916 1506 1087 1571 αὐτὰς
1115 1507 1377 1574 λύσαντες
1410 1511 1605 1575 ὠδῖνας
1647 1515 1804 1583 ἡμῖν,
1839 1493 1933 1568 καὶ

265 1587 325 1641 ἐν
348 1590 417 1659 τῇ
443 1587 589 1661 ψυχῇ
615 1589 715 1662 τὴν
735 1593 1061 1665 οἰκουμένην
1092 1597 1383 1667 περιέφερε
1403 1614 1416 1628 ο
1459 1598 1712 1653 τοσοῦτον
1734 1596 1803 1672 ἦν
1830 1601 1931 1671 τῆς

263 1672 487 1744 ἀγάπης
517 1674 680 1729 αὑτοῦ
700 1677 761 1729 τὸ
800 1676 1000 1740 πλάτος
1019 1695 1033 1709 ·
1059 1680 1153 1733 καὶ
1178 1680 1277 1733 οὑκ
1300 1682 1360 1733 ἐν
1398 1682 1553 1753 ἀδείᾳ
1580 1684 1759 1752 μόνον,
1795 1683 1931 1738 ἀλλά

263 1761 359 1814 καὶ
388 1763 448 1815 ἐν
493 1761 777 1827 κινδύνοις.
822 1766 931 1819 Καὶ
967 1766 1076 1837 γάρ
1112 1767 1458 1840 δεσμωτήρια
1488 1770 1673 1835 οἰκῶν,
1706 1772 1801 1825 καὶ
1846 1773 1934 1827 θά-

263 1866 420 1902 νατον
458 1850 794 1919 προσδοκῶν,
836 1854 927 1907 καὶ
968 1854 1097 1923 περὶ
1140 1854 1248 1907 τῶν
1295 1858 1539 1926 ἐσχάτων
1585 1858 1928 1923 κινδυνεύων,

262 1936 370 1989 τῶν
402 1936 660 2008 μαθητῶν
682 1939 924 2009 ἐκήδετο,
954 1941 1047 1994 καὶ
1081 1942 1180 2001 τάς
1208 1944 1496 2007 ἐπιστολάς
1523 1945 1779 2009 πολλάκις
1824 1948 1931 2000 ἀπὸ

264 2020 649 2094 δεσμωτηρίων
698 2025 902 2096 ἔγραφε
942 2030 1009 2099 τῇ
1058 2030 1201 2100 χειρί⁵
1234 2033 1298 2102 τῇ
1328 2030 1426 2102 τὴν
1464 2032 1653 2086 ἅλυσιν
1695 2050 1934 2105 περικει-

265 2112 421 2186 μένῃ,
452 2116 519 2184 τῇ
553 2112 700 2184 δεξιᾷ
724 2118 791 2185 τῇ
833 2115 1094 2191 δεδεμένη
1113 2134 1127 2145 ³
1154 2119 1250 2173 καὶ
1276 2121 1334 2172 ἐν
1362 2121 1695 2193 δικαστηρίῳ
1723 2120 1928 2188 εἰσιὼν,

264 2198 356 2252 καὶ
388 2198 599 2270 μέλλων
627 2200 855 2264 εὐθύνας
876 2204 1117 2274 ὑπέχειν,
1152 2206 1249 2259 καὶ
1284 2208 1384 2279 τὴν
1419 2209 1511 2262 ἐπὶ
1557 2208 1782 2263 θάνατον
1811 2210 1932 2280 ἀγε-

263 2285 420 2347 σθαι,
452 2287 517 2339 τό
569 2303 635 2355 γε
680 2290 759 2352 εἰς
794 2291 919 2354 τοὺς
958 2291 1276 2359 δικάζοντας
1323 2291 1477 2368 ἧκον,
1530 2296 1706 2350 πάντα
1746 2299 1932 2352 ἐκεῖνα

261 2373 440 2443 ἀφεὶς,
452 2374 545 2427 τὸν
557 2374 739 2443 φόϐον,
753 2376 843 2429 τὸν
859 2378 1120 2439 κίνδυνον,
1133 2379 1229 2445 τὰς
1247 2382 1494 2446 ἀπειλὰς,
1506 2384 1633 2446 τοὺς
1649 2385 1928 2450 θανάτους,

258 2462 359 2522 τὰς
374 2462 665 2531 τιμωρίας,
694 2462 795 2526 τὰς
815 2463 1084 2530 κολάσεις,
1105 2469 1232 2531 τοὺς
1252 2468 1497 2540 δημίους,
1515 2470 1624 2524 τῶν
1656 2473 1931 2543 ἀρχόντων

264 2548 357 2601 τὸν
367 2545 433 2600 θυ
440 2547 561 2617 μδν,
571 2547 678 2602 τῶν
688 2549 1142 2606 ἐπιϐουλευόντων
1155 2554 1222 2607 τά
1235 2557 1449 2627 μηχανή
1457 2574 1621 2627 ματα,
1634 2558 1733 2623 τάς
1751 2562 1934 2629 μάστι-

266 2650 395 2717 γας,
408 2633 520 2688 τῶν
536 2635 742 2689 πιστῶν
759 2638 1034 2710 ἐμέμνητο
1049 2640 1142 2694 καὶ
1162 2642 1220 2695 ἐν
1234 2644 1425 2714 ἐκείνῳ
1437 2645 1514 2715 τῷ
1531 2647 1707 2717 καιρῷ
1725 2663 1739 2676 ⁸
1758 2647 1934 2713 οὕτως

263 2716 335 2792 ἧν
375 2720 544 2776 αὐτοῦ
576 2723 611 2795 ή
647 2723 793 2796 ψυχὴ
835 2726 944 2780 τῶν
979 2728 1287 2801 συνδέσμων
1310 2716 1684 2803 ἀπαλλαγεῖσα
1707 2736 1800 2789 τοῦ
1835 2737 1933 2789 σὼο

264 2826 462 2879 ματος,
501 2810 665 2877 οὕτω,
710 2815 806 2866 καὶ
840 2814 899 2867 ἐν
952 2817 1117 2887 σαρκὶ
1152 2817 1566 2893 πολιτευομένη,
1608 2824 1707 2895 τῆς
1744 2825 1932 2895 ἁψῖδος

260 2897 543 2969 ἀντείχετο
572 2899 668 2970 τῆς
682 2900 957 2971 οὐρανίας,
977 2904 1073 2957 καὶ
1097 2904 1172 2968 ὡς
1198 2906 1336 2975 πρὸς
1355 2907 1455 2978 τὴν
1478 2909 1633 2962 ἐκεῖι
1670 2911 1935 2982 μεθορμι-

262 2984 478 3056 σαμένη
508 2985 683 3056 λῆξιν,
705 2986 878 3052 οὑτως
895 2988 1130 3054 ἅπαντα,
1160 2994 1254 3047 καὶ
1274 2996 1333 3046 ἐν
1358 2997 1427 3066 τῇ
1452 2999 1522 3067 γῇ
1556 2997 1928 3068 διατρίϐουσα,

261 3070 533 3143 ἔπραττε.
555 3073 667 3127 Καὶ
694 3074 781 3128 ῖνα
806 3075 1015 3148 μάθητε
1041 3078 1124 3131 ὅτι
1150 3080 1248 3150 οὐχ
1268 3081 1570 3154 ὑπερϐολῆς
1589 3086 1658 3138 τά
1685 3088 1926 3157 ῥήματα,

263 3157 389 3210 οὐδὲ
441 3158 732 3225 κολακείας
765 3162 835 3216 τά
877 3164 1162 3235 εἰρημένα,
1194 3168 1425 3223 ἄκουσον
1457 3171 1624 3225 αὐτοῦ
1650 3172 1811 3228 τοῦτο
1836 3174 1926 3228 λέ-

260 3262 455 3312 γοντος
471 3265 483 3278 .
508 3249 713 3314 Καθὼς
737 3249 972 3304 δίκαιον
988 3252 1115 3321 ἐμοὶ
1136 3253 1310 3310 τοῦτο
1324 3257 1569 3324 φρονεῖν
1586 3261 1719 3328 περὶ
1739 3263 1928 3330 ὑμῶν,

259 3331 362 3385 διὰ
391 3331 461 3387 τὸ
483 3332 646 3404 ἔχειν
669 3353 747 3405 με
776 3337 847 3390 ἐν
880 3337 955 3406 τῇ
991 3338 1202 3407 καρδίᾳ
1236 3341 1410 3412 ὑμᾶς.
1445 3344 1472 3384 ι’
1516 3345 1656 3398 Ἀλλ’
1692 3346 1844 3402 οὔπω
1869 3350 1930 3403 τὸ

260 3421 556 3510 εἰρημένον
604 3422 745 3493 μέγα
775 3423 910 3497 πρὸς
945 3426 1006 3478 τὸ
1051 3428 1421 3500 ῥηθησόμενον
1444 3444 1459 3459 ⁸
1512 3433 1658 3503 μέγα
1692 3436 1791 3505 μὲν
1819 3436 1943 3510 γὰρ’

384 3508 567 3598 τοῦτο,
590 3512 653 3563 τὸ
677 3512 734 3565 δὲ
766 3515 1101 3598 μετὰ-ταῦτα
1133 3518 1314 3586 πολλῷ
1345 3519 1532 3591 μεῖζον
1551 3540 1565 3553 ·
1594 3524 1765 3579 εἰπὼν
1796 3508 1923 3598 γὰρ,

260 3591 367 3646 Διὰ
392 3592 460 3645 τὸ
489 3592 653 3661 ἔχειν
669 3610 750 3664 με
771 3596 842 3650 ἐν
862 3596 935 3666 τῇ
959 3599 1171 3668 καρδίᾳ
1194 3600 1369 3672 ὑμᾶς,
1400 3605 1700 3676 ἐπήγαγεν,
1734 3591 1846 3663 Ἔα·
1864 3591 1930 3663 ἑά

260 3677 390 3744 τοῖς
430 3677 676 3749 δεσμοῖς
698 3700 842 3750 μου,
873 3686 972 3739 καί
1008 3687 1306 3759 ἀπολογίᾳ
1332 3689 1432 3744 καί
1469 3693 1787 3756 ,βεϐαιώσει
1821 3697 1925 3750 τοῦ

244 3761 642 3836 Εὐαγτελίου.
690 3769 853 3842 Ὁρᾷς
881 3771 998 3837 πῶς
1023 3774 1278 3830 οὐδέποτε
1317 3777 1417 3847 τῆς
1449 3779 1689 3845 διανοίας
1729 3785 1928 3849 αὐτοὺς

256 3852 560 3922 ἐξέϐαλενς
592 3856 654 3910 Εἰ
680 3856 790 3930 γὰρ
812 3857 1098 3931 δεσμάκαί
1129 3862 1452 3936 δικαστήρια
1487 3868 1582 3921 καὶ
1613 3869 1799 3933 ἅλυσις
1827 3873 1927 3926 οὑκ

254 3942 588 4014 ἐλυμαίνετο
627 3945 728 4016 τὴν
756 3948 1001 4019 μνήμην,
1036 3949 1217 4021 πολλῷ
1248 3953 1448 4023 μᾶλλον
1475 3958 1523 4008 οί
1556 3956 1656 4027 τῆς
1689 3958 1926 4025 ἀνέσεως

255 4029 467 4101 καιροί.
495 4030 599 4085 Διὰ
641 4032 708 4085 τὸ
737 4034 901 4103 ἔχειν
933 4052 1010 4105 με
1043 4037 1114 4091 ἐν
1141 4037 1217 4107 τῇ
1258 4040 1496 4110 καρδίῃ,
1532 4046 1716 4114 φησὶν,
1748 4046 1922 4114 ὑμᾶς.

267 4117 437 4190 Ὁρᾷς
470 4117 611 4171 κατά
641 4122 834 4191 μικρὸν
857 4122 948 4176 τὸν
976 4123 1134 4191 λόγον
1175 4126 1506 4199 αὑξόμενονς
1543 4131 1694 4201 Μέγα
1732 4136 1828 4204 μὲν
1866 4138 1927 4190 τὸ

254 4205 357 4258 καὶ
387 4207 448 4258 ἐν
472 4206 541 4276 τῇ
570 4206 763 4279 καρδίᾳ
796 4208 961 4279 ἔχειν,
993 4212 1172 4284 πολλῷ
1199 4214 1256 4267 δὲ
1289 4217 1473 4286 μεῖζον
1504 4219 1566 4272 τὸ
1591 4223 1683 4274 καὶ
1718 4225 1775 4275 ἐν
1806 4227 1925 4289 ταῖς

250 4291 520 4384 ἀλύσεσιν
542 4309 557 4323 ο
592 4293 707 4347 ἔστι
843 4298 1028 4367 μεῖζον
1051 4300 1115 4353 τὸ
1148 4311 1171 4340 ε
1216 4304 1310 4356 καὶ
1345 4307 1404 4360 ἐν
1425 4309 1490 4378 τῇ
1523 4309 1789 4384 ἀπολογίᾳ
1830 4314 1925 4367 καὶ

255 4378 557 4450 βεϐαιώσει
595 4381 688 4436 τοῦ
727 4383 1068 4453 εὐαγγελίου.
1111 4388 1373 4447 Ἐνταῦθα
1402 4395 1513 4467 γάρ
1550 4415 1639 4467 μοι
1664 4378 1809 4453 δοκεί
1836 4401 1924 4456 τὸν

253 4467 457 4539 καιρὸν
486 4467 842 4535 αἰνίττεσθαι,
886 4472 1010 4526 καθ’
1040 4474 1099 4530 ὃν
1139 4477 1274 4547 πρὸς
1303 4481 1430 4546 τοὺς
1466 4483 1784 4550 δικάζοντας
1814 4490 1926 4541 εἰσι

248 4554 422 4624 ήγετο
439 4554 535 4607 τὸν
555 4556 685 4626 περὶ
699 4556 808 4610 τῶν
822 4560 1065 4629 ἐσχάτων
1086 4564 1370 4635 ὑπομένων
1387 4569 1646 4627 κίνδυνον.
1668 4575 1773 4627 Καὶ
1784 4578 1918 4642 ἐκεῖ,

250 4645 446 4711 φησιν,
492 4642 684 4736 ἑστὼς,
727 4645 791 4699 οὐ
826 4647 986 4736 τοῦτο
1026 4651 1308 4718 ἐσκόπουν,
1349 4656 1499 4721 ὅπως
1546 4661 1921 4736 ἀπαλλαγείην

248 4729 364 4783 τῶν
393 4731 759 4801 ἐπικειμένων
795 4735 1077 4804 κινδύνων,
1106 4740 1228 4794 οὐδὲ
1267 4742 1385 4808 πῶς
1411 4729 1799 4819 διακρούσομαι
1824 4729 1922 4816 τάς

252 4816 596 4911 ἐπιϐουλάςὶ
633 4817 748 4911 ἀλλ’
777 4821 1075 4911 ἐντρυφῶν
1109 4821 1221 4898 [ἦν]
1269 4829 1423 4899 ὑμῶν
1465 4836 1532 4905 τῇ
1581 4816 1790 4911 ἀγάπῃ,
1828 4842 1922 4894 καὶ

249 4903 462 4957 ἀποῦσι
487 4903 899 4981 διαλεγόμενοςή
919 4910 1143 4965 καίοὖτε
1160 4914 1281 4968 ὁδοῦ
1306 4903 1649 4987 μῆκος,οῦτε
1666 4903 1922 4997 πραγμά-

249 5007 375 5081 των
384 4991 564 5081 δχλος,
584 4991 707 5081 οὔτε
727 4996 986 5081 κινδύνων
1012 5000 1261 5067 μέγεθος,
1289 5003 1411 5059 οὔτε
1432 4991 1719 5079 ἀρχόντων⁷
1734 4991 1916 5081 φόϐος,

246 5075 316 5128 οὐ
347 5075 541 5171 δήμων
580 5077 967 5143 ἐπανάστασις,
1003 5083 1064 5135 οὑ
1100 5084 1325 5152 θάνατος
1367 5075 1664 5162 ὁρώμενος,
1695 5075 1757 5150 ού
1789 5075 1917 5171 ξίφη

246 5158 631 5231 γυμνούμενα,
657 5163 716 5216 οὐ
759 5164 967 5237 δημίων
994 5168 1192 5243 πλήθη,
1234 5175 1335 5229 οὐκ
1360 5158 1497 5232 ἀλλο.
1528 5181 1636 5234 τῶν
1654 5158 1919 5243 τοιούτων

309 5334 340 5423 ἒ
369 5329 496 5423 lact:
519 5333 1062 5423 τξτξίῃμεθὲρμίῗσθᾳξ
1094 5347 1381 5423 γοοωεωοε,
1422 5367 1590 5406 monet
1626 5357 1915 5423 Mallheius.

239 5392 375 5482 5:9,;
381 5393 600 5482 $31.3:
608 5392 1178 5482 Ρῖἔ.ι5ῗ9ἕριέ999ιμέν9υεὲ
1192 5392 1353 5482 ἶιῖιῦἶ
1367 5392 1714 5482 ἠᾶῗξῖιῖκὶἰῖἒ
1725 5392 1917 5477 ῗὶιῖὲῗιῖἰ

242 5459 565 5532 regimina}.
575 5459 852 5532 ‘l‘egendum'
872 5459 983 5532 σερε
1001 5459 1455 5532 ’μεθορμισαμένουξξ

306 5515 838 5602 ξιξῖαξῖῗὲίῖῗῇυῗίῖἓῗ
875 5524 935 5602 1d
961 5515 1478 5592 έπῆγαέένίέῖὶῶῗε
1505 5543 1782 5596 novissimis
1810 5551 1917 5602 edi-

241 5577 439 5628 toribus
458 5580 684 5640 supplela
719 5577 848 5634 ειῐοσ.
873 5577 1008 5636 Enn.

307 5646 329 5672 ε
356 5640 498 5695 fon.
519 5641 621 5689 ἐστι
642 5644 694 5693 δέ
718 5647 935 5707 μέγιστον
953 5649 1022 5699 τό.
1052 5650 1138 5701 νει
1166 5654 1264 5704 ἐστι
1289 5658 1341 5707 δέ
1371 5661 1449 5710 καί
1479 5663 1633 5725 μεῖζον
1660 5668 1712 5717 τὸ
1738 5672 1835 5722 καί.

1078 252 1169 309 VII
1202 194 1507 322 HOMIL‘IA,
1548 254 1747 312 ΜΕΤΑ
1787 254 1851 309 IN
1891 257 2171 315 TEMPLO
2211 262 2269 317 S.
2297 262 2734 325 ANASTASIE.

3482 304 3490 311 .
3599 263 3701 321 596

2036 375 2189 429 οὐδὲν
2210 377 2390 448 ἀπῆγέ
2424 396 2491 449 με
2519 380 2616 451 τῆς
2650 381 2922 452 ὑμετέρας
2949 381 3188 452 μνήμης.
3223 383 3386 436 υύδέν
3415 382 3525 453 γάρ
3556 383 3695 451 ἀγά-

2034 476 2142 528 πης
2169 462 2658 533 τυραννικώτερον,
2693 464 2844 517 οὐδὲν
2873 464 3043 535 αὐτῆς
3086 463 3412 535 ὑψηλότερον
3432 485 3445 498 ·
3478 467 3696 521 πάντων

2032 545 2290 619 ἀνωτέρω
2308 547 2417 601 τῶν
2451 548 2620 620 βελῶν
2648 549 2850 603 τούτων
2872 550 3116 614 ἴπταται,
3143 551 3238 604 καὶ
3261 550 3562 623 ὑψηλοτέρα
3583 552 3695 606 τῶν

2031 632 2125 687 τοῦ
2154 634 2399 690 διαϐόλου
2428 637 2688 707 καλάμων
2718 637 2887 703 ἐστὶν,
2917 636 3027 691 ἀπὺ
3060 638 3159 706 τῆς
3189 639 3436 711 κορυφῆς
3460 639 3568 692 τῶν
3598 640 3696 694 οὑ-

2036 721 2213 792 ρανῶν
2239 722 2453 799 ἀπάντα
2474 724 2879 780 κατοπτεύουσα
2897 742 2912 759 °
2934 728 3028 781 καὶ
3044 727 3296 797 καθάπερ
3321 728 3525 797 ἀνέμου
3548 724 3696 799 ῥύμη

2035 796 2267 873 ραγδαίά
2299 808 2717 878 προσπίπτουσα
2736 808 3056 880 ἐνοχλοῦσαν
3083 810 3228 864 κόνιν
3252 796 3531 873 ἀποσοϐεῖ,
3549 796 3695 863 οὕτω

2034 887 2127 941 καὶ
2150 889 2182 957 ἡ
2214 889 2313 959 τῆς
2337 890 2558 961 ἀγάπης
2581 894 2733 961 ἰσχὺς
2756 892 2866 946 τῶν
2884 893 3070 947 παθῶν
3098 895 3313 947 πάντων
3338 894 3434 965 τὴν
3462 893 3698 966 προσϐο-

2031 973 2131 1045 λὴν
2153 977 2444 1031 ἀποσοϐεῖν
2466 979 2673 1035 εἴωθεν.
2705 983 2770 1035 Ὂ
2798 980 2863 1053 δὴ
2890 982 2986 1035 καὶ
3020 982 3112 1035 ἐπὶ¹
3134 981 3345 1035 Παύλου
3381 983 3660 1038 συνέϐαινε
3676 996 3692 1011 ⁸

2033 1062 2128 1116 καὶ
2151 1064 2259 1135 γάρ
2289 1066 2566 1137 ἀρκοῦσαν
2597 1064 2742 1139 εἶχεν
2771 1071 2830 1123 ἐν
2855 1069 3026 1124 ἅπασι
3055 1069 3405 1140 παραμυθίαν
3429 1071 3535 1126 τῶν
3556 1073 3695 1141 ἀγα-

2033 1150 2300 1219 πωμένων
2331 1152 2429 1225 τὴν
2464 1159 2758 1227 σωτηρίαν,
2791 1157 2894 1226 τήν
2928 1158 3186 1228 μνήμην.
3227 1156 3293 1210 Τί
3322 1157 3377 1211 δέ
3408 1159 3543 1224 ἐστι,
3582 1160 3692 1211 Βε-

2032 1237 2267 1293 ϐιιιώσει
2296 1233 2401 1295 τοῦ
2419 1244 2812 1313 wary-sliat);
2843 1246 2903 1298 Εἰ
2936 1244 3045 1317 γάρ
3064 1246 3157 1298 καὶ
3189 1244 3285 1316 μία
3312 1248 3346 1316 ή
3368 1244 3530 1309 λέξις,
3558 1244 3695 1297 ἀλλά

2032 1324 2266 1395 πέλαγος
2296 1329 2497 1400 ἀχανὲς
2525 1331 2635 1402 ἔχει
2672 1332 2992 1403 νοημάτων
3032 1334 3127 1387 καὶ
3157 1332 3362 1403 ταύτην
3389 1331 3694 1397 ἀναπτύξαι
3720 1322 3728 1333 ’

2032 1417 2396 1488 πειράσομαι,
2446 1422 2540 1475 καὶ
2592 1422 2930 1493 πανταχόθεν
2981 1423 3150 1496 αὐτὴν
3198 1421 3691 1495 περιεργάσασθαι.

2032 1503 2383 1577 Μαργαρίτης
2414 1510 2522 1580 γάρ
2560 1511 2707 1564 ἐστιν
2748 1513 2777 1564 ό
2823 1511 2917 1564 τοῦ
2946 1510 3080 1564 Θεοῦ
3130 1510 3306 1579 λόγος,
3340 1510 3427 1563 διὰ
3474 1510 3692 1563 πάντων

2027 1590 2389 1663 ἀπολάμπων,
2424 1597 2527 1650 οὑκ
2574 1599 2632 1650 ἐν
2665 1598 2742 1668 τῷ
2780 1597 2975 1670 πλήθει
2999 1597 3109 1652 τῶν
3145 1599 3429 1670 ῥημάτων,
3469 1598 3584 1651 ἀλλ’
3633 1602 3693 1653 ἐν

2031 1676 2332 1752 βραχύτητι
2361 1681 2560 1747 πολλὴν
2600 1685 2862 1755 ῥημάτων
2903 1683 3212 1757 [νοημάτων
3229 1683 3272 1757 ἳ]
3301 1684 3532 1755 δύναμιν
3570 1686 3693 1738 ἐπι-

2026 1763 2398 1836 δεικνύμενος.
2444 1769 2607 1824 Ἀλλά
2633 1772 2978 1843 διανάστητε,
3006 1773 3103 1827 καὶ
3125 1772 3319 1843 ὄψεσθε
3366 1773 3531 1826 πόσον
3558 1774 3692 1846 ήμῖν

2027 1850 2300 1924 θησαυρὸν
2332 1855 2473 1929 αὕτη
2497 1857 2594 1927 τῆς
2621 1858 2818 1924 λέξεως
2845 1863 2878 1932 ή
2910 1860 3137 1931 δύναμις
3167 1860 3555 1915 ἀνακαλύπτει.

2100 1938 2249 2012 [359]
2280 1949 2353 2010 γ’.
2387 1944 2453 1997 Τί
2496 1945 2674 1998 τοίνυν
2717 1947 2834 2000 ἐστὶ
2878 1947 3166 2018 βεϐαίωσις
3219 1948 3561 2017 εὐαγγελίου,
3597 1950 3693 2003 καὶ

2026 2027 2185 2081 ποίαν
2209 2029 2497 2098 βεϐαίωσιν
2520 2035 2837 2103 εὐαγγελίου
2860 2039 3037 2102 καλεῖ,
3060 2040 3155 2094 καὶ
3180 2040 3325 2105 τίνος
3345 2040 3529 2093 ἕνεκεν
3555 2035 3690 2093 ταύ-

2025 2131 2125 2183 της
2160 2118 2433 2188 μέμνηται
2448 2121 2545 2192 τῆς
2571 2121 2788 2190 λέξεως,
2806 2126 3173 2198 δικαστηρίων
3194 2129 3287 2181 καὶ
3301 2123 3691 2199 δεσμωτηρίων

2029 2204 2119 2256 καὶ
2166 2205 2409 2272 ἁλύσεως
2450 2211 2872 2280 μνημονεύσας;
2919 2213 3110 2267 Ἦνίκα
3154 2215 3214 2271 τὸ
3254 2215 3517 2286 κήρυγμα
3567 2230 3692 2267 κατ-

2031 2293 2245 2364 εσπάρη
2281 2295 2515 2369 (ἀνάγκη
2547 2299 2657 2371 γὰρ
2683 2300 2943 2372 ἀνωτέρω
2967 2302 3058 2355 τὸν
3094 2301 3250 2370 λόγον
3278 2304 3526 2370 ἀγαγεῖν,
3549 2298 3690 2353 ὥστε

2028 2382 2367 2452 σαφεστέραν
2403 2386 2629 2456 ποιῆσαι
2650 2387 2749 2457 τὴν
2777 2387 3168 2455 διδασκαλίαν),
3204 2388 3413 2445 πολλῶν
3445 2386 3688 2460 θορύϐων

2026 2467 2205 2521 πάντα
2244 2471 2598 2543 ἐπληροῦτο,
2647 2475 2745 2528 κο.)⁵
2794 2477 3040 2547 ταραχῆς
3096 2472 3165 2546 ἦν
3215 2478 3431 2532 ἅπαντα
3491 2473 3686 2547 μεστά.

2038 2552 2255 2625 Ἐπειδὴ
2289 2557 2399 2629 γὰρ
2423 2558 2614 2615 ἕνδεκα
2656 2560 2808 2626 ὄντες
2853 2562 3004 2633 μόνοι
3051 2563 3189 2634 πρὸς
3232 2564 3329 2635 τὴν
3366 2562 3690 2633 οἰκουμένην

2030 2643 2452 2711 παρετάττοντο.
2484 2647 2721 2702 παλαιάν
2740 2649 3201 2722 ἀναμοχλεύοντες
3228 2649 3533 2720 συνήθειαν,
3559 2664 3689 2719 χρο·

2028 2724 2145 2779 νίαν
2185 2729 2547 2798 καταλύοντες
2591 2736 2821 2807 πλάνην,
2858 2738 3111 2809 πατέρων
3161 2738 3255 2791 καὶ
3309 2737 3549 2791 πάππων
3595 2736 3692 2790 καὶ

2025 2817 2308 2885 προγόνων
2334 2822 2730 2894 ἀνατρέποντες
2762 2825 2984 2896 νόμους,
3013 2827 3081 2879 τὰ
3122 2826 3324 2897 πάτρια
3349 2825 3457 2879 τῶν
3482 2824 3690 2878 πόλεων

2025 2903 2123 2974 έθη
2166 2906 2577 2975 διασαλεύοντες
2622 2912 2716 2966 καὶ
2749 2913 3160 2985 καθαιροῦντες,
3194 2915 3290 2968 καὶ
3319 2915 3413 2969 ἀπ’
3440 2915 3689 2979 ἐναντίας

2026 2993 2160 3045 πᾶσι
2190 2994 2573 3066 φθεγγόμενοι,
2618 3000 2950 3070 φιλοσόφοις,
3001 3004 3277 3073 ῥήτορσιν,
3315 3003 3562 3073 ἄρχουσι,
3611 3002 3688 3056 δι-

2023 3083 2272 3148 κασταῖς,
2290 3083 2593 3153 τυράννοις,
2613 3087 2676 3157 δή
2684 3087 3247 3157 μοις,δούλοις,ὲλευθέ
3254 3106 3391 3160 ροις,
3408 3090 3686 3160 γηπόνοις,

2022 3166 2285 3232 ναύταις,
2346 3170 2585 3240 πόλεμος
2628 3174 3012 3247 ἀνερριπίζετο
3055 3176 3324 3246 χαλεπὸς.
3381 3177 3497 3240 καὶ,
3548 3177 3687 3247 ὅπερ

2022 3253 2195 3327 ἔφθην
2237 3257 2427 3323 εἰπὼν,
2480 3259 2694 3315 ἅπαντα
2743 3261 2986 3333 θορύϐων
3034 3259 3103 3334 ἦν
3153 3264 3356 3334 μεστά·
3408 3263 3685 3337 πανταχοῦ

2023 3344 2278 3414 κρημνοὶ,
2337 3348 2611 3418 πανταχοῦ
2659 3349 2932 3414 σκόπελοι,
2984 3352 3078 3404 καὶ
3123 3352 3222 3422 οὐχ
3260 3351 3404 3406 οὕτω
3449 3351 3686 3408 θάλαττα

2024 3431 2346 3503 μαινομένη,
2375 3434 2469 3487 καὶ
2496 3436 2599 3488 ὑπὸ
2621 3436 2732 3490 τῶν
2762 3438 3019 3492 ἐναντίων
3049 3440 3376 3510 πνευμάτων
3397 3439 3685 3494 διακοπτο-

2024 3515 2159 3588 μένη
2190 3520 2537 3592 ταράττεται,
2565 3523 2641 3586 ὡς
2669 3525 2702 3594 ή
2732 3525 3024 3598 οἰκουμένη
3054 3527 3174 3581 τότε
3200 3527 3388 3582 ἆπασα
3409 3526 3684 3597 κεκίνητο,

2021 3603 2130 3658 τῶν
2162 3605 2263 3672 μὲν
2311 3608 2558 3664 παλαιῶν
2588 3612 3000 3685 ἀνασπωμένων
3038 3614 3176 3668 ἐθῶν
3210 3615 3318 3669 τῶν
3351 3616 3409 3670 ἐν
3446 3614 3686 3686 τοσούτῳ

2021 3691 2196 3763 χρόνῳ
2228 3695 2535 3763 παγέντων,
2571 3699 2663 3751 καὶ
2695 3700 2794 3754 οὐκ
2819 3703 2877 3754 ἐν
2914 3703 3016 3773 μιᾷ
3041 3704 3134 3757 καὶ
3156 3702 3249 3756 δύο
3273 3705 3368 3757 καὶ
3400 3702 3549 3775 τρισὶ
3584 3703 3685 3758 πό-

2021 3777 2188 3846 λεσιν,
2237 3779 2376 3835 ἀλλὰ
2417 3784 2693 3855 πανταχοῦ
2735 3787 2835 3855 τῆς
2871 3789 3215 3860 οἰκουμένης,
3242 3789 3445 3844 καινῶν
3474 3789 3531 3845 δὲ
3569 3792 3682 3844 εἰσ·

2020 3866 2308 3936 ἀγομένων
2349 3869 2658 3939 δογμάτων,
2693 3874 2788 3926 καὶ
2820 3868 2897 3928 ὧν
2935 3875 3108 3940 οὐδεὶς
3139 3876 3388 3930 οὐδέποτε
3420 3878 3685 3949 πρότερον

2019 3953 2268 4024 ήκουσεν.
2312 3956 2593 4011 Ἐντεῦθεν
2640 3960 2953 4032 ἀκήρυκτος
2982 3963 3117 4034 πρὸς
3157 3964 3357 4027 αὐτοὺς
3401 3959 3468 4034 ἦν
3510 3964 3685 4020 ἆπασι

2020 4040 2254 4111 πόλεμος
2270 4058 2283 4071 ·
2303 4045 2396 4098 καὶ
2411 4045 2520 4117 γὰρ
2539 4048 2713 4112 οἰκίας
2727 4049 2968 4122 διῄρουν,
2984 4053 3077 4106 καὶ
3095 4054 3409 4123 συγγενείας
3424 4053 3679 4107 διέσπων·

2020 4128 2180 4200 ἡγὰρ
2205 4130 2299 4183 τοῦ
2326 4132 2678 4204 κηρύγματος
2701 4137 2863 4205 φύσις
2884 4138 2987 4209 ὁδῷ
3008 4139 3320 4210 βαδίζουσα,
3345 4141 3439 4196 καί⁵
3456 4140 3682 4206 πολλοὺς

2018 4219 2385 4300 οἰκξουμένη,
2416 4221 2683 4293 πολέμους
2726 4224 2957 4296 καθίστη
2989 4229 3100 4289 τοῖς
3130 4228 3205 4300 μὴ
3249 4228 3551 4300 δεχομένοις
3586 4227 3683 4283 τὸν

2018 4276 2335 4374 ἠςθεύσεϐε
2343 4276 2428 4372 ίάς
2473 4276 2648 4379 λόγον,
2662 4276 2793 4366 ’κᾷί

2016 4393 2273 4459 γυναικὸς
2303 4396 2442 4468 ἀνὴρ
2474 4399 2820 4470 κατεφρόνει,
2866 4402 2960 4457 καὶ
2991 4402 3248 4457 δεσπόται
3279 4404 3516 4469 οἰκέταις
3548 4406 3679 4457 ἐποοο

2014 4477 2236 4549 λέμουν,
2267 4482 2361 4538 καὶ
2400 4485 2721 4557 ἀρχομένοις
2752 4488 3031 4560 ἄρχοντες,
3065 4490 3162 4544 καὶ
3195 4491 3394 4555 παντὸς
3414 4491 3679 4562 ἐμφυλίου

2016 4566 2257 4651 πολέμου
2289 4572 2605 4643 πικρότερος
2636 4570 2788 4639 οὗτος
2819 4572 2886 4648 ἦν
2907 4593 2922 4609 ο
2953 4578 3007 4631 εἰ
3028 4595 3094 4647 γε
3132 4579 3366 4651 πόλεμον
3392 4580 3553 4634 αὑτὸν
3582 4598 3680 4634 κα-

2013 4645 2125 4702 λεῖν
2170 4650 2298 4723 χρὴ.
2331 4654 2447 4707 ἀλλ’
2481 4657 2581 4709 οὐκ
2619 4658 2746 4712 ἀλλο
2774 4645 3055 4714 τιτούτου
3085 4645 3399 4733 βαρύτερον.
3463 4664 3550 4718 Ἐν
3579 4666 3677 4737 μέν

2013 4739 2123 4825 γάρ
2146 4742 2258 4803 τοῖς
2287 4741 2543 4813 πολέμοις
2571 4745 2630 4810 ἐξ
2665 4746 2786 4819 ίσης
2816 4749 2886 4801 τά
2911 4750 3010 4821 τῆς
3032 4752 3407 4822 παρατάξεως,
3429 4755 3523 4807 καὶ
3546 4754 3673 4825 βάλ-

2012 4822 2094 4914 λει
2129 4827 2239 4914 καίζ
2272 4827 2526 4914 βάλλεται
2563 4833 2798 4904 ἑκάτερα
2825 4837 2892 4889 τά
2943 4839 3279 4908 στρατόπεδα
3298 4857 3312 4872 ’
3342 4841 3465 4894 τότε
3489 4822 3556 4895 δέ*
3578 4844 3677 4914 οὑχ

2012 4906 2184 4972 οὕτως
2209 4906 2296 4982 ἦν,
2329 4913 2444 4965 ἀλλ’
2472 4916 2500 4967 ὁ
2530 4915 2629 4983 μέν
2650 4918 2737 4970 ἐπ’
2762 4906 3019 4984 ἐξουσίας
3035 4921 3311 4994 ἐπολέμει,
3332 4927 3380 4979 οἱ
3407 4925 3463 4979 δέ
3491 4906 3679 4980 ἐπολέλ

2016 4995 2211 5087 μοῦντο
2233 4999 2423 5087 μόνον,
2457 5002 2671 5070 βάλλειν
2703 5005 2760 5059 δέ
2794 5007 2975 5072 αὐτοῖς
3007 5010 3107 5063 οὐκ
3136 5012 3303 5083 ἐχρῆν
3336 5011 3527 5087 [ἐξῆν].
3554 5014 3676 5073 οὐδὲ

2012 5079 2316 5170 ἀμύνεσθαι
2349 5087 2475 5149 τοὺς
2505 5088 2981 5156 ἐπιϐουλεύοντας·
3008 5092 3150 5148 οὑτω
3307 5079 3349 5151 δ’
3363 5079 3461 5168 τῆς
3486 5079 3676 5170 παρα-

2011 5166 2215 5255 τάξεως
2247 5174 2550 5243 στρατηγὸς
2586 5178 2825 5246 ἐκέλευε,
2853 5180 3023 5249 λέγων
3043 5197 3056 5211 ·
3109 5166 3482 5240 Ἀποστέλνίω
3518 5166 3677 5255 ὑμᾶς

2010 5246 2215 5321 ὥσπερ
2234 5256 2521 5339 Δεπτρόόἰιῗτιι
2548 5258 2619 5312 ἐν
2640 5262 2811 5331 μέσῳ
2844 5246 3077 5318 λύκων·
3116 5267 3357 5335 γίνεσθε
3383 5264 3497 5324 οὖν
3529 5246 3675 5339 ςέρό-ἱ

2011 5347 2170 5422 κιμοι
2213 5336 2294 5401 ὠς
2333 5340 2388 5390 οἰ
2431 5338 2616 5409 ὄφεις,
2651 5344 2749 5399 καί
2795 5345 3058 5415 ἀκέραιοι
3096 5349 3177 5415 ὠς
3208 5353 3268 5404 αἱ
3310 5336 3675 5422 περιστεραί.

2012 5420 2123 5473 Καὶ
2135 5424 2244 5487 τοῖς
2262 5424 2704 5484 ἐπιϐουλεύουσιν
2725 5432 2785 5484 οὐ
2806 5434 2965 5503 μόνον
2985 5436 3260 5501 ἐπεξιέναι
3286 5440 3384 5492 οὐκ
3400 5420 3674 5507 ἐκέλευεν,

2011 5507 2149 5562 ἀλλά
2179 5512 2273 5565 καὶ
2315 5515 2576 5586 παρέχειν
2606 5520 2876 5593 ἐντρυφᾷν
2905 5525 2970 5596 τῇ
3017 5525 3294 5599 παροινία,
3316 5527 3490 5598 λέγων
3521 5528 3549 5571 ιι
3570 5549 3583 5562 ’
3615 5532 3676 5586 τδ

2080 5674 2109 5721 οι
2130 5674 2672 5738 Μυειὴαιὶηεάεῖοοάυιη
2699 5690 2887 5751 conjici!
2905 5697 3208 5761 participium
3230 5697 3392 5759 λέγων.
