4092 6206
358 292 463 351 ‘97

350 418 462 488 γάρ
518 416 619 488 τὴν
663 412 845 481 δεξιάν
899 408 1154 483 στρέφειν
1202 408 1447 480 σιαγόνα,
1490 407 1585 462 καὶ
1648 404 1718 459 τά
1767 401 2014 475 πρόϐατα

353 504 594 577 πέμπειν
623 504 681 557 ἐν
712 501 864 574 μέσῳ
882 498 1083 563 λύκων,
1115 498 1269 552 οὐδὲν
1293 497 1421 552 ἀλλο
1453 496 1746 550 αἰνίττεται
1775 491 1808 564 ἤ
1847 492 1928 544 δτι
1954 490 2016 543 τὸ

353 594 585 666 πάσχειν
616 591 801 652 αὐτοῖς
832 585 1266 658 συνεκλήρωσεν,
1299 586 1385 639 ἴνα
1412 582 1793 654 λαμπρότερον
1816 579 1878 633 τὸ
1898 579 2017 650 τρό-

352 699 515 738 παιον
543 679 787 750 γένηται.
818 676 978 740 Πῶς;
1013 675 1136 729 Ὀτι
1168 673 1357 728 ἕνδεκα
1386 673 1538 735 ὄντες
1565 670 1666 740 τῆς
1694 666 2017 737 οἰκουμένης

355 767 754 842 περιεγένοντο,
781 765 864 818 ὃτι
909 763 1232 833 πάσχοντες,
1272 762 1331 815 ού
1366 759 1665 823 ποιοῦντες,
1702 756 2016 826 βαλλόμενοι

353 857 449 912 xal
466 855 528 910 ού
558 853 865 925 βάλλοντες,
889 848 1361 919 ἐπιϐουλευόμενοι
1392 848 1487 901 καὶ
1509 849 1610 900 οὐκ
1643 842 2018 898 ἐπιϐουλεύον-

351 961 466 1009 τες,
498 940 883 1015 μαστιζόμενοι
909 938 1002 991 καὶ
1038 937 1098 990 ού
1146 934 1518 1006 μαστίζοντετ,
1559 932 1898 1003 ἐλαυνόμενοι
1925 930 2019 985 καὶ

352 1034 455 1089 οὐκ
484 1029 816 1091 ἐλαύνοντες,
850 1023 1168 1094 διωκόμενοι
1210 1023 1302 1076 καὶ
1333 1022 1393 1075 ού
1422 1020 1726 1084 διώκοντες,
1770 1016 2022 1087 ἀναιρού-

359 1137 508 1192 μενοι
533 1118 630 1173 καὶ
660 1118 761 1171 οὐκ
801 1110 1171 1185 ἀναιροῦντες,
1215 1110 1310 1164 καὶ
1337 1110 1440 1176 ὅτι,
1481 1107 1730 1179 καθάπερ
1772 1106 2020 1178 πρόϐατα

356 1210 440 1272 είς
469 1204 678 1276 σφαγὴν
704 1201 1058 1273 προκείμενα,
1090 1200 1214 1261 τοὺς
1235 1197 1431 1262 λύκους
1459 1198 1704 1259 ἅπαντας
1724 1195 1858 1268 πρὸς
1885 1210 2021 1265 προ-

356 1296 536 1350 ϐάτων
560 1291 876 1363 ἡμερότητα
903 1285 1255 1360 μετέϐαλλον,
1302 1286 1429 1349 τοὺς
1462 1283 1840 1355 μαινομένους,
1894 1282 2023 1344 τοὺς

358 1384 535 1451 φόνων
578 1378 864 1443 πνέοντας,
892 1376 1020 1441 τοὺς
1048 1375 1256 1445 Θηρίων
1289 1373 1656 1446 ἀγριωτέρους
1679 1372 2024 1444 γινομένους.

356 1471 658 1543 τρέχοντος
699 1466 881 1521 τοίνυν
918 1464 1012 1519 τοῦ
1046 1464 1206 1533 λόγου
1246 1463 1462 1533 καὶτῆς
1490 1461 1770 1525 εὐσεϐείας
1801 1477 2029 1532 σπειρο-

361 1560 555 1631 μένης,
581 1553 919 1626 πανταχόθεν
943 1553 1244 1623 ἀνήπτοντο
1279 1550 1451 1621 πυραὶ
1488 1548 1584 1602 καὶ
1615 1548 1899 1618 ἀπέχθειαι
1926 1547 2020 1600 καὶ

358 1644 606 1715 πόλεμοι,
635 1641 759 1713 οὐχὶ
788 1642 900 1704 τοῖς
925 1638 1266 1700 διδασκάλοις
1292 1637 1473 1706 μόνον,
1501 1634 1636 1689 ἀλλά
1666 1635 1889 1697 καὶτοῖς
1918 1650 2020 1705 μα-

360 1729 764 1802 θητευομένοις.
820 1725 987 1796 Ὁμοῦ
1035 1725 1145 1795 γάρ
1191 1742 1276 1788 τις
1328 1723 1546 1787 ἐδέξατο
1580 1721 1671 1775 τὸν
1716 1720 1893 1790 λόγον,
1927 1721 2022 1774 καὶ

359 1815 537 1881 κοινὸς
569 1814 826 1887 πολέμιος
850 1809 1064 1882 περιῄει
1087 1812 1242 1874 πᾶσι,
1270 1810 1363 1863 καὶ
1391 1807 1540 1880 [360]
1572 1807 1827 1877 πατρίδος
1850 1805 2021 1876 ήλαύ·

336 1923 502 1967 ινετο,
542 1903 637 1957 καὶ
678 1901 816 1973 πρὸς
847 1899 943 1971 τὴν
978 1896 1277 1969 ὑπερορίαν
1320 1894 1670 1966 μετῳκίζετο,
1703 1894 1797 1946 καὶ
1837 1891 2025 1955 οὐσίας

362 1993 646 2061 ἐξέπιπτε,
674 1989 770 2044 καὶ
790 1988 919 2060 περὶ
937 1987 1036 2057 τῆς
1051 1983 1361 2053 ἐλευθερίας
1384 1982 1575 2053 αὐτῆς,
1609 1980 1807 2052 μᾶλλον
1827 1980 1885 2033 δὲ
1898 1979 2024 2050 περὶ

361 2080 527 2136 αὐτοῦ
554 2077 650 2135 τοῦ
681 2077 781 2149 ζῇν
828 2073 1163 2130 ἐκινδύνευεν
1186 2088 1201 2103 ·
1229 2073 1323 2124 καὶ
1359 2070 1510 2123 οὐδὲν
1558 2071 1711 2139 ῐσχυε
1756 2067 1879 2121 τότε
1924 2069 2025 2136 τῆς

365 2168 583 2237 φύσεως
610 2167 645 2238 ή
685 2163 956 2237 τυραννὶς,
980 2159 1094 2215 ἀλλ’
1127 2161 1260 2232 ὅπερ
1287 2156 1457 2229 ἐφθην
1482 2153 1671 2216 εἰπὼν,
1712 2152 1807 2208 καὶ¹
1839 2152 2025 2216 παῖδες

360 2250 792 2325 κατεφρονοῦντο
812 2289 829 2313 ,
878 2247 973 2303 καὶ
1018 2246 1237 2315 ἀδελφοί
1294 2244 1392 2298 καὶ
1437 2243 1714 2310 συγγενεῖς
1769 2242 1827 2293 ἐν
1875 2238 2024 2302 τάξει

360 2341 639 2413 πολεμίων
673 2333 837 2409 ἦσαν,
884 2335 979 2389 xal
1011 2332 1148 2405 μετά
1177 2331 1286 2385 τῶν
1328 2328 1662 2383 διδασκάλων
1700 2327 1751 2380 οἱ
1789 2324 2026 2397 μαθηταὶ⁸

359 2429 428 2485 τά
461 2411 735 2501 ἀνήκεστα
758 2425 1016 2493 ἔπασχον.
1045 2421 1155 2474 Kal
1182 2418 1359 2490 ταῦτα
1384 2415 1522 2471 αύτά
1556 2413 1731 2484 δηλῶν
1753 2414 1782 2466 ὁ
1816 2411 2025 2475 Παῦλος

362 2498 581 2587 ῖλεγενο
627 2506 1181 2581 ⁹Ἀναμιμνήσκεσθε
1199 2504 1310 2575 γὰρ
1337 2503 1444 2570 τὰς
1467 2504 1761 2587 πρότερον*
1779 2498 2022 2569 ἡμέρας,

360 2603 433 2656 ἐν
457 2584 555 2665 αἷς
584 2593 980 2667 φωτισθέντες
1000 2589 1245 2656 πολλὴν
1260 2587 1522 2654 ἄθλησιν
1553 2584 1903 2654 ὑπεμείνατε
1922 2597 2028 2634 πα-

362 2685 656 2757 θημάτων,
678 2681 852 2735 τοῦτο
876 2678 995 2748 μὲν
1017 2674 1378 2745 ὀνειδισμοῖς
1397 2674 1498 2729 καί
1529 2674 1774 2743 θλίψεσι
1805 2676 2026 2742 θεατρι-

362 2775 613 2844 ζόμενοι,
649 2767 827 2823 τοῦτο
862 2765 932 2819 δέ
976 2762 1248 2819 κοινωνοί
1288 2760 1409 2816 τῶν
1445 2762 1632 2827 οὕτως
1662 2760 2028 2827 ἀναστρεφο-

357 2861 559 2933 μένων
596 2855 964 2929 γενηθέντες.
1015 2850 1125 2906 Καί
1152 2853 1264 2919 γὰρ
1310 2848 1434 2915 τοῖς
1463 2847 1731 2918 δεσμίοις
1762 2860 2025 2899 συνεπα-

364 2929 612 3016 θήσατε,
662 2942 762 2997 καί
802 2938 917 3008 τὴν
948 2935 1229 3009 ἁρπαγὴν
1277 2933 1395 2989 τῶν
1420 2934 1814 3003 ὑπαρχόντων
1861 2929 2029 3000 ὑμῶν

357 3037 507 3109 μετά
548 3032 737 3105 χαρᾶς
769 3027 1237 3100 προσεδέξασθε,
1271 3025 1667 3097 γινώσκοντες
1690 3023 1855 3091 ἔχειν
1872 3019 2021 3091 ὑμᾶς

364 3108 697 3193 κρείσσονα
732 3116 994 3187 ὕπαρξιν
1019 3115 1089 3169 ἐν
1120 3112 1397 3182 οὐρανοῖς
1434 3112 1535 3166 καί
1562 3109 1892 3181 μένουσαν.
1917 3108 2028 3162 Kal

363 3212 532 3268 πάλιν
555 3204 1038 3264 Θεσσαλονικεῦσιν
1065 3200 1395 3257 ἐπιστέλλων
1422 3199 1607 3267 ἐλεγεν
1636 3215 1650 3229 ·
1686 3196 1885 3266 Ὑμεῖς
1914 3196 2025 3266 γὰρ

361 3295 606 3369 μιμηταὶ
631 3292 968 3364 ἐγενήθητε,
1016 3287 1285 3358 ἀδελφοί,
1332 3285 1451 3341 τῶν
1498 3281 1872 3351 Ἐκκλησιῶν
1910 3281 2030 3336 τῶν

364 3367 571 3440 οὐσῶν
612 3382 684 3436 ὲν
715 3378 787 3449 τῇ
834 3377 1116 3443 Ἰουδαίᾳ,
1152 3374 1241 3429 ὅτι
1269 3374 1369 3427 καί
1400 3371 1568 3442 ὑμεῖς
1602 3370 1675 3424 τὰ
1700 3370 1853 3424 αὐτὰ
1882 3367 2025 3423 ἐπά-

367 3477 498 3527 θετε
530 3468 648 3527 ὑπὸ
670 3466 791 3521 τῶν
823 3464 988 3520 ίδίων
1011 3458 1434 3532 συμφυλετῶν,
1463 3457 1726 3525 καθάπερ
1759 3456 1857 3509 καί
1879 3454 2029 3509 ἐκεῖ·

366 3575 461 3613 νοι
491 3555 612 3613 ὑπὸ
630 3554 749 3610 τῶν
785 3551 1101 3612 Ἰουδαίων,
1130 3546 1249 3601 τῶν
1267 3546 1364 3600 καί
1389 3545 1497 3599 τὸν
1521 3545 1740 3612 Κύριον
1764 3543 2031 3596 ἀποκτει-

367 3644 622 3706 νάντων,
635 3640 736 3696 καί
752 3637 908 3708 ἡμᾶς
928 3634 1357 3700 ἐκδιωξάντων,
1379 3632 1477 3686 καί
1492 3630 1683 3687 πᾶσιν
1699 3627 2030 3699 ἀνθρώποις

367 3731 677 3789 ἐναντίων.
714 3729 826 3783 Kal
853 3724 1124 3787 Γαλάταις
1152 3722 1209 3777 δέ
1236 3720 1398 3776 πάλιν
1434 3720 1659 3792 γράφων
1688 3717 1840 3784 ἔλεγε
1865 3732 1880 3747 ·
1928 3719 2029 3769 Το-

369 3820 566 3875 σαῦτα
594 3815 843 3872 ἐπάθετε
870 3810 1025 3881 είκῆ,
1052 3810 1110 3864 εί
1132 3826 1200 3879 τε
1231 3808 1332 3864 καί
1354 3806 1507 3876 είκῆ.
1543 3807 1651 3860 Kal
1681 3805 1749 3859 τά
1771 3802 1934 3857 αὐτοῦ
1973 3802 2030 3856 δέ

373 3906 520 3976 πάθη
568 3902 946 3974 διηγούμενος,
996 3899 1178 3967 ἐλεγεο
1231 3896 1329 3950 Ἑν
1362 3891 1640 3964 ὑπομονῇ
1692 3887 1916 3957 πολλῇ,
1962 3889 2033 3941 έν

370 3989 756 4059 στενοχωρίᾳ,
784 3988 854 4040 ἐν
872 3984 1190 4055 φυλακαῖς,
1215 3983 1287 4037 έν
1306 3985 1535 4047 κόποις,
1565 3979 1636 4032 ἐν
1655 3975 2030 4047 ἀγρυπνίαις,

370 4075 629 4146 ὲνλιμῷ,
660 4074 731 4128 ἐν
754 4073 921 4141 δίψει
949 4072 1049 4125 καὶ
1075 4072 1396 4140 γυμνότητι
1414 4083 1428 4097 ⁸
1458 4067 1553 4121 καὶ
1584 4064 1766 4126 πάλιν,
1812 4066 2035 4117 Τεσσα-

365 4162 632 4234 ράιιοντα
656 4161 815 4229 παρὰ
833 4160 977 4229 μίαν
999 4158 1239 4220 ἔλαθον,
1272 4156 1400 4226 τρίς
1428 4151 1846 4221 έρῤαϐδίσθην,
1870 4147 2035 4234 ἅπαξ

371 4233 723 4314 ἐλιθάσθην,
744 4243 1122 4314 νυχθήμερον
1140 4240 1301 4306 ἐντῷ
1310 4237 1480 4305 ,ϐυθῷ
1499 4236 1817 4302 πεποίηκα,
1834 4233 2034 4287 κινδύ-

374 4353 504 4402 νοις
541 4331 843 4402 ποταμῶν,
885 4330 1190 4396 κινδύνοις
1216 4324 1482 4396 λῃστῶν,
1509 4322 1813 4386 κινδύνοις
1836 4320 1904 4373 ἐκ
1937 4319 2034 4389 τέ-

374 4440 544 4490 νους,
570 4419 955 4486 κινδύνοιςὲν
973 4418 1268 4487 ἐρημίαις·
1293 4412 1389 4467 καὶ
1413 4410 1596 4473 πάλιν,
1627 4407 2033 4465 Ἠέπισύστα-

373 4511 477 4578 σίς
490 4528 611 4580 μου
637 4509 677 4577 ἡ
703 4508 831 4563 καθ’
855 4505 1103 4575 ἡμέραν,
1126 4503 1164 4569 ἡ
1183 4499 1438 4572 μέριμνα
1452 4495 1665 4552 πασῶν
1679 4493 1799 4551 τῶν
1811 4498 2061 4580 Ἐκκλη-

376 4598 530 4653 σιῶν
548 4616 563 4629 ·
597 4598 695 4652 καὶ
723 4596 908 4660 πάλιν,
957 4594 1010 4645 '0
1035 4590 1332 4659 ἐθνάρχης
1368 4584 1573 4655 Ἀρέτα
1597 4581 1704 4637 τοῦ
1728 4579 2036 4646 ,βασιλέως

372 4686 653 4756 ἐφρούρει
682 4684 799 4751 τὴν
834 4677 1244 4750 Δαμασκηνῶν
1280 4677 1462 4730 πόλιν
1493 4671 1704 4726 πιάσαι
1724 4687 1797 4740 με
1822 4669 2033 4732 θέλων,

375 4778 476 4832 καί
500 4776 599 4832 διὰ
619 4773 860 4844 θυρίδος
881 4773 950 4827 ὲν
977 4768 1251 4840 σαργάνῃ
1273 4764 1628 4837 ἐχαλάσθην
1657 4759 1756 4815 διὰ
1784 4759 1891 4813 τοῦ
1919 4758 2037 4811 τεί-

374 4883 547 4937 χους.
587 4865 685 4918 καί
734 4863 1030 4937 ἐξέφυγον
1074 4860 1180 4925 τὰς
1225 4855 1424 4925 χεῖρας
1480 4850 1695 4937 αὐτοῦξ
1738 4848 1833 4902 καὶ
1875 4845 2037 4937 πάλιν

336 5010 341 5015 ,
374 4931 610 5024 ἀλλαχοῦ
627 4967 641 4982 ·
670 4931 1097 5021 Ἐλο-ιέίοδθημεν
1116 4947 1196 5012 ὡς
1220 4943 1481 5013 πρόϐατα
1498 4936 1742 5008 σφαγῆς
1760 4952 1773 4966 ·
1807 4934 1900 4988 καὶ
1922 4931 2037 4986 ἐτέ-

375 5022 523 5113 ρωθι
563 5038 747 5102 πάλιν,
792 5038 919 5105 Δῴη
967 5036 1140 5101 ἕλεος
1181 5037 1214 5089 ό
1262 5032 1477 5101 Κύριος
1522 5026 1603 5093 τῷ
1644 5022 2037 5113 Ὀνησιφόρου

376 5105 543 5194 ὸικφ,
565 5126 655 5181 ὅτι
669 5125 783 5194 τὴν
803 5125 1153 5190 ἅλυσίν-μου
1174 5123 1283 5175 οὐκ
1302 5116 1677 5186 ἐπησχύνθη,
1692 5110 1856 5165 ἀλλὰ
1873 5105 2039 5194 τενό-

577 5215 647 5269 έν
672 5190 856 5283 Ῥῶμῃ
875 5210 1348 5277 σπουδαιότερον
1388 5201 1651 5289 ἐζήτησέᾷ
1653 5216 1730 5270 με
1751 5190 2035 5289 καίήεὖρξ.

445 5303 508 5358 δ’.
546 5302 614 5357 Τί
643 5301 710 5357 ἀν
749 5281 834 5365 τις
863 5298 1007 5353 είποι
1037 5297 1105 5350 τὰ
1149 5295 1258 5349 τῶν
1298 5287 1766 5362 ψευδαποστόλων,
1815 5283 1884 5338 τά
1928 5281 2038 5336 τῶν

378 5389 778 5461 ψευδαδέλφων,
827 5386 955 5450 τοὺς
996 5383 1222 5456 μυρίους
1267 5379 1363 5433 καὶ
1399 5373 1698 5435 πολυειδεῖς
1735 5369 2037 5461 πολέμουςς

380 5455 443 5534 ού
464 5478 571 5551 γάρ
603 5455 668 5549 δή
700 5475 858 5549 μόνον
886 5475 944 5528 al
976 5455 1237 5542 τιμωρίαι
1262 5468 1354 5521 καὶ
1384 5467 1440 5518 αί
1470 5461 1719 5523 κολάσεις
1744 5455 2038 5551 ἐκινοῦντο,

384 5540 521 5621 ἀλλὰ
535 5540 631 5621 καὶ
647 5540 948 5635 δείνότητες
966 5540 1096 5635 ρητό
1103 5540 1231 5625 ρων,
1261 5556 1355 5609 καὶ
1370 5551 1674 5624 φιλοσόφων
1686 5540 2037 5635 κατασκευαίο

384 5656 478 5710 καὶ
503 5655 565 5708 ού
594 5653 725 5724 παρ’
749 5629 978 5706 ἐκείνων
1086 5647 1264 5718 μόνον,
1289 5640 1426 5698 ἀλλά
1446 5639 1540 5693 xal
1561 5634 1711 5708 παρά
1730 5629 2041 5724 ἀνθρώπων

378 5742 658 5817 ἀγοραίων
681 5718 862 5795 *πολλά
900 5738 1061 5809 ᾔρετο
1102 5732 1469 5806 μηχανήματα
1499 5724 1638 5781 κατά
1676 5723 1771 5795 τῆς
1812 5718 2037 5784 Ἐκκλη-

1196 288 1255 344 S.
1295 285 1582 345 JOANNIS
1617 276 2106 340 οιιιιγεοετοιιι
2147 276 2465 335 ΑΒΕΙΙΙΕΡ;
2504 272 3049 334 ΩΟΝΞΤΑΝΊἹΝυΡ.

3665 275 3770 331 498

2117 397 2259 461 σίας·
2278 397 2422 469 άπερ
2438 394 2806 466 αἰνιττόμενος
2818 395 3002 462 ἔλεγεν
3020 410 3033 424 ο
3065 394 3494 464 Ἂλέξανδροςό
3512 401 3780 468 χαλκεὺς
3824 396 3825 399 “

2116 484 2317 540 πολλά
2353 502 2456 554 μοι
2485 484 2639 537 κακὰ
2661 482 3003 547 ἐνεδείξατο
3026 498 3040 512 ’
3081 481 3153 536 ὃν
3194 484 3292 537 καί
3326 483 3410 538 σὺ
3437 484 3775 554 φυλάττω·

2113 574 2260 627 λίαν
2284 572 2395 644 γὰρ
2422 571 2753 639 ἀνθέστηκε
2790 570 2913 637 τοῖς
2950 570 3258 641 ἡμετέροις
3298 573 3523 643 λόγοις.
3567 572 3779 645 Ὥσπερ

2115 659 2209 716 οὖν
2252 664 2284 734 ή
2339 660 2579 716 θάλαττα
2614 660 2875 731 κυμάτων
2901 661 3001 714 οὐκ
3044 660 3160 713 ἔστι
3191 660 3395 731 χωρίς·
3423 661 3567 716 οὕτω
3610 662 3706 716 καὶ
3743 667 3777 736 ἠ

2117 749 2331 804 Παύλου
2356 748 2502 820 ψυχὴ
2535 747 2866 817 πεπλήρωτο
2896 746 3104 818 μυρίων
3146 748 3494 818 πειρασμῶν,
3534 750 3778 822 καθημε-

2120 836 2281 901 ,ινῶν
2333 833 2612 898 κινδύνων,
2669 832 2887 900 ἔξωθεν,
2936 832 3170 896 ἔσωθεν,
3215 831 3305 886 διὰ
3355 833 3638 906 ῥημάτων,
3690 830 3783 892 διά

2116 921 2478 990 πραγμάτων,
2512 920 2600 974 διά
2629 920 2948 991 χρημάτων.
2984 918 3072 972 διά
3100 918 3268 974 δόλων
3287 937 3301 951 ·
3333 922 3427 974 καὶ
3464 922 3642 986 οὐδεὶς
3671 941 3779 977 πα-

2119 1008 2384 1079 ραστῆσαι
2412 1007 2699 1077 δυνήσεται
2736 1005 2894 1075 λόγος
2914 1006 2984 1060 τά
3010 1005 3147 1076 νέφη
3176 1005 3287 1058 τῶν
3338 1006 3507 1080 βελῶν
3534 1008 3778 1076 ἐκείνων,

2115 1097 2186 1148 τά
2218 1093 2395 1165 πλήθη
2436 1094 2853 1167 τῶνσκυμάτων.
2884 1093 3035 1146 Ἐπεὶ
3066 1089 3160 1147 οὖν
3197 1095 3257 1146 ἐν
3287 1092 3497 1157 τούτοις
3523 1096 3591 1148 τά
3633 1097 3778 1166 πράο

2117 1199 2303 1253 γματα
2326 1178 2416 1253 ἦν,
2452 1182 2513 1236 ού
2552 1180 2760 1254 [μόνον]
2785 1183 2898 1245 τοῖς
2943 1183 3275 1253 εἰρημένοις,
3305 1180 3441 1236 ἀλλά
3465 1183 3559 1236 καί¹
3600 1183 3784 1252 πολλῷ

2122 1270 2351 1335 πλείοσι,
2386 1269 2483 1324 καὶ
2534 1270 2594 1322 ού
2635 1267 2945 1323 διδάσκαλοι
2997 1268 3179 1338 μόνον,
3227 1267 3364 1321 ἀλλά
3407 1270 3500 1323 καὶ
3540 1270 3782 1341 μαθηταὶ

2119 1358 2478 1423 ἐκινδύνευον,
2502 1358 2597 1410 καὶ
2617 1357 2678 1410 ού
2715 1355 2954 1428 μαθηταί⁵
2974 1356 3153 1426 μόνον,
3177 1356 3314 1409 ἀλλά
3336 1358 3429 1410 καὶ
3470 1356 3781 1413 διδάσκαλοι

2120 1447 2190 1517 (εί
2225 1447 2323 1516 μὲν
2347 1445 2455 1516 γάρ
2477 1445 2701 1515 θάτερον
2733 1443 2896 1514 μέρος
2917 1437 2987 1513 ἦν
3017 1445 3074 1496 ἐν
3097 1444 3407 1515 πειρασμῷ,
3429 1445 3490 1497 τὸ
3516 1445 3571 1498 δέ
3595 1445 3786 1499 λοιπὸν

2116 1537 2177 1588 ἐν
2195 1532 2351 1606 [569⁸
2394 1531 2762 1603 ἀδείᾳ,ἐμελλε
2777 1531 2935 1585 τοῦτο
2950 1530 3141 1603 ἐκείνῳ
3157 1532 3500 1602 παράκλησις
3511 1532 3781 1600 γίνεσθαιο

2114 1621 2238 1676 νυνὶ
2260 1621 2316 1675 δέ
2351 1620 2637 1691 ἀμφότερα
2664 1615 2732 1690 ἦν
2769 1619 2828 1671 ἐν
2849 1616 2927 1688 τῷ
2949 1618 3075 1671 πολε
3086 1618 3300 1688 μεῖσθαι
3321 1620 3413 1672 καὶ
3445 1619 3781 1690 βάλλεσθαι)’

2120 1708 2213 1762 καὶ
2248 1705 2418 1760 ταῦτα
2441 1706 2676 1776 ὁρῶντες
2708 1704 2891 1758 πολλοὶ
2916 1704 3024 1757 τῶν
3053 1703 3455 1775 ἀσθενεστέρων
3482 1705 3783 1772 ἐξελύοντο,

2119 1796 2385 1867 ἐνάρκων,
2428 1792 2683 1856 ἀλύοντες
2717 1792 3006 1856 διετέλουν,
3049 1792 3116 1844 τὰ
3152 1790 3249 1862 μὲν
3289 1792 3501 1862 χρηστὰ
3533 1791 3626 1845 τοῦ
3665 1811 3784 1865 χη-

2121 1882 2400 1954 ρύγματος
2435 1883 2493 1934 ἐν
2526 1879 2736 1934 ἐλπίσιν
2767 1880 3022 1951 ὁρῶντες,
3057 1878 3331 1950 βασιλείαν
3365 1879 3456 1933 καὶ
3484 1881 3784 1934 ἀνάστασιν

2121 1970 2217 2023 καὶ
2247 1968 2578 2040 ἀφθαρσίαν,
2612 1967 2683 2021 τὰ
2714 1966 2772 2020 δέ
2807 1966 3026 2037 λυπηρά
3051 1964 3282 2019 ἐνταῦθα
3310 1966 3368 2018 ἐν
3390 1968 3459 2037 τῇ
3495 1967 3658 2038 πείρᾳ
3686 1969 3787 2021 καὶ

2122 2056 2385 2127 ὑπομονῆ,
2432 2057 2672 2127 τήγανα,
2718 2053 3010 2124 καμίνους,
3057 2053 3425 2122 δεσμωτήρια,
3485 2052 3778 2123 πολέμους,

2122 2144 2341 2215 ἔχθρας,
2381 2142 2696 2213 ἀπεχθείας,
2732 2140 3014 2204 θανάτους,
3059 2139 3360 2203 κινδύνους,
3401 2140 3497 2193 καὶ
3535 2141 3660 2204 τοὺς
3702 2140 3783 2193 δι-

2122 2232 2423 2295 δασκάλους
2455 2229 2633 2285 αὐτῶν
2677 2228 2773 2283 νῦν
2809 2227 2908 2299 μὲν
2937 2229 2997 2281 ἐν
3027 2225 3441 2296 δεσμωτηρίοις,
3489 2225 3585 2280 νῦν
3633 2226 3692 2280 δὲ
3723 2230 3785 2282 ἐν

2122 2321 2445 2387 ἀπαγωγαῖς
2462 2317 2523 2390 [ί.
2540 2314 2927 2386 συναγωγαῖς],
2947 2312 3138 2386 ύϐριζο
3145 2314 3359 2384 μένους,
3379 2314 3785 2384 ἀπαγομένουςο

2123 2409 2216 2462 καὶ
2255 2404 2587 2476 πανταχόθεν
2631 2399 2772 2474 ἦσαν
2810 2402 2943 2472 νέφη
2994 2402 3200 2465 κακῶν,
3247 2402 3338 2454 καί
3377 2402 3596 2470 βαθεῖάν
3660 2420 3787 2457 τινα

2123 2496 2293 2551 νύκτα
2327 2492 2650 2565 πειρασμῶν
2695 2487 2859 2562 εἶχον,
2903 2490 2939 2560 ἢ
2982 2488 3191 2552 πάντας
3224 2492 3441 2559 κατεῖχε
3482 2490 3574 2543 καὶ
3621 2489 3786 2562 θορυ-

2124 2582 2333 2637 ϐεῖσθαι
2381 2580 2578 2642 αὐτοὺς
2618 2577 2790 2631 ἐποίει
2844 2576 3049 2648 σφόδρα
3097 2575 3191 2630 καὶ
3240 2576 3636 2648 ταράττεσθαι*
3680 2579 3788 2649 ὅρα

2124 2671 2240 2734 πῶς
2290 2669 2381 2723 διὰ
2439 2668 2567 2740 μιᾶς
2606 2665 2801 2732 λέξεως
2846 2664 3121 2735 ἀνίστησιν
3165 2663 3345 2717 αὐτῶν
3394 2663 3456 2718 τὸ
3506 2664 3787 2737 φρόνημα.

2123 2761 2276 2813 Ποιεῖ
2324 2756 2422 2828 μὲν
2466 2755 2574 2825 γὰρ
2620 2753 2751 2808 αὐτὸ
2800 2752 2893 2805 καὶ
2932 2751 3187 2817 ἄλλοθεν,
3233 2753 3293 2804 ἐν
3322 2751 3487 2823 ἑτέρᾳ
3525 2754 3785 2824 ἐπιστολῇ

2122 2848 2327 2915 λέγων’
2373 2843 2470 2898 Διὸ
2515 2842 2622 2906 τὰς
2668 2837 3026 2909 παρειμένας
3076 2837 3278 2907 χεῖρας
3320 2838 3421 2893 καί
3470 2839 3542 2892 τὰ
3593 2854 3753 2908 παρα

2121 2932 2427 3003 λελυμένα
2455 2929 2679 3000 γόνατα
2705 2924 3083 2994 ἀνορθώσατε
3104 2941 3118 2955 ·
3156 2926 3218 2979 ού
3249 2926 3376 2998 περὶ
3403 2928 3643 2994 γονάτων
3689 2930 3785 2980 καὶ

2123 3023 2321 3097 χειρῶν
2371 3022 2546 3090 λέγων
2564 3061 2580 3086 ,
2625 3016 2762 3072 ἀλλά
2808 3016 2938 3086 περὶ
2987 3014 3261 3086 λογισμῶν
3311 3016 3652 3086 χωλευόντων
3703 3019 3788 3090 τῷ

2124 3111 2317 3184 πλήθει
2349 3108 2456 3163 τῶν
2500 3104 2817 3178 πειρασμῶν
2856 3102 3214 3174 ἐκλυομένων.
3254 3098 3390 3158 Εἶτα
3424 3106 3785 3176 παραινέσας,

2125 3200 2219 3256 καί¹
2260 3194 2610 3267 παραμυθίαν
2646 3191 2852 3260 εἰσάγει
2890 3191 3151 3261 μεγίστην
3177 3190 3378 3259 λέγων·
3407 3193 3529 3244 Ἔτι
3558 3192 3665 3263 γὰρ
3690 3209 3792 3261 μι-

2125 3289 2272 3359 κρόν
2301 3286 2452 3340 ὅσον
2489 3282 2640 3336 ὅσον
2664 3283 2696 3335 ό
2730 3280 3053 3350 ἐρχόμενος
3095 3277 3247 3346 ἥξει,
3278 3278 3376 3332 καὶ
3416 3281 3488 3333 οὐ
3540 3280 3783 3348 χρονιεῖ,

2138 3375 2299 3430 Ἀλλά
2330 3369 2518 3441 ἐπειδὴ
2546 3368 2703 3423 τοῦτο
2726 3367 2863 3429 τέως
2887 3367 2946 3418 ἐν
2968 3364 3180 3419 ἐλπίσιν
3206 3360 3295 3436 ἦν,
3328 3365 3423 3419 καὶ
3454 3366 3657 3435 ἑτέρως
3682 3370 3790 3421 πά-

2124 3466 2210 3519 λιν
2243 3462 2439 3523 αύτοὺς
2471 3457 2856 3529 προτρέπεται,
2889 3454 2989 3507 οὐκ
3025 3453 3085 3518 ἐξ
3116 3452 3430 3523 ἀλλοτρίων,
3468 3454 3584 3508 ἀλλ’
3610 3455 3668 3521 ἐξ
3702 3456 3788 3509 οξ-

2125 3551 2288 3605 κείων
2315 3543 2764 3617 παραδειγμάτων
2790 3541 3187 3611 εύθυμοτέρους
3212 3541 3383 3593 ποιῶν
3401 3557 3415 3571 ·
3451 3541 3791 3610 Ἀναμιμνήο

2126 3637 2349 3694 σκεσθε
2379 3634 2507 3704 γὰρ,
2537 3631 2689 3701 φησὶ,
2719 3618 2826 3694 τὰς
2852 3630 3139 3697 πρότερον
3170 3626 3416 3697 ἡμέρας,
3442 3628 3512 3681 ἐν
3539 3623 3635 3696 αἷς
3663 3647 3788 3698 gm-

2126 3722 2427 3788 τισθέντες
2462 3717 2704 3784 πολλὴν
2738 3715 2998 3781 ἄθλησιν
3024 3715 3375 3785 ὑπεμείνατε
3404 3714 3785 3784 παθημάτων.

2141 3813 2314 3884 ’Υμᾶς
2356 3809 2553 3870 αὐτοὺς
2595 3802 2950 3874 αἰσχύνθητε,
2989 3802 3057 3854 τὰ
3090 3801 3332 3872 ὑμέτερα
3385 3801 3793 3874 κατορθώματα

2130 3899 2431 3971 ιπράπητε
2486 3893 2562 3965 μὴ
2605 3890 2820 3955 ἀνάξιον
2871 3887 3170 3958 ἐπιδείξητε
3223 3887 3332 3941 τῶν
3373 3888 3671 3959 προοιμίων
3725 3889 3795 3943 τὸ

2127 3989 2300 4053 τέλος,
2348 3982 2556 4038 οἴκοθεν
2600 3977 2822 4049 δέχεσθε
2850 3977 2950 4048 τὴν
2994 3974 3355 4047 παράκλησιν.
3394 3975 3794 4045 Παρακαλέσας

2128 4074 2306 4128 τοίνυν
2338 4071 2431 4125 καὶ
2464 4065 2606 4121 οὕτω
2645 4063 2935 4126 κάκείνως,
2980 4060 3285 4133 παρακαλεῖ
3313 4062 3405 4115 καὶ
3446 4061 3533 4114 διὰ
3561 4061 3665 4130 τῆς
3699 4061 3795 4115 λέ-

2133 4159 2266 4226 ξεως
2299 4156 2520 4223 ταύτης.
2552 4151 2678 4215 Πῶς
2722 4150 2819 4204 καὶ
2854 4148 2960 4202 τίνι
2987 4147 3206 4218 τρόπῳ;
3240 4147 3323 4200 Τά
3350 4147 3523 4218 δεσμὰ
3563 4149 3658 4201 καὶ
3688 4148 3797 4218 τὴν

2133 4249 2320 4304 ἀλυσιν
2360 4242 2648 4316 βεϐαίωσιν
2676 4235 3009 4305 Εύαγγελίου
3051 4234 3245 4303 λέγων.
3301 4236 3375 4288 Οὐ
3420 4236 3531 4307 γὰρ
3576 4234 3640 4306 δὴ
3688 4236 3793 4306 μό-

2130 4353 2219 4391 νον
2253 4332 2598 4401 ἀνιστάμενοι
2626 4324 2828 4396 νεκροὶ,
2864 4322 3048 4395 φησὶν,
3074 4322 3195 4375 ούδέ
3232 4322 3423 4394 λεπροὶ
3461 4321 3799 4392 καθαιρόμε-

2131 4440 2233 4485 νοι,
2263 4419 2383 4473 οὐδὲ
2417 4415 2668 4485 δαίμονες
2703 4410 3068 4479 ἐλαυνόμενοι,
3104 4407 3239 4462 ἀλλά
3266 4409 3358 4462 καὶ
3380 4409 3539 4478 ἡμεῖς
3563 4408 3800 4479 δεσμοῦ-

2137 4526 2284 4582 μενοι
2315 4502 2636 4578 βεϐαιοῦμεν
2656 4499 2717 4554 τὸ
2733 4495 3081 4567 Εὐαγγέλιον.
3118 4496 3264 4560 Πῶς,
3287 4496 3407 4548 εἰπέ
3434 4513 3543 4565 μοι,
3567 4497 3661 4549 καὶ
3686 4495 3795 4551 τίνι

2133 4596 2349 4668 τρόπεως
2380 4589 2540 4644 καινά
2564 4590 2673 4659 γὰρ
2700 4588 2768 4638 τά
2799 4583 3082 4654 εἰρημένα,
3112 4584 3203 4635 καὶ
3228 4583 3507 4651 αἰνίγματι
3526 4581 3595 4635 τά
3622 4582 3799 4638 πολλὰ

2134 4684 2327 4737 ἔοικεν.
2355 4677 2552 4732 Λοιπὸν
2590 4675 2754 4730 ἄκουε
2788 4672 2905 4735 πῶς
2926 4688 2939 4702 ο
2971 4671 3020 4723 εἰ
3056 4669 3229 4731 ἀδεῶς
3254 4668 3645 4740 ἐκηρύττομεν,
3688 4688 3800 4741 μη-

2133 4770 2221 4823 δὲν
2253 4767 2549 4836 πάσχοντες
2572 4762 2734 4832 ἀηδὲς
2763 4759 2896 4830 μηδὲ
2926 4757 3114 4817 δεινὸν,
3157 4757 3250 4810 καὶ
3292 4756 3502 4819 πολλοῖς
3539 4755 3652 4810 τῶν
3675 4756 3804 4827 βου-

2134 4854 2375 4926 λομένων
2417 4850 2565 4923 ἡμᾶς
2606 4845 2913 4903 διαϐάλλειν
2956 4842 3132 4908 ἔδοξεν
3176 4842 3242 4897 ἀν
3287 4841 3527 4895 ὖποπτον
3553 4837 3694 4896 εἶναι
3735 4844 3805 4897 τὸ

2137 4945 2429 5016 κήρυγμα⁹
2461 4939 2556 4994 νῦν
2598 4937 2655 4991 δέ
2689 4933 3053 5003 ἐλαυνόμενοι,
3081 4931 3423 5000 διωκόμενοι,
3452 4930 3800 5000 τεμνόμενοι,

2138 5032 2435 5103 καιόμενοι,
2462 5023 3047 5096 κατακρημνιζόμενοι,
3079 5020 3246 5092 μυρία
3274 5019 3574 5089 πάσχοντες
3598 5020 3692 5072 καὶ
3722 5021 3807 5093 μὴ

2137 5118 2447 5179 ἐνδιδόντες,
2474 5112 2608 5169 ἀλλὰ
2642 5110 3036 5182 προθυμότεροι
3058 5107 3229 5180 ταύτῃ
3250 5107 3540 5177 γινόμενοι,
3566 5104 3659 5158 καὶ
3687 5108 3805 5168 τοῖς

2140 5204 2341 5276 σφόδρα
2369 5202 2744 5272 ἀναισχυντεῖν
2768 5195 3108 5268 βουλομένοις
3134 5194 3322 5265 ἱκανὴν
3344 5192 3653 5265 παρέχομεν
3672 5192 3809 5245 ἀπό-

2136 5293 2300 5358 δειξιν
2333 5289 2426 5345 τοῦ
2459 5287 2711 5359 ἀληθείας
2740 5281 2875 5338 εἶναι
2907 5285 3173 5355 κήρυκας,
3198 5281 3293 5335 καὶ
3314 5279 3463 5334 θείαν
3496 5279 3617 5332 τινὰ
3638 5278 3803 5333 δύνα-

2142 5400 2235 5454 μιν
2275 5383 2332 5433 ἐν
2377 5380 2507 5450 ἡμῖν
2537 5371 2698 5439 εἶναι,
2734 5374 2826 5429 xal
2854 5373 3033 5427 πάντα
3056 5371 3084 5411 δ
3106 5369 3282 5424 ταῦτα
3317 5365 3808 5440 ἐξευμαρίξουσαν,

2149 5518 2403 5629 ad‘
2424 5518 2773 5568 Benediclinos
2794 5515 2913 5565 vitio
2941 5514 3213 5576 lypolhetae
3237 5524 3265 5559 ιι
3286 5520 3422 5558 num.
3448 5504 3542 5555 560
3569 5505 3805 5557 transitur

2202 5626 2461 5692 {On—195150
2484 5640 2755 5703 legendum
2795 5653 2856 5691 ex
2884 5638 3147 5700 Maurusio,
3168 5636 3252 5695 τὴν
3273 5630 3443 5695 πάνται
3470 5630 3562 5681 αἱδί
3584 5630 3665 5677 καὶ
3687 5626 3807 5697 δίιιν

2148 5703 2343 5758 βίίρίιειν
2368 5694 2565 5754 tollere"
2576 5705 2727 5753 malis.
3129 5694 3139 5700 ⁷
3218 5694 3221 5695 ⁷
3432 5694 3435 5695 ⁷
3722 5694 3723 5697 “
