4092 6206
320 302 421 353 ὶέρῖ

321 425 606 496 percussi,
633 442 738 479 non
796 426 1439 494 percutientes;insidiis
1483 426 1742 496 appetiti,
1792 443 1897 480 non

320 520 675 582 insidiantes;
707 518 953 586 ﬂagellati
974 559 990 580 ,
1019 536 1126 573 non
1174 519 1541 589 ﬂagellantes;
1574 521 1745 589 pulsi,
1795 535 1901 573 non

320 612 622 678 pollentes;
659 611 1130 680 persequutionem
1182 613 1445 680 patientes
1468 652 1482 674 ,
1512 626 1618 665 non
1668 612 1904 664 inferen-

321 714 433 766 tes;
464 703 672 764 occisi,
720 717 825 754 non
862 702 1205 767 occidentes;
1252 712 1307 757 et
1349 704 1470 772 quia
1501 703 1638 757 sicut
1681 716 1809 755 oves
1835 701 1902 755 ad

318 796 521 848 caadem
556 794 865 862 propositte,
896 795 1050 862 lupos
1076 810 1263 849 onmes
1290 796 1354 849 ad
1384 796 1559 849 ovium
1590 803 1902 850 mansuetu-

318 887 499 940 dinem
531 884 911 949 adducebant,
944 888 1179 939 [urentes
1206 887 1437 948 scilicet,
1467 886 1671 940 caedent
1695 886 1902 955 Spiran-

323 988 418 1037 tes,
447 977 644 1030 belluis
672 976 983 1033 feraciores.
1010 978 1341 1031 Procedente
1364 979 1540 1047 itaque
1561 978 1724 1032 verbo
1744 990 1906 1031 evan-

321 1069 489 1138 gelico
516 1078 572 1121 et
594 1069 793 1135 pietate
844 1069 1039 1137 ubique
1069 1069 1413 1122 disseminata
1444 1109 1460 1135 ,
1501 1068 1735 1137 undique
1787 1068 1907 1138 rogi

322 1162 739 1229 apparabantur,
770 1160 1083 1225 inimicitiae,
1111 1161 1269 1224 bella,
1313 1178 1415 1215 non
1442 1170 1643 1215 tantum
1669 1162 1904 1216 doctori-

322 1252 440 1311 bus,
464 1251 559 1305 sed
590 1252 750 1306 etiam
781 1251 1076 1319 discipulis.
1106 1252 1296 1306 Statim
1318 1262 1481 1321 atque
1508 1248 1650 1306 enim
1680 1254 1901 1307 verbum

320 1344 440 1411 quis
470 1352 775 1410 acceperat,
803 1343 1052 1395 omnibus
1080 1342 1249 1396 hostis
1275 1345 1575 1397 communis
1616 1344 1899 1407 circuibat,

319 1452 346 1488 a
373 1436 543 1503 patria
588 1435 914 1503 pellebatur,
939 1446 993 1488 et
1024 1435 1075 1488 in
1105 1436 1352 1489 exsilium
1382 1436 1826 1503 transferebatur,
1871 1451 1903 1489 a

323 1527 666 1581 facultatibus
681 1528 979 1590 excidebat,
995 1536 1048 1581 et
1068 1528 1136 1582 de
1158 1529 1424 1594 libertate,
1452 1530 1559 1583 imo
1574 1530 1639 1583 de
1658 1530 1761 1583 vita
1789 1530 1900 1598 ipsa

322 1621 746 1689 periclitabatur.
779 1619 921 1674 Nihil
972 1631 1097 1675 tunc
1130 1631 1338 1690 poterat
1385 1631 1591 1675 natura:
1628 1624 1900 1692 tyrannis;

321 1711 435 1773 sed,
470 1722 529 1765 ut
576 1712 685 1779 jam
732 1711 1069 1785 dixitliberi
1113 1715 1599 1767 contenmebautur
1625 1754 1640 1779 ,
1672 1713 1901 1777 fratres,

322 1806 536 1874 cognati
567 1804 619 1857 iu
654 1803 887 1857 hostium
930 1805 1117 1858 ordine
1142 1814 1335 1867 erant,
1364 1814 1561 1858 etcum
1598 1805 1905 1859 doctoribus

322 1896 566 1964 discipuli
593 1896 944 1950 intolerabilia
978 1897 1334 1964 patiebantur.
1368 1898 1429 1951 Et
1448 1897 1562 1951 haec
1600 1897 1711 1966 ipsa
1743 1899 1905 1966 signi-

326 1991 490 2039 lieans
519 1987 716 2041 Paulus
744 1986 956 2041 dicebat
984 2004 997 2039 :
1030 1987 1458 2041 Rentemorantini
1496 1989 1637 2042 enim
1668 1990 1905 2058 pristinos

323 2081 452 2144 dies,
482 2079 536 2131 in
566 2078 745 2144 quibus
788 2078 1065 2131 illuminati
1090 2095 1329 2149 magnum
1368 2091 1620 2133 certamen
1659 2081 1905 2132 sustinui-

321 2176 411 2224 stis
437 2172 728 2240 passionum
762 2186 780 2223 :
804 2180 848 2222 et
873 2171 923 2223 in
943 2169 1101 2224 altero
1129 2172 1331 2241 quidem
1357 2173 1641 2242 apprabriis
1671 2184 1719 2225 et
1749 2173 1907 2225 tribu-

324 2264 599 2316 laiionibus
626 2265 966 2332 spectaculum
994 2264 1137 2333 facti,
1170 2265 1223 2317 in
1247 2266 1408 2318 altene
1435 2276 1603 2317 autem
1625 2266 1748 2319 socii
1788 2266 1907 2319 tali-

324 2369 399 2409 ter
424 2356 830 2409 conversantium
850 2354 1034 2420 e/fecti.
1064 2354 1201 2408 Nam
1223 2366 1270 2408 et
1286 2356 1465 2408 vinctis
1492 2357 1743 2425 compassi
1765 2357 1903 2421 estis,

324 2460 370 2501 et
400 2450 638 2513 rapinam
666 2448 911 2501 bonorum
940 2458 1218 2501 vestrorum
1246 2464 1359 2500 cum
1383 2432 1571 2515 gaudio
1598 2448 1903 2517 suscepistis,

324 2550 682 2610 cognoscentes
708 2554 795 2591 vos
825 2538 1007 2591 habere
1032 2538 1289 2591 meliorem
1317 2538 1650 2592 substantiam
1672 2539 1724 2591 in
1768 2540 1910 2593 aclis

324 2644 369 2685 et
399 2642 685 2685 manentem
714 2629 902 2700 (Hebr.
935 2631 1021 2685 10.
1040 2630 1109 2684 52
1132 2632 1289 2699 -54).
1320 2632 1385 2684 Et
1410 2646 1598 2684 rursus
1625 2630 1909 2685 Thessalo-

324 2724 637 2776 nicensibus
687 2722 929 2775 scribens
956 2762 970 2781 ,
1020 2722 1229 2775 dicebat
1263 2740 1275 2775 :
1323 2720 1425 2775 Vos
1465 2723 1601 2775 enim
1634 2724 1909 2777 imitatores

326 2818 451 2888 facti
482 2818 621 2879 estis,
652 2816 835 2884 fratres
856 2858 870 2877 ,
934 2816 1273 2869 Ecclesiarum
1302 2832 1416 2885 qua:
1456 2826 1571 2869 sunt
1596 2818 1650 2870 in
1676 2817 1862 2870 Juda’a
1892 2834 1909 2871 :

325 2910 448 2975 quia
475 2917 524 2959 et
565 2924 650 2959 vos
675 2908 849 2960 eadem
888 2908 1026 2977 passi
1066 2908 1183 2962 estis
1210 2924 1243 2960 a
1292 2908 1655 2961 contribulibus
1697 2910 1908 2976 vestris,

327 3003 457 3053 sicut
478 3011 525 3052 et
554 3000 653 3066 ipsi
679 3017 711 3051 a
733 2999 933 3053 Judteis
954 3015 973 3052 :
994 2998 1077 3069 qui
1118 3011 1165 3052 et
1193 2998 1471 3052 Dominum
1514 2999 1826 3066 occiderunt,
1863 3010 1912 3053 et

330 3109 423 3144 nos
454 3092 741 3161 persequuti
769 3100 905 3152 sunt,
940 3101 986 3142 et
1009 3090 1240 3143 omnibus
1267 3090 1555 3144 hominibus
1581 3091 1912 3144 adversantur

336 3184 591 3253 (I.Tltcss.
613 3184 666 3237 2.
689 3185 773 3238 14.
793 3183 904 3252 15).
923 3183 1125 3237 Calatis
1150 3198 1363 3253 qquue
1385 3184 1646 3245 scribens,
1665 3184 1908 3238 dicebat:

336 3276 503 3330 Tanta
532 3277 668 3343 passi
697 3276 814 3329 estis
844 3277 950 3329 sine
971 3291 1124 3329 causa
1146 3316 1162 3339 ,
1182 3277 1226 3329 si
1256 3285 1421 3328 tamen
1448 3277 1558 3329 sine
1582 3292 1737 3330 causa
1766 3274 1907 3346 (Gal.

336 3372 387 3423 ὅ.
416 3370 493 3437 4).
526 3369 616 3422 Illa
639 3378 839 3431 autem,
867 3384 988 3436 qua:
1015 3369 1128 3436 ipse
1151 3382 1338 3436 passus
1360 3377 1463 3433 est,
1485 3382 1741 3422 enarrans
1770 3369 1916 3423 dice-

340 3462 426 3513 bat
450 3478 463 3512 :
494 3460 558 3513 In
586 3462 828 3527 patientia
858 3460 1036 3519 multa,
1071 3461 1123 3512 in
1152 3460 1411 3529 angustia,
1443 3461 1494 3513 in
1522 3462 1805 3515 carceribus
1823 3503 1838 3526 ,
1861 3461 1916 3515 in

338 3552 612 3615 laboribus,
636 3552 688 3603 in
717 3550 921 3620 uigiliis,
948 3553 1001 3603 in
1026 3553 1248 3621 [ante,in
1271 3553 1355 3604 siti
1369 3562 1415 3605 et
1443 3553 1671 3606 nuditate
1696 3554 1771 3624 (Ξ.
1793 3555 1910 3609 Cor.

340 3645 391 3697 6.
425 3647 475 3698 4.
507 3644 561 3698 5.
584 3654 632 3697 et
658 3644 743 3697 11.
772 3644 888 3712 27).
923 3644 988 3697 Et
1018 3658 1224 3707 rursus,
1258 3644 1606 3714 Quadraginta
1632 3662 1735 3699 una
1753 3648 1919 3701 minus

339 3734 508 3801 accepi
537 3752 555 3786 :
597 3743 669 3786 ter
696 3734 847 3803 virgis
887 3749 1045 3787 caesus
1072 3750 1184 3786 sum
1206 3774 1222 3799 ,
1279 3735 1431 3788 semel
1460 3734 1716 3804 lapidatus
1766 3752 1915 3798 sum,

341 3835 485 3877 nocte
525 3834 571 3876 et
624 3826 707 3877 die
761 3826 813 3877 in
860 3825 1116 3895 profundo
1164 3826 1316 3879 maris
1370 3826 1486 3895 fui;
1536 3828 1769 3895 periculis
1819 3828 1918 3895 ﬂu-

342 3920 533 3971 minum
568 3959 584 3983 ,
646 3918 884 3986 periculis
937 3919 1190 3971 latronum
1223 3959 1237 3981 ,
1295 3918 1533 3985 periculis
1591 3935 1653 3971 ea:
1702 3935 1912 3989 genere,

342 4010 578 4079 periculis
620 4010 675 4062 in
717 4010 993 4063 solitudine
1039 4012 1117 4077 (1.
1143 4009 1642 4077 Car.11.24.26);
1694 4021 1749 4064 et
1802 4027 1920 4063 rur-

342 4118 497 4165 sum,
529 4100 782 4154 lnstantia
836 4118 947 4155 mea
985 4102 1279 4169 quotidiana
1305 4142 1320 4165 ,
1366 4101 1654 4153 sollicitudo
1693 4101 1921 4153 omnium

314 4194 724 4253 AEcclest'arum:
774 4195 1101 4261 iterumque,
1174 4193 1489 4263 Prtepositus
1552 4192 1718 4245 Areto:
1788 4194 1919 4262 regis

342 4285 651 4338 custodiebat
679 4285 927 4337 civitatem
955 4284 1420 4346 Damascenorum,
1468 4284 1636 4335 volens
1677 4300 1755 4335 me
1783 4299 1919 4336 com-

346 4376 655 4445 prehendere
674 4415 689 4439 ,
734 4386 781 4427 et
814 4392 902 4443 per
940 4379 1213 4445 fenestram
1257 4374 1309 4426 in
1337 4383 1511 4442 sporta
1541 4374 1787 4427 demissus
1808 4390 1918 4425 sunt

345 4488 431 4537 per
454 4486 654 4522 murum
680 4510 694 4528 .
724 4479 771 4521 et
808 4470 941 4521 euasi
984 4484 1164 4519 manus
1214 4469 1323 4535 ejus
1364 4468 1379 4533 (
1409 4466 1462 4518 2.
1492 4464 1610 4519 Cor.
1636 4466 1719 4519 11.
1760 4464 1848 4519 28.
1872 4476 1919 4518 et

344 4561 429 4614 59..
457 4561 572 4630 55).
609 4560 676 4612 Et
712 4574 902 4611 rursus
942 4558 1067 4611 alibi
1097 4576 1108 4610 :
1143 4555 1408 4610 {Estimati
1438 4572 1615 4608 suntus
1638 4557 1765 4609 sicut
1808 4571 1919 4609 oves

343 4652 626 4704 occisionis.
662 4650 725 4702 Et
753 4651 877 4702 alibi
920 4651 1109 4702 iterum
1154 4664 1168 4700 :
1210 4647 1301 4699 Det
1331 4648 1729 4700 miscricordiam
1782 4645 1919 4699 Deus

348 4742 871 4811 Uitesipltoridontui,
901 4741 1019 4810 quia
1047 4752 1277 4792 catenam
1322 4754 1484 4790 nteant
1538 4754 1640 4790 non
1686 4737 1915 4800 erubuit,

345 4838 429 4888 sed
455 4852 572 4888 cum
602 4834 815 4888 Romani
845 4834 1077 4894 venisset,
1102 4832 1318 4883 sollicite
1345 4847 1421 4883 me
1452 4831 1682 4899 qttwsivit
1706 4841 1753 4884 et
1784 4831 1920 4883 inve-

343 4929 415 4981 nit
444 4926 619 4998 (Rom.
638 4927 691 4980 8.
718 4926 807 4989 3U;
830 4925 885 4978 2.
917 4923 1051 4978 Tim.
1076 4924 1241 4979 1.16.
1273 4922 1384 4991 17).

412 5018 466 5072 4.
508 5017 638 5084 Qua:
665 5014 769 5069 diei
804 5024 1025 5083 possunt
1067 5014 1132 5067 de
1182 5014 1326 5067 falsis
1349 5012 1622 5081 apostolis,
1669 5014 1735 5066 de
1774 5011 1919 5067 falsis

342 5106 617 5168 fratribus.
640 5106 706 5159 de
723 5106 877 5160 bellis
897 5104 1148 5168 diversis,
1173 5113 1226 5157 et
1247 5103 1581 5157 innumeris?
1611 5119 1713 5156 non
1745 5103 1917 5157 solum

340 5200 483 5252 enim
507 5196 759 5266 supplicia
812 5205 866 5249 et
911 5196 1180 5249 cruciatus
1225 5196 1578 5248 movebantur
1623 5194 1715 5248 sed
1760 5195 1917 5246 etiam

341 5292 614 5343 rhetorum
629 5287 952 5357 eloquentia,
972 5286 1472 5354 etpbilosopborum
1490 5294 1774 5355 apparatus
1790 5304 1801 5338 :
1824 5299 1920 5337 nec

337 5379 407 5431 ab
426 5382 527 5434 illis
551 5388 773 5441 tantum,
796 5378 887 5433 sed
905 5378 1062 5433 etiam
1084 5376 1151 5431 ab
1169 5377 1471 5431 hominibus
1488 5376 1920 5431 circumforaneis

338 5472 522 5526 multa!
569 5470 827 5525 machina!
855 5479 1038 5523 contra
1069 5469 1360 5524 Ecclesiam
1388 5470 1770 5524 movebantur:
1801 5486 1920 5538 qua:

336 5565 428 5619 ille
471 5562 816 5618 subindicans
859 5563 1111 5617 dicebat:
1162 5562 1449 5618 Alexander
1499 5564 1711 5616 terarius
1762 5565 1921 5617 multa

336 5656 472 5707 mala
500 5655 624 5707 mihi
664 5654 878 5708 ostendit
902 5670 921 5709 :
966 5671 1112 5723 queat
1153 5664 1199 5707 et
1247 5664 1299 5707 tu
1352 5655 1556 5708 devita:
1598 5654 1744 5707 valde
1787 5656 1917 5708 enim

334 5749 514 5801 restitit
549 5746 704 5801 t-rrbis
728 5748 910 5801 nostris
935 5747 1009 5820 (2.
1045 5746 1153 5801 Tim
1202 5749 1255 5803 4.
1290 5748 1394 5802 14..
1423 5747 1533 5820 15).
1583 5748 1733 5804 Sicut
1784 5764 1913 5819 ergo

1109 309 1194 367 \‘ll
1236 310 1536 377 llOMlLlA,
1581 311 1780 367 DICTA
1823 311 1887 367 IN
1929 311 2203 367 TEMPLO
2240 315 2296 371 S.
2343 316 2770 375 ANASTASLE.

3486 327 3590 381 198

2012 445 2158 481 mare
2211 445 2498 500 numquam
2543 434 2793 489 fluctibus
2838 451 3031 504 expers
3076 447 3191 493 est:
3224 440 3301 495 sic
3348 438 3406 496 et
3442 443 3593 501 Pauli

2008 523 2182 577 anima
2216 524 2369 592 plena
2402 538 2519 580 erat
2542 528 2687 582 mille
2718 529 3122 594 tentationibus,
3154 532 3473 601 quotidiauis
3498 551 3592 604 pe-

2010 616 2209 678 riculis,
2256 617 2385 671 foris
2430 628 2485 673 et
2528 620 2689 685 intus,
2740 637 2834 689 per
2878 623 3062 685 verba,
3120 640 3217 690 per
3262 639 3446 693 Opera,
3495 642 3592 696 per

2011 707 2281 773 pecunias,
2303 724 2398 777 per
2412 709 2593 763 dolos:
2616 711 2897 781 nullusque
2918 728 3094 768 sermo
3114 718 3308 782 poterit
3324 730 3598 785 exponere

2012 796 2157 849 illam
2190 798 2413 851 telorum
2446 799 2662 862 nubem,
2689 801 2831 854 illam
2870 803 3124 858 ﬂuctuum
3171 807 3590 863 multitudinem.

2008 888 2270 954 Quoniam
2310 890 2467 958 igitur
2513 890 2563 943 in
2596 892 2683 945 tali
2716 901 2855 946 statu
2887 905 2941 947 et
2976 896 3282 953 conditione
3334 915 3421 954 res
3468 910 3592 956 tunc

2009 990 2181 1045 erant,
2208 995 2310 1033 non
2345 982 2435 1033 illo
2467 992 2668 1037 tardum
2711 985 2853 1052 quod
2881 986 3135 1053 diximus,
3170 991 3261 1043 sed
3293 992 3449 1062 longe
3472 1010 3587 1046 ma-

2006 1071 2109 1137 jnri
2132 1088 2146 1135 ;
2172 1087 2270 1125 nec
2297 1071 2468 1126 solum
2496 1074 2762 1139 doctores,
2794 1077 2888 1131 sed
2910 1080 3070 1132 etiam
3099 1080 3343 1150 discipuli
3373 1084 3590 1152 pericli-

2011 1164 2279 1224 tabantur,
2312 1180 2409 1219 nec
2425 1165 2670 1235 discipuli
2696 1169 2981 1232 modo,sed
2999 1172 3157 1225 etiam
3174 1173 3423 1228 doctores
3442 1176 3459 1241 (
3469 1192 3591 1229 nam

2010 1255 2054 1306 si
2080 1256 2181 1307 alia
2214 1271 2336 1324 pars
2370 1258 2419 1310 in
2472 1263 2785 1325 tentatione,
2818 1261 2921 1314 alia
2972 1263 3023 1314 in
3071 1265 3357 1318 securitate
3387 1264 3593 1326 fuiss«~t.

2013 1347 2272 1415 potuisset
2314 1352 2478 1402 altera
2519 1350 2674 1404 alteri
2717 1351 3140 1406 consolationem
3184 1354 3421 1409 afferre:
3454 1369 3595 1408 nunc

2009 1447 2190 1492 autem
2214 1446 2439 1507 utraque
2482 1455 2606 1509 pars
2626 1440 3054 1513 Oppugnabatur)
3080 1459 3094 1507 ;
3132 1454 3186 1497 et
3212 1444 3327 1499 lucc
3353 1444 3597 1500 videntes

2011 1532 2160 1584 multi
2205 1548 2271 1586 ex
2336 1533 2715 1588 inﬁrmioribus
2770 1535 3203 1590 dissnlvebantnr
3245 1538 3594 1607 obtorpescu-

2012 1622 2176 1687 bant,
2227 1624 2370 1677 anxii
2423 1637 2619 1679 erant:
2650 1627 2787 1680 bona
2844 1627 3057 1696 quidem
3102 1629 3497 1697 praedicationis
3542 1632 3593 1684 iu

2010 1728 2105 1782 spe
2142 1714 2312 1768 futura
2355 1716 2617 1780 videntes,
2667 1733 2910 1787 regnum,
2942 1722 3392 1775 resurrectionem
3432 1733 3485 1776 et
3517 1722 3595 1775 in-

2010 1806 2443 1873 corruptionem;
2495 1809 2663 1863 tristia
2692 1818 2871 1863 autem
2917 1810 3004 1865 hic
3048 1813 3098 1865 in
3144 1815 3516 1882 experimento
3541 1825 3596 1869 et

2013 1896 2302 1965 patientia,
2360 1900 2657 1967 sartagines
2709 1916 2937 1970 nempe,
2984 1902 3263 1969 fornaces,
3315 1920 3591 1967 carceres,

2014 1988 2174 2054 bella,
2203 1988 2525 2054 inimicitias,
2549 1990 2694 2054 odia,
2720 2003 2942 2055 mortes,
2975 1994 3239 2061 pericula;
3266 2004 3321 2048 et
3345 1995 3595 2050 doctores

2009 2097 2158 2149 suos,
2188 2098 2329 2136 nunc
2368 2083 2418 2135 in
2448 2084 2775 2149 carceribus,
2809 2100 2951 2139 nunc
2979 2086 3029 2138 in
3061 2088 3369 2156 synagogis,
3421 2088 3593 2141 abdu-

2010 2186 2128 2228 ctos
2181 2184 2235 2228 et
2281 2175 2603 2228 contumelia
2637 2175 2887 2240 aﬂ‘ectos,
2937 2186 2991 2229 et
3043 2176 3275 2247 undique
3332 2179 3591 2233 malorum

2013 2270 2185 2323 nubes
2227 2268 2568 2337 ingruebant,
2596 2277 2651 2323 et
2677 2269 2729 2321 in
2758 2268 3019 2337 profunda
3053 2271 3406 2324 teutatiuuum
3434 2284 3591 2324 nocte

2012 2370 2186 2424 erant,
2218 2376 2335 2429 qua:
2364 2375 2552 2415 omnes
2580 2362 2837 2416 invadens
2874 2362 2924 2415 iu
2965 2363 3370 2432 perturbatione
3405 2380 3592 2434 magna

2016 2453 2274 2505 tenebat:
2324 2451 2445 2506 vide
2490 2452 2757 2520 quomodo
2799 2469 2902 2506 una
2946 2469 3078 2507 voce
3108 2455 3344 2508 animant
3376 2456 3590 2509 illorum

2013 2544 2203 2613 erigat.
2253 2542 2398 2597 ldem
2457 2543 2583 2596 facit
2641 2560 2692 2596 m
2744 2545 2842 2597 alia
2893 2544 3141 2613 cpistola,
3197 2545 3424 2599 dicens:
3468 2545 3595 2600 Idea

2014 2650 2195 2686 manus
2254 2634 2487 2685 remissas
2541 2643 2588 2685 et
2645 2651 2810 2702 genua
2868 2634 3055 2688 debilia
3113 2635 3343 2689 roborate
3386 2636 3592 2709 (Hebr.

2017 2724 2183 2793 12.1)
2215 2742 2227 2776 :
2259 2739 2366 2778 non
2411 2724 2479 2779 de
2525 2729 2765 2795 genubus
2805 2736 2859 2781 et
2896 2728 3144 2782 manibus
3182 2728 3407 2799 loquens
3430 2770 3446 2795 ,
3500 2732 3595 2785 Sed

2014 2818 2082 2871 de
2123 2816 2535 2886 cogitationibus
2588 2818 2813 2875 internis
2851 2826 2905 2873 et
2946 2820 3234 2875 latentibus
3263 2862 3280 2884 ,
3334 2837 3452 2891 qua:
3502 2838 3599 2893 per

2018 2911 2339 2965 tentationes
2371 2910 2822 2965 dissolvebantur.
2882 2912 3085 2967 Deinde
3140 2922 3259 2983 post
3309 2913 3429 2968 data
3485 2932 3598 2969 mn-

2017 3003 2125 3055 nita
2169 3002 2590 3056 consolationem
2639 3002 2794 3057 all'ert
2820 3005 3125 3066 maximam,
3164 3006 3386 3061 dicens:
3419 3008 3599 3061 Att/mc

2016 3093 2271 3146 modicum
2310 3093 2705 3161 aliquantulum,
2744 3103 2788 3145 et
2826 3096 2912 3163 qui
2955 3106 3190 3149 venturus
3237 3108 3311 3150 est
3353 3101 3530 3165 veniet,
3554 3111 3601 3153 et

2018 3202 2117 3239 non
2145 3185 2363 3237 tardabit
2406 3186 2423 3253 (
2453 3183 2592 3235 Ibid.
2622 3201 2671 3237 υ.
2705 3184 2792 3238 10.
2823 3186 2890 3238 57
2922 3186 2961 3253 ).
3003 3185 3107 3240 Sed
3151 3187 3273 3255 quia
3302 3189 3430 3241 illud
3460 3191 3597 3242 inte.

2017 3278 2117 3330 rim
2145 3277 2196 3329 in
2232 3291 2326 3344 spe
2352 3287 2488 3340 erat,
2530 3277 2636 3329 alio
2677 3274 2838 3329 modo
2889 3291 3077 3330 rursus
3125 3292 3222 3331 eos
3264 3277 3598 3344 cohortatur,

2018 3382 2123 3422 non
2168 3367 2376 3429 alienis,
2404 3367 2498 3419 sed
2531 3366 2761 3435 propriis
2788 3367 3050 3436 exemplis
3092 3367 3301 3421 animos
3347 3369 3477 3438 ipsis
3520 3370 3598 3421 ia-

2019 3461 2185 3514 ciens.
2223 3458 2668 3520 Rememoramini,
2702 3457 2896 3526 inquit,
2920 3459 3156 3526 pristinos
3182 3458 3311 3524 dies,
3343 3459 3393 3512 in
3424 3460 3601 3525 quibus

2020 3550 2313 3614 illuntinati,
2364 3566 2598 3618 magnum
2646 3559 2901 3602 certamen
2945 3549 3261 3602 sustinuistis
3310 3551 3602 3619 passionum

2023 3640 2187 3710 (Ibid.
2218 3657 2266 3693 υ.
2298 3640 2410 3710 52).
2438 3640 2544 3695 Vos
2572 3642 2719 3710 ipsos
2744 3640 3099 3695 revereamini
3138 3641 3384 3711 bonaque
3423 3652 3600 3696 vestra

2022 3748 2203 3801 opera,
2229 3748 2294 3785 ne
2319 3733 2591 3801 indignum
2620 3732 3004 3801 prommiorum
3039 3731 3199 3785 finem
3225 3732 3544 3797 exbibeatis,
3572 3748 3601 3786 a

2023 3824 2172 3877 vobis
2214 3824 2342 3892 ipsis
2376 3823 2805 3876 cohortationem
2838 3822 3136 3888 accipiatis.
3166 3821 3297 3876 Cum
3324 3837 3452 3891 ergo
3481 3821 3607 3877 illus

2023 3914 2124 3967 ltuc
2150 3924 2203 3966 et
2225 3913 2313 3966 illo
2346 3912 2504 3965 modo
2526 3912 2844 3979 monuisset,
2868 3927 2961 3980 per
2981 3911 3081 3965 hoc
3098 3911 3296 3966 dictmn
3326 3913 3447 3967 illos
3470 3912 3600 3967 hor-

2024 4016 2183 4060 tatur.
2217 4006 2495 4073 Quomudo
2514 4020 2568 4059 et
2607 4019 2708 4074 qua
2750 4003 2997 4058 ratione?
3030 4003 3251 4059 Vincula
3279 4014 3333 4059 et
3362 4015 3602 4059 catenam

2022 4097 2208 4150 dicens
2252 4095 2711 4150 confirmationem
2764 4110 2885 4149 esse
2924 4093 3215 4165 Evangelii.
3267 4096 3381 4151 Non
3431 4097 3604 4151 solum

2023 4190 2165 4242 enim
2196 4188 2387 4241 mortui
2420 4187 2684 4251 suscitati,
2714 4187 2798 4240 vel
2827 4187 3022 4253 leprosi
3053 4190 3316 4253 nmndati,
3365 4191 3448 4244 vel
3498 4190 3605 4242 tia--

2024 4294 2209 4334 mones
2233 4278 2441 4347 expulsi
2479 4277 2690 4342 (Matth.
2722 4278 2809 4332 10.
2842 4276 2921 4348 8),
2969 4279 3061 4333 sed
3104 4295 3203 4332 nos
3242 4281 3403 4334 etiam
3443 4281 3605 4334 vineti

2014 4372 2358 4441 Evangelium
2413 4370 2816 4424 confirmamus.
2863 4372 2980 4437 Quo
3032 4380 3229 4440 pacto,
3288 4372 3377 4425 dic
3432 4372 3610 4426 mihi?

2024 4480 2157 4517 nova
2202 4464 2344 4516 enim
2400 4472 2524 4517 sunt
2560 4462 2697 4516 dicta
2732 4462 2839 4527 illa,
2871 4472 2923 4516 et
2955 4463 3207 4533 pleraque
3233 4463 3499 4532 :euigmati
3534 4464 3609 4518 sl-

2025 4555 2187 4607 milia.
2240 4554 2375 4608 Audi
2422 4554 2662 4619 demum,
2714 4555 3027 4624 quomodo:
3067 4556 3112 4610 si
3162 4555 3361 4626 absque
3416 4556 3609 4612 timore

2025 4646 2455 4714 przeilicaremus,
2487 4645 2614 4698 uibil
2661 4645 2925 4714 ingratum
2970 4646 3053 4700 vel
3098 4661 3262 4715 grave
3304 4646 3605 4716 patientes;

2024 4739 2204 4791 nmltis
2233 4753 2440 4797 eorum.
2486 4738 2572 4806 qui
2621 4752 2717 4791 nos
2766 4738 3051 4793 calumniis
3098 4740 3358 4809 impetere
3402 4741 3607 4807 volunt,

2023 4838 2269 4897 suspecta
2320 4830 2591 4883 videretur
2646 4844 2766 4885 esse
2819 4829 3177 4898 pnedicatio:
3232 4846 3375 4885 nunc
3429 4841 3607 4884 autem

2026 4923 2181 4991 pulsi.
2236 4923 2700 4990 persequutionem
2747 4923 3029 4990 patientes,
3071 4921 3225 4985 secti,
3269 4921 3465 4983 adusti,
3514 4936 3609 4991 per

2023 5012 2311 5082 prrecipitia
2362 5013 2485 5074 acti,
2537 5012 2812 5065 innumera
2859 5012 3142 5081 patientes,
3189 5026 3289 5065 nec
3322 5012 3601 5079 cedentes,

2026 5106 2131 5158 imo
2187 5104 2311 5158 hinc
2365 5103 2652 5156 siacriores
2706 5102 2852 5167 facti,
2912 5101 3074 5155 etiam
3129 5100 3609 5170 impudentioribus

2025 5197 2299 5251 oll'erimus
2340 5195 2550 5264 plenam
2599 5193 3142 5259 demonstrationem,
3188 5193 3329 5261 quod
3371 5196 3609 5248 veritatis

2026 5290 2192 5343 simus
2221 5301 2514 5356 prmcoues,
2545 5285 2797 5354 quodque
2840 5283 3020 5338 divina
3061 5283 3304 5353 quaedam
3347 5286 3514 5338 virtus
3557 5286 3607 5340 in

2027 5379 2180 5433 nobis
2204 5380 2293 5440 sit,
2318 5392 2436 5446 qua:
2468 5376 2581 5429 haec
2615 5376 2792 5429 omnia
2835 5374 3031 5429 leviora
3077 5373 3282 5431 reddat.
3332 5389 3430 5428 nec
3487 5390 3607 5442 per-

2028 5475 2199 5528 mittat
2240 5482 2296 5525 ut
2322 5480 2397 5524 tot
2425 5471 2747 5525 tentatioues
2779 5467 3159 5538 praedicatores
3189 5482 3288 5521 nos
3315 5477 3603 5534 superent;

2027 5566 2151 5620 licet
2175 5563 2325 5632 pauci
2354 5562 2542 5622 simus,
2576 5560 2668 5615 sed
2703 5576 2797 5631 per
2827 5569 2905 5613 tot
2932 5558 3312 5629 impedimenta
3338 5557 3405 5611 ad
3432 5558 3605 5613 vieto-

2026 5658 2155 5709 riam
2173 5668 2269 5707 nos
2286 5652 2453 5719 duxit.
2472 5651 2525 5707 Si
2547 5653 2665 5721 quis
2684 5668 2812 5721 ergo
2832 5651 3059 5706 voluerit
3072 5651 3269 5706 claram
3290 5664 3602 5720 comparare

2028 5746 2535 5813 demonstrationem
2563 5788 2576 5813 ,
2621 5745 2759 5817 quod
2800 5744 2977 5800 divina
3019 5745 3262 5816 quasdam
3329 5743 3500 5799 virtus
3536 5742 3609 5799 sit
