4092 6206
487 320 509 366 ,ι
521 317 586 365 00

475 441 597 495 qua:
615 439 714 480 nos
729 423 873 480 intus
897 425 1137 493 inspiret,
1155 424 1475 478 tentationes
1488 430 1662 474 sumat
1679 434 1740 472 ac
1756 427 2028 473 recenseat
2043 459 2055 478 ,

479 517 736 586 pericula,
789 527 1024 580 eatcnas,
1075 523 1340 569 carceres.
1390 513 1571 582 Neque
1613 513 1753 566 enim
1805 509 2055 562 lnuuanze

481 609 693 661 virtutis
713 617 796 661 est
824 623 916 677 per
941 616 1020 660 tot
1051 606 1340 676 praecipitia
1370 605 1609 667 vincere,
1644 618 1740 671 per
1770 611 1845 653 tot
1867 601 2060 655 fluctus

481 711 537 755 et
585 699 851 770 procellas
891 698 1160 768 navigare,
1205 699 1344 752 inter
1391 706 1467 750 tot
1513 695 1616 748 tela
1651 693 1934 763 progredi;
1965 690 2059 744 sed

483 792 674 844 invitae
717 799 772 844 et
817 789 1243 859 inexpugnabilis
1291 788 1501 841 virtutis
1538 787 1651 840 lucc
1690 793 1836 838 sunt.
1881 782 2062 850 itaque

483 893 668 937 catena
701 894 781 936 est
806 881 1141 935 confirmatio
1161 879 1452 948 Evangelii,
1486 893 1589 930 non
1621 877 1724 930 illis
1757 873 1937 938 modo,
1966 871 2061 926 sed

483 975 642 1026 etiam
676 974 828 1026 nobis
868 974 956 1042 qui
1002 973 1268 1041 patimur:
1313 969 1645 1039 probatiores
1687 967 1829 1021 enim
1877 964 2067 1018 fortio-

482 1079 678 1135 resque
711 1082 805 1118 nos
829 1064 1000 1118 reddit
1025 1080 1040 1127 ;
1067 1063 1336 1131 efficitque
1365 1070 1422 1114 ut
1443 1060 1661 1114 iu~idias
1685 1057 2065 1126 deSpiciamus.

486 1161 825 1227 QuapmpIer
857 1157 1067 1211 dicebat
1098 1173 1110 1210 :
1155 1153 1434 1208 Tribulatio
1467 1153 1762 1223 patientiam
1807 1157 2067 1215 operatur,

488 1253 735 1323 patientia
760 1261 922 1304 autem
954 1250 1320 1318 probationem,
1354 1247 1584 1315 probatio
1625 1261 1738 1298 vero
1765 1259 1926 1311 spem,
1955 1255 2071 1308 spes

488 1356 657 1396 attteut
687 1360 785 1395 non
814 1341 1081 1410 confundit
1110 1337 1286 1407 (limit.
1393 1339 1444 1391 5.
1473 1329 1532 1390 4.
1553 1335 1628 1404 5).

560 1437 616 1490 5.
648 1433 834 1488 Viden‘
884 1431 1153 1502 quomodo
1203 1429 1471 1484 tribulatio
1519 1426 1803 1482 confirmet
1833 1429 2072 1490 Evange-

495 1527 662 1580 Iium‘!
694 1525 816 1579 Ideo
843 1539 1054 1594 quoque
1083 1522 1209 1576 alibi
1239 1538 1359 1576 cum
1401 1529 1604 1590 peteret
1645 1527 1701 1572 ut
1745 1533 1774 1571 a
1821 1515 2074 1571 tentatio-

498 1620 654 1672 nibus
695 1619 1030 1680 liberaretur,
1067 1631 1129 1670 ac
1178 1631 1320 1684 sa~pe
1357 1615 1443 1667 illa
1476 1614 1544 1667 de
1572 1628 1731 1666 causa
1761 1609 1935 1665 adiret
1966 1611 2074 1662 Do-

501 1711 701 1762 minum
721 1749 738 1773 ,
767 1708 972 1761 audivit
997 1728 1009 1762 :
1041 1707 1238 1776 Sufficit
1280 1705 1366 1758 tibi
1408 1705 1574 1776 gratia
1605 1717 1750 1766 mea;
1776 1719 1895 1755 nam
1917 1703 2076 1756 uirtus

499 1814 610 1851 mea
655 1799 707 1850 in
748 1798 1040 1866 inﬁrmitate
1069 1797 1330 1866 perﬁcitur
1363 1795 1437 1865 (2.
1468 1793 1586 1849 Cor.
1622 1792 1706 1846 li.
1738 1792 1819 1856 9).
1848 1792 2079 1846 Infirmi.

498 1897 662 1942 tatem
690 1888 776 1942 bic
797 1889 1236 1957 persequutiones
1261 1895 1434 1949 vocat,
1456 1885 1797 1950 tentationes,
1819 1881 2078 1951 pericula,

500 1979 750 2041 insidias,
808 1978 1106 2032 molestias.
1165 1977 1275 2032 lloc
1333 1989 1511 2030 autem
1571 1977 1680 2029 vult
1733 1974 2078 2044 signiﬁcare:

503 2071 751 2126 Poteram
778 2073 880 2126 hoc
909 2069 1169 2138 impedire
1195 2078 1250 2123 et
1277 2069 1475 2122 bellum
1517 2067 1881 2134 exstinguere,
1924 2075 2086 2134 atque

503 2162 696 2216 fluctus
727 2161 1118 2230 comprimere;
1149 2160 1244 2213 sed
1273 2174 1376 2212 non
1397 2159 1515 2221 feci,
1549 2159 1792 2210 utvirtus
1821 2171 1936 2210 mea
1969 2170 2085 2208 ma-

502 2255 585 2322 gis
630 2253 1109 2306 demonstraretur.
1158 2249 1271 2302 Non
1318 2249 1460 2303 enim
1519 2249 1590 2301 ita
1645 2258 1860 2324 ostensa
1902 2247 2087 2300 fuisset

505 2347 624 2414 ejus
649 2343 837 2407 virtus,
869 2344 914 2398 si
953 2344 1065 2396 lucc
1099 2357 1205 2394 non
1247 2340 1381 2394 facta
1427 2339 1683 2402 fuissent;
1716 2349 1768 2391 ut
1797 2354 1918 2392 cum
1953 2340 2087 2390 facta

510 2437 728 2505 quidem
781 2445 923 2498 sunt,
965 2445 1020 2488 et
1065 2434 1196 2487 nihil
1240 2442 1546 2500 potuerunt.
1589 2430 1721 2484 Nam
1770 2431 2092 2498 gubernato-

513 2543 624 2579 rem
671 2527 818 2579 illum
851 2525 1108 2594 optimum
1155 2525 1401 2583 dicimus,
1436 2535 1543 2574 non
1583 2521 1670 2590 qui
1712 2521 1764 2574 in
1807 2521 2092 2588 tranquillo

433 2635 441 2639 ‘
513 2618 646 2672 mari
701 2627 878 2684 potest
931 2631 1118 2669 navem
1171 2623 1316 2668 recte
1367 2613 1588 2675 ducere,
1652 2613 1746 2667 sed
1803 2613 1892 2682 qui
1954 2613 2094 2666 inter

513 2705 761 2773 scapulos
793 2715 846 2759 et
877 2703 1069 2758 fluctus
1093 2712 1148 2757 et
1174 2693 1518 2769 tempestates
1545 2713 1600 2757 et
1640 2711 1830 2756 ventos
1855 2713 2095 2756 vectores

513 2803 800 2849 conservat
833 2811 846 2846 :
895 2803 952 2848 et
993 2794 1259 2848 medicum
1303 2795 1532 2860 peritum
1571 2792 1800 2847 dicimus
1828 2808 1972 2858 eum,
2005 2791 2092 2862 qui

517 2885 662 2939 mille
701 2884 1130 2938 incumbentibus
1157 2883 1356 2938 morbis
1387 2899 1586 2952 aegrum
1615 2892 1832 2936 servat:
1862 2892 1918 2936 et
1943 2897 2099 2936 exer-

475 2970 488 2982 ’
516 2976 654 3028 citus
667 2973 858 3027 ducem
886 2973 976 3043 qui
998 2974 1237 3026 hostibus
1260 2973 1492 3042 undique
1515 2973 1841 3026 irruentibus
1859 2983 1913 3026 et
1931 2989 2099 3041 oppu-

525 3065 811 3136 errantibus
836 3104 852 3130 ,
903 3073 1162 3133 tropa-um
1205 3072 1379 3134 potest
1419 3064 1628 3133 erigere
1674 3078 1690 3116 :
1737 3073 1790 3118 et
1828 3073 2097 3133 pastmem

524 3159 718 3212 bonum
748 3158 836 3228 qui
867 3157 1012 3210 mille
1037 3156 1175 3225 lupis
1204 3155 1427 3224 aliisque
1473 3154 1872 3209 insidiatoribus
1908 3154 2103 3208 irrutn-

525 3252 794 3320 pentibus,
825 3265 1040 3320 gregem
1062 3251 1114 3302 in
1137 3248 1512 3304 tutocustodit.
1540 3248 1610 3301 Ita
1642 3259 1767 3302 tunc
1789 3262 2000 3317 quoque
2017 3261 2103 3300 res

530 3346 651 3398 hinc
692 3342 951 3397 mirabilis
977 3341 1331 3407 efficiebatur,
1360 3340 1502 3410 quod
1540 3340 1668 3394 licet
1694 3341 1968 3393 imuunera
2015 3354 2106 3408 pa-

526 3439 718 3490 tientes
742 3439 1036 3498 vincerent,
1056 3445 1110 3487 et
1128 3449 1220 3486 eos
1238 3433 1326 3502 qui
1353 3448 1412 3486 se
1439 3431 1746 3500 affligebaut
1763 3439 2100 3500 superarent.

525 3529 748 3596 Quando
778 3528 936 3596 igitur
967 3527 1180 3579 Petrum
1221 3535 1276 3577 et
1309 3523 1596 3588 Joannem,
1650 3525 1815 3577 filiutn
1864 3523 2102 3588 tonitrui,

523 3629 580 3673 et
620 3620 1020 3672 fundamentum
1051 3615 1190 3678 fidei,
1228 3614 1278 3666 in
1321 3629 1590 3668 carcerem
1619 3614 1984 3684 conjeccrun-t,
2015 3628 2108 3667 co-

527 3713 636 3781 gita
679 3709 991 3779 quomodo,
1039 3708 1171 3775 ipsis
1220 3705 1460 3761 dimissis
1508 3706 1772 3761 dubitant.
1829 3707 1960 3760 Cum
2011 3705 2108 3758 ad-

527 3800 807 3854 duxissent
841 3800 1000 3869 igitur
1044 3798 1166 3852 illos
1197 3799 1248 3850 iii
1304 3797 1538 3852 medium
1591 3798 1857 3851 theatrum
1883 3837 1898 3862 ,
1955 3797 2108 3851 dixe-

536 3902 661 3948 runt
692 3911 707 3947 :
739 3893 874 3960 Quid
928 3894 1171 3963 faciemus
1219 3890 1506 3944 hominibus
1555 3890 1662 3944 istis
1691 3889 1710 3954 (
1741 3888 1856 3943 Act.
1887 3890 1942 3944 4.
1976 3889 2040 3944 16
2067 3890 2107 3959 ).

529 3983 722 4044 Judazi,
751 3985 840 4053 qui
875 3985 928 4038 in
961 3984 1338 4052 prophetarum
1385 3988 1644 4050 sanguine
1692 3982 1929 4036 iunutriti
1961 3993 2114 4036 erant

534 4074 761 4143 populus
806 4073 990 4127 furens
1053 4083 1106 4128 et
1157 4075 1302 4127 rabie
1359 4073 1588 4137 ductus,
1639 4073 1728 4142 qui
1779 4074 1964 4127 altaria
2021 4075 2115 4128 de-

535 4174 826 4231 struxerat,
856 4170 943 4235 qui
999 4167 1290 4236 prophetas
1327 4166 1617 4229 occiderat,
1649 4167 1740 4236 qui
1782 4168 1835 4220 in
1880 4167 2116 4221 czedilms

535 4257 794 4310 educatus
831 4256 1026 4321 fuerat,
1063 4259 1151 4328 qui
1179 4257 1368 4310 belluis
1405 4256 1637 4310 ferocior
1659 4268 1796 4320 erat,
1825 4259 1914 4327 qui
1942 4258 2117 4312 adhuc

540 4346 799 4401 Dominici
825 4347 1098 4416 sanguinis
1130 4348 1301 4402 stillas
1322 4346 1618 4411 emittebat,
1658 4347 1745 4416 qui
1780 4348 1954 4416 ipsum
1997 4363 2118 4401 cru—

535 4439 778 4493 cifixerat
806 4455 819 4490 :
852 4437 938 4492 bic
966 4439 1173 4491 duobus
1208 4437 1561 4506 apprehensis
1609 4438 1980 4505 piscatoribus,
2014 4439 2117 4492 i:li~

538 4528 742 4588 teratis.
788 4528 991 4591 idiotis,
1036 4526 1298 4589 obscuris.
1343 4525 1505 4579 mutis
1536 4527 1703 4596 magis
1732 4543 1891 4596 quam
1924 4529 2114 4596 pisces,

537 4635 765 4689 quorum
811 4619 946 4672 alter
989 4633 1056 4670 ne
1104 4617 1336 4671 ostiaria:
1381 4617 1594 4686 quidem
1642 4618 1812 4672 minas
1850 4619 2120 4688 simplices

540 4711 735 4764 tulerat
765 4727 778 4764 :
809 4709 928 4772 bos,
963 4708 1195 4776 inquam,
1241 4707 1658 4775 comprehensos
1690 4709 1752 4761 in
1801 4709 1978 4762 medio
2021 4709 2120 4764 lia-

543 4801 731 4854 bentes
753 4801 964 4870 ligatos,
985 4799 1175 4860 nudos,
1195 4814 1300 4852 non
1321 4801 1664 4868 pecuniarum
1684 4814 1788 4868 ope
1810 4801 2119 4866 instructos,

541 4908 647 4945 non
670 4907 926 4961 corporea
958 4891 1284 4955 fortitudine,
1312 4906 1415 4944 non
1438 4904 1750 4944 sermonum
1782 4892 2116 4961 eloquentia,

544 4998 648 5036 non
674 4983 935 5038 rhetorica
965 4984 1039 5050 vi,
1074 4998 1177 5039 non
1201 4983 1416 5053 generis
1450 4983 1759 5052 splendore,
1794 5001 1897 5038 non
1933 4986 2117 5054 patria:

1195 308 1252 363 S.
1291 305 1569 363 JOANNIS
1590 297 2058 359 CHRYSOSTOMI
2101 296 2413 353 ARClllEP.
2454 296 2980 353 CONSTANTNH'.

3543 283 3546 288 ’
3637 300 3734 359 50')

2169 415 2547 483 magnitudine,
2604 417 2898 484 piscatores
2949 433 3016 470 ex
3074 417 3446 486 piscatoribus,
3502 428 3740 474 extrema

2167 515 2476 573 paupertate
2523 505 2850 574 laborantes,
2889 508 3134 562 dubitant
3171 509 3443 578 quomodo
3484 525 3607 562 cum
3641 511 3744 564 illis

2164 596 2333 650 acturi
2365 598 2491 658 sint,
2519 607 2574 650 et
2601 598 2820 663 dicunt;
2845 599 2980 664 Quid
3009 601 3252 668 faciemus
3279 600 3566 654 hominibus
3595 601 3703 655 istis
3722 601 3750 655 .’

2168 684 2354 740 Viden’
2397 698 2593 755 quanta
2636 703 2722 741 res
2761 689 2826 742 sit
2865 689 3072 743 virtus?
3109 691 3380 759 quomodo
3423 692 3748 745 tentationes

2165 777 2499 831 confirmatio
2536 778 2644 833 sint
2674 779 2980 846 Evangelii?
3032 779 3220 834 Dicunt
3264 780 3329 833 ad
3376 795 3509 833 eos:
3560 779 3752 834 Nonne

2168 869 2506 936 pracipiendo
2530 871 2856 938 precepimus
2875 871 3011 924 vobis
3039 886 3102 922 ne
3126 871 3452 939 loqueremini
3475 872 3524 924 in
3547 873 3752 925 nomine

2170 959 2303 1011 isto?
2347 955 2417 1010 Et
2454 959 2602 1012 vultis
2641 960 2878 1013 inducere
2908 977 3060 1025 super
3086 978 3177 1015 nos
3213 963 3505 1032 sanguinem
3532 963 3755 1016 hominis

2171 1051 2315 1105 istius
2345 1054 2476 1122 (Act.
2506 1054 2560 1105 5.
2588 1052 2702 1124 9.8).
2733 1053 2786 1108 Si
2819 1055 2978 1106 homo
3011 1063 3095 1108 est
3134 1063 3358 1117 tantum,
3406 1054 3526 1124 quid
3561 1056 3756 1110 times?

2175 1147 2218 1198 si
2248 1160 2374 1198 vero
2405 1147 2541 1199 Deus
2568 1155 2670 1209 est,
2703 1161 2801 1200 cur
2832 1146 2979 1200 illum
3011 1163 3114 1200 non
3143 1147 3382 1202 adoras?
3419 1152 3610 1202 Annon
3637 1149 3756 1203 cia-

2176 1238 2359 1291 mabas
2387 1254 2577 1306 nuper,
2611 1239 2835 1309 Sanguis
2869 1241 2977 1304 eius
3019 1257 3173 1307 super
3214 1257 3304 1294 nos
3344 1252 3389 1294 et
3424 1258 3575 1310 super
3618 1243 3757 1307 ﬁlios

2176 1339 2374 1384 nostros
2431 1332 2643 1399 (Matth.
2695 1334 2780 1386 27.
2834 1332 2966 1401 235)?
3013 1333 3151 1386 unde
3199 1335 3507 1400 Sanguinem
3559 1336 3759 1388 times?

2177 1423 2301 1490 quid
2335 1433 2565 1476 metuam
2601 1436 2742 1478 tuam
2771 1427 3056 1495 exagitavit
3081 1426 3101 1478 ?
3124 1443 3303 1480 nonne
3333 1427 3546 1495 ligasti?
3575 1443 3758 1482 nonne

2180 1511 2494 1580 flagellasti?
2541 1531 2718 1569 nonne
2768 1515 3110 1571 crucifixisti?
3153 1531 3331 1571 nonne
3372 1526 3639 1571 mortuum
3680 1519 3762 1573 vi-

2179 1603 2302 1657 disti
2328 1621 2393 1658 ex
2424 1621 2581 1660 eruce
2604 1607 2940 1661 detractum?
2967 1624 3143 1662 nonne
3169 1609 3440 1677 sepultum
3472 1609 3678 1674 vidisti,
3705 1621 3764 1665 et

2183 1705 2323 1750 terra
2375 1697 2661 1764 opertum?
2707 1713 2885 1752 nonne
2932 1699 3078 1768 signa
3133 1699 3379 1769 sepulcro
3424 1700 3765 1768 imposuisti?

2183 1802 2362 1840 nonne
2399 1788 2598 1839 milites
2641 1789 2813 1857 pretio
2843 1789 3058 1842 emisti?
3088 1805 3264 1842 nonne
3296 1790 3489 1843 famam
3519 1793 3764 1859 sparsisti

2183 1877 2325 1947 quod
2377 1877 2620 1946 discipuli
2665 1877 2780 1946 ejus
2832 1878 3001 1946 ipsum
3051 1877 3209 1932 furati
3255 1880 3396 1933 sint?
3439 1881 3575 1947 Quid
3621 1898 3767 1936 nunc

2187 1968 2383 2021 times?
2427 1984 2523 2022 cur
2563 1984 2678 2035 ejus
2717 1971 3027 2039 sanguinem
3057 1969 3345 2024 formidas?
3378 1970 3538 2026 Vides
3565 1975 3767 2027 verita-

2190 2068 2294 2113 tem
2327 2075 2420 2126 per
2448 2061 2624 2112 omnia
2653 2059 2978 2128 fulgentem?
3007 2059 3138 2126 Quia
3164 2061 3308 2114 enim
3351 2061 3601 2115 videbant
3647 2073 3772 2132 post

2191 2152 2306 2206 illas
2333 2152 2550 2205 insidias
2594 2168 2706 2204 rem
2737 2151 3115 2220 eil‘erri,atque
3145 2153 3290 2205 initia
3333 2152 3607 2221 splendida
3645 2169 3773 2208 esse

2189 2254 2243 2297 et
2285 2243 2398 2311 ipso
2424 2244 2535 2297 sole
2567 2242 2843 2306 lucidiora,
2888 2251 2942 2296 et
2985 2245 3052 2296 ab
3103 2244 3220 2311 ipso
3264 2257 3454 2299 cursus
3507 2246 3772 2313 principio

2191 2334 2464 2394 exhibita,
2519 2335 2771 2404 quodque
2827 2343 2996 2387 totum
3057 2335 3244 2390 orbem
3315 2340 3772 2404 comprehensum

2193 2434 2354 2489 esset,
2391 2425 2570 2494 utique
2599 2441 2840 2480 errorem
2871 2427 2934 2479 ad
2960 2435 3196 2480 extrema
3221 2426 3595 2497 depellendum
3626 2445 3774 2495 esse,

2196 2532 2293 2570 nec
2315 2532 2474 2586 posse
2515 2521 2634 2586 ejus
2666 2521 2768 2571 vim
2815 2519 3135 2573 ineffabilem
3182 2522 3480 2586 sustinere;
3521 2523 3778 2576 virtutem

2195 2612 2314 2678 ejus
2342 2611 2550 2675 timent,
2578 2609 2867 2664 formidant
2888 2611 3428 2678 vinctos,damnatos,
3454 2614 3778 2683 ﬂagellatos,

2199 2702 2404 2756 insidiis
2427 2703 2806 2769 circumdatos,
2833 2703 2968 2758 duos
2983 2720 3182 2773 eosque
3208 2705 3418 2759 idiotas.
3444 2706 3566 2758 Ideo
3585 2706 3783 2759 Paulus

2199 2793 2520 2847 tentationes
2531 2794 2987 2848 confirmationem
3003 2795 3271 2864 Evangelii
3290 2804 3463 2850 vocat:
3483 2798 3600 2851 ideo
3616 2802 3782 2852 etiam

2199 2885 2320 2938 alibi
2347 2885 2477 2939 dicit
2507 2903 2520 2938 :
2553 2885 2696 2940 Scire
2738 2897 2903 2940 autem
2942 2903 3029 2941 vos
3071 2889 3183 2941 volo
3205 2929 3220 2954 ,
3264 2890 3468 2958 fratres,
3505 2891 3622 2958 quia
3666 2907 3788 2959 quo

2200 2978 2335 3030 circa
2363 2995 2440 3030 me
2464 2989 2601 3041 sunt,
2631 2981 2794 3049 magis
2823 2980 2891 3032 ad
2922 2984 3200 3050 profectum
3226 2992 3461 3035 venerunt
3483 2981 3787 3050 Evangelii:

2201 3069 2273 3120 ita
2302 3079 2353 3120 ut
2383 3069 2553 3138 plures
2581 3086 2608 3122 e
2635 3071 2876 3138 fratribus
2901 3073 2951 3124 iu
2979 3071 3220 3137 Domino,
3260 3073 3567 3140 conﬁdentes
3605 3074 3785 3124 vincis-

2206 3159 2266 3210 fis
2292 3160 2432 3223 meis,
2457 3159 2795 3214 abundantius
2829 3162 3072 3214 auderent
3108 3162 3218 3215 sine
3249 3162 3427 3216 timore
3460 3163 3658 3216 verftuut
3698 3161 3788 3216 lo-

2205 3253 2293 3319 qui
2318 3251 2577 3321 (Philipp.
2615 3254 2666 3306 1.
2710 3253 2796 3306 12.
2846 3254 2956 3322 id).
3007 3253 3137 3320 Quis
3180 3254 3334 3316 vidit,
3383 3255 3504 3323 quis
3556 3253 3788 3318 audivit,

2206 3343 2344 3412 quod
2376 3344 2582 3398 vincula
2615 3343 2890 3398 audaciam
2931 3344 3138 3411 indant,
3187 3355 3238 3400 et
3278 3355 3463 3399 catena
3516 3345 3789 3409 fiduciam,

2208 3451 2313 3489 non
2341 3435 2520 3490 vincto
2552 3445 2776 3496 tantum,
2807 3435 2898 3490 sed
2947 3435 3106 3489 etiam
3146 3435 3424 3504 discipulis
3449 3435 3602 3505 ejus?
3630 3439 3791 3488 Atta-

2211 3543 2329 3580 men
2388 3543 2507 3580 cum
2559 3528 2674 3580 lucc
2737 3525 2955 3590 fierent,
3013 3541 3108 3595 per
3160 3527 3428 3580 contraria
3479 3525 3795 3596 pnedicatio

2210 3617 2588 3680 extollebatur,
2621 3625 2674 3670 et
2699 3615 2970 3685 discipuli,
3018 3632 3140 3671 cum
3172 3617 3427 3686 magister
3451 3631 3796 3687 oppugnare-

2216 3719 2334 3772 tur,
2390 3709 2596 3762 insidiis
2648 3718 3018 3778 appeteretur,
3077 3709 3391 3771 vinciretur,
3448 3710 3613 3778 magis
3656 3709 3799 3763 lide-

2215 3802 2361 3866 bant,
2419 3802 2586 3870 magis
2641 3801 2996 3876 exsultabant,
3055 3802 3222 3872 magis
3283 3801 3608 3856 iusiliebant.
3641 3801 3796 3854 Dicta

2220 3890 2510 3945 laudastis?
2539 3890 2776 3945 Tandem
2827 3890 3190 3946 fortitudinem
3220 3891 3509 3953 imitentur,
3545 3891 3798 3944 virtutem

2215 3983 2561 4037 aemulemur:
2595 3983 2724 4036 nihil
2755 3997 2852 4037 nos
2881 3992 3103 4047 terreat,
3151 3983 3308 4037 nulla:
3347 3998 3447 4037 nos
3474 3982 3804 4036 tentationes

2219 4078 2544 4142 perturbent.
2579 4074 2702 4127 Haec
2727 4074 2871 4127 enim
2899 4082 3024 4128 sunt
3044 4075 3254 4143 pietatis
3285 4074 3650 4138 incitamenta,
3679 4075 3803 4128 lucc

2217 4173 2339 4216 sunt
2373 4163 2724 4232 philosophia:
2753 4164 2893 4218 alie:
2927 4165 3040 4218 hinc
3078 4179 3177 4218 nos
3214 4163 3462 4218 fortiores
3489 4174 3543 4218 et
3572 4165 3805 4217 invictos

2219 4256 2468 4319 reddunt,
2502 4257 2616 4310 haec
2647 4257 2904 4325 majorem
2952 4255 3093 4324 apud
3142 4255 3309 4309 Deum
3348 4258 3481 4309 dant
3526 4256 3802 4320 fiduciam,

2220 4350 2585 4418 majorcmque
2637 4349 2910 4402 attrahunt
2958 4349 3075 4418 ejus
3129 4348 3598 4412 benevolentiam,
3657 4347 3804 4400 mul-

2225 4450 2438 4509 tamque
2480 4441 2529 4492 in
2589 4440 2744 4494 nobis
2777 4443 3000 4510 gratiam
3045 4441 3386 4494 confirmant.
3438 4441 3505 4496 Ut
3550 4455 3676 4511 ergo
3719 4442 3809 4494 liis

2221 4531 2467 4585 omnibus
2510 4529 2767 4598 fruamur,
2811 4533 2988 4586 omnia
3021 4548 3140 4602 qua:
3169 4533 3440 4595 accidunt,
3472 4547 3676 4602 quaeso,
3719 4529 3808 4584 fc-

2223 4639 2424 4688 ramus,
2459 4641 2552 4693 per
2579 4627 2758 4684 omnia
2809 4626 2974 4679 Deum
3021 4625 3406 4694 glorificantes,
3457 4625 3582 4694 quia
3627 4624 3809 4693 ipsum

2223 4713 2378 4768 decet
2419 4715 2605 4784 gloria,
2654 4716 2847 4781 honor,
2881 4716 3184 4784 imperium,
3228 4730 3332 4768 una
3373 4729 3495 4768 cum
3530 4715 3814 4784 ttnigenito

2222 4801 2340 4866 ejus
2382 4798 2514 4852 Filio
2557 4809 2612 4855 et
2649 4809 2836 4854 sancto
2883 4799 3105 4868 Spiritu,
3153 4813 3296 4853 nunc
3321 4808 3378 4854 et
3401 4812 3638 4868 seraper,
3669 4807 3724 4852 et
3752 4801 3812 4852 in

2226 4890 2419 4942 smcula
2447 4891 2782 4944 surculorum.
2830 4891 3023 4945 Amen.

543 5121 2442 5150 *μαψ-ἣ.-

1856 5212 2196 5274 HOMILIA
2245 5215 2412 5275 Vill.

551 5367 795 5440 Ejusdem
840 5365 1048 5420 Metilio
1089 5362 1259 5416 habito
1299 5363 1352 5414 in
1390 5361 1599 5414 ecclesia
1642 5357 1818 5422 Pauli,
1851 5356 2028 5412 Gothis
2053 5357 2131 5409 le-

617 5458 850 5534 gentibus
879 5458 975 5526 (η),
1008 5465 1270 5527 postquam
1302 5455 1557 5523 presbyter
1578 5449 1772 5506 Gothus
1797 5449 2127 5503 concionotus

617 5553 780 5622 ἵει-ενοι
803 5549 899 5620 ib).

611 5665 688 5788 ἕως
703 5664 830 5714 Vide
851 5673 961 5726 qm
982 5662 1073 5710 hac
1091 5659 1155 5708 de
1177 5671 1235 5707 re
1255 5657 1468 5730 diximus
1491 5657 1542 5704 in
1566 5653 1764 5705 Monito.
1893 5719 1902 5726 θ
2040 5716 2049 5728 .

631 5731 656 5775 υ
716 5725 834 5788 Hice
859 5731 912 5788 et
941 5719 1371 5788 sequeusbomllia
1395 5733 1422 5766 a
1441 5717 1556 5788 βυτ.
1585 5714 1936 5788 Ρις.“ξιέιιιὴκειο
1975 5713 2120 5765 edita

555 5776 679 5836 suitt'
697 5776 746 5834 in
768 5782 936 5835 libello
959 5776 1250 5842 academico,
1275 5780 1606 5841 Vitembergaa
1635 5776 1768 5826 1803.

2311 5365 2354 5415 l.
2405 5362 2602 5417 Vellem
2633 5363 2821 5416 adesse
2847 5362 3065 5418 Gnaeos
3088 5362 3275 5424 hodie,
3308 5370 3363 5415 ut
3392 5375 3512 5431 quae
3531 5360 3667 5414 lecta
3688 5369 3815 5413 sunt

2235 5459 2484 5513 audirent
2527 5468 2580 5511 et
2627 5457 2898 5511 discerent
2947 5465 3140 5526 quanta
3199 5457 3269 5508 sit
3310 5453 3564 5510 Crueii‘txi
3621 5453 3810 5514 virtus,

2235 5564 2429 5621 quanta
2461 5551 2635 5605 crucis
2661 5558 2934 5619 potestas,
2976 5554 3170 5616 quanta
3213 5545 3474 5601 Ecclesiae
3523 5545 3811 5608 nobilitas,

2234 5655 2426 5716 quanta
2457 5643 2578 5698 fidei
2611 5643 2852 5706 firmitas,
2882 5648 3076 5710 quanta
3101 5639 3301 5715 erroris
3327 5627 3818 5706 turpitudo,qt_tan-

2238 5749 2288 5794 ta
2319 5738 2619 5790 dauuouum
2652 5734 2844 5788 irrisio.
2863 5731 3075 5788 Etenim
3093 5746 3210 5802 quae
3228 5729 3668 5802 philosophorum
3693 5735 3814 5782 sunt
