4092 6206
240 239 347 295 499

233 365 329 415 καὶ
370 361 475 414 οὐκ
513 361 693 417 ἐῶσαν
719 362 827 417 τῶν
860 364 1177 435 πειρασμῶν
1211 365 1272 419 τὸ
1300 367 1502 437 πλῆθος
1534 368 1911 441 περιγενέσθαι

231 447 343 501 τῶν
372 449 776 520 κηρυττόντων,
802 452 896 504 καὶ
925 450 1096 505 ταῦτα
1116 452 1311 521 ὀλίγων
1333 453 1520 517 ὄντων,
1537 455 1626 509 διά
1643 455 1912 509 τοσούτων

233 533 511 605 κρατῆσαι
552 535 913 606 κωλυμάτων.
936 537 1005 591 Et
1024 555 1107 602 τις
1139 534 1231 591 οὖν
1260 538 1498 609 βούλοιτο
1530 543 1675 613 σαφῆ
1704 542 1914 613 λαμϐά-

229 636 347 674 νειν
373 619 661 686 ἀπόδειξιν
682 622 779 676 τοῦ
808 621 960 677 θείαν
980 620 1119 677 εἶναι
1149 624 1376 697 δύναμιν
1404 627 1502 700 τὴν
1528 628 1658 698 ἡμῖν
1687 628 1914 699 ἐνηχοῦ-

233 729 357 775 σαν,
384 713 521 777 τοὺς
561 715 906 786 πειρασμοὺς
944 714 1292 786 λαμϐανέτω,
1321 717 1447 780 τοὺς
1487 715 1784 782 κινδύνους,
1815 719 1916 784 τὰς

233 799 479 864 ἁλύσεις,
510 799 582 852 τὰ
604 799 973 873 δεσμωτήρια.
1000 802 1074 856 Οὐ
1110 803 1221 874 γὰρ
1258 804 1408 856 ἐστὶν
1439 804 1783 876 ἀνθρωπίνης
1825 806 1918 859 δυο

231 887 461 957 νάμεως
487 886 581 941 διά
616 886 888 941 τοσούτων
911 890 1182 960 κρατῆσαι
1212 890 1494 961 κρημνῶν,
1533 891 1620 944 διὰ
1648 891 1918 946 τοσούτων

234 974 473 1027 πλεῦσαι
507 974 795 1045 κυμάτων,
839 975 928 1028 διά
960 976 1231 1031 τοσούτων
1272 978 1520 1048 χωρῆσαι
1558 978 1747 1048 βελῶν,
1782 978 1917 1034 ἀλλά

233 1060 390 1124 θείας
430 1061 529 1114 καὶ
560 1061 776 1131 ἀμάχου
818 1063 993 1117 ταῦτα
1034 1063 1234 1135 ἰσχύος.
1279 1066 1441 1118 ’Ὥστε
1487 1064 1778 1135 βεϐαίωσις
1822 1068 1917 1121 τοῦ

235 1148 568 1216 εὐαγγελίου
595 1150 629 1218 ἡ
663 1148 876 1216 ἀλυσις,
901 1151 999 1203 ούκ
1025 1151 1255 1215 ἐκείνοις
1285 1152 1464 1222 μόνον.
1498 1153 1637 1208 ἀλλά
1667 1157 1761 1209 καὶ
1789 1157 1919 1226 ¹ἡμῖν

232 1240 350 1300 τοῖς
374 1237 652 1307 πάσχουσι
669 1253 685 1268 '
709 1237 1109 1310 δοκιμωτέρους
1128 1240 1239 1313 γάρ
1257 1243 1405 1311 ἡμᾶς
1432 1243 1744 1313 ἐργάζεται,
1782 1246 1923 1315 ίσχυ-

236 1323 526 1396 ροτέρους,
554 1324 754 1395 μᾶλλον
787 1330 1146 1398 καταφρονεῖν
1182 1331 1324 1381 ποιεῖ
1348 1329 1456 1382 τῶν
1489 1330 1811 1385 ἐπιϐούλων.
1832 1332 1922 1385 Διὸ

236 1412 332 1464 καὶ
362 1410 575 1480 ἔλεγεν.
612 1412 682 1467 Ἠ
708 1412 912 1481 θλῖψις
953 1413 1271 1482 ὑπομονὴν
1308 1417 1733 1487 κατεργάζεται,
1782 1421 1821 1488 ἡ
1854 1419 1924 1472 δὲ

236 1499 526 1568 ὑπομονὴ
551 1497 827 1567 δοκιμὴν,
847 1501 884 1568 ή
906 1499 973 1553 δὲ
987 1500 1202 1570 δοκιμὴ
1231 1502 1470 1570 ἐλπίδα,
1494 1507 1533 1573 ἡ
1559 1505 1628 1558 δὲ
1648 1505 1825 1573 ἐλπὶς
1851 1507 1923 1561 οὐ

235 1586 660 1654 καταισχύνει.

308 1683 376 1731 ε’.
424 1677 591 1747 Ὁρᾷς
619 1675 736 1739 πῶς
761 1677 795 1747 ή
833 1676 1012 1747 θλῖψις
1041 1675 1251 1748 βεϐαιοῖ
1276 1679 1335 1732 τὸ
1348 1678 1712 1749 Εὐαγγέλιον;
1743 1677 1916 1751 mai;

237 1760 398 1836 [370]
440 1762 600 1815 τοῦτο
633 1763 729 1815 καὶ
757 1763 991 1833 ἀλλαχοῦ
1023 1763 1263 1818 αἰτοῦντι
1292 1764 1441 1836 αύτῷ
1467 1766 1574 1819 τῶν
1608 1767 1928 1837 πειρασμῶν

235 1848 607 1918 ἀπαλλαγὴν,
642 1848 735 1901 καὶ
784 1849 1045 1912 πολλάκις
1085 1848 1233 1921 ὑπὲρ
1284 1850 1489 1904 τούτων
1543 1850 1926 1923 προσελθόντι,

238 1937 481 2006 ἤκουεν·
518 1933 708 2002 Ἀρκεῖ
730 1951 830 1988 σοι
863 1936 901 2003 ἡ
933 1935 1107 2004 χάρις
1120 1951 1274 2005 μουο
1310 1938 1349 2005 ή
1389 1937 1498 2007 γὰρ
1525 1935 1778 2006 δύναμίς
1809 1954 1929 2007 μου

237 2024 311 2075 ὲν
341 2022 637 2088 ἀσθενείᾳ
672 2022 1024 2077 τελειοῦται.
1064 2024 1368 2091 Ἁσθένειαν
1396 2022 1628 2077 ἐνταῦθα
1654 2025 1781 2088 τοὺς
1803 2023 1930 2077 διω-

242 2111 431 2183 γμοὺς
484 2110 680 2177 καλεῖ,
727 2111 854 2174 τοὺς
888 2113 1261 2183 πειρασμοὺς,
1305 2113 1429 2177 τοὺς
1478 2112 1787 2177 ιανδύνους,
1833 2112 1932 2175 τάς

242 2198 576 2260 ἐπιϐουλάς,
615 2197 713 2262 τάς
737 2198 1021 2270 ἐπηρείας.
1059 2200 1127 2254 ’0
1160 2199 1219 2251 δὲ
1255 2198 1424 2268 λέγει,
1466 2200 1705 2254 τοιοῦτόν
1747 2203 1892 2253 ἐστιν
1914 2214 1930 2230 ⁸

248 2285 567 2355 Ἦδυνάμην
576 2283 745 2336 ταῦτα
764 2285 1026 2348 κωλῦσαι,
1051 2287 1206 2357 φησὶ,
1227 2287 1322 2339 καὶ
1352 2286 1541 2340 σϐέσαι
1566 2286 1658 2340 τὸν
1677 2287 1931 2356 πόλεμον,

242 2370 345 2424 καὶ
385 2370 707 2425 ἀναστεῖλαι
738 2372 808 2425 τά
846 2371 1086 2443 κύματα,
1118 2372 1236 2425 ἀλλ’
1269 2373 1372 2426 οὐκ
1405 2373 1660 2443 ἐποίησα,
1696 2374 1783 2427 ἵνα
1812 2392 1933 2444 μει-

242 2459 424 2523 ζόνως
457 2461 491 2528 ἡ
532 2459 763 2530 δύναμίς
804 2477 908 2530 μου
944 2460 1149 2531 δειχθῇ.
1200 2461 1275 2514 Οὐ
1307 2461 1416 2530 γάρ
1466 2461 1637 2526 οὕτως
1665 2461 1937 2516 ἐδείκνυτο

241 2546 420 2601 αὑτοῦ
455 2549 489 2617 ἠ
526 2546 774 2617 δύναμις,
814 2547 1021 2602 τούτων
1066 2549 1140 2618 μὴ
1173 2549 1495 2619 γινομένων,
1536 2550 1612 2612 ὡς
1639 2549 1936 2618 γινομένων

246 2636 374 2704 μὲν,
404 2636 513 2688 οὐκ
556 2634 850 2704 ἰσχυόντων
894 2634 973 2689 δέ.
1020 2635 1173 2689 Ἐπεὶ
1218 2638 1310 2690 καὶ
1343 2637 1688 2709 κυϐερνήτην
1732 2638 1937 2690 ἐκεῖνον

244 2724 479 2793 ἄριστον
507 2716 649 2775 εἶναί
673 2723 961 2793 φαμεν,“οὐ
981 2721 1073 2774 τὸν
1105 2723 1165 2774 ἐν
1194 2721 1412 2792 γαληνῷ
1443 2721 1623 2792 πόντῳ
1640 2720 1937 2792 δυνάμενον

244 2808 619 2864 κατευθύνειν
648 2810 711 2862 τὸ
740 2809 971 2879 σκάφος,
1004 2808 1141 2864 ἀλλὰ
1169 2810 1262 2863 τὸν
1297 2808 1499 2880 μεταξὺ
1531 2810 1808 2863 σκοπέλων
1841 2812 1938 2864 καὶ

247 2899 526 2969 κυμάτων
547 2898 644 2952 καὶ
666 2898 953 2970 χειμώνων
979 2901 1074 2952 καὶ
1104 2899 1430 2969 πνευμάτων
1451 2898 1788 2962 διασώζοντα
1810 2900 1937 2962 τοὺς

249 2987 634 3058 ἐμπλέοντας·
676 2987 771 3039 καὶ
819 2986 1001 3056 ἰατρὸν
1024 3027 1038 3051 ,
1070 2987 1163 3039 τὸν
1213 2986 1422 3058 μυρίων
1467 2987 1789 3057 νοσημάτων
1820 2989 1939 3039 ἐπι-

251 3074 537 3145 κειμένων
593 3071 971 3143 ἐξαρπάζοντα
1003 3074 1094 3127 τὸν
1130 3072 1405 3144 κάμνοντα
1428 3087 1445 3103 ’
1479 3075 1572 3128 καὶ
1617 3073 1939 3145 στρατηγὸν,

251 3163 350 3213 τὸν
385 3159 731 3229 πανταχόθεν
781 3159 1055 3229 πολεμίων
1099 3160 1458 3214 ἐπιτεθέντων
1499 3160 1594 3214 καὶ
1639 3159 1942 3230 βαλλόντων

254 3247 566 3317 δυνάμενον
593 3245 787 3316 στῆσαι
815 3246 874 3299 τὸ
899 3247 1154 3316 τρόπαιον
1174 3261 1190 3277 ⁸
1211 3250 1303 3300 καὶ
1330 3246 1583 3317 ποιμένα,
1612 3247 1703 3300 τὸν
1732 3247 1943 3318 μυρίων

255 3336 449 3388 λύκων
481 3334 845 3405 ἐπικειμένων
879 3336 972 3388 καὶ
1005 3335 1207 3404 ἐτέρων
1252 3334 1551 3388 ἐπιϐούλων
1587 3333 1945 3404 διατηροῦντα

253 3422 363 3491 τὴν
394 3420 604 3491 ἀγέλην
646 3422 704 3473 ἐν
736 3421 1028 3493 ἀσφαλείᾳ.
1071 3420 1226 3475 Οὕτω
1272 3422 1337 3493 δὴ
1366 3422 1461 3476 καὶ
1492 3422 1610 3475 τότε
1654 3421 1812 3474 τοῦτο
1842 3420 1946 3492 μά·-

255 3511 426 3563 λιστα
445 3510 619 3563 ἐποίει
647 3508 708 3561 τὸ
733 3507 937 3575 θαῦμα,
959 3510 1038 3561 ὃτι
1061 3507 1124 3580 δὴ
1154 3509 1324 3581 μυρία
1353 3511 1655 3580 πάσχοντες
1684 3509 1946 3581 ἐκράτουν

257 3598 361 3653 καὶ
389 3596 771 3667 περιεγένοντο
809 3596 918 3648 τὼν
963 3599 1258 3650 ποιούντων
1292 3597 1491 3652 αὐτῶν.
1520 3598 1649 3651 Ὅτε
1698 3598 1826 3666 γοῦν
1859 3596 1948 3650 τὸν

257 3685 481 3754 Πέτρον
508 3684 605 3736 καὶ
629 3682 720 3736 τὸν
753 3684 1022 3754 Ἰωάννην,
1048 3684 1138 3737 τὸν
1162 3685 1275 3738 υἰὺν
1307 3683 1408 3755 τῆς
1442 3684 1690 3756 βροντῆς,
1727 3683 1821 3738 καὶ
1849 3683 1948 3756 τὴν

254 3771 519 3844 κρηπῖδα
549 3771 650 3841 τῆς
673 3770 929 3834 πίστεως,
960 3772 1039 3834 εἰς
1076 3771 1446 3842 δεσμωτήριον
1479 3772 1746 3837 ἐνέϐαλον,
1775 3772 1951 3843 ἐννόη-

258 3878 364 3914 σον
390 3859 515 3922 πῶς
540 3858 853 3927 ἀφεθέντων
877 3859 1055 3912 αὐτῶν
1079 3859 1444 3930 διαποροῦσιν.
1478 3861 1801 3929 ’Δγαγόντες
1820 3859 1949 3929 γοῦν

258 3948 500 4010 αὐτοὺς,
530 3949 596 3999 ἐν
649 3947 798 4017 μέσῳ
834 3945 929 3999 τοῦ
968 3947 1198 4020 θεάτρου
1232 3946 1481 4015 λέγουσι·
1520 3949 1580 4001 Τί
1616 3946 1952 4016 ποιήσομεν

260 4035 399 4102 τοῖς
424 4032 759 4103 ἀνθρώποις
795 4035 1068 4099 τούτοιςς
1117 4035 1359 4088 Ἰουδαῖοι
1398 4035 1448 4087 οἰ
1490 4035 1718 4105 αῖμασιν
1760 4036 1950 4104 ἐντρα-

262 4123 470 4194 φέντες
500 4124 880 4192 προφητικοῖς,
920 4121 1089 4192 δῆμος
1134 4120 1391 4191 μεμηνὼς
1423 4122 1519 4173 καὶ
1546 4120 1778 4185 λυσσῶν,
1816 4124 1845 4175 ό
1883 4121 1953 4175 τά

265 4210 646 4280 θυσιαστήρια
673 4208 1052 4278 κατασκάψας,
1081 4211 1111 4262 ό
1136 4212 1260 4272 τοὺς
1291 4209 1574 4280 προφήτας
1603 4209 1951 4273 ἀποκτείνας,

265 4304 301 4355 ὁ
327 4300 518 4370 φόνοις
540 4296 991 4367 συνανατραφεὶς,
1017 4298 1046 4350 ό
1071 4295 1273 4366 θηρίων
1303 4295 1654 4368 ἀγριώτερος,
1692 4299 1721 4350 ό
1744 4296 1955 4360 στάζων

269 4388 387 4442 ἀπὸ
413 4384 511 4439 τοῦ
533 4384 762 4454 αἵματος
783 4383 864 4435 ἔτι
891 4381 985 4437 τοῦ
1015 4373 1354 4448 δεσποτικοῦ,
1384 4386 1412 4436 ό
1438 4385 1753 4455 σταυρώσας
1771 4400 1786 4414 ·
1803 4376 1957 4448 οὗτος

271 4476 371 4531 δύο
422 4471 606 4527 λαϐὼν
654 4471 839 4534 ἀλιέας
887 4470 1320 4543 ἀγραμμάτους,
1374 4470 1617 4535 ἰδιώτας,
1673 4472 1953 4542 ἀσήμους,

278 4564 489 4637 ἰχθύων
537 4559 936 4631 ἀφωνοτέρους,
985 4553 1059 4612 ὧν
1090 4558 1314 4630 θάτερος
1346 4559 1466 4612 ούδέ
1520 4560 1765 4630 θυρωροῦ
1794 4559 1955 4631 ψιλὴν

277 4650 518 4720 ἀπειλὴν
542 4649 743 4719 ἠνεγκε
762 4664 775 4677 ·
803 4647 1024 4711 τούτους
1055 4647 1119 4718 δὴ
1149 4647 1424 4711 λαϐόντες,
1457 4648 1516 4700 ἐν
1554 4647 1702 4717 μέσῳ
1743 4647 1957 4717 ἔχοντες

277 4738 640 4808 δεδεμένους,
679 4737 919 4805 γυμνοὺς
941 4775 956 4800 ,
1000 4736 1063 4789 ού
1109 4737 1408 4807 χρημάτων
1461 4734 1955 4807 περιϐεϐλημένους

281 4822 629 4897 περιουσίαν,
660 4822 722 4876 ού
756 4824 1022 4894 σωμάτων
1058 4824 1232 4893 ἰσχὺν,
1270 4822 1332 4875 ού
1361 4821 1533 4894 λόγων
1561 4821 1858 4892 δεινόιητα,
1892 4822 1954 4875 ού

1557 5004 1987 5015 —-———‘—'——

883 248 997 304 Vlll
1041 248 1344 318 HOMHJA,
1389 252 1643 309 ΗΑΒΙΤΑ
1681 252 2053 321 POSTQUAM
2093 250 2500 308 PRESBYTER
2541 251 2849 317 GOTHUS,
2890 250 3042 307 ETC.

3577 244 3684 306 500

2021 366 2304 439 ῥητορείας
2327 366 2574 437 δύναμιν,
2597 367 2658 421 ού
2692 366 2881 436 γένους
2910 366 3286 437 περιφάνειαν,
3320 369 3381 423 οὗ
3429 373 3689 445 πατρίδος

2020 455 2269 526 μέγεθος,
2289 454 2472 518 ἁλιέας
2488 455 2546 521 ἐξ
2563 454 2779 518 ἀλιέων,
2793 455 2994 526 ἐσχάτῃ
3009 455 3252 528 πτωχείᾳ
3272 461 3687 530 συνεστηκότας.

2020 541 2315 613 ἀποροῦσιν
2335 541 2387 595 τί
2419 541 2601 606 αὐτοῖς
2621 544 2931 614 χρήσονται,
2950 540 3044 595 καί
3073 557 3240 611 φασι·
3267 545 3330 598 Τί
3358 546 3696 617 ποιήσομεν

2020 630 2146 696 τοῖς
2167 629 2500 700 ἀνθρώποις
2526 632 2795 697 τούτοις-ς
2832 631 2995 702 Ὁρᾷς
3035 630 3225 699 ἡλίκον
3265 631 3466 705 ἀρετή;
3493 634 3611 699 πῶς
3640 637 3693 690 οἰ

2024 720 2321 789 πειρασμοὶ
2349 718 2638 788 βεϐαίωσις
2670 715 2764 770 τοῦ
2790 718 3143 786 εύαγγελίους
3180 720 3289 773 Καὶ
3314 719 3535 789 λέγουσι
3558 721 3695 793 πρὸς

2022 805 2246 868 αύτούς·
2275 808 2359 859 Οὐ
2386 805 2754 875 παραγγελία
2784 807 3262 875 παρηγγείλαμεν
3290 807 3434 877 ὑμῖν
3471 807 3552 878 μὴ
3584 813 3697 864 ,ια-

2022 892 2156 947 λεῖν
2185 892 2283 947 ἐπὶ
2305 892 2384 957 τῷ
2408 891 2651 961 ὀνόματι
2673 894 2892 958 τούτῳ;
2920 891 3028 947 Καὶ
3049 893 3354 957 βούλεσθε
3374 895 3701 966 ἐπαγαγεῖν

2022 980 2115 1045 ἐφ’
2147 978 2306 1048 ἡμᾶς
2336 979 2404 1032 τὸ
2428 975 2570 1048 αἷμα
2600 979 2707 1033 τοῦ
2729 978 3041 1047 ἀνδράπου
3062 981 3295 1035 τούτου.
3327 981 3389 1035 El
3412 982 3699 1054 ἄνθρωπός

2027 1069 2143 1120 ἐστι
2164 1065 2337 1135 ψιλὸς,
2366 1065 2419 1118 τί
2448 1065 2687 1129 δέδοικας
2714 1082 2727 1130 ;
2757 1069 2806 1119 εἰ
2834 1066 2891 1119 δέ
2920 1066 3053 1130 Θεός
3083 1069 3219 1130 ἐστι,
3249 1068 3394 1133 τίνος
3425 1071 3611 1124 ἐνεκεν
3634 1072 3697 1125 ού

2027 1154 2389 1224 προσκυνεῖςς
2416 1153 2530 1206 Οὐκ
2567 1152 2727 1216 ἐϐόας
2765 1152 2959 1224 πρώην
2994 1154 3187 1222 λέγων,
3224 1155 3297 1210 Τὸ
3336 1153 3480 1225 αἷμα
3509 1158 3700 1213 αὑτοῦ

2025 1241 2119 1311 ἐφ’
2155 1238 2314 1309 ἡμᾶς
2352 1241 2451 1294 καὶ
2478 1240 2576 1294 ἐπὶ
2612 1242 2686 1295 τὰ
2716 1242 2899 1296 τέκνα
2933 1242 3140 1312 ἡμῶν-ς
3169 1243 3332 1298 πόθεν
3370 1244 3613 1308 δέδοικας
3638 1245 3704 1300 τὸ

2029 1322 2206 1399 αἷμας
2232 1328 2286 1380 τί
2330 1344 2422 1380 σου
2451 1328 2550 1399 τὴν
2590 1328 2828 1382 διάνοιαν
2864 1329 3161 1397 διέσεισεν;
3204 1331 3304 1384 οὐκ
3335 1330 3564 1399 ἐδησαςς
3599 1333 3702 1387 οὔκ

2028 1415 2363 1486 ἐμάστιξας;
2391 1416 2492 1468 οὐκ
2519 1417 2904 1486 ἐσταύρωσαςς
2934 1418 2997 1470 ού
3030 1418 3222 1489 νεκρὸν
3244 1412 3382 1481 εἰδες
3409 1418 3701 1491 καθαιρού-

2033 1520 2193 1573 μενον
2229 1502 2339 1555 ἀπὸ
2366 1502 2461 1555 τοῦ
2500 1502 2768 1573 σταυροῦ;
2800 1502 2861 1556 ού
2898 1503 3233 1573 θαπτόμενον
3263 1504 3609 1563 ἐθεάσω.εηί
3633 1509 3702 1579 τῇ

2029 1592 2100 1661 γῇ
2124 1589 2534 1661 κρυπτόμενον;
2559 1592 2619 1644 ού
2651 1593 2938 1662 σήμαντρα
2963 1591 3239 1661 ἐπέθηκας
3256 1592 3334 1663 τῷ
3375 1594 3568 1665 τάφῳς
3603 1594 3706 1649 οὐκ

2029 1677 2203 1748 ἐπρίω
2232 1679 2359 1741 τοὺς
2378 1678 2749 1749 στρατιώταςς
2781 1679 2841 1731 οὐ
2866 1679 3058 1749 φήμην
3083 1679 3416 1750 διέσπειρας,
3451 1681 3533 1735 δτι
3555 1681 3707 1735 ἐκλι-

2029 1762 2136 1832 ψαν
2166 1763 2331 1817 αὑτὸν
2350 1766 2398 1817 οἰ
2432 1764 2709 1835 μαθηταί;
2752 1764 2815 1817 Τί
2837 1765 3082 1829 δέδοικας
3106 1764 3236 1830 νῦνς
3271 1767 3324 1821 τί
3359 1768 3581 1839 τρέμεις
3609 1769 3708 1824 αύ-

2030 1852 2123 1904 τοῦ
2146 1851 2204 1905 τὸ
2225 1847 2401 1921 αἷμας
2429 1853 2593 1923 Ὁρᾷς
2612 1853 2711 1921 τὴν
2732 1852 2985 1922 ἀλήθειαν
3004 1853 3093 1907 διά
3117 1854 3332 1908 πάντων
3351 1855 3703 1926 λάμπουσανς

2045 1937 2262 2016 Ἐπειδὴ
2293 1938 2403 2010 γὰρ
2440 1935 2576 1992 εἶδον
2612 1940 2751 2010 μετὰ
2794 1940 2892 2010 τὴν
2935 1940 3224 2012 ἐπιϐουλὴν
3247 1953 3274 1981 ι
3304 1942 3522 2013 ἐκείνην
3553 1940 3708 2016 1571]

2032 2026 2091 2079 τὸ
2113 2012 2345 2097 πράγμα
2371 2026 2679 2097 αἰρόμενον,
2702 2027 2796 2081 καὶ
2814 2027 2882 2080 τὰ
2908 2027 3169 2097 προοίμια
3190 2027 3417 2100 λαμπρά
3444 2012 3537 2084 καὶ
3554 2012 3707 2101 ἡλίου

2033 2114 2302 2185 φανότερα
2336 2114 2431 2166 καὶ
2462 2111 2520 2177 ἐξ
2549 2112 2721 2182 αὐτῆς
2760 2112 2860 2182 τῆς
2891 2112 3139 2183 βαλϐῖδος
3167 2113 3591 2184 ἐπιδεικνύμενα
3625 2115 3709 2170 δτι

2035 2201 2215 2252 πᾶσαν
2262 2198 2327 2253 ἀθ
2339 2199 2456 2269 ρόον
2497 2200 2868 2271 καταλήψεται
2911 2198 3010 2270 τὴν
3043 2200 3369 2271 οἰκουμένην
3388 2236 3406 2265 ,
3450 2201 3544 2253 καὶ
3586 2201 3709 2254 κατ’

2033 2286 2210 2357 ἄκρας
2240 2287 2424 2339 ἐλάσει
2465 2286 2565 2357 τὴν
2606 2286 2835 2355 πλάνην,
2874 2287 2969 2340 καὶ
2996 2286 3119 2340 ούδέ
3155 2286 3395 2354 ἐνεγκεῖν
3421 2286 3711 2357 δυνήσεται

2035 2372 2139 2446 τὴν
2163 2373 2367 2443 ἄφατον
2401 2374 2567 2427 αὑτοῦ
2600 2372 2781 2445 ῥύμην
2823 2374 2919 2427 καὶ
2961 2373 3060 2444 τὴν
3102 2373 3369 2444 δύναμιν·
3418 2372 3711 2438 δεδοίκασι,

2034 2460 2298 2531 τρέμουσι
2333 2463 2458 2525 τοὺς
2478 2460 2784 2531 δεσμώτας.
2815 2461 2943 2524 τοὺς
2981 2460 3325 2523 καταδίκους,
3362 2461 3488 2522 τοὺς
3521 2476 3715 2530 μαστι-

2038 2546 2290 2617 χθέντας.
2313 2547 2438 2609 τοὺς
2489 2545 2994 2609 ἐπιϐουλευθέντας,
3019 2548 3146 2609 τοὺς
3172 2546 3285 2609 δύο,
3316 2547 3445 2609 τοὺς
3478 2545 3713 2608 ἰδιώτας.

2037 2632 2137 2686 Διά
2159 2633 2329 2686 ταῦτα
2362 2632 2572 2695 Παῦλος
2600 2632 2890 2702 βεϐαίωσιν
2912 2632 3230 2701 εὐαγγελίου
3261 2633 3416 2686 καλεῖ
3446 2631 3573 2696 τοὺς
3594 2648 3718 2685 πειέ

2040 2719 2286 2791 ρασμούς
2304 2735 2318 2751 ⁸
2343 2720 2432 2773 διὰ
2457 2719 2632 2773 ταῦτα
2671 2720 2767 2773 καὶ
2804 2718 3039 2789 ἀλλαχοῦ
3085 2734 3220 2789 φησι
3242 2736 3255 2749 ·
3279 2718 3614 2772 Γινώσκειν
3649 2717 3719 2772 δὲ

2036 2807 2194 2876 ὑμᾶς
2214 2809 2515 2877 ,ϐούλομαι
2539 2847 2555 2872 ,
2604 2807 2856 2875 ἀδελφοί
2881 2848 2895 2871 ,
2925 2806 3014 2860 ὅτι
3065 2805 3134 2860 τὸ
3167 2808 3293 2860 κατ’
3333 2805 3440 2876 ἐμὲ
3479 2804 3722 2875 μᾶλλον

2038 2897 2126 2960 είς
2163 2894 2482 2962 προκοπὴν
2505 2893 2614 2948 τοῦ
2631 2893 2998 2963 Βὺαγγελίου
3027 2893 3330 2959 ἐλήλυθεν
3347 2909 3361 2924 ·
3391 2891 3548 2947 ὥστε
3577 2890 3721 2958 τοὺς

2040 2983 2324 3048 πλείονας
2370 2980 2492 3034 τῶν
2528 2978 2809 3049 ἀδελφῶν
2849 2980 2919 3033 ἐν
2962 2982 3161 3048 Κυρίῳ
3196 2984 3557 3045 πεποιθότας
3595 2978 3722 3046 τοῖς

2038 3071 2284 3139 δεσμοῖς
2306 3087 2450 3139 μου,
2480 3068 2923 3138 περισσοτέρως
2947 3066 3180 3137 τολμᾷν
3223 3069 3459 3136 ἀφόϐως
3480 3067 3590 3121 τὸν
3625 3068 3723 3120 λό-

2042 3174 2151 3228 γον
2176 3157 2409 3209 λαλεῖν.
2443 3157 2537 3219 Τίς
2581 3152 2711 3215 εἶδε,
2751 3157 2836 3218 τίς
2867 3155 3118 3224 ἤκουσεν,
3166 3155 3248 3206 ὅτι
3297 3152 3473 3223 δεσμά
3519 3152 3721 3225 θάρσος

2044 3246 2209 3305 ποιεῖ,
2238 3245 2330 3296 καὶ
2365 3243 2553 3305 ἅλυσις
2580 3242 2891 3313 παρρησίαν
2915 3240 3233 3312 ἐργάζεται,
3259 3240 3321 3292 ού
3353 3239 3436 3310 τῷ
3454 3239 3722 3311 δεδεμένῳ

2049 3330 2227 3400 μόνον,
2260 3329 2394 3383 άλλά
2435 3329 2531 3383 καὶ
2561 3332 2671 3392 τοῖς
2714 3327 3214 3399 μαθητευομένοιςς
3255 3326 3394 3379 Ἀλλ’
3423 3328 3594 3397 ὅμως,
3632 3327 3723 3380 k3

2044 3416 2219 3471 ταῦτα
2242 3418 2269 3457 b
2299 3418 2531 3487 ἐγίνετο,
2568 3417 2658 3470 διὰ
2701 3416 2809 3469 τῶν
2863 3414 3120 3468 ἐναντίων
3145 3414 3207 3467 τὸ
3245 3414 3509 3484 κήρυγμα
3536 3412 3721 3484 ᾔρετο,

2058 3505 2153 3558 καὶ
2190 3506 2240 3558 οἰ
2272 3505 2532 3576 μαθηταὶ,
2563 3503 2658 3557 τοῦ
2683 3502 3002 3557 διδασκάλου
3043 3501 3452 3572 πολεμουμένου
3482 3500 3576 3554 καὶ⁸
3605 3502 3722 3553 ἐπι-

2050 3593 2436 3665 ϐουλευομένου
2462 3594 2556 3647 καὶ
2575 3592 2964 3665 δεσμουμένου,
2988 3591 3189 3663 μᾶλλον
3214 3591 3501 3662 ἐθάρρουν,
3523 3587 3724 3661 μᾶλλον

2048 3684 2334 3754 ἐσκίρτων,
2359 3683 2558 3754 μᾶλλον
2575 3683 2810 3753 ἐπήδων.
2829 3682 3162 3753 Ἐπῃνέσατε
3182 3680 3249 3734 τά
3272 3678 3538 3751 εἰρημένα
3556 3696 3575 3743 ;
3599 3679 3725 3731 Λοιο

2051 3771 2151 3824 πδν
2186 3770 2556 3842 μιμησώμεοα
2582 3769 2685 3840 τὴν
2707 3768 2983 3840 ἀνδρείαν,
3013 3766 3347 3838 ζηλώσωμεν
3369 3767 3469 3839 τὴν
3499 3765 3721 3835 ἀρετὴν,

2051 3860 2146 3913 καὶ
2181 3858 2345 3928 μηδὲν
2383 3858 2532 3928 ἡμᾶς
2567 3853 2818 3914 πτοείτω.
2851 3852 3018 3924 μηδὲν
3055 3853 3353 3925 θορυϐεἰτω
3385 3851 3494 3906 τῶν
3522 3867 3724 3922 πειρα-

2054 3946 2239 4017 σμῶν·
2271 3943 2447 3999 ταῦτα
2487 3944 2594 4014 γὰρ
2634 3943 2862 4013 ἅμματα
2886 3942 2984 4011 τῆς
3016 3940 3322 4006 εὐσεϐείας,
3344 3939 3518 3995 ταῦτα
3548 3936 3726 4010 πτερά

2052 4035 2150 4104 τῆς
2179 4032 2516 4102 φιλοσοφίας,
2548 4029 2724 4084 ταῦτα
2767 4030 3022 4099 ἰσχυροὺς
3063 4030 3159 4083 καὶ
3191 4027 3525 4101 ἀχειρώτους
3555 4042 3728 4081 κατα-

2059 4121 2335 4186 σκευάζει,
2351 4120 2525 4175 ταῦτα
2544 4117 2767 4171 πλείονα
2786 4117 2922 4188 πρὸς
2933 4117 3028 4170 τὸν
3043 4117 3177 4171 Θεὸν
3196 4118 3381 4171 δίδωσι
3398 4116 3728 4188 τὴνπιρρη·

2056 4210 2196 4273 σίαν,
2216 4208 2438 4279 μείζονα
2453 4208 2753 4261 ἐπισπᾶται
2771 4205 2866 4275 τὴν
2882 4202 3120 4269 εὔνοιαν,
3141 4204 3341 4275 πολλὴν
3353 4204 3728 4275 ἐπισκηνῶσαι

2054 4300 2200 4351 ποιεῖ
2223 4296 2320 4367 τὴν
2344 4295 2521 4367 χάριν.
2554 4295 2673 4349 ’Ίνα
2701 4288 2792 4348 οὗν
2823 4291 3078 4346 ἀπάντων
3108 4291 3316 4344 τούτων
3341 4291 3724 4359 ἀπολαύωμεν,

2058 4384 2311 4456 φέρωμεν
2333 4381 2570 4446 ἅπαντα,
2608 4378 2932 4452 παρακαλῶ,
2955 4377 3024 4430 τὰ
3058 4377 3459 4449 συμπίπτοντα,
3484 4376 3573 4432 διά
3594 4377 3729 4430 πάν-

2057 4488 2163 4523 των
2183 4469 2274 4523 τὸν
2297 4469 2430 4522 Θεὸν
2455 4466 2789 4534 δοξάζοντες,
2804 4467 2886 4519 ὅτι
2908 4464 3058 4535 αὐτῷ
3085 4463 3285 4534 πρέπει
3305 4463 3453 4530 δόξα,
3471 4463 3608 4535 τιμὴ
3633 4463 3730 4516 καὶ

2059 4554 2278 4624 κράτος,
2302 4553 2418 4623 ἅμα
2449 4552 2527 4624 τῷ
2556 4554 2841 4624 μονογενεῖ
2857 4550 3024 4605 αὐτοῦ
3053 4549 3167 4621 Υἱῷ
3190 4550 3286 4605 καὶ
3305 4548 3382 4620 τῷ
3402 4549 3544 4620 ἀγίῳ
3560 4547 3731 4604 Πνεύ-

2063 4658 2212 4710 ματι,
2229 4640 2325 4695 νῦν
2349 4640 2443 4693 καὶ
2461 4641 2568 4702 ἀεὶ,
2586 4640 2681 4693 καὶ
2696 4640 2778 4702 εἰς
2801 4640 2928 4702 τοὺς
2943 4635 3142 4702 αἰῶνας
3159 4635 3268 4691 τῶν
3282 4635 3514 4690 αἰώνων.
3531 4635 3726 4708 Ἀμήν.

2120 4729 2147 4756 ³
2173 4726 2419 4776 Halthaio
2440 4728 2672 4788 placeret,
2684 4726 2922 4788 ἐπιβολήν.

2121 4788 2151 4851 ξι
2197 4782 2483 4850 Suspicaldr
2543 4786 2717 4837 Matth.
2764 4782 3033 4851 legéndum
3081 4796 3241 4835 esse:
3293 4784 3399 4834 ἀλλ’
3438 4784 3573 4846 ὅμως
3619 4782 3730 4833 τότε

2057 4847 2225 4898 ταῦτα.

1768 5104 1771 5105 ί
1830 5124 2074 5180 unum
2110 5123 2190 5177 Ην.

298 5248 413 5307 Τοῦ
443 5245 633 5302 αὐτοῦ
668 5245 871 5315 ὁμιλία
901 5245 1187 5315 λεχθεῖσα
1225 5246 1295 5300 ἐν
1321 5244 1396 5314 τῇ
1439 5243 1747 5315 ἐκκλησίᾳ-ν
1766 5241 1968 5315 τῇᾐέπί

731 5318 920 5399 ότθιξηζ
960 5312 1344 5386 ἀναγνόντων
1364 5312 1390 5381 ἶ
1423 5318 1522 5371 καὶ
1560 5313 1966 5383 πρεσϐυτέρου
2064 5329 2163 5399 τῆς
2196 5326 2403 5394 πλάνης
2427 5326 2460 5395 ἡ
2480 5322 2731 5394 αἰσχύνη,
2763 5321 2927 5385 πόσος
2953 5320 3062 5374 τῶν
3086 5317 3354 5389 δαιμόνων
3374 5316 3404 5368 ὁ
3430 5313 3624 5381 γέλως.
3648 5312 3732 5365 Ta

363 5319 636 5379 Παύλου,

364 5391 600 5444 Γότθου
624 5385 1163 5457 προομιλήσαντος.

2069 5231 2713 5309 Ἐκκλησίαςὴεύγένεια,
2727 5234 2867 5305 πόση
2889 5236 2987 5306 τῆς
3015 5231 3251 5295 πίστεως
3273 5231 3308 5301 ἠ
3330 5227 3563 5287 εὐτονία.
3586 5224 3730 5296 πόση

2070 5415 2170 5486 μὲν
2199 5413 2309 5486 γὰρ
2333 5412 2442 5467 τῶν
2466 5410 2769 5481 φιλοσόφων
2797 5410 2888 5464 καὶ
2918 5406 3072 5481 παρά
3097 5408 3213 5469 τοῖς
3238 5401 3539 5474 ὁμοφώνοις
3564 5413 3733 5486 κατα·

366 5513 438 5560 α’.
487 5504 817 5577 Ἐϐουλόμην
845 5509 1093 5578 παρεῖναι
1119 5504 1385 5578 Ἕλληνας
1405 5506 1660 5578 τήμερον,
1690 5502 1831 5559 ὥστε
1859 5502 1969 5557 τῶν
2066 5484 2302 5566 λέλυται,
2325 5499 2394 5554 τά
2419 5499 2475 5554 δέ
2510 5498 2754 5571 ἡμέτερα
2778 5495 2873 5550 καὶ
2901 5495 3052 5567 παρὰ
3084 5484 3731 5578 ἐτερογλώσσοιςᾼπολλην

300 5593 731 5665 ἀνεγνωσμένων
754 5594 983 5649 ἀκοῦσαι
1008 5597 1102 5649 καὶ
1127 5595 1316 5666 μαθεῖν
1346 5594 1489 5665 πόση
1514 5593 1607 5647 τοῦ
1631 5591 1971 5663 σταυρωθέν-

300 5697 390 5745 τος
429 5683 467 5753 ἡ
513 5682 691 5753 ἰσχὺς,
728 5682 867 5754 πόση
910 5683 1003 5737 τοῦ
1038 5680 1267 5755 σταυροῦ
1308 5683 1341 5750 ἠ
1381 5680 1639 5753 δύναμις,
1675 5680 1816 5751 πόση
1859 5681 1959 5749 τῆς

2014 5654 2021 5661 ,
2069 5589 2182 5661 ἔχει
2212 5588 2440 5658 δύναμιν
2458 5605 2472 5619 ⁸
2507 5587 2603 5641 καὶ
2628 5586 2699 5639 τά
2722 5584 2821 5654 μὲν
2842 5584 3085 5654 ἀράχνης
3117 5575 3489 5648 εὐκολώτερον
3510 5574 3735 5631 διῑσπά·

2067 5678 2192 5748 σθη,
2227 5676 2296 5730 τὰ
2322 5675 2379 5729 δέ
2400 5674 2715 5766 ἀδάμαντος
2734 5668 3088 5741 στερρότερον
3112 5666 3348 5737 πέπηγε.
