4092 6206
296 208 392 263 501

296 346 441 400 abiis
459 345 548 415 qui
573 344 818 415 ejusdem
845 345 1035 415 lingum
1063 352 1237 409 erant,
1266 343 1536 396 conlutata
1556 340 1743 399 luere;
1777 348 1876 390 no-

292 445 401 489 stra
430 452 560 491 vero
584 437 744 490 etiam
770 436 907 505 apttd
930 447 1215 490 extraneos
1242 435 1461 488 multam
1492 434 1597 485 vim
1628 431 1827 484 habent
1856 470 1871 485 .

290 536 349 581 et
384 528 467 580 illa
515 526 730 596 quidem
783 527 988 581 facilius
1026 543 1184 597 quam
1214 541 1426 579 aranea:
1472 524 1571 577 tela
1621 523 1875 591 dissipata

293 627 447 681 sunt;
481 616 596 672 hare
624 626 802 672 autem
832 617 1034 671 Iirmius
1056 633 1213 687 quam
1238 617 1455 671 adamas
1480 616 1639 669 iulixa
1670 625 1815 667 sunt.

364 708 610 763 Barbara:
635 719 805 780 gentes
830 709 899 762 ad
924 709 1076 777 ﬁdem
1096 725 1349 763 conversa:
1379 709 1671 777 Scripturas
1697 709 1748 760 in
1775 708 1877 760 lin-

294 816 450 872 guam
469 817 615 855 suam
630 800 1179 857 converterunt—Ubi
1200 811 1323 855 sunt
1338 816 1478 855 nunc
1503 800 1592 853 illa
1622 800 1880 864 Platonis,

301 893 623 965 Pythagora:
666 902 936 949 eteorum
976 893 1065 964 qui
1112 892 1339 948 Athenis
1382 893 1570 948 erant?
1619 892 1881 946 exstincta

299 995 445 1039 sunt.
495 984 594 1041 Ubi
623 995 746 1039 sunt
784 986 871 1040 illa
904 987 1226 1055 piscatorum
1252 998 1307 1041 et
1337 986 1685 1040 tentoriorum
1715 984 1884 1039 artill-

297 1076 587 1131 eum?non
618 1076 672 1131 in
700 1076 879 1131 Jud:ea
913 1078 1107 1143 solum,
1138 1077 1231 1132 sed
1258 1078 1417 1133 etiam
1440 1077 1576 1146 apud
1602 1076 1883 1131 barbaram

302 1171 562 1240 linguam,
586 1181 639 1223 ut
669 1169 828 1224 hodie
856 1170 1100 1232 audistis,
1126 1170 1459 1241 splendidius
1485 1186 1643 1241 quam
1672 1170 1751 1223 sol
1772 1171 1884 1237 ipse

301 1263 503 1331 fulgent
523 1280 537 1317 :
557 1261 839 1333 etScythm
863 1271 915 1314 ct
936 1262 1172 1317 Thraces
1193 1271 1247 1316 et
1275 1261 1534 1317 Sarmata:
1557 1272 1609 1316 et
1642 1260 1804 1314 Mauri
1832 1267 1888 1314 et

303 1353 416 1408 Indi
446 1362 501 1408 et
527 1353 614 1422 qui
652 1352 716 1408 ad
759 1366 992 1407 extrema
1035 1354 1181 1408 orbis
1222 1353 1380 1409 sedes
1411 1352 1640 1415 habent,
1674 1353 1737 1406 iis
1766 1368 1885 1421 qua:

299 1448 500 1516 scripta
554 1457 678 1501 sunt
734 1446 787 1500 in
837 1446 1069 1516 linguam
1122 1462 1270 1500 suam
1325 1445 1619 1511 translatis,
1654 1445 1888 1514 philoso-

300 1538 537 1607 phantur
565 1555 577 1589 :
610 1538 747 1603 hzec,
771 1537 1004 1608 inquam,
1034 1553 1150 1607 qna‘
1164 1552 1231 1593 ne
1247 1553 1339 1607 per
1375 1537 1641 1591 somnium
1669 1536 1883 1608 quidem

301 1629 579 1699 imaginati
608 1640 732 1684 sunt
760 1629 830 1697 ii,
863 1630 950 1700 qui
977 1629 1114 1699 apud
1145 1629 1363 1685 Gnecos
1391 1628 1607 1683 barbam
1641 1638 1887 1698 gestant,

298 1734 355 1777 et
383 1724 627 1793 scipione
669 1739 764 1779 eos
791 1725 880 1795 qui
923 1725 1024 1779 sibi
1053 1727 1103 1779 in
1150 1723 1265 1779 loro
1289 1735 1581 1779 occurrunt
1612 1734 1885 1788 amovent,

301 1816 391 1884 qui
412 1814 636 1884 capillos
657 1814 848 1885 capitis
869 1815 1089 1885 agitant,
1111 1816 1323 1871 leonum
1349 1816 1518 1886 magis
1534 1830 1691 1885 quam
1717 1815 1890 1869 homi-

301 1920 431 1960 num
465 1904 652 1959 lacietn
682 1920 794 1976 pra:
814 1920 873 1960 se
902 1905 1154 1960 ferentes.
1185 1905 1289 1962 Sed
1323 1915 1501 1961 nostra
1532 1923 1637 1961 non
1664 1917 1791 1962 sunt
1816 1907 1889 1961 si-

300 1998 484 2060 milia;
517 2011 615 2051 nce
644 1995 697 2050 in
729 1997 947 2061 vestitu,
971 1997 1063 2052 sed
1090 1998 1140 2051 in
1173 1998 1526 2068 temperantia
1555 1998 1889 2068 philosophia

301 2090 405 2143 sita
437 2097 540 2142 est.
569 2088 699 2143 Nam
727 2090 981 2143 meretrix
1017 2090 1255 2161 quidem,
1298 2099 1482 2161 utpote
1513 2107 1630 2162 qua:
1662 2093 1889 2148 naturali

303 2195 414 2233 non
436 2179 633 2249 gaudet
655 2179 1070 2250 pulchritudine,
1093 2182 1232 2246 luco,
1255 2183 1499 2250 picturis,
1528 2183 1721 2238 vestitu
1748 2184 1891 2251 albo,

303 2272 531 2341 aliisque
548 2272 811 2326 similibus
826 2272 1052 2337 artibus,
1078 2289 1237 2326 manu
1262 2275 1638 2328 concinnatam
1655 2274 1754 2330 sibi
1774 2290 1895 2330 con-

302 2363 451 2415 ciliat
477 2361 725 2426 formam,
764 2362 1063 2417 naturalem
1107 2364 1432 2418 abumbrans
1454 2364 1849 2421 deformitatem
1881 2385 1894 2420 :

303 2468 425 2523 qua:
461 2468 589 2507 vero
622 2468 689 2507 ex
721 2465 908 2507 natura
935 2453 1170 2509 formosa
1204 2464 1308 2519 est,
1340 2457 1571 2525 gratiosa
1600 2467 1653 2513 et
1701 2458 1897 2513 nobilis

298 2543 504 2611 puella,
528 2554 732 2599 natura:
760 2545 959 2599 donum
989 2546 1186 2599 nudum
1213 2547 1361 2612 sinit,
1386 2557 1447 2601 ut
1472 2564 1567 2616 per
1583 2564 1641 2604 sc
1668 2564 1895 2604 cencer-

307 2642 405 2697 tet,
431 2649 537 2687 non
569 2634 811 2704 indigens
842 2636 1113 2690 similibus
1142 2636 1389 2702 auxiliis;
1423 2637 1515 2692 sed
1546 2638 1635 2693 illa
1653 2638 1892 2709 depellit,

306 2740 376 2779 nc
398 2726 695 2779 naturalem
727 2725 949 2780 formam
982 2727 1283 2797 hujusmodi
1314 2744 1412 2783 ceu
1438 2728 1755 2784 velamentis
1797 2730 1897 2784 oh-

306 2825 512 2870 scuret.
542 2816 651 2871 Iloc
675 2829 729 2871 et
746 2818 795 2871 in
828 2818 1083 2881 Ecclesia,
1102 2830 1152 2874 et
1169 2818 1305 2889 apud
1321 2828 1577 2876 externos
1592 2821 1772 2877 videre
1792 2831 1893 2877 est.

308 2907 387 2963 llIi
411 2909 555 2962 enim
578 2924 699 2963 cum
726 2910 1022 2965 naturalem
1048 2912 1502 2982 pulchritudinem
1520 2928 1626 2968 non
1647 2913 1896 2982 habeant,

309 3015 486 3071 neque
520 3002 717 3070 pietate
748 3017 869 3057 sese
898 3018 1088 3058 ornare
1118 3006 1347 3075 possint,
1394 3007 1588 3078 lingua:
1618 3009 1858 3063 facundia
1880 3051 1896 3074 ,

310 3093 492 3148 verbis
520 3095 744 3148 tornatis
770 3095 1173 3166 dictionumque
1197 3100 1605 3168 compositione.
1624 3115 1688 3155 ac
1707 3101 1895 3168 comis,

312 3186 556 3241 vestibus
586 3195 640 3241 et
668 3186 788 3241 aliis
818 3188 1137 3256 quihusdam
1170 3204 1230 3243 se
1251 3190 1609 3246 cubent-stare
1643 3192 1857 3247 student
1883 3210 1896 3247 :

316 3279 454 3349 apud
490 3292 589 3334 nos
619 3289 796 3335 autem
828 3297 932 3336 non
964 3282 1033 3335 ita
1055 3324 1069 3346 ,
1103 3281 1197 3337 sed
1231 3282 1344 3337 haec
1371 3285 1548 3338 otnnia
1580 3285 1901 3354 repellentes

315 3381 368 3425 et
390 3379 680 3427 externum
731 3371 921 3426 fastum
963 3372 1310 3443 repudiantes
1365 3376 1567 3439 nostri,
1603 3377 1900 3433 naturalem

314 3465 573 3519 exhibent
632 3464 1114 3534 pulchritudinem;
1165 3482 1269 3522 non
1321 3467 1552 3539 linguam
1601 3482 1853 3528 acuentes
1885 3516 1900 3539 ,

316 3574 421 3612 non
449 3556 767 3628 elegantiam
797 3560 1059 3614 sermonis
1080 3569 1358 3630 captantes
1376 3604 1391 3629 ,
1417 3563 1510 3618 sed
1540 3564 1592 3618 in
1618 3566 1908 3620 sententia-

314 3667 435 3706 rum
460 3652 655 3706 virtute
676 3652 1133 3722 philosophantes,
1156 3663 1314 3725 atque
1338 3672 1400 3710 ex
1420 3672 1639 3726 operum
1662 3661 1908 3731 exetnplo

317 3754 370 3798 et
393 3761 458 3798 ex
500 3755 749 3799 accurato
777 3745 896 3799 vit:e
940 3747 1184 3801 instituto
1212 3749 1596 3805 inhabitantcm
1644 3752 1694 3807 in
1723 3768 1783 3808 se
1815 3753 1907 3808 Dei

320 3843 545 3912 gratiam
589 3857 682 3912 per
722 3857 910 3898 omnes
936 3844 1248 3915 prtedicant.
1283 3844 1407 3900 Ideo
1433 3847 1592 3901 etiam
1626 3864 1729 3904 non
1759 3850 1910 3904 habi-

322 3941 483 3986 tatam
523 3933 684 3989 modo
725 3943 919 3989 terram
948 3976 963 3997 ,
1011 3936 1105 3990 sed
1135 3936 1522 4003 inhabitatam;
1569 3956 1672 3995 non
1714 3950 1907 3997 terram

321 4025 516 4088 Solum,
537 4024 632 4078 sed
651 4026 807 4078 etiam
837 4042 1015 4092 mare;
1047 4044 1149 4082 non
1181 4028 1339 4082 urbes
1368 4038 1598 4095 tantum,
1629 4032 1722 4087 sed
1748 4034 1907 4088 etiam

323 4126 565 4177 tnontes,
608 4116 771 4170 colles
813 4126 867 4171 et
895 4118 1087 4185 valles;
1134 4134 1238 4175 non
1269 4120 1529 4177 Grazciam
1574 4122 1769 4191 modo,
1814 4124 1909 4181 sed

323 4209 484 4259 etiam
527 4207 779 4262 barbaras
818 4209 1093 4273 nationes;
1144 4227 1251 4266 non
1295 4228 1390 4268 eos
1432 4214 1519 4284 qui
1557 4216 1609 4270 in
1653 4215 1912 4286 dignitate

326 4308 563 4366 tantum,
596 4300 689 4355 sed
729 4311 783 4356 et
820 4317 913 4356 eos
938 4302 1030 4372 qui
1060 4303 1112 4357 iu
1141 4314 1379 4361 extrema
1421 4318 1761 4378 paupertate;
1806 4327 1910 4367 nun

324 4392 470 4445 viros
497 4391 668 4459 solum
691 4433 706 4457 ,
740 4392 831 4447 sed
862 4393 1021 4449 etiam
1052 4396 1330 4462 mulieres;
1361 4412 1467 4453 non
1494 4414 1652 4455 senes
1674 4410 1877 4455 tantum
1899 4444 1913 4465 ,

325 4481 420 4537 sed
444 4481 603 4535 etiam
632 4482 854 4550 juvenes
883 4492 1149 4555 tamquam
1180 4501 1371 4556 sagena
1403 4499 1680 4558 ceperunt.
1712 4489 1821 4546 Nec
1848 4508 1914 4547 co

326 4589 496 4644 usque
520 4581 721 4627 tantum
749 4616 763 4639 ,
810 4576 903 4631 sed
947 4578 1107 4632 etiam
1140 4579 1363 4635 ulterius
1390 4592 1804 4651 processerunt,
1857 4593 1914 4639 et

325 4680 445 4720 cum
468 4680 576 4721 non
599 4666 729 4720 satis
758 4666 884 4736 ipsis
904 4679 1047 4724 esset
1073 4679 1213 4723 terra
1237 4680 1439 4737 nostra,
1471 4673 1522 4727 in
1553 4673 1724 4743 ipsum
1748 4673 1913 4731 Occa-

326 4774 453 4812 num
490 4772 550 4812 se
578 4758 942 4824 contulerunt,
964 4759 1324 4831 harbarasque
1354 4763 1597 4833 regiones
1623 4773 1677 4819 et
1704 4766 1914 4822 Britan-

328 4851 476 4906 nicas
506 4851 707 4906 insulas
735 4851 787 4904 in
812 4852 1015 4906 retibus
1044 4853 1155 4906 suis
1183 4854 1511 4910 incluserunt
1533 4874 1546 4910 :
1567 4864 1622 4911 et
1650 4874 1911 4925 quocum-

326 4957 431 5011 que
455 4944 567 5011 jam
596 4941 824 5011 abieris,
869 4944 1193 5013 piscatorum
1224 4947 1437 5001 nomina
1468 4948 1517 5002 in
1549 4950 1784 5004 omnium
1817 4967 1913 5005 ore

329 5032 457 5088 ferri
487 5033 727 5100 videbis;
761 5051 867 5090 non
900 5047 1117 5105 propter
1144 5038 1467 5107 piscatorum
1501 5039 1749 5095 virtutem
1772 5082 1787 5105 ,
1816 5042 1909 5097 sed

329 5138 551 5197 propter
574 5128 831 5183 Crucilixi
878 5128 1197 5198 potentiam,
1239 5146 1357 5201 qua:
1384 5130 1578 5202 ubique
1618 5133 1747 5201 ipsis
1774 5133 1911 5188 viam

330 5228 743 5287 monstraverat,
774 5230 933 5292 atque
960 5221 1149 5276 idiotas
1180 5221 1509 5293 philosophis
1540 5224 1912 5293 sapientiores,

331 5324 378 5367 tt
401 5312 682 5368 illiteratus
698 5315 971 5385 magisque
988 5324 1163 5369 mutos
1187 5330 1344 5385 quam
1374 5317 1565 5385 pisces,
1589 5317 1913 5383 rhetoribus,

329 5406 635 5462 amtoribus
661 5417 714 5462 et
742 5409 997 5477 snphisds
1024 5409 1305 5464 solidiores
1333 5410 1653 5465 reddiderat.
1685 5410 1760 5465 Ne
1785 5426 1914 5481 ergo

326 5501 449 5568 quis
478 5512 630 5572 putet
656 5502 705 5558 id
741 5503 925 5572 pudori
953 5518 1071 5559 esse
1104 5504 1374 5564 Ecclesia,
1408 5502 1548 5574 quod
1575 5502 1831 5558 barbaros
1860 5502 1913 5557 in

328 5590 510 5647 medio
536 5606 755 5663 surgere
776 5603 828 5648 et
859 5595 999 5665 loqui
1025 5596 1437 5666 prmccperimus
1469 5614 1481 5649 :
1517 5593 1618 5648 hoc
1642 5594 1783 5649 enim
1814 5592 1918 5649 Ec-

329 5670 756 5741 clesixiornatus
772 5698 824 5741 et
840 5688 1021 5751 decor,
1043 5690 1155 5743 hinc
1180 5687 1565 5743 demonstratio
1592 5698 1674 5744 est
1702 5686 1913 5744 Virtutis

667 5798 939 5861 Pnnot.
985 5802 1100 5862 Gn.
1154 5804 1371 5865 LXIII.

871 203 981 261 VIII
1023 201 1326 266 IIOMILIA.
1366 200 1617 259 IIABITA
1660 196 2028 265 POSTQUAM
2070 197 2479 256 PRESBYTER
2517 198 2816 265 GOTIIUS,
2856 201 3009 257 ETC.

3459 205 3564 264 ωε

1983 344 2105 398 qua:
2143 331 2195 385 in
2228 332 2330 386 lide
2355 332 2455 387 sita
2481 344 2563 387 est
2596 352 2609 389 :
2641 336 2740 390 hoc
2770 345 2823 389 et
2845 336 3107 406 Propheta
3146 340 3273 395 olim
3310 358 3561 412 pramun-

1985 421 2156 487 tians,
2221 423 2434 478 dicebat
2467 443 2480 479 :
2514 426 2633 480 Non
2679 437 2798 481 sunt
2846 430 3058 496 loquela:
3094 446 3252 500 neque
3290 451 3564 500 sermones.

1983 528 2198 580 quorum
2220 530 2319 568 non
2348 518 2624 570 audiantur
2652 535 2794 572 voces
2824 538 2997 575 eorum
3028 538 3047 576 .·
3073 523 3125 577 in
3155 540 3350 579 omnem
3381 538 3563 583 terram

1985 606 2136 659 exivit
2165 622 2318 661 sonus
2344 622 2513 661 eorum
2535 650 2549 673 ,
2587 620 2631 661 et
2658 610 2708 663 iu
2734 612 2861 678 lines
2887 615 3021 669 orbis
3050 625 3198 670 terra:
3223 618 3371 673 rerba
3395 636 3567 676 eorum

1985 697 2157 767 (Psal.
2195 698 2280 753 I8.
2312 701 2365 755 4.
2397 702 2473 771 5).
2507 701 2616 757 Hoc
2641 712 2693 757 et
2715 706 2850 761 alius
2876 723 3085 763 rursum
3112 710 3422 778 declarans,
3449 716 3569 771 alis

1987 790 2358 846 subindimhat
2386 794 2593 862 verbis,
2645 796 2832 851 dicens
2866 816 2879 853 :
2912 800 3046 869 Lupi
3071 812 3117 856 et
3148 806 3270 875 agni
3292 806 3448 861 simul
3471 826 3568 876 pa-

1987 894 2224 949 scentur,
2256 896 2303 939 et
2334 888 2524 956 pardus
2547 890 2762 959 quiescet
2791 908 2906 945 cum
2937 894 3116 962 qudo,
3148 906 3194 951 ct
3223 898 3299 953 leo
3328 900 3458 955 sicut
3482 902 3569 959 bos

1986 975 2208 1028 comedet
2249 977 2422 1044 paleas
2465 977 2726 1047 (Isai.65.
2758 981 2850 1054 25)
2888 1001 2901 1038 :
2934 1000 3037 1040 non
3075 986 3141 1042 de
3184 988 3456 1059 leonibus,
3500 994 3571 1052 de

1987 1065 2169 1133 agnis,
2198 1065 2266 1120 de
2292 1068 2472 1137 pardis
2491 1111 2505 1133 ,
2547 1070 2615 1125 de
2643 1071 2808 1129 Inedis
2839 1076 3062 1146 loquens
3080 1119 3095 1145 ,
3124 1080 3218 1145 sed
3245 1083 3397 1139 nobis
3427 1100 3569 1155 prse-

1982 1157 2246 1210 ‘nuutians
2262 1165 2318 1211 et
2346 1160 2651 1230 signiﬁcans
2688 1162 2803 1220 fore
2826 1177 2878 1220 ut
2910 1183 2970 1222 ea
2996 1184 3119 1240 pars
3148 1170 3423 1229 hominum
3451 1193 3573 1248 qum

1993 1247 2161 1303 let-ina
2191 1262 2324 1316 erat,
2357 1253 2408 1307 in
2430 1269 2546 1309 eam
2576 1257 2755 1311 veniat
2784 1262 3246 1319 mansuetudinem
3269 1282 3366 1337 per
3383 1247 3578 1337 praedi-

1990 1342 2216 1397 catiouis
2246 1343 2634 1414 philosophiam
2663 1359 2976 1418 temperata,
2995 1354 3064 1409 ita
3095 1364 3152 1410 ut
3178 1372 3298 1411 cum
3329 1376 3577 1417 mansne-

1992 1432 2060 1487 tis
2086 1442 2141 1487 et
2165 1435 2459 1491 mitissimis
2480 1440 2607 1493 viris
2628 1444 2929 1498 conveniat.
2960 1445 3026 1499 Et
3056 1446 3157 1501 hoc
3187 1448 3345 1505 hodie
3362 1452 3573 1518 videtis,

1993 1539 2088 1579 eos
2145 1542 2357 1597 nempe,
2407 1529 2495 1600 qui
2549 1547 2657 1601 pra:
2709 1536 2955 1589 otnnibus
3006 1537 3312 1597 hominibus
3365 1544 3576 1602 barbari

1993 1625 2177 1681 erant,
2202 1632 2323 1673 cum
2382 1620 2639 1676 Ecclesiae
2669 1624 2857 1681 ovibus
2887 1636 3120 1695 stantes,
3151 1631 3449 1705 iisdemque
3478 1652 3576 1705 pa-

1996 1708 2138 1760 scuis
2165 1717 2324 1778 atque
2354 1712 2540 1767 eadem
2571 1716 2717 1769 cauta
2750 1728 2979 1785 utentes,
3012 1738 3280 1796 unamque
3323 1728 3577 1784 omnibus

1995 1798 2294 1866 appositam
2329 1817 2590 1859 mensam.

2066 1889 2121 1942 2.
2164 1890 2494 1948 Erubescant
2514 1895 2683 1952 Judari
2701 1939 2716 1963 ,
2740 1899 2826 1970 qui
2852 1900 3030 1957 literas
3057 1904 3260 1975 legunt,
3284 1918 3336 1963 et
3361 1923 3577 1966 sensum

2001 1978 2247 2049 ignorant
2280 2000 2293 2034 :
2325 1999 2432 2053 prze
2452 1987 2654 2055 pudore
2684 2004 2742 2045 se
2772 1991 3018 2059 obtegam
3037 1997 3285 2065 gentiles,
3310 2000 3398 2068 qui
3430 2003 3580 2056 radio

1997 2073 2157 2127 solari
2182 2074 2463 2131 clariorem
2497 2079 2676 2133 vident
2704 2082 2980 2138 veritatem
3027 2086 3400 2156 splendentem
3421 2133 3436 2157 ,
3487 2096 3580 2162 qui

1999 2161 2264 2230 lapidibus
2290 2166 2559 2233 assident,
2604 2179 2658 2224 et
2687 2172 2933 2226 tenebras
2955 2185 3252 2245 sequuntur
3283 2197 3296 2234 :
3325 2161 3583 2249 glorietur

1999 2254 2257 2325 Ecclesia,
2275 2273 2393 2326 qua:
2419 2260 2555 2329 apud
2581 2277 2767 2318 omnes
2793 2265 2957 2334 fulget
2977 2279 3031 2322 et
3057 2270 3254 2324 evolat.
3273 2271 3422 2327 Sicut
3437 2274 3579 2329 enim

1999 2348 2079 2403 sol
2107 2352 2406 2406 communis
2431 2362 2513 2407 est
2539 2363 2594 2408 et
2622 2366 2760 2410 terra
2789 2361 3087 2415 communis
3111 2402 3127 2427 ,
3157 2370 3217 2418 ut
3260 2373 3315 2420 et
3354 2383 3502 2425 mare
3528 2380 3585 2425 et

2000 2455 2094 2495 aer
2130 2457 2144 2493 :
2177 2440 2276 2507 sic,
2313 2453 2368 2498 et
2398 2446 2563 2499 multo
2590 2448 2757 2517 magis
2792 2451 2937 2504 verbi
2972 2452 3282 2520 praedicatio
3322 2456 3460 2514 facta
3503 2471 3586 2516 est

1999 2536 2300 2590 communis
2330 2555 2342 2590 :
2379 2537 2604 2609 ideoque
2634 2540 2827 2597 Paulus
2853 2543 3064 2600 dicebat
3094 2563 3107 2599 :
3142 2546 3207 2603 Ut
3230 2550 3448 2621 aliquem
3472 2558 3584 2623 (ru.

2001 2635 2136 2679 ctum
2176 2627 2388 2683 habeam
2430 2640 2476 2683 et
2506 2631 2557 2685 in
2588 2633 2758 2699 vobis,
2802 2638 2931 2691 sicut
2959 2649 3005 2693 et
3041 2639 3093 2693 in
3119 2645 3311 2698 caeteris
3336 2648 3585 2715 gentibus.

2005 2715 2194 2773 Graecis
2238 2708 2300 2773 ac
2338 2722 2583 2791 barbaris,
2617 2726 2922 2795 sapientibus
2949 2739 2994 2783 et
3020 2708 3370 2804 insipientibus
3396 2736 3589 2791 debitor

2002 2827 2115 2864 sum
2145 2827 2163 2865 :
2189 2813 2259 2865 ita
2286 2825 2331 2867 et
2360 2815 2411 2868 in
2440 2833 2518 2870 me
2539 2830 2825 2891 promptum
2853 2833 2924 2877 est
2954 2833 3002 2879 et
3028 2826 3080 2880 in
3108 2828 3245 2882 vobis
3265 2870 3281 2896 ,
3312 2830 3398 2898 qui
3414 2830 3592 2887 Roma:

2006 2906 2155 2971 estis,
2208 2910 2551 2979 euangelizare
2579 2912 2753 2981 (Rom.
2792 2916 2839 2970 I.
2869 2917 3084 2989 15-15).
3133 2919 3199 2974 Et
3226 2921 3352 2991 quid
3379 2924 3591 2979 miraris

2008 2998 2050 3050 si
2082 2997 2134 3051 in
2161 2997 2334 3065 Novo,
2388 3003 2605 3071 quando
2641 3006 2800 3061 etiam
2853 3008 2905 3062 in
2939 3009 3110 3065 Veteri
3149 3011 3377 3083 idipsum
3406 3015 3588 3073 liebat.

2009 3088 2140 3143 Nam
2170 3091 2372 3159 primus
2394 3102 2447 3147 et
2476 3094 2733 3150 Ecelesim
2758 3105 2812 3151 et
2841 3098 3136 3170 Synagoga:
3167 3106 3495 3173 progenitor,
3526 3106 3560 3161 il
3579 3139 3592 3148 ο

2009 3180 2181 3237 lorum
2207 3183 2422 3253 quidem
2453 3187 2742 3242 secundmn
2773 3204 3013 3257 carnem,
3048 3195 3215 3248 nostri
3249 3210 3376 3252 vero
3398 3211 3592 3253 secun-

2006 3270 2133 3327 dum
2176 3274 2452 3343 spiritum,
2511 3278 2768 3354 barbarus
2803 3291 2919 3337 erat
2959 3292 3013 3337 et
3053 3299 3117 3338 ex
3159 3285 3331 3340 media
3373 3288 3593 3345 Perside

2007 3361 2321 3431 ducebatur,
2372 3366 2673 3436 patriarcha
2717 3386 2911 3441 nempe
2953 3374 3223 3430 Abraham
3259 3394 3271 3431 :
3318 3388 3374 3433 et
3418 3396 3593 3451 neque

2012 3456 2195 3512 literas
2220 3458 2481 3527 audierat,
2513 3476 2686 3531 neque
2718 3464 3011 3535 prophetia:
3040 3471 3305 3539 particeps
3333 3480 3469 3537 erat,
3495 3488 3595 3528 nec

2012 3548 2181 3618 quise
2201 3549 2422 3607 doceret
2450 3552 2699 3621 habebat,
2727 3570 2825 3612 nec
2853 3558 3128 3614 historiam
3153 3561 3391 3618 audierat
3418 3581 3433 3629 ;
3463 3581 3599 3621 non-

2014 3641 2139 3695 dum
2177 3644 2319 3698 enim
2355 3654 2579 3701 venerat
2602 3646 2847 3719 Moyses;
2878 3665 2977 3706 nec
3002 3653 3275 3723 quidpiam
3302 3671 3334 3711 a
3364 3657 3600 3727 majori-

2016 3732 2114 3785 lms
2156 3735 2447 3801 didicerat,
2482 3754 2655 3808 neque
2695 3755 2759 3795 ea
2801 3755 2921 3811 qua:
2962 3754 3083 3814 post
3130 3761 3191 3802 se
3232 3747 3407 3806 futura
3444 3762 3601 3808 erant

2018 3826 2241 3881 edoctus
2272 3829 2473 3896 fuerat;
2520 3833 2612 3886 sed
2652 3833 2703 3887 in
2733 3836 2907 3891 media
2935 3838 3218 3895 Persarum
3250 3844 3467 3913 regione
3500 3861 3598 3900 na-

2018 3921 2103 3971 tus
2131 3928 2185 3972 et
2222 3918 2514 3987 etlncatus,
2564 3922 2635 3977 ita
2677 3935 2899 3995 repente
2940 3929 3342 4002 philosoiahatus
3374 3946 3490 4003 est,
3543 3948 3602 3993 ut

2015 4012 2175 4066 etiam
2196 4011 2328 4066 Novi
2351 4013 2677 4072 Testamcnti
2703 4020 2862 4073 multa
2887 4037 3286 4095 prmoccuparct
3309 4041 3601 4100 pra‘ccpta,

2017 4113 2071 4157 et
2098 4118 2192 4173 per
2221 4120 2382 4175 opera
2407 4106 2711 4163 exhiberet.
2744 4109 2954 4167 Etenim
2978 4112 3161 4182 jussus
3199 4119 3378 4189 egredi
3401 4136 3467 4176 ex
3509 4138 3601 4193 pa-

2035 4197 2133 4248 tria
2154 4236 2169 4259 ,
2217 4206 2272 4251 et
2308 4196 2524 4252 domum
2564 4205 2814 4256 deserere
2837 4211 2893 4257 et
2920 4206 3121 4260 amicos
3144 4216 3195 4262 et
3224 4223 3479 4280 cognatos
3500 4255 3515 4277 ,
3546 4225 3599 4270 et

2017 4292 2200 4342 venire
2227 4290 2278 4344 in
2295 4290 2522 4345 alienam
2553 4302 2768 4359 terram,
2802 4297 2932 4351 nihil
2965 4314 3152 4367 passus
3174 4313 3257 4357 est
3282 4303 3602 4373 humanum,

2018 4395 2189 4449 neque
2220 4396 2283 4435 ex
2311 4383 2500 4437 allectu
2530 4383 2780 4441 detentus
2811 4397 2914 4452 est,
2939 4405 3112 4462 neque
3139 4396 3277 4464 apud
3310 4410 3368 4451 se
3397 4402 3600 4469 cogita-

2016 4473 2091 4525 vit
2119 4486 2171 4526 et
2200 4474 2336 4530 dixit
2360 4492 2372 4529 :
2400 4477 2532 4545 Qum
2554 4478 2831 4535 manifesta
2864 4490 2918 4537 et
2943 4483 3086 4539 clara
3116 4496 3241 4543 sunt
3271 4491 3601 4561 relinquens,

2019 4565 2084 4617 ad
2116 4567 2316 4621 incerta
2348 4576 2404 4623 et
2430 4568 2653 4625 obseura
2683 4587 2768 4627 me
2801 4573 3122 4631 conferam?
3172 4579 3265 4635 sed
3305 4581 3463 4637 Iidem
3510 4583 3605 4639 ha-

2022 4657 2152 4711 bens
2180 4658 2277 4713 via:
2314 4658 2541 4726 ducem,
2588 4670 2643 4717 et
2683 4662 2776 4718 Dei
2817 4666 3230 4735 promissionem
3280 4688 3375 4741 Iro
3414 4673 3605 4732 baculo

2019 4763 2301 4805 assumens
2326 4792 2340 4815 ,
2374 4766 2492 4821 qum
2518 4768 2630 4822 pra:
2659 4755 2904 4811 manibus
2933 4756 3158 4813 habebat
3190 4762 3437 4833 reliquit;
3481 4781 3601 4836 qua:

2021 4856 2150 4896 vero
2177 4844 2230 4898 in
2260 4858 2358 4914 spe
2384 4885 2397 4909 ,
2426 4847 2632 4915 accepit
2677 4866 2690 4900 :
2736 4848 2933 4903 ctenim
2964 4859 3015 4905 et
3046 4853 3336 4908 secundum
3367 4854 3468 4911 hoc
3498 4858 3599 4914 Ec.

2021 4934 2199 4987 closize
2230 4936 2539 5006 progenitor
2578 4935 2695 4992 fuit.
2740 4938 2869 4992 Nam
2902 4949 2954 4993 et
2982 4956 3077 4996 nos
3102 4943 3353 5011 jubemur
3380 4962 3467 5003 res
3498 4965 3602 5005 ειε-

2020 5026 2228 5082 culares
2267 5027 2545 5098 despicere
2589 5039 2641 5084 et
2686 5041 2997 5100 extraneas,
3042 5044 3096 5089 et
3137 5036 3204 5091 ad
3254 5039 3461 5095 occulta
3509 5055 3605 5112 spe

2022 5120 2331 5187 intendere,
2378 5130 2433 5177 et
2474 5122 2630 5177 Iidem
2664 5132 2846 5178 tenere
2875 5140 3125 5181 ancoram
3152 5130 3339 5187 salutis
3381 5142 3602 5201 nostraz,

2021 5223 2074 5266 et
2105 5214 2192 5268 illa
2220 5227 2486 5283 qmerere.
2513 5213 2638 5270 Ideo
2657 5216 2818 5269 etiam
2845 5216 3040 5272 Paulus
3061 5218 3270 5276 diccbat
3299 5241 3314 5280 :
3337 5223 3444 5294 Spe
3472 5226 3604 5281 enim

2022 5311 2150 5367 salvi
2180 5312 2302 5381 [acti
2330 5327 2504 5364 sumus
2538 5327 2559 5363 :
2597 5329 2710 5383 spes
2751 5323 2920 5367 autent
2951 5330 3071 5384 qua:
3087 5315 3306 5384 videtur,
3344 5319 3458 5390 jam
3501 5338 3605 5380 non

2023 5414 2096 5458 est
2141 5420 2255 5472 spes
2293 5402 2469 5473 (llam.
2501 5403 2556 5459 8.
2586 5403 2678 5476 21)
2707 5414 2798 5460 :et
2830 5421 3039 5461 rursum
3058 5446 3073 5470 ,
3106 5405 3174 5460 Id
3192 5408 3323 5462 enim
3344 5450 3360 5475 ,
3382 5411 3521 5481 quod
3547 5413 3603 5469 in

1986 5508 1987 5511 ‘
2026 5497 2262 5565 presenti
2287 5505 2359 5550 est
2391 5506 2790 5550 momeutnneum
2815 5506 2861 5551 et
2903 5496 3005 5551 leve
3027 5497 3364 5555 tribulationis
3385 5498 3595 5569 nostra.
3636 5490 3663 5498 μ

2017 5604 2182 5669 supra
2214 5586 2420 5642 modum
2460 5588 2512 5642 in
2557 5588 2861 5642 sublimitate
2899 5599 3140 5644 aeternum
3179 5590 3357 5663 gloria:
3398 5595 3605 5661 pondus

2028 5689 2266 5756 operatur
2291 5681 2341 5736 in
2372 5682 2554 5748 nobis;
2595 5698 2694 5737 non
2741 5683 3196 5756 contemplantibus
3220 5685 3361 5739 nobis
3386 5702 3501 5755 qute
3525 5685 3601 5741 vi-

3189 5810 3271 5875 25
