4092 6206
519 211 638 265 .505

519 329 730 394 dentur,
771 326 862 382 sed
885 330 1000 396 eius
1027 340 1126 378 non
1176 323 1408 378 uidentur
1458 322 1534 389 (2.
1584 321 1706 378 Cor.
1744 323 1800 380 4.
1821 321 1933 406 ‘17.
1981 321 2092 390 18).

593 421 851 476 Abraham
887 416 1167 487 apostolica
1199 422 1449 486 pracepta
1478 413 1710 484 operibus
1752 413 2000 478 exhibuit.
2034 441 2102 463 r—

525 515 782 584 Egrcssus
808 517 986 566 autem
1028 522 1060 562 e
1104 507 1272 578 patria
1303 506 1492 562 beatus
1519 505 1604 559 ltic
1633 503 1902 563 Abraham
1927 544 1944 569 ,
1976 517 2098 559 cum

519 609 572 658 t‘n
600 603 771 658 aliena
800 599 1068 672 tugurium
1117 598 1360 662 fixisset,
1404 595 1697 666 apostolim
1739 610 1927 652 rursus
1963 609 2101 664 prae-

516 703 670 765 cepta
700 691 1240 764 operibttscxltibuit.
1276 689 1564 760 Postquam
1584 688 1726 744 enim
1757 687 2098 758 splendidum

516 784 650 842 illud
711 793 970 854 tropmum
1015 790 1300 844 erexerat,
1349 778 1777 848 stupendamque
1821 777 2098 834 victoriam

527 876 808 939 retulerat,
839 884 894 930 et
915 873 1166 929 barbaros
1196 870 1438 935 vicerat,
1470 885 1575 924 non
1605 869 1803 925 virtute
1829 867 2095 938 corporis.

514 969 614 1024 sed
659 970 781 1026 ﬁdei
815 966 1086 1035 potentia,
1133 979 1255 1018 cum
1281 961 1350 1017 ab
1397 963 1461 1016 iis
1505 962 1594 1032 qui
1643 962 1845 1018 servati
1890 961 2100 1024 fuerant

519 1060 819 1116 mercedem
842 1058 1077 1112 laborum
1108 1056 1354 1125 accipere
1370 1055 1674 1124 juberelur;
1699 1054 1929 1110 barbaro
1949 1042 2100 1110 nam;

517 1169 621 1222 qtte
651 1151 748 1206 sibi
781 1149 1026 1212 dicente,
1057 1147 1244 1216 Accipe
1293 1154 1347 1198 tu
1375 1161 1553 1213 equos,
1593 1154 1638 1200 et
1662 1144 1730 1198 da
1759 1143 1899 1198 nobis
1924 1144 2098 1210 viros;

515 1243 640 1313 qttid
663 1241 737 1295 ait
755 1241 778 1292 ‘i
798 1238 1035 1294 Extende
1061 1254 1268 1292 manum
1294 1253 1457 1292 meam
1485 1236 1555 1290 ad
1583 1236 1743 1290 Deum
1771 1236 2094 1301 altissimum,

511 1335 560 1390 si
599 1348 836 1402 accepero
863 1348 895 1385 a
924 1340 970 1384 te
995 1347 1026 1384 a
1053 1329 1284 1401 funiculo
1311 1345 1468 1399 usque
1495 1329 1563 1382 ad
1588 1327 1858 1397 corrigiam
1897 1328 2099 1382 calceat-

514 1427 670 1486 tuenti
696 1425 714 1496 (
745 1422 873 1480 Gen.
904 1425 993 1479 14.
1024 1423 1116 1478 21.
1143 1421 1234 1476 22.
1262 1421 1334 1475 25
1356 1422 1396 1493 ).
1446 1420 1634 1476 Viden‘
1663 1417 1934 1490 quomodo
1959 1433 2098 1488 prm-

511 1501 734 1588 ceptltu
759 1515 888 1574 illud
910 1513 1280 1588 evangelicum
1308 1509 1573 1581 implevit,
1603 1507 1778 1566 Gratis
1803 1509 2092 1579 accepistis,

509 1610 670 1682 gratis
693 1609 817 1664 dats
840 1608 861 1681 (
885 1606 1073 1665 Matth.
1109 1606 1197 1661 l0.
1231 1605 1349 1676 8)?
1395 1603 1608 1676 Moyses
1637 1617 1850 1674 quoque
1877 1601 1930 1657 in
1965 1601 2094 1657 bar-

511 1703 691 1759 barica
711 1701 871 1757 domo
891 1700 1147 1757 educatus
1166 1706 1248 1752 est
1271 1706 1324 1752 et
1348 1697 1536 1762 crevit;
1559 1705 1794 1750 attamen
1816 1694 1950 1750 nihil
1971 1693 2094 1752 inde

513 1793 693 1850 damni
741 1793 990 1864 accepit,
1042 1791 1138 1847 sed
1187 1791 1349 1845 etiam
1406 1789 1500 1857 ille
1537 1788 1946 1859 philosophatus
1968 1796 2090 1855 est,

513 1904 620 1942 nun
664 1886 844 1942 minus
868 1899 1028 1954 quam
1073 1881 1372 1952 patriarcha
1397 1922 1415 1948 ,
1461 1880 1812 1951 Sybaritioatn
1851 1893 2093 1939 mensam

512 1978 786 2043 irridens,
842 1977 1167 2046 illorutnque
1219 1974 1426 2030 deliciis
1477 1973 1764 2031 sublimior
1823 1973 2091 2040 effectus,

510 2074 726 2132 divitias
750 2085 1013 2141 spernens
1038 2077 1092 2124 ct
1121 2083 1342 2138 regnum
1391 2065 1714 2138 zEgyptique
1737 2075 1950 2135 sceptra
1977 2080 1994 2130 ;
2025 2064 2092 2120 ad

511 2167 686 2220 lutum
707 2171 887 2220 autem
915 2171 971 2218 et
997 2161 1288 2216 lateritium
1318 2173 1453 2229 opus
1479 2173 1539 2214 se
1567 2167 1763 2228 sponte
1795 2157 2089 2212 transtulit.

511 2259 744 2328 Ideoque
800 2255 996 2312 Paulus
1050 2254 1222 2323 ipsum
1272 2251 1582 2314 admirans,
1629 2248 1883 2306 dicebat:
1918 2246 2094 2318 Majo-

509 2365 589 2403 rrs
625 2347 827 2402 divitias
853 2355 1037 2416 putans
1063 2359 1217 2415 quam
1262 2339 1484 2412 Αἰθυμὶ
1512 2340 1797 2406 thesauros,
1831 2339 2090 2410 imprope-

509 2443 642 2496 ήκω
664 2439 849 2494 Christi
879 2435 1076 2508 (llebr.
1101 2435 1190 2490 1t.
1212 2433 1285 2490 26
1307 2436 1348 2503 ).
1373 2432 1578 2490 Dei-nde
1599 2433 1788 2488 borum
1817 2432 2091 2488 doctorem

513 2537 776 2589 bonorum
803 2528 1095 2587 ostendens
1120 2527 1353 2584 addebat
1379 2527 1604 2582 dicens:
1628 2525 1940 2582 luvisibilem
1959 2525 2092 2581 enim

510 2638 768 2699 tamquam
808 2625 981 2679 ridens
1021 2623 1260 2678 sustinuit
1287 2638 1306 2677 :
1337 2621 1480 2692 quod
1521 2622 1770 2680 maxima:
1801 2622 1920 2678 ﬁdei
1952 2630 2088 2678 erat.

506 2723 585 2778 Ne
611 2735 739 2791 ergo
765 2718 955 2789 pudori
997 2717 1050 2772 id
1093 2715 1249 2772 nobis
1273 2730 1396 2772 esse
1426 2725 1672 2786 putemus
1700 2715 1844 2786 quod
1881 2715 2089 2771 barbari

511 2819 563 2869 in
593 2813 820 2869 ecclesia
847 2812 956 2866 sint
979 2851 995 2876 ,
1039 2810 1133 2866 sed
1163 2809 1341 2880 potius
1375 2809 1544 2864 multo
1572 2819 1888 2864 ornamento
1918 2827 1932 2865 :
1960 2823 2085 2864 nam

509 2919 562 2961 et
593 2908 705 2976 ipse
739 2903 996 2960 Dominus
1027 2911 1212 2958 noster
1240 2901 1398 2962 Jesus
1424 2899 1674 2958 Christus
1697 2941 1716 2967 ,
1767 2917 1888 2957 cum
1919 2902 1971 2958 in
2000 2917 2090 2956 or-

493 3000 632 3069 ,ltcnt
664 3009 823 3053 terra:
851 2995 1110 3058 venisset,
1139 2993 1400 3050 barbaros
1423 2994 1628 3064 primos
1667 2995 1900 3050 vocavit.
1935 2993 2092 3050 Post-

509 3107 671 3158 quam
698 3090 841 3144 enim
873 3095 1030 3142 natus
1069 3096 1153 3142 est
1196 3085 1332 3141 etin
1359 3085 1625 3156 przesepio
1665 3085 1910 3156 positus,
1954 3085 2093 3157 magi

509 3201 575 3238 es
607 3182 824 3238 Petside
851 3181 1146 3244 venientes,
1174 3179 1349 3249 ipsum
1376 3178 1755 3236 adoraverunt.
1783 3176 1828 3234 0
1851 3192 2020 3234 novas
2040 3186 2095 3234 et

489 3277 912 3344 .iuesspectatas
929 3286 1016 3326 res
1042 3273 1056 3326 !
1087 3285 1212 3342 rege
1238 3268 1455 3340 quidem
1479 3269 1532 3327 in
1557 3269 1746 3328 urbem
1765 3268 2092 3340 ingressum,

510 3367 806 3421 velamenta
834 3376 888 3419 et
914 3362 1187 3434 lampades
1211 3361 1526 3433 eriguntur;
1559 3369 1616 3419 et
1641 3361 1728 3432 qui
1758 3362 1812 3422 in
1834 3361 2094 3432 dignitate

507 3467 563 3512 et
589 3455 825 3526 potentia
851 3464 978 3511 sunt
1005 3468 1193 3509 omnes
1217 3453 1320 3524 ipsi
1343 3453 1558 3510 obviam
1584 3451 1808 3508 veniunt
1831 3466 1953 3507 cum
1976 3451 2092 3508 ele-

507 3551 654 3621 ganti
680 3557 875 3614 ornatu
898 3589 916 3616 ,
955 3557 1014 3603 et
1041 3547 1183 3603 tibia:
1205 3588 1224 3613 ,
1269 3546 1463 3605 ﬁstula:
1488 3585 1506 3608 .
1552 3544 1779 3601 citharae
1805 3584 1821 3609 ,
1851 3553 1907 3599 et
1933 3558 2094 3599 omne

511 3642 976 3711 musicaegenus;
1024 3650 1080 3694 et
1128 3638 1451 3694 vestimenta
1501 3645 1628 3694 sunt
1671 3634 1994 3706 splendida,
2039 3642 2096 3690 et

509 3731 748 3799 corolla},
772 3739 828 3786 et
851 3730 1016 3786 multa
1041 3738 1124 3785 est
1144 3727 1538 3800 magniﬁcentia
1568 3745 1582 3783 :
1610 3726 1756 3798 Rege
1779 3733 1960 3782 autem
1983 3740 2092 3781 cte-

486 3805 687 3880 ilorum
713 3822 1022 3893 ingressum
1045 3821 1100 3876 itt
1125 3819 1345 3888 orbem,
1378 3818 1513 3874 nihil
1537 3819 1714 3886 simile
1742 3859 1758 3882 .
1792 3815 1890 3873 sed
1914 3816 2093 3872 omnia

509 3915 778 3971 contraria
807 3930 821 3968 :
854 3913 1122 3984 tugurium
1149 3920 1204 3968 et
1231 3911 1636 3976 tabernaculum
1657 3919 1711 3967 et
1735 3925 1976 3982 praesepe
1994 3951 2011 3976 ,
2040 3917 2096 3965 et

513 3993 685 4062 mater
711 4005 854 4073 vilis,
882 4013 941 4060 ut
964 4004 1269 4070 videbatur;
1297 4004 1477 4074 inopia
1511 4004 1674 4063 multa
1701 4011 1754 4058 et
1783 4010 2092 4073 paupertas.

511 4097 694 4166 Atqui,
718 4097 762 4150 si
780 4095 1057 4162 voluisset,
1076 4095 1263 4152 venire
1289 4096 1700 4166 poteratctrlum
1715 4107 2090 4159 commovens,

513 4197 710 4262 terram
737 4186 1004 4258 quatiens,
1036 4187 1242 4257 fulgura
1265 4186 1486 4242 mittens
1514 4203 1527 4239 :
1553 4194 1609 4241 et
1644 4185 1772 4254 quid
1800 4184 1914 4241 lucc
1940 4186 2096 4242 dico?

511 4281 555 4336 si
583 4279 775 4336 nudam
802 4279 969 4335 solam
994 4279 1325 4336 divinitatem
1352 4277 1713 4344 ostendisset,
1759 4288 1961 4348 quanto
1983 4295 2099 4334 ma-

480 4357 488 4443 ί
508 4373 599 4442 jus
627 4371 730 4429 hoc
751 4386 856 4426 non
880 4370 1070 4426 fuisset
1092 4372 1240 4424 omni
1268 4368 1555 4440 splendore
1577 4378 1633 4427 et
1649 4368 1965 4425 festivitate?
1989 4369 2096 4425 Sed

517 4480 621 4520 non
650 4463 720 4519 ita
748 4462 912 4524 fecit;
947 4477 1055 4516 non
1100 4462 1244 4516 enim
1275 4461 1503 4533 perdere
1526 4503 1542 4528 ,
1588 4461 1683 4518 sed
1711 4462 1892 4522 salvos
1918 4461 2097 4520 facere

480 4540 766 4623 (volebat;
809 4570 915 4611 non
963 4553 1388 4627 pet-terrefacere
1411 4595 1426 4619 .
1473 4554 1568 4610 sed
1599 4555 1870 4627 corrigere
1894 4596 1910 4620 ,
1934 4565 1988 4612 et
2028 4556 2097 4612 ab

479 4706 482 4714 ,
513 4643 669 4704 initio
718 4646 914 4703 fastum
967 4645 1258 4701 humanum
1287 4647 1495 4705 calcare
1523 4655 1578 4702 ct
1605 4649 1966 4717 arrogantiam
2005 4648 2100 4704 de-

512 4741 768 4808 primore.
796 4736 919 4792 Ideo
939 4752 1042 4790 non
1066 4734 1241 4790 solum
1267 4735 1326 4790 fit
1350 4734 1535 4801 homo,
1565 4735 1660 4792 sed
1686 4751 1887 4807 pauper
1909 4736 2095 4806 homo,

511 4840 568 4884 et
597 4839 820 4886 matrem
852 4829 1008 4884 talem
1034 4825 1248 4898 deligit,
1277 4841 1341 4883 ac
1365 4827 1722 4883 diversorium
1748 4829 1873 4895 vile;
1919 4841 2099 4887 extre-

517 4935 662 4973 mum
694 4921 1018 4990 paupertatis
1052 4919 1335 4974 terminum
1365 4917 1435 4973 ab
1465 4918 1617 4974 initio
1638 4929 1692 4974 ct
1714 4904 1781 4974 ab
1802 4920 1919 4990 ipso
1946 4933 2098 4992 partu

476 5088 478 5090 ν
515 5010 867 5084 amplectens.
885 5013 1152 5081 Quasnam
1175 5053 1190 5077 ,
1215 5012 1303 5070 dic
1329 5012 1478 5080 mihi,
1509 5014 1721 5080 mulier,
1749 5015 1956 5072 etiamsi
1984 5030 2100 5070 ont-

481 5096 486 5099 ’
516 5105 666 5162 nium
687 5106 917 5162 maxime
939 5107 1094 5176 inops
1116 5105 1295 5174 fuerit,
1313 5105 1523 5164 etiamsi
1545 5108 1875 5176 mendicans,
1904 5109 2098 5168 lectum

480 5187 484 5192 ’
519 5199 825 5264 nunbabct,
857 5199 943 5253 ubi
980 5210 1186 5269 partum
1211 5200 1466 5256 infantem
1497 5201 1754 5266 reclinet?
1779 5204 1848 5256 At
1876 5201 1965 5258 ille
1995 5219 2099 5259 non

518 5294 571 5347 in
606 5292 746 5354 lecto
781 5290 1140 5346 reclinabatttr
1162 5332 1177 5356 .
1215 5290 1314 5347 sed
1342 5292 1394 5345 itt
1419 5291 1681 5363 pratsepio
1701 5291 2013 5363 simpliciter
2045 5301 2103 5348 et

513 5367 848 5462 utcumque,
891 5390 946 5437 et
995 5382 1048 5436 in
1103 5383 1336 5452 tugurio,
1390 5398 1492 5439 nec
1536 5383 1589 5439 in
1619 5383 1937 5443 diversorio.
1979 5384 2103 5440 lltcc

517 5485 644 5532 sunt
667 5475 941 5548 ingressus
965 5473 1083 5547 ejus
1109 5475 1391 5547 prommia,
1415 5476 1488 5532 ita
1513 5476 1790 5548 splendida
1817 5485 1874 5532 et
1896 5476 2099 5546 magni-

520 5567 644 5622 fica.
685 5564 822 5622 Cum
867 5565 1022 5624 audis
1070 5567 1369 5637 ingressum
1393 5604 1411 5631 .
1463 5582 1532 5624 ne
1577 5568 1862 5636 transitum
1892 5583 1957 5626 ex
1984 5567 2103 5623 loco

512 5661 727 5738 cogites
748 5701 765 5730 ,
811 5657 906 5716 sed
935 5658 1250 5716 ceconoxuitc
1275 5659 1793 5734 attentperationcm.

1073 213 1135 268 3.
1171 206 1448 266 JOANNIS
1473 207 1944 266 CHRYSOS‘I'O!“
1981 206 2292 267 Αῐιαιιειι.
2332 209 2866 269 CONSTANTINOP.

3687 211 3788 269 5M

2281 322 2334 376 5.
2379 323 2586 378 Etenim
2618 323 2814 378 Paulus
2837 339 2958 380 cum
2988 326 3062 379 ait
3087 367 3102 390 ,
3146 325 3276 382 Cum
3302 337 3469 382 autem
3497 325 3679 383 rttrsus
3709 330 3786 384 in-

2205 412 2485 466 troduxerit
2512 412 2906 486 Pn’mogenimm
2931 417 2984 470 in
3001 417 3168 471 orbem
3188 415 3374 487 (Hebr.
3396 419 3447 473 Ι.
3461 418 3544 487 6),
3567 416 3788 487 dispen-

2205 505 2465 560 Sationetn
2491 505 2641 560 nobis
2662 509 2945 564 annuntiat
2977 526 2991 563 :
3024 509 3116 579 qui
3147 509 3292 564 enim
3325 511 3521 580 ubique
3551 526 3791 578 praesens

2205 602 2309 661 est,
2327 605 2382 650 et
2401 598 2578 652 omnia
2597 597 2803 668 implet,
2824 615 3056 670 quonam
3077 601 3182 656 intr
3193 602 3385 656 tverit?
3405 602 3500 660 sed
3526 602 3670 660 illum
3697 618 3791 672 per

2182 687 2560 748 oeconomiam
2599 688 3087 746 matt'tfestationem
3117 692 3196 747 sic
3223 692 3456 748 vocavit.
3503 692 3787 762 Ingressus

2204 779 2382 851 itaque
2405 780 2458 836 itt
2486 782 2670 838 orbem
2695 823 2714 848 ,
2759 799 2879 838 cutn
2930 784 3019 842 viii
3066 783 3254 842 habitu
3292 784 3556 852 intravit,
3587 785 3786 842 fastum

2201 872 2414 928 calcans
2435 914 2452 938 ,
2481 874 2843 945 arrogantiam
2873 874 3209 946 deprimens,
3253 878 3508 939 omnibus
3552 877 3786 947 suadens

2203 972 2263 1024 ut
2290 965 2570 1022 moderate
2595 975 2776 1037 agant,
2799 976 3168 1038 paupertatem
3192 984 3260 1024 ne
3281 979 3627 1026 contemnant
3655 987 3787 1026 neve

2199 1058 2601 1118 mendicitatem
2629 1061 2946 1133 despiciant;
2984 1062 3052 1118 ad
3075 1063 3289 1118 divitias
3332 1078 3403 1120 ne
3445 1064 3687 1129 inhient,
3719 1081 3786 1122 ne

2197 1150 2326 1220 quid
2364 1166 2613 1223 magnum
2663 1168 2785 1208 esse
2829 1163 3017 1223 putent
3055 1153 3350 1209 humanum
3396 1153 3640 1221 fastum,
3689 1156 3782 1209 sed

2200 1241 2390 1297 umbra
2444 1244 2781 1312 tenuiorem,
2836 1244 2978 1300 foliis
3022 1245 3308 1312 viliorem,
3337 1255 3393 1300 et
3417 1246 3644 1300 somniis
3691 1246 3784 1302 fal-

2199 1331 2472 1392 ltciorem.
2507 1333 2782 1405 Ingressus
2811 1350 2939 1406 ergo
2967 1336 3228 1390 barbaros
3257 1338 3488 1402 vocavit,
3521 1352 3623 1392 nec
3649 1338 3784 1391 sim-

2197 1425 2410 1496 pliciter
2439 1427 2716 1494 barbaros,
2757 1427 2853 1483 sed
2882 1442 3104 1498 magos,
3155 1429 3448 1498 pessimum
3490 1429 3782 1499 impietatis

2197 1533 2385 1588 genus.
2425 1517 2558 1586 Quia
2583 1519 2725 1574 enim
2751 1519 2929 1574 omnia
2960 1519 3011 1573 in
3040 1519 3171 1574 orbe
3198 1519 3338 1574 male
3363 1517 3554 1574 affecta
3581 1528 3742 1574 erant
3760 1559 3778 1586 ,

2197 1621 2252 1666 et
2281 1611 2524 1680 impietas
2555 1611 2750 1682 ubique
2765 1611 3168 1677 dominabatur,
3199 1612 3463 1684 ttidorque
3485 1622 3541 1668 et
3563 1611 3780 1678 fumus;

2196 1715 2261 1757 ac
2303 1718 2478 1773 neque
2525 1703 2610 1758 lex
2653 1703 2923 1774 quidpiam
2975 1713 3233 1774 poterat,
3281 1719 3457 1773 neque
3501 1704 3780 1775 propheta

2196 1792 2652 1860 emendaveraut,
2704 1809 2810 1848 non
2841 1794 3043 1850 monita
3072 1793 3200 1864 quid
3251 1793 3629 1864 profecerant,
3675 1809 3780 1852 nou

2193 1885 2474 1952 miracula,
2505 1901 2610 1940 non
2638 1885 2981 1956 supplicium,
3013 1901 3121 1940 non
3154 1901 3328 1956 pinna:
3351 1896 3443 1952 ;ct
3473 1895 3614 1942 terra
3649 1901 3779 1943 san-

2193 1978 2360 2047 guine
2402 1976 2634 2031 humano
2664 1976 3038 2047 polluebatur,
3082 1985 3139 2033 et
3185 1988 3373 2034 natura
3418 1979 3528 2048 ipsa
3558 1980 3778 2046 ignora—

2195 2069 2354 2124 batur
2400 2086 2414 2124 :
2449 2085 2569 2124 nam
2616 2068 3018 2125 Innuofaverttnt
3063 2072 3198 2141 [ilics
3227 2088 3347 2126 suos
3391 2081 3439 2126 et
3468 2073 3606 2144 filias
3652 2089 3775 2128 snas

2197 2161 2461 2217 dtentonit's
2503 2161 2523 2233 (
2549 2159 2694 2217 Psal.
2733 2162 2855 2218 105.
2888 2163 3001 2233 51)
3031 2180 3046 2215 :
3079 2161 3269 2221 altaria
3316 2163 3736 2219 destruebantur
3761 2203 3778 2226 .

2197 2252 2474 2326 prophetae
2525 2254 2950 2318 occidebantur,
3003 2269 3069 2310 ac
3125 2254 3383 2325 templum
3451 2255 3666 2325 pietatis
3725 2254 3779 2308 in

2196 2345 2389 2402 rudera
2446 2361 2660 2402 versum
2713 2357 2798 2404 est
2844 2358 2897 2404 et
2926 2347 3193 2403 idolorum
3245 2348 3668 2417 receptaculum,
3715 2362 3780 2406 ac

2196 2437 2425 2508 populus
2474 2436 2731 2493 Judaicus
2784 2441 2872 2508 qui
2931 2439 3139 2494 exstitit
3198 2447 3258 2493 ut
3307 2447 3536 2494 caeteros
3591 2437 3779 2493 erudi-

2197 2539 2300 2596 rct,
2342 2529 2463 2585 altis
2505 2530 2855 2601 blaSpltemia:
2884 2531 3097 2588 occasio
3149 2531 3310 2588 ﬁebat
3339 2548 3354 2587 :
3385 2529 3588 2586 Nomen
3611 2546 3780 2586 manu

2195 2623 2336 2675 enint
2358 2661 2374 2688 ,
2409 2621 2610 2692 inquit,
2639 2638 2727 2693 per
2749 2638 2836 2678 vos
2865 2622 3246 2692 blasphematur
3269 2622 3323 2676 in
3351 2621 3584 2694 gentibus
3619 2622 3776 2692 (lani.

2195 2711 2286 2768 52.
2319 2713 2407 2782 5).
2441 2716 2528 2766 Sa.
2549 2712 2715 2767 riﬁcia
2742 2713 3160 2783 abrogaltantur,
3195 2711 3327 2768 festa
3349 2753 3366 2780 ,
3397 2713 3701 2767 ncomeniac
3723 2724 3778 2766 et

2194 2803 2437 2867 sabbata,
2470 2819 2534 2858 ac
2563 2803 2766 2874 reliqua
2795 2805 2972 2860 cultus
2997 2819 3193 2874 genera
3228 2804 3640 2872 rejieiebantttr,
3671 2804 3778 2858 vir-

2198 2903 2310 2950 tute
2333 2895 2605 2967 neglecta;
2632 2906 2686 2951 et
2714 2911 2815 2952 vos
2864 2911 3095 2966 supetne
3145 2896 3236 2952 Dei
3282 2897 3587 2952 accusantis
3633 2907 3771 2960 erat,

2195 2996 2252 3044 et
2279 3004 2440 3045 voces
2468 2988 2849 3060 prophetarum
2871 2990 2928 3044 in
2961 2999 3102 3045 terra
3133 2989 3522 3060 plangentium,
3543 3000 3600 3044 et
3617 3003 3775 3049 voces

2197 3078 2430 3150 undique
2448 3119 2464 3145 ,
2488 3079 2648 3134 rebus
2677 3081 2818 3136 male
2851 3080 3264 3152 procedentibus
3289 3097 3306 3146 ;
3361 3081 3632 3150 multaque
3657 3090 3776 3136 erat

2197 3170 2448 3245 neqq’ttia:
2473 3172 2732 3242 potentia,
2764 3171 2930 3227 densa
2960 3171 3207 3243 quzedam
3233 3171 3406 3228 nubes
3429 3180 3485 3229 et
3513 3170 3774 3241 profunda

2197 3277 2326 3332 nos,
2353 3272 2408 3319 et
2435 3265 2668 3334 nequitia
2696 3262 2951 3319 audacter
2978 3273 3033 3319 et
3053 3263 3389 3319 confidenter
3408 3264 3623 3334 agebat,
3654 3277 3778 3334 qua

2195 3356 2261 3411 ad
2301 3357 2549 3411 virtutem
2596 3364 2774 3410 autem
2832 3363 3096 3426 spectant,
3147 3355 3586 3412 eliminabantur.
3619 3355 3778 3412 Tem-

2199 3462 2376 3518 pestas
2401 3448 2454 3503 in
2483 3449 2648 3503 altum
2682 3447 2985 3516 tollebatur,
3015 3447 3210 3504 fluctus
3229 3448 3368 3504 alius
3389 3447 3556 3506 alium
3581 3461 3778 3518 seque-

2198 3539 2373 3605 batur,
2419 3539 2696 3612 naufragia
2740 3540 3036 3610 frequentia
3089 3539 3427 3603 accidebant,
3441 3554 3633 3597 omnes
3675 3541 3781 3595 iut-

2197 3631 2609 3702 mergebantur,
2667 3647 2840 3703 neque
2890 3633 2998 3688 ulla
3041 3633 3416 3703 gubernatoris
3443 3649 3543 3688 vos
3583 3632 3782 3690 audie-

2198 3723 2374 3789 batur,
2403 3739 2504 3780 nec
2535 3731 2816 3780 nautarum
2845 3738 2937 3780 ars
2961 3723 3250 3795 quidquam
3283 3733 3512 3795 poterat;
3541 3727 3638 3780 sed
3661 3741 3779 3781 ma-

2199 3816 2328 3891 ligni
2360 3817 2582 3888 spiritus
2625 3815 3083 3882 dominabantur,
3130 3831 3306 3886 neque
3339 3817 3447 3874 ulla
3492 3827 3614 3872 erat
3654 3835 3785 3889 spes

2197 3911 2389 3966 salutis
2407 3951 2424 3978 ,
2453 3925 2718 3982 nemoque
2745 3910 2994 3966 invocare
3017 3910 3183 3966 Deum
3203 3912 3435 3965 audebat
3462 3927 3476 3964 :
3507 3912 3789 3982 quomodo

2200 4003 2344 4058 enim
2386 4018 2548 4058 ausus
2595 4011 2777 4068 esset,
2834 4001 3108 4074 prophetis
3145 4002 3544 4068 accusantibus,
3577 4002 3792 4072 augetis

2199 4095 2292 4166 qui
2319 4094 2538 4166 singulis
2565 4095 2811 4164 gentibus
2833 4093 3321 4168 patrocinabantur,
3361 4108 3420 4149 se
3441 4109 3553 4164 pra:
3579 4096 3792 4163 pudore

2200 4187 2633 4244 occultantibus?
2675 4184 2981 4242 Creatorem
3024 4185 3259 4242 universi
3304 4193 3517 4257 tempus
3565 4186 3791 4241 demunt

2173 4359 2176 4362 ὶ
2199 4280 2514 4345 advocabat,
2538 4281 2710 4350 ipsum
2729 4278 3082 4346 conditorem,
3103 4280 3193 4352 qui
3214 4279 3283 4334 ab
3305 4279 3456 4335 initio
3481 4293 3656 4350 genus
3686 4295 3794 4334 no-

2200 4385 2370 4430 strum
2396 4373 2796 4430 efformaverat.
2836 4371 3100 4440 Quoniam
3137 4372 3297 4443 igitur
3322 4372 3637 4442 gravissima
3666 4381 3799 4427 erat

2200 4463 2466 4535 aegritudo
2488 4502 2506 4530 ,
2535 4478 2657 4534 qua:
2688 4463 2922 4517 maxime
2951 4470 3099 4534 parta
3130 4471 3246 4518 erat
3279 4476 3345 4517 ex
3387 4463 3699 4532 arrogantia
3731 4472 3792 4520 et

2201 4555 2458 4622 audacia;
2485 4570 2608 4612 cum
2637 4564 2690 4610 et
2711 4554 3036 4626 principium
3051 4561 3108 4609 et
3121 4553 3355 4609 medium
3375 4561 3431 4608 et
3456 4554 3579 4607 linis
3603 4569 3792 4612 rerum

2201 4653 2637 4717 corrumperetur
2666 4663 2683 4700 :
2715 4645 2806 4700 ille
2830 4660 2894 4700 ex
2923 4655 3147 4715 paterno
3175 4645 3369 4700 throno
3397 4644 3620 4710 exsiliit,
3649 4655 3711 4700 et
3739 4647 3795 4701 in

2171 4803 2174 4806 ,
2205 4748 2400 4795 terram
2431 4739 2599 4794 venit.
2641 4737 2773 4795 Cum
2800 4747 2980 4793 autem
3013 4737 3144 4792 illud
3186 4738 3376 4792 exsitit‘t
3418 4737 3574 4793 audis
3595 4779 3612 4803 ,
3658 4753 3800 4795 cave

2202 4841 2358 4906 putes
2388 4843 2624 4887 mutasse
2653 4831 2802 4886 illum
2843 4830 2961 4887 loca
2985 4841 3039 4887 et
3069 4831 3379 4887 deseruisse
3408 4830 3570 4886 catlos
3613 4847 3629 4884 :
3663 4849 3794 4887 nam

2203 4939 2324 4981 cum
2353 4924 2405 4980 in
2439 4935 2591 4979 utero
2617 4923 2857 4993 virgineo
2886 4932 3056 4989 esset,
3101 4937 3226 4979 cum
3276 4922 3436 4980 Patre
3466 4931 3586 4978 erat
3611 4940 3628 4977 :
3657 4940 3800 4992 quo-

2205 5017 2368 5075 modo
2406 5027 2582 5074 autem
2607 5058 2624 5084 ,
2674 5031 2742 5070 ne
2785 5031 2996 5086 quaeras
3032 5030 3208 5086 neque
3246 5017 3485 5073 rationes
3527 5025 3796 5084 expetas:

2203 5124 2324 5166 cum
2346 5110 2488 5164 enim
2515 5108 2652 5164 Deus
2674 5117 2949 5178 operatur,
2971 5106 3084 5162 sola
3105 5107 3211 5164 ﬁde
3233 5121 3368 5181 Opus
3397 5116 3500 5175 est,
3521 5121 3794 5164 consensu

2175 5203 2333 5278 item
2359 5209 2416 5257 et
2443 5199 2803 5256 confessione.
2849 5198 2983 5254 Cum
3031 5200 3272 5256 venisset
3313 5215 3444 5274 ergo
3478 5207 3539 5256 et
3562 5199 3792 5255 vidisset

2171 5366 2175 5374 ι
2206 5307 2406 5364 ωετυιιι
2435 5291 2487 5346 in
2515 5291 2652 5346 lecto
2667 5289 2934 5361 iacentem
2957 5305 3022 5347 ac
3041 5291 3383 5362 desperatum
3405 5290 3426 5364 (
3446 5305 3567 5346 cum
3587 5305 3793 5361 :rgrutn

2208 5384 2350 5453 dico,
2377 5383 2448 5438 de
2467 5382 2703 5438 humano
2726 5397 2924 5453 genere
2947 5383 3158 5454 loquor,
3185 5399 3292 5438 non
3321 5381 3378 5438 in
3399 5383 3539 5437 lecto
3561 5381 3788 5451 vulgari,

2168 5541 2174 5548 ,
2207 5476 2303 5533 sed
2329 5476 2383 5530 in
2411 5474 2551 5531 lecto
2593 5472 2847 5544 nequitiae
2867 5471 2912 5545 ),
2938 5488 2970 5530 a
3001 5472 3221 5530 medicis
3249 5471 3564 5535 derelictum
3587 5512 3605 5537 ,
3649 5471 3788 5528 vitiis

2210 5570 2376 5626 animi
2425 5569 2706 5624 obsessum
2737 5606 2754 5631 ,
2806 5565 2996 5622 morbo
3040 5565 3356 5629 detentum;
3403 5579 3529 5619 cum
3569 5561 3793 5620 vidisset

2110 5671 2118 5696 ¹
2172 5735 2180 5743 π
2222 5676 2381 5719 omne
2425 5656 2759 5732 aegritudinis
2798 5671 2969 5729 genus
3018 5657 3303 5713 humanam
3353 5667 3599 5714 naturam
3642 5652 3788 5709 inva-
