4092 6206
382 347 491 410 505

380 473 519 525 sisse
540 510 553 535 ,
600 470 881 540 ipsumque
907 465 1179 520 hominem
1209 463 1277 519 de
1305 478 1363 517 se
1388 461 1762 530 desperantem
1790 497 1806 521 ,
1852 470 1968 509 me-

378 559 561 616 dicqu
591 575 742 627 vero,
767 560 856 630 qui
878 556 1036 613 datus
1062 546 1162 626 ipsi
1194 551 1369 609 fuerat
1399 551 1465 605 ad
1489 550 1669 605 ulcera
1699 546 1961 611 curanda,

378 660 749 707 accusatorem
800 649 1040 714 malum,
1108 647 1279 715 legem
1339 643 1495 708 dico,
1542 640 1791 695 effectum
1848 651 1970 691 esse

377 745 606 798 crimina
638 752 921 814 augentem
948 782 963 805 ,
998 750 1053 795 et
1082 738 1349 793 hominem
1379 734 1567 805 majori
1599 748 1770 803 pinna:
1795 731 1968 786 obno-

380 833 527 890 xium
561 835 843 889 facientem
868 876 883 900 ,
935 842 989 888 et
1025 830 1197 885 morbi
1225 826 1564 899 tyrannidem
1599 825 1969 892 malorumque

382 927 813 995 exsuperantiam
853 924 1285 988 considerasset;
1333 937 1453 992 qu;e
1496 918 1762 974 nemiuem
1805 916 1967 969 alium

381 1018 738 1088 postularent,
762 1033 920 1087 quam
950 1031 1071 1071 eum
1103 1015 1191 1085 qui
1218 1027 1315 1068 nos
1342 1012 1410 1068 ab
1435 1011 1585 1066 initio
1610 1008 1925 1065 condiderat
1950 1025 1966 1061 :

380 1108 504 1164 vide
531 1108 657 1178 quid
691 1108 848 1162 faciat
880 1124 893 1162 :
925 1115 1111 1161 natura
1141 1114 1321 1160 nostra
1351 1102 1589 1158 induitur
1619 1101 1885 1156 infirmata
1913 1106 1971 1154 et

379 1200 611 1261 devicta,
639 1208 697 1252 ut
724 1214 817 1268 per
848 1198 992 1252 illam
1026 1204 1285 1267 pugnaret
1329 1204 1382 1249 et
1425 1200 1674 1254 certaret,
1704 1200 1865 1262 atque
1901 1188 1969 1244 ab

382 1290 498 1357 ipso
548 1289 728 1342 limine
781 1298 837 1342 et
887 1287 1108 1342 exordio
1159 1284 1478 1355 arrogantia:
1532 1292 1779 1336 naturam
1826 1278 1967 1333 radi-

380 1380 520 1435 citus
561 1380 763 1444 evellit,
805 1395 924 1449 qua!
967 1378 1229 1432 malorum
1272 1375 1510 1429 omnium
1545 1387 1704 1428 causa
1747 1370 1965 1425 fuerat:

384 1488 505 1525 nam
537 1473 652 1525 ha-c
677 1471 950 1525 diabolum
981 1510 997 1534 ,
1038 1484 1158 1524 cum
1192 1467 1441 1521 diabolus
1487 1479 1592 1519 non
1626 1471 1808 1527 esset,
1855 1461 1969 1516 dia-

383 1564 563 1618 bolum
592 1562 769 1617 cﬂ'ecit
793 1604 807 1629 ,
845 1571 901 1616 ιιι
927 1562 1163 1615 declarat
1196 1558 1391 1613 l‘aulus
1420 1559 1606 1612 dicens
1640 1571 1653 1608 :
1690 1554 1810 1608 Non
1848 1570 1969 1608 neo-

384 1658 597 1725 phytum
624 1696 639 1720 ,
669 1671 731 1708 ne
767 1655 817 1707 in
846 1652 1133 1722 superbiam
1160 1650 1322 1705 elatus
1350 1692 1364 1715 ,
1397 1650 1450 1703 in
1483 1648 1744 1719 judicium
1777 1646 1971 1700 incidat

381 1744 697 1818 diaboli“.
740 1744 872 1799 Tim.
917 1746 968 1799 3.
1001 1744 1095 1815 6).
1139 1743 1249 1797 lloe
1299 1742 1565 1796 Adamum
1613 1756 1676 1794 ex
1722 1739 1970 1809 paradiso

381 1838 539 1902 ejeeit
571 1855 584 1890 :
612 1837 733 1905 quia
766 1837 909 1890 enim
934 1835 1159 1899 audivit,
1192 1831 1348 1885 Eritis
1372 1832 1505 1885 sicut
1533 1831 1605 1883 dii
1627 1828 1778 1899 (Gen.
1800 1830 1853 1884 5.
1885 1830 1964 1898 5);

382 1927 480 1981 hac
507 1943 601 1995 Spe
626 1926 904 1997 deceptus,
930 1926 1104 1980 arbori
1134 1938 1349 1979 manum
1376 1922 1631 1986 admovit,
1657 1921 1827 1989 legem
1853 1921 1969 1974 cal-

380 2022 539 2084 cavit,
566 2030 617 2075 et
647 2028 969 2090 prmceptum
988 2030 1352 2089 transgressus
1374 2024 1475 2070 est.
1499 2014 1620 2069 Ideo
1641 2014 1802 2069 etiam
1830 2012 1968 2067 Deus

380 2125 766 2186 congruentem
783 2114 988 2168 vulneri
1006 2113 1284 2184 apparavit
1303 2112 1639 2167 medicinam.
1664 2109 1966 2166 Sicuteuim

381 2208 432 2261 iu
461 2206 782 2275 Corporibus
805 2205 1073 2260 contraria
1100 2204 1386 2259 contrariis
1412 2202 1675 2258 medelam
1698 2202 1927 2257 afferunt
1944 2240 1962 2268 ,

380 2309 439 2351 ut
478 2299 631 2351 aiunt
662 2297 876 2362 medici,
929 2306 983 2352 et
1029 2296 1170 2366 quod
1201 2296 1443 2367 frigidius
1482 2306 1565 2352 est
1592 2297 1775 2352 calore
1818 2294 1960 2351 fove-

380 2408 521 2457 mus,
550 2392 800 2463 quodque
826 2392 1157 2447 exsiccatum
1207 2390 1426 2445 lunnido
1464 2400 1825 2460 temperamus
1850 2406 1863 2443 :
1888 2390 1965 2444 sic

379 2488 540 2540 etiam
589 2485 729 2541 Deus
772 2486 824 2538 in
868 2485 1061 2539 anima:
1087 2484 1420 2553 paSsionibns
1463 2483 1606 2538 fecit.
1642 2482 1775 2549 Quia
1816 2482 1961 2537 enim

378 2578 681 2647 arrogantia
729 2578 895 2648 ipsam
932 2576 1190 2633 ellercbat
1238 2587 1291 2631 et
1331 2574 1548 2630 inﬂabat
1572 2618 1590 2643 ,
1618 2576 1963 2645 pharmacum

378 2669 630 2740 appoSuit
677 2668 815 2738 quod
848 2668 1029 2723 flatum
1071 2667 1413 2722 contraheret
1461 2677 1512 2721 et
1556 2677 1817 2721 tumorem
1864 2682 1963 2719 au-

380 2765 563 2815 terret.
586 2760 736 2828 Quod
753 2776 882 2817 vero
903 2760 1246 2830 pharmacum
1269 2759 1297 2813 ?
1323 2760 1544 2815 Mortem
1573 2761 1721 2831 quasi
1753 2775 1963 2815 murum

380 2854 478 2923 ipsi
514 2868 813 2922 opponens.
851 2853 973 2908 Ideo
1019 2869 1123 2907 nou
1154 2862 1358 2907 tantum
1389 2852 1612 2907 mortale
1668 2851 1795 2910 fecit
1837 2868 1964 2908 cor-

380 2961 498 3013 pus,
549 2944 643 2999 sed
681 2945 839 3000 etiam
874 2955 931 3013 ut
969 2955 1406 3014 corrumperetur
1432 2944 1626 3009 cﬂ‘ecit,
1675 2954 1731 2999 ut
1772 2946 1965 3001 misce-

381 3046 547 3102 retur,
604 3045 661 3090 ιιι
714 3037 974 3091 vermium
1028 3036 1203 3092 fontes
1250 3037 1541 3099 emitteret.
1577 3048 1736 3108 atque
1775 3039 1826 3092 in
1873 3052 1963 3092 sa-

382 3130 520 3182 nienl
562 3129 970 3196 dissolveretur,
1015 3129 1309 3199 lmtoreque
1356 3130 1707 3199 impleretur;
1741 3131 1963 3186 humili-

383 3221 502 3273 tatis
528 3219 865 3274 fundamenta
899 3236 1099 3289 ponens
1152 3237 1249 3275 nec
1289 3237 1537 3292 umquam
1567 3223 1646 3276 vel
1677 3221 1963 3278 admodum

380 3322 715 3383 arrogantem
762 3313 943 3369 sineus
983 3314 1147 3368 altum
1185 3313 1252 3369 de
1295 3330 1354 3371 se
1396 3330 1604 3384 sapere.
1647 3316 1782 3383 Quid
1823 3317 1965 3372 enim

383 3406 617 3461 fatidius
680 3405 917 3461 humano
990 3405 1290 3461 cadavere?
1373 3406 1503 3478 quid
1578 3408 1734 3462 vilius
1821 3422 1968 3462 mor-

384 3509 473 3553 tuo
500 3500 522 3552 ?

451 3597 504 3650 4.
535 3595 643 3650 Sed
676 3610 741 3650 ne
770 3610 911 3665 a'gre
942 3593 1104 3661 feras,
1153 3594 1385 3658 dilecte;
1416 3611 1601 3650 verum
1632 3595 1719 3650 hic
1749 3610 1974 3667 quoque

390 3689 477 3742 Dei
513 3687 900 3759 providentiam
931 3686 1224 3756 perpende.
1254 3686 1437 3757 Neque
1464 3688 1605 3741 enim
1638 3690 1680 3741 is
1710 3689 1797 3758 qui
1828 3705 1975 3742 mor-

384 3791 503 3833 tuus
531 3788 615 3834 est
664 3781 715 3832 in
770 3778 958 3833 horum
1000 3794 1222 3833 sensum
1272 3778 1459 3833 venit:
1490 3780 1578 3848 qui
1618 3788 1796 3834 autem
1849 3779 1979 3835 vivit

383 3872 434 3925 iu
479 3871 657 3924 alieno
708 3884 957 3939 corpore,
1003 3869 1367 3939 philosophari
1415 3867 1592 3923 discit.
1620 3870 1972 3937 Quantumvis

376 3962 525 4016 enim
561 3961 908 4030 supercilium
938 3960 1150 4014 attollat
1180 3974 1245 4015 ac
1298 3974 1420 4015 sese
1447 3959 1655 4023 eﬂ'erat,
1690 3960 1755 4015 ad
1794 3959 1975 4031 sepul-

377 4071 558 4121 crum,
594 4056 813 4110 veniens
846 4062 900 4109 et
931 4053 1176 4109 faetorem
1224 4054 1485 4119 sentiens,
1528 4053 1783 4121 concidit,
1814 4063 1973 4124 atque

378 4148 448 4200 ad
482 4148 655 4216 ipsum
683 4145 946 4200 infernum
971 4144 1268 4200 descendit.
1310 4144 1376 4198 Et
1405 4153 1462 4197 ut
1494 4145 1670 4199 discas
1711 4143 1811 4200 hoc
1852 4146 1973 4201 ideo

379 4243 452 4296 ita
490 4240 687 4295 factum
732 4254 886 4302 esse,
921 4239 1037 4308 ipso
1064 4247 1308 4291 naturam
1360 4248 1594 4291 nostram
1643 4253 1749 4292 non
1795 4237 1974 4308 deSpi-

376 4334 580 4394 ciente,
604 4331 697 4386 sed
722 4330 883 4384 animi
902 4330 1264 4399 arrogantiam
1292 4328 1557 4395 frenante,
1593 4328 1973 4398 hominemque

379 4426 433 4478 iu
464 4433 722 4495 perpetua
752 4422 1052 4476 humilitate
1094 4420 1394 4483 detinentc,
1420 4422 1673 4489 quoniam
1704 4421 1771 4475 ab
1816 4421 1972 4475 initio

380 4520 507 4574 inde
539 4526 816 4587 peccatum
850 4524 1075 4571 venerat
1104 4531 1117 4568 :
1150 4514 1275 4569 audi
1302 4514 1428 4584 quid
1457 4514 1598 4569 dicat
1646 4514 1810 4570 Isaias
1840 4529 1971 4585 pro-

380 4613 583 4682 pheta:
620 4608 884 4677 Quomodo
928 4608 1108 4662 cecidit
1160 4608 1224 4660 de
1259 4608 1382 4661 cwlo
1429 4607 1634 4679 lucifer,
1690 4608 1775 4677 qui
1825 4624 1973 4663 mane

378 4703 637 4756 criebatur
666 4698 837 4772 (lsai.
886 4700 971 4753 ﬂ.
1007 4697 1075 4751 12
1108 4698 1162 4768 )?
1210 4713 1313 4751 non
1358 4696 1426 4752 de
1467 4697 1687 4753 lucifero
1717 4699 1969 4769 loquens;

381 4810 674 4865 numquam
696 4793 838 4848 enim
879 4792 1063 4845 lucifer
1101 4790 1333 4856 cecidit;
1363 4790 1455 4845 sed
1482 4791 1531 4845 iu
1559 4792 1693 4846 cado
1722 4791 1971 4848 fundatus

378 4889 690 4953 inlisusque
719 4892 824 4947 est,
866 4896 1129 4951 suumque
1174 4891 1350 4935 servat
1394 4896 1629 4935 cursum.
1674 4882 1810 4948 Quid
1843 4898 1972 4953 ergo

379 4981 480 5034 sibi
506 4978 623 5033 vult
640 4976 916 5048 propheta,
941 4992 1061 5031 cum
1077 4974 1204 5029 dicit
1236 4993 1249 5030 :
1277 4975 1540 5042 Quomodo
1558 4976 1735 5029 cecidit
1756 4976 1818 5030 de
1845 4976 1970 5030 cwlo

380 5048 585 5140 lucifer,
617 5070 704 5140 qui
730 5085 876 5121 mane
903 5066 1200 5121 oriebatur?
1234 5066 1306 5119 De
1330 5082 1452 5134 rege
1471 5066 1700 5135 quodam
1744 5068 1969 5123 barbaro

384 5162 661 5233 loquitur;
691 5160 968 5215 luciferum
1003 5168 1179 5211 autem
1210 5166 1363 5211 voeat
1414 5157 1559 5211 illum
1599 5158 1668 5211 ob
1716 5158 1970 5229 splendo-

383 5271 521 5322 rem,
553 5254 623 5309 ob
649 5253 916 5316 diadema,
946 5251 1014 5304 oh
1048 5266 1354 5320 purpuram,
1378 5249 1447 5303 oh
1474 5251 1766 5305 satellitum
1792 5252 1965 5323 fulgo-

383 5361 517 5405 rem.
551 5343 621 5397 ob
647 5357 794 5397 arma
845 5344 1067 5396 nitentia
1114 5351 1169 5395 et
1216 5355 1402 5394 aurum
1451 5340 1853 5409 splendescens,
1898 5342 1968 5398 ob

385 5437 596 5490 lanceas
621 5444 805 5489 acutas
833 5442 888 5487 et
915 5430 1173 5501 fulgorem
1218 5430 1525 5485 etnitteutes
1556 5441 1610 5485 et
1651 5431 1722 5486 ob
1751 5447 1965 5488 omnem

386 5530 544 5582 alium
575 5528 790 5605 fastum,
821 5526 1068 5597 quodque
1093 5536 1281 5579 cuncta
1325 5524 1534 5594 diripiat
1563 5534 1617 5579 ct
1659 5528 1962 5595 p0puletur.

387 5620 536 5683 anl
587 5621 729 5672 enim
782 5634 887 5670 non
942 5617 1008 5670 de
1052 5616 1273 5670 lucifero
1325 5615 1606 5684 loquatur,
1653 5615 1748 5670 sed
1798 5627 1968 5672 mcta-

391 5713 605 5779 plic-ru-e
658 5713 926 5779 loquatur,
984 5711 1084 5764 hoe
1135 5711 1306 5780 palam
1335 5719 1439 5775 est,
1467 5724 1587 5763 cum
1616 5709 1759 5763 enim
1801 5710 1966 5765 dixis-

387 5817 495 5874 set,
535 5804 797 5872 Quomodo
824 5804 1002 5858 cecidit
1046 5804 1105 5859 de
1146 5803 1266 5858 creto
1300 5804 1511 5875 turifer,
1541 5803 1625 5873 qui
1654 5820 1799 5860 mane
1835 5805 1963 5861 orie-

948 350 1062 407 Vlll
1102 347 1405 409 HOMlLlA,
1450 344 1701 401 llABlTA
1746 339 2114 409 POSTQUAM
2158 340 2563 397 PRESBYTER
2602 340 2896 410 GOTllUS,
2940 341 3093 399 ETC.

3557 332 3661 402 sos

2073 454 2240 519 batur,
2282 453 2359 510 sic
2397 457 2604 525 pergit:
2636 456 2712 511 Tu
2742 466 2911 511 autem
2954 457 3127 511 dixiin
3165 458 3217 511 in
3262 460 3410 514 corde
3455 468 3562 527 tuo,
3594 460 3661 516 In

2072 545 2253 601 cretum
2296 548 2589 615 ascendam,
2629 567 2784 619 supra
2823 550 2997 605 stellas
3036 551 3151 605 αι’Ιὶ
3206 567 3393 622 ponam
3420 554 3660 608 thronum

2072 652 2260 703 meum,
2276 647 2324 691 et
2336 639 2516 693 similis
2532 656 2617 693 ero
2639 640 2897 695 Altissinto
2911 641 3067 711 (Isai.
3094 658 3141 695 ο.
3172 643 3281 712 15).
3312 644 3463 711 Quod
3481 655 3661 699 autem

2071 728 2224 785 stella
2256 744 2355 784 nec
2385 729 2763 800 cogitationem
2807 748 2906 786 nee
2937 745 3177 789 mentem
3226 733 3440 797 habeat,
3485 751 3661 803 neque

2073 820 2235 875 verba
2294 822 2547 890 proferat,
2578 823 2777 877 nemini
2809 841 2916 880 non
2944 836 3127 882 notum
3155 837 3239 883 est
3271 845 3284 881 :
3318 827 3412 881 sed
3441 828 3508 882 de
3533 843 3660 897 rege

2072 913 2147 967 ait
2171 915 2397 985 quodam
2413 915 2745 985 blaspheme,
2782 920 3081 987 arrosantia
3108 932 3160 975 et
3186 921 3441 991 jactantia
3474 921 3655 991 pleno,

2071 1007 2162 1079 qui
2208 1022 2331 1063 cum
2380 1007 2521 1064 fastu
2562 1010 2818 1081 loquitur.
2876 1011 3007 1078 Quis
3045 1023 3221 1069 autem
3281 1014 3368 1070 ille
3411 1031 3506 1070 rex
3536 1017 3658 1070 est?

2072 1100 2183 1156 Hoc
2214 1115 2495 1171 possumus
2533 1102 2955 1159 dicerezvcrum
2992 1114 3049 1159 ut
3084 1122 3189 1161 non
3230 1110 3405 1163 omnia
3445 1125 3474 1161 a
3502 1109 3656 1164 nobis

2070 1189 2308 1253 discatis,
2337 1191 2429 1247 sed
2457 1208 2552 1247 vos
2580 1194 2682 1261 ipsi
2721 1195 2881 1249 etiam
2927 1195 3249 1253 meditantes
3279 1209 3332 1253 et
3372 1199 3656 1270 vigilantes

2070 1283 2265 1340 divina:
2296 1284 2587 1356 Scriptum
2615 1286 2901 1341 thesauros
2950 1290 3292 1356 scrutemini,
3322 1290 3495 1345 locum
3527 1307 3657 1362 pro~

2073 1375 2247 1447 pheta:
2274 1377 2439 1444 adite,
2470 1386 2525 1432 et
2547 1378 2725 1433 scietis
2750 1380 2869 1448 quis
2911 1381 2981 1435 sit
3025 1396 3140 1448 rex,
3164 1381 3317 1451 cujus
3347 1384 3553 1454 populi,
3603 1393 3658 1440 et

2069 1470 2410 1540 quandonam
2442 1471 2599 1526 fuerit
2628 1488 2645 1525 :
2673 1487 2794 1525 nam
2818 1474 2893 1526 ait
2920 1473 3033 1538 ille,
3066 1473 3149 1528 Da
3176 1478 3398 1548 sapienti
3433 1480 3659 1533 occasio-

2071 1574 2265 1625 nem,et
2290 1563 2572 1633 sapientior
2593 1565 2686 1618 erit
2706 1563 2884 1634 (Prov.
2909 1564 2963 1619 9.
2983 1565 3063 1637 9).
3088 1567 3216 1622 Cum
3243 1569 3401 1639 igitur
3424 1573 3509 1625 hic
3538 1588 3654 1635 rex.

2070 1656 2159 1725 qui
2190 1656 2503 1725 splendidus
2532 1655 2706 1711 fuerat
2726 1667 2780 1712 et
2806 1658 3028 1713 illustris
3052 1669 3106 1714 et
3141 1662 3418 1718 immensis
3454 1665 3655 1720 instruo

2069 1758 2189 1801 ctus
2216 1748 2419 1803 divitiis
2442 1791 2457 1813 ,
2492 1757 2546 1805 et
2574 1750 2761 1805 orbem
2811 1760 2980 1807 totum
3008 1752 3293 1820 invaserat,
3336 1765 3390 1810 et
3432 1773 3659 1828 regnum

2069 1840 2384 1895 extenderat
2409 1856 2587 1907 suum,
2620 1853 2843 1912 repente
2886 1854 3072 1915 raptus
3115 1856 3463 1919 mortuusque
3488 1860 3655 1917 esset,

2068 1931 2210 2000 quod
2233 1931 2387 1989 scivit
2437 1934 2698 2005 propheta
2742 1952 2924 1991 rerum
2959 1938 3310 1997 humanarum
3353 1944 3657 2001 volubilita-

2071 2031 2197 2089 tem,
2229 2024 2383 2091 dixit,
2412 2026 2677 2093 Quomodo
2702 2030 2881 2084 cecidit
2909 2031 2971 2087 de
2998 2034 3123 2089 calo
3143 2034 3370 2106 Lucifer,
3399 2040 3485 2109 qui
3509 2054 3657 2095 mane

2069 2113 2360 2170 oriebatur?
2379 2118 2468 2187 qui
2493 2134 2647 2190 reges
2670 2124 2926 2186 concutit,
2952 2126 3042 2194 qui
3065 2135 3234 2181 totum
3263 2129 3448 2184 orbem
3469 2132 3655 2186 deser-

2071 2213 2178 2260 tum
2203 2205 2418 2264 reddit?
2446 2208 2699 2280 illumque
2720 2211 2999 2283 alloquens
3023 2225 3078 2270 et
3104 2216 3407 2281 traducens,
3433 2221 3506 2274 ait
3535 2238 3551 2276 :
3575 2220 3653 2275 Tu

2067 2308 2235 2352 mrtem
2262 2299 2459 2367 dixisti,
2495 2300 2563 2357 In
2609 2304 2791 2358 etclam
2822 2305 3114 2373 ascendam,
3149 2325 3313 2371 supra
3336 2310 3510 2365 sicitas
3542 2312 3665 2366 cteli'

2070 2405 2253 2457 ponam
2305 2390 2540 2445 thronum
2582 2410 2765 2461 meum,
2785 2405 2833 2450 et
2863 2398 3043 2453 similis
3062 2415 3146 2453 ero
3191 2400 3470 2456 Altissimo.
3500 2401 3550 2456 Ν
3555 2420 3663 2459 una

2067 2494 2235 2537 autem
2253 2486 2303 2538 in
2321 2486 2576 2554 infernum
2591 2487 2881 2557 descendes,
2905 2490 2995 2545 sub
3013 2502 3058 2547 te
3073 2504 3296 2549 sternant
3312 2499 3661 2569 pulrediuem,

2067 2576 2494 2645 etaperimentum
2515 2588 2654 2633 tuum
2678 2583 2880 2637 vermis.
2913 2583 3411 2657 Videu’quomodo,
3435 2602 3491 2644 ut
3518 2591 3651 2656 dixi,

2068 2666 2188 2722 ideo
2210 2668 2370 2724 talem
2398 2679 2600 2726 sortem
2626 2688 2820 2743 corpus
2856 2685 3099 2731 nostrum
3125 2676 3328 2736 habere
3355 2683 3652 2748 constituit,

2068 2765 2125 2812 ut
2151 2762 2468 2831 arroganter
2498 2762 2842 2833 pharmacnm
2880 2768 3281 2825 esset‘rVidens
3308 2772 3469 2842 igitur
3506 2774 3667 2830 illum

2066 2854 2366 2924 arrogantia
2400 2853 2639 2924 plenum,
2671 2856 2738 2911 ab
2764 2858 2827 2912 iis
2854 2875 2972 2929 qure
2994 2870 3111 2930 post
3142 2874 3368 2919 mortem
3405 2867 3657 2922 accidunt

2071 2945 2220 3000 illum
2253 2947 2450 3014 erudit,
2482 2964 2691 3004 vermes
2732 2966 3060 3019 memorans,
3112 2952 3380 3021 fetorem,
3415 2960 3657 3025 saniem,

2069 3046 2126 3092 nt
2155 3037 2269 3092 lnec
2311 3040 2552 3110 cogitans
2576 3043 2935 3112 arrogantiam
2980 3044 3245 3111 demittat,
3278 3064 3383 3103 non
3414 3065 3657 3118 przrsen-

2067 3130 2135 3185 tia
2154 3131 2500 3187 considerans
2517 3143 2570 3187 et
2596 3132 2825 3199 inflatus,
2846 3135 2938 3190 sed
2964 3138 3298 3208 perpendens
3315 3141 3403 3211 qui
3419 3143 3518 3197 sibi
3537 3144 3660 3198 linis

2068 3222 2268 3289 instet,
2326 3239 2488 3292 quam
2524 3235 2867 3294 suscepturus
2903 3227 2975 3281 sit
3013 3230 3385 3285 mutationem.
3427 3233 3660 3306 Ideoque

2069 3314 2318 3385 passibile
2333 3330 2524 3385 corpus
2548 3318 2721 3371 sortiti
2744 3331 2949 3383 sumus,
2969 3327 3024 3374 et
3044 3326 3487 3390 postmortemita
3517 3326 3663 3380 uno.

2069 3406 2217 3462 dum.
2242 3406 2297 3462 Si
2326 3407 2488 3474 enim,
2516 3424 2637 3462 cum
2666 3408 2786 3463 talis
2806 3418 2876 3465 stt
2900 3421 3111 3476 natura,
3142 3412 3395 3469 insensati
3420 3416 3570 3470 multi
3602 3418 3655 3473 in

2073 3508 2274 3554 tamam
2302 3501 2662 3571 arrogantiam
2690 3501 3047 3570 devenerunt,
3079 3514 3135 3559 ut
3169 3520 3227 3559 se
3269 3506 3378 3562 Deo
3420 3510 3658 3578 a-quales

2076 3591 2511 3661 imaginarentur,
2535 3602 2587 3647 et
2616 3592 2683 3647 ad
2709 3594 2896 3649 cadum
2916 3611 3134 3665 scopum
3161 3596 3531 3664 intenderent;
3556 3602 3660 3656 nisi

2079 3681 2179 3738 hoc
2194 3684 2545 3738 retinerentur
2558 3682 2729 3750 freno,
2746 3702 2975 3757 quonam
2993 3688 3281 3759 iniquitatis
3296 3705 3399 3745 non
3412 3707 3661 3762 erumpe-

2078 3775 2231 3828 rent?
2257 3773 2440 3842 Neqne
2485 3773 2571 3829 hic
2621 3784 2824 3831 tantum
2857 3794 2950 3832 rex
2972 3819 2986 3842 ,
3021 3779 3114 3834 sed
3146 3792 3192 3834 et
3224 3780 3361 3835 alius
3393 3782 3660 3838 invenitur

2078 3863 2309 3934 idipsum
2340 3864 2438 3919 sibi
2487 3866 2713 3936 fingens,
2745 3883 2902 3938 quem
2956 3870 3096 3924 alius
3124 3871 3379 3941 prepheta
3414 3873 3665 3931 Ezechiel

2075 3956 2155 4011 sic
2183 3955 2411 4012 traducit
2444 3974 2457 4010 :
2487 3956 2567 4011 Tu
2594 3968 2761 4012 autem
2782 3960 2980 4029 dixisti,
3023 3961 3161 4018 Deus
3200 3981 3335 4032 sum,
3364 3982 3463 4020 non
3485 3967 3656 4031 homo,

2075 4048 2308 4104 habitans
2328 4050 2381 4103 in
2418 4050 2571 4105 corde
2599 4060 2871 4107 temzmn
2909 4054 2963 4107 in
2991 4072 3148 4111 manu
3173 4066 3221 4113 te
3267 4060 3663 4132 confodiendum

2078 4144 2233 4211 dices,
2263 4142 2403 4198 Deus
2452 4162 2584 4212 sum,
2615 4163 2717 4200 non
2749 4147 2899 4202 homo
2930 4146 3146 4222 (Ezech.
3189 4150 3280 4208 28.
3326 4153 3429 4223 2)?
3474 4154 3663 4211 Vidcu'

2074 4236 2342 4307 quomodo
2369 4235 2454 4292 hic
2481 4240 3030 4308 etiamsuhindieavit,
3054 4255 3280 4300 inertem
3308 4246 3428 4301 ideo
3451 4247 3659 4315 ingres-

2073 4342 2187 4384 sam
2215 4343 2354 4394 esse,
2382 4331 2810 4400 utarrogantiam
2832 4334 3207 4403 comprimeret
3226 4345 3282 4389 ut
3307 4336 3499 4390 malam
3517 4338 3675 4393 illam.

2074 4420 2479 4490 cogitationem,
2512 4437 2669 4492 quam
2716 4421 2782 4477 ab
2810 4422 2961 4477 initio
3001 4423 3051 4478 in
3086 4425 3257 4494 primo
3286 4439 3507 4497 parente
3530 4429 3662 4483 inse-

2074 4513 2182 4566 ruit
2211 4511 2474 4578 diabolus,
2498 4512 2751 4568 radicitus
2779 4515 3075 4571 evelleret?
3114 4516 3321 4571 Etenim
3363 4517 3659 4573 idololatria

2076 4619 2289 4675 quoque
2332 4603 2457 4659 hinc
2501 4614 2675 4659 ortum
2705 4604 2911 4671 habuit,
2951 4622 3071 4676 qua:
3102 4607 3456 4663 humanorum
3489 4611 3661 4665 malo-

2078 4698 2197 4750 rum
2226 4696 2492 4766 colophon
2522 4707 2627 4763 cst,
2675 4697 2815 4767 quod
2858 4698 3013 4753 multi
3047 4700 3098 4753 in
3125 4700 3481 4769 arrogantiam
3511 4701 3673 4770 elati,

2075 4786 2434 4857 aequalitatem
2475 4802 2596 4841 cum
2659 4787 2767 4842 Deo
2822 4789 3214 4859 concupierint.
3266 4788 3467 4845 Omnes
3517 4792 3659 4847 enim

2076 4880 2164 4949 qui
2214 4879 2353 4947 apud
2394 4878 2612 4934 Graecos
2662 4878 2735 4933 dii
2789 4890 2931 4944 sunt,
2981 4880 3049 4933 ab
3092 4881 3400 4938 homlulbus
3447 4886 3658 4938 conficti

2078 4970 2225 5024 fuere
2245 4988 2257 5023 :
2278 4970 2418 5040 quod
2452 4985 2518 5025 ne
2542 4972 2805 5034 eveniret,
2831 4979 3056 5026 mortem
3086 4975 3334 5043 opposuit
3360 4975 3518 5040 Deus,
3542 4992 3660 5046 qua:

2076 5061 2436 5115 infirmitatem
2453 5073 2653 5116 naturze
2674 5058 3662 5131 comprobant.ldeounigenitusFilius

2079 5154 2195 5222 Dei,
2219 5155 2576 5224 arrogantiam
2604 5154 2910 5224 deprimens
2933 5156 3056 5211 talia
3100 5157 3373 5228 ingressus
3400 5162 3663 5229 prooemia

2075 5250 2353 5320 apparavit
2380 5258 2437 5303 ιιι
2476 5258 2749 5320 pateretur
2779 5250 3069 5320 tugurium,
3114 5261 3501 5321 paupertatem,
3548 5268 3664 5308 ma-

2076 5351 2209 5397 trem
2242 5342 2452 5411 inopem
2486 5358 2501 5395 :
2536 5356 2630 5410 per
2664 5355 2825 5410 opera
2856 5342 3105 5396 omnibus
3145 5342 3376 5398 suadens
3407 5352 3464 5397 ut
3489 5345 3665 5399 calea-

2076 5443 2195 5489 rent
2233 5433 2522 5487 humanum
2570 5434 2760 5487 fastum
2796 5450 2808 5487 :
2838 5442 2892 5488 et
2950 5448 3068 5488 cum
3112 5434 3439 5503 advenisset,
3490 5438 3662 5505 primo

2076 5526 2332 5581 barbaros
2354 5534 2527 5580 vocat.
2552 5525 2662 5580 Cur
2687 5534 2740 5579 et
2764 5540 2867 5595 qua
2888 5525 2956 5580 de
2975 5527 3172 5580 causa?
3198 5526 3329 5594 Quia
3374 5528 3510 5582 male
3531 5527 3659 5583 alre-

2075 5628 2216 5672 ctum
2241 5628 2354 5671 erat
2377 5617 2663 5671 humanum
2683 5632 2851 5685 genus
2877 5614 3087 5685 (rursus
3107 5618 3249 5671 enim
3274 5618 3519 5673 eumdem
3568 5635 3656 5675 re-

2076 5724 2282 5764 sumam
2305 5708 2655 5777 sctmoncm),
2685 5718 2739 5763 ct
2766 5722 2956 5763 omnes
2982 5709 3050 5765 de
3080 5712 3250 5765 salute
3278 5710 3659 5782 desperahaut.

2074 5804 2252 5863 Primo
2277 5802 2474 5862 diaboli
2487 5801 2774 5871 acrepoltm
2799 5810 2851 5859 et
2872 5802 3169 5859 sortissima
3190 5802 3302 5873 ejus
3316 5819 3463 5859 arma
3490 5815 3656 5861 trans-
