4092 6206
421 313 520 370 507

420 435 547 501 σενι,
602 441 661 490 ut
699 433 922 490 aliorum
961 445 1120 488 nemo
1163 431 1492 500 desperaret.
1535 426 1787 497 Alioquin
1832 425 1993 479 etiam

415 537 471 584 ut
495 525 664 584 Judaei
695 525 897 598 pudore
922 524 1244 586 afficiantur,
1263 521 1313 576 id
1342 519 1578 589 lii,quod
1607 517 1708 589 ipsi
1732 515 1991 573 accedere

415 619 752 682 dubitarent;
779 618 830 671 lii
851 632 980 670 vero
1002 615 1214 683 longam
1239 611 1721 684 peregrinationem
1753 624 1996 679 suscepe-

413 721 557 777 rant,
587 720 643 764 nt
673 711 820 765 illum
851 708 1094 764 viderent
1129 721 1183 762 et
1212 705 1501 762 adorarent
1529 710 1622 758 :et
1648 701 1994 757 circumeun-

413 813 496 856 tes
541 802 764 864 dicunt,
824 799 923 854 Ubi
970 808 1044 854 est
1083 809 1168 868 qut
1205 808 1352 851 natus
1408 805 1483 849 est
1531 793 1644 850 Rea:
1687 791 1998 846 Juda'oruiit

413 893 626 962 (JIuttIt.
647 894 704 948 s.
723 892 778 959 2)
793 892 816 930 ν

483 987 538 1040 5.
569 984 670 1038 Cur
709 983 938 1037 Christus
967 981 1127 1051 primo
1149 997 1180 1032 a
1210 978 1370 1050 magis
1398 975 1626 1031 barbaris
1647 974 1992 1030 aummtietur.

413 1078 578 1132 Stella
592 1092 704 1146 qua:
728 1077 886 1146 magis
911 1074 1171 1145 apparuit,
1189 1073 1312 1144 quid
1326 1081 1474 1126 esset.
1489 1070 1591 1125 Cur
1609 1068 1802 1124 Paulus
1814 1066 1994 1121 Timo-

411 1171 578 1224 theum
604 1167 990 1222 circumcidet-it.
1018 1195 1088 1206 —
1115 1164 1159 1220 0
1181 1178 1266 1219 res
1289 1161 1560 1218 mirabiles
1581 1169 1633 1216 et
1655 1161 1991 1229 inexspeciao

413 1273 480 1315 ta:
500 1261 514 1315 l
538 1275 632 1330 per
645 1258 923 1313 barbaram
946 1271 1128 1310 vocem
1149 1255 1374 1325 primam
1400 1251 1705 1322 unigenitiis
1718 1249 1882 1304 Filius
1903 1248 1992 1302 ltei

411 1353 464 1408 in
477 1350 661 1407 Judara
682 1347 1117 1420 przedicalurmbi
1135 1345 1432 1416 prophetia,
1449 1341 1781 1413 patriarchae,
1797 1351 1844 1394 et
1865 1339 1992 1409 justi

411 1453 466 1500 et
486 1443 591 1510 lex,
618 1457 760 1505 arca,
786 1436 1487 1508 testanientum,templum,
1507 1433 1848 1496 sacriﬁcium,
1876 1432 1993 1486 eul-

412 1545 521 1590 tiis:
551 1532 692 1586 etilli
723 1530 1041 1601 quidemqui
1070 1526 1486 1583 iiiliisinnutriii
1507 1533 1680 1590 erant,
1706 1538 1734 1578 a
1753 1521 1995 1576 barbaris

411 1623 585 1679 educti
615 1622 928 1678 erudiuntur
957 1638 970 1674 :
1003 1620 1091 1690 qui
1123 1634 1251 1675 vero
1277 1618 1478 1672 nullum
1505 1630 1691 1671 eorum
1726 1613 1808 1668 vel
1843 1611 1993 1682 cogi-

412 1725 590 1772 tarunt
613 1716 851 1788 quidem,
873 1716 1124 1771 doctores
1137 1714 1254 1770 hzec
1270 1710 1637 1768 meditantinm
1662 1709 1991 1765 efficiuntur.

410 1807 537 1864 Ideo
564 1808 846 1863 traducem
888 1807 1010 1862 illos
1041 1805 1301 1878 pr0pheta
1329 1803 1494 1859 David
1523 1802 1738 1857 dicebat
1771 1819 1783 1855 :
1821 1801 1996 1866 Quare

410 1903 719 1970 tremuerunt
741 1907 930 1968 gentes,
956 1905 1002 1952 et
1019 1896 1199 1968 populi
1228 1895 1453 1950 meditati
1479 1904 1592 1950 sunt
1620 1892 1794 1947 inania
1817 1889 1992 1963 (Psal.

409 1993 465 2046 2.
494 1992 590 2064 l)?
616 1990 897 2060 Quomodo
923 1992 1068 2047 enim
1100 2005 1232 2045 vana
1265 1998 1442 2044 mente
1465 1989 1578 2045 hinc
1604 1993 1994 2053 tractaverunt,

408 2086 500 2158 qui
530 2100 676 2150 eum,
703 2083 794 2156 qui
820 2099 850 2138 a
880 2083 1154 2155 prephctis
1179 2081 1523 2137 anniniiiatus
1567 2090 1679 2136 crat
1707 2120 1725 2147 ,
1755 2094 1862 2134 non
1911 2094 1998 2135 re-

408 2179 714 2248 ceperunt?
742 2179 812 2232 At
839 2178 909 2233 ita
935 2192 1041 2234 non
1066 2177 1240 2247 magi;
1273 2173 1366 2230 sed
1397 2175 1493 2239 illi,
1523 2174 1709 2230 relicta
1745 2171 1914 2243 patria
1941 2181 2002 2228 et

409 2273 572 2330 domo
591 2282 648 2329 et
685 2272 872 2327 amicis
901 2279 956 2328 et
983 2270 1244 2341 cngiiatis,
1277 2283 1340 2324 ac
1378 2269 1536 2335 longa
1564 2275 1812 2335 suscepta
1844 2279 1998 2336 pere-

409 2365 730 2434 grinatione,
759 2363 812 2418 in
833 2362 1069 2435 pericula
1091 2376 1151 2416 se
1176 2358 1545 2430 coniecerunt.
1563 2357 1695 2412 Nam
1723 2357 1775 2411 in
1797 2358 1995 2426 regiam

413 2458 604 2512 urbem
635 2457 920 2513 venientes
945 2453 1343 2523 interrogabant
1375 2451 1463 2506 ubi
1507 2466 1601 2506 rex
1633 2460 1790 2506 natus
1817 2459 1992 2514 esset;

412 2564 521 2603 non
548 2547 688 2618 regis
715 2555 841 2600 tunc
871 2543 1142 2614 regnantis
1169 2542 1299 2596 iram
1322 2581 1338 2608 ,
1369 2555 1475 2595 non
1527 2540 1697 2610 plebis
1741 2538 1996 2593 iusultum

404 2640 772 2712 suspicantes,
802 2654 907 2693 non
934 2637 1081 2693 urbis
1109 2635 1348 2690 insidias.
1395 2633 1528 2702 Quia
1561 2632 1705 2688 enim
1739 2630 1997 2702 prmdica-

413 2733 614 2788 tionem
640 2737 1013 2798 susceperant,
1039 2734 1093 2780 et
1111 2723 1416 2796 philosophi
1445 2731 1502 2780 et
1527 2732 1790 2794 martyres
1812 2721 1998 2778 viven-

414 2832 496 2878 tes
542 2821 720 2876 statim
775 2819 936 2884 liuut,
989 2826 1215 2872 mortem
1264 2831 1370 2870 non
1425 2815 1711 2881 timentes,
1763 2813 1996 2883 pericula

415 2910 804 2982 despicientes,
835 2917 1152 2981 praesentem
1177 2908 1338 2962 vitam
1360 2914 1696 2977 Spernentes,
1726 2920 1846 2959 cum
1867 2905 2000 2959 lidn-

413 3004 496 3060 cia
529 3001 877 3073 priedicantes
905 3016 1102 3072 eaquae
1131 2997 1446 3064 didicerant,
1477 2997 1529 3051 in
1553 2995 1731 3055 media
1763 2996 1915 3062 urbe,
1945 2995 1998 3050 in

415 3098 594 3155 medio
609 3097 803 3169 populo
826 3107 1009 3150 natum
1031 3094 1429 3150 anniintiantes.
1451 3089 1577 3146 Ideo
1599 3105 1827 3162 namque
1847 3088 2000 3142 stella

415 3194 732 3258 occultatur,
757 3201 815 3246 ut
833 3189 1057 3245 ductore
1083 3201 1187 3240 non
1216 3193 1583 3254 comparente,
1609 3197 1638 3236 a
1661 3180 1860 3236 ιυάςεῑε
1881 3179 2000 3234 edi-

417 3303 570 3346 scere
597 3293 936 3357 cogerentur;
959 3282 1070 3338 imo
1090 3279 1266 3350 potius
1289 3275 1549 3332 discendo
1568 3273 1825 3330 docerent
1845 3271 1997 3327 illos:

419 3382 594 3438 locum
619 3379 764 3436 enim
784 3377 959 3432 solum
980 3383 1262 3445 qumrunt;
1289 3369 1430 3442 quod
1457 3376 1635 3423 autem
1659 3375 1814 3421 natus
1834 3372 2001 3430 esset,

422 3474 572 3546 prius
594 3470 914 3526 didicerant.
943 3465 1047 3522 Sed
1077 3464 1200 3520 vide
1232 3463 1328 3518 Dei
1355 3459 1690 3530 sapientiam,
1729 3456 2002 3528 quomodo

429 3567 552 3620 illos
578 3563 869 3618 vocaverit.
897 3559 1012 3615 Non
1045 3556 1356 3626 prolihctam
1390 3553 1566 3614 misit,
1596 3567 1702 3605 non
1729 3549 1874 3604 enim
1903 3546 2001 3602 ad-

423 3656 726 3720 misissent;
770 3667 878 3707 non
907 3649 1242 3720 apostolum,
1272 3662 1376 3700 non
1416 3644 1559 3698 enim
1603 3641 2000 3704 attciidissent;

423 3760 530 3801 non
555 3747 870 3812 scripturas,
899 3754 1004 3794 non
1029 3737 1171 3792 enim
1197 3733 1472 3789 sciebant:
1503 3729 1596 3784 scd
1626 3745 1656 3784 a
1686 3727 1847 3782 rebus
1870 3725 2000 3797 ipsis

418 3835 797 3897 familiaribus,
834 3834 886 3888 in
917 3830 1071 3902 queis
1099 3827 1341 3884 innutriti
1369 3834 1546 3886 erant,
1580 3824 1700 3878 illos
1725 3821 1792 3876 ab
1819 3835 2003 3874 errore

420 3929 658 3986 abducit.
697 3927 829 3993 Quia
857 3924 1001 3980 enim
1050 3920 1189 3992 magi
1233 3927 1417 3986 erant,
1449 3926 1504 3973 et
1532 3917 1673 3970 circa
1715 3913 1896 3968 stellas
1919 3927 2006 3966 ars

421 4023 658 4091 ipsorum
701 4015 1033 4078 versabatur,
1065 4011 1220 4068 stella
1263 4017 1522 4081 apparet,
1563 4009 1709 4078 ipsos
1753 4019 1782 4058 a
1813 4003 2007 4058 finibus

421 4112 534 4168 suis
561 4107 912 4171 abstraheus;
943 4104 1093 4159 stella
1119 4118 1223 4158 non
1246 4114 1351 4156 una
1381 4114 1448 4156 ex
1485 4099 1547 4151 iis
1576 4111 1710 4168 quas
1739 4095 2002 4159 videmus,

421 4205 516 4261 sed
547 4203 726 4258 divina
763 4197 1005 4269 quaidam
1037 4207 1091 4252 et
1118 4191 1398 4250 invisibilis
1423 4191 1596 4245 virtus
1623 4190 1674 4243 in
1699 4187 1867 4241 stella:
1887 4200 2010 4256 spe-

421 4297 559 4351 ciem
591 4290 964 4349 transformata
992 4306 1006 4343 :
1040 4287 1205 4344 trahit
1234 4293 1411 4340 autem
1443 4281 1560 4334 illo;
1589 4279 1740 4332 stella
1775 4316 1792 4343 ,
1823 4285 1879 4329 ut
1908 4276 2005 4328 ali-

422 4387 583 4442 ducat
631 4383 750 4440 illos
801 4381 1057 4449 deinceps
1096 4395 1127 4435 a
1175 4376 1451 4432 stellarum
1498 4367 1902 4439 speculatione,
1955 4375 2009 4420 cl

422 4476 728 4546 astrologia:
759 4471 1095 4549 tyrannidem
1125 4468 1317 4523 solvat.
1363 4465 1452 4520 Sic
1495 4471 1550 4516 et
1603 4459 1797 4514 Paulus
1843 4456 2005 4520 fecit,

423 4569 708 4624 Dominum
756 4579 912 4620 suum
960 4561 1208 4624 imitans;
1253 4573 1375 4614 nam
1414 4555 1521 4614 ait.
1572 4551 1863 4605 lmitutores
1912 4549 2008 4602 mei

423 4671 600 4724 estote,
627 4661 755 4714 sicut
781 4667 827 4712 et
853 4671 945 4728 ego
971 4652 1164 4710 Christi
1192 4652 1284 4722 (ι.
1317 4647 1438 4703 Cor.
1468 4646 1519 4701 .i.
1555 4645 1588 4698 ti
1613 4647 1650 4713 ).
1682 4643 1830 4698 Sicut
1860 4641 2006 4695 enim

424 4752 687 4808 Dominus
705 4751 824 4819 ejus
845 4761 1029 4817 magos
1049 4757 1268 4805 vocans,
1295 4739 1466 4794 stella:
1493 4736 1724 4806 speciem
1759 4733 1922 4794 misit,
1952 4742 2008 4786 ut

424 4861 539 4902 rem
569 4851 878 4899 consuetam
905 4845 1278 4910 agnoscentes,
1304 4831 1458 4887 facile
1486 4831 1930 4899 obsequerentur,
1959 4834 2012 4880 et

425 4936 710 4992 venientes
753 4933 1028 4988 stellarum
1074 4927 1360 4985 Dominum
1404 4922 1670 4983 viderent,
1722 4927 1776 4974 et
1825 4917 2011 4972 relicta

415 5028 519 5097 illa
551 5025 808 5082 servitute
829 5065 846 5092 ,
873 5038 934 5079 se
963 5021 1086 5076 huic
1111 5016 1349 5074 dominio
1375 5013 1668 5070 subderent
1695 5028 1707 5064 :
1733 5007 1812 5063 sic
1841 5017 1894 5062 ct
1924 5007 2015 5063 ille

429 5119 899 5178 circuincisionein
944 5114 1282 5179 sublaturus,
1309 5125 1428 5165 cuni
1478 5105 1887 5160 Cll‘ClllllCinitllle
1917 5100 2013 5155 Ti-

433 5213 709 5270 motheum
759 5208 924 5263 misit.
969 5207 1102 5275 Quia
1143 5205 1287 5260 enim
1328 5200 1495 5258 Jiida-i
1543 5200 1689 5253 illum
1737 5195 2009 5264 excepturi

443 5314 630 5369 erant,
659 5303 770 5372 ipse
799 5314 926 5355 vero
953 5299 1092 5352 filius
1117 5304 1232 5351 erat
1256 5291 1452 5349 iudica:
1481 5289 1649 5344 lidelis
1670 5329 1684 5352 ,
1721 5287 1886 5357 patris
1916 5283 2015 5340 aii-

446 5407 556 5450 tem
584 5393 818 5466 gentilis,
851 5390 1075 5460 ideoque
1103 5373 1476 5457 praipiitiatus,
1513 5378 1844 5435 circumcidit
1872 5393 2013 5441 eunt,

438 5486 762 5554 piscatorum
791 5496 943 5537 more
965 5493 1128 5549 agens
1153 5495 1166 5534 :
1192 5477 1245 5533 lii
1274 5476 1415 5532 enim
1443 5488 1653 5544 quoque
1678 5473 1890 5554 liamiim
1925 5485 2023 5523 nu-

441 5576 568 5630 dum
598 5591 703 5631 non
736 5573 977 5643 injiciunt
1002 5573 1053 5625 in
1087 5584 1232 5624 mare
1262 5566 1356 5623 sed
1405 5581 1564 5620 carne
1593 5565 1767 5632 ipsum
1795 5562 2024 5614 circum-

436 5669 590 5723 dant.
621 5670 700 5724 Sit
725 5682 852 5737 ergo
892 5680 1038 5721 mare
1069 5668 1346 5734 Synagnga
1367 5700 1382 5724 ,
1409 5656 1577 5714 Judmi
1624 5669 1754 5708 vero
1799 5653 1975 5724 pisces
2002 5693 2020 5717 ,

443 5761 631 5816 hamus
659 5757 991 5823 Timotheus,
1024 5753 1362 5810 circumcisio
1389 5766 1514 5804 caro
1547 5749 1764 5802 hamum
1791 5746 2017 5799 circum-

1118 315 1177 372 S.
1215 312 1496 371 JOANNIS
1529 305 2005 368 CllRYSOSTOMI
2045 302 2363 370 ARCIIIEP.
2402 310 2935 373 ΟΟΝΞΤᾹΧΤΙΝΟΡ.

3576 316 3694 374 ωδ.

2103 423 2262 494 dans,
2294 426 2530 497 piscator
2571 437 2751 486 autem
2798 429 3034 486 Paulus:
3063 428 3284 486 hamum
3313 443 3443 501 ergo
3468 428 3601 500 jaeit
3629 434 3681 489 in

2100 530 2249 572 mare
2273 559 2288 585 ,
2322 517 2418 574 scd
2446 533 2554 575 non
2584 521 2819 585 nudum;
2851 519 3214 588 Timotheum,
3247 536 3371 577 cum
3399 522 3685 578 circumci-

2099 607 2277 674 sione,
2307 617 2364 663 et
2411 624 2517 665 non
2569 611 2964 682 praeputiatiun.
3010 612 3064 668 Si
3111 610 3254 668 enim
3306 613 3681 683 praputiatum

2100 697 2353 763 misisset,
2377 701 2552 770 pisces
2571 703 2920 774 aufugissent.
2942 703 3155 758 hamum
3179 703 3423 760 videntes
3444 703 3678 759 nudum:

2101 788 2221 844 ideo
2262 790 2409 846 illum
2454 794 2624 847 munit
2667 794 3098 860 circumcisione,
3122 778 3188 849 ut
3208 810 3325 851 rem
3367 805 3680 851 consuetam

2099 882 2366 949 videntes,
2402 897 2748 942 occurrerent
2799 887 2866 942 ad
2915 887 3148 958 prmdam
3171 929 3188 952 ,
3216 896 3271 941 et
3298 902 3367 942 ne
3398 888 3487 942 ille
3529 902 3682 944 acce-

2098 975 2289 1032 dentes
2314 993 2422 1048 prze
2442 987 2588 1034 metu
2612 979 2846 1050 fugaret;
2877 980 2970 1034 sed
2994 995 3092 1050 per
3113 979 3579 1034 circumcisionem
3604 979 3679 1035 illi

2098 1067 2510 1136 atiraherentur,
2561 1081 2616 1126 ct
2667 1070 2929 1126 doctrina:
2973 1071 3140 1126 verbo
3185 1071 3591 1127 retinerentur:
3625 1081 3685 1127 ut

2099 1161 2260 1216 etiam
2310 1160 2509 1216 factum
2541 1171 2644 1217 est.
2701 1162 2974 1233 Ingressus
3021 1163 3163 1217 enim
3211 1172 3268 1218 et
3309 1163 3678 1233 circumcisus,

2097 1253 2562 1308 circumcisiouem
2595 1255 2778 1308 solvit.
2810 1254 2874 1309 lli
2904 1262 3030 1309 sunt
3052 1255 3195 1309 enim
3222 1255 3536 1310 oeconomiae
3568 1269 3680 1309 nio-

2098 1347 2148 1398 di
2176 1363 2188 1398 :
2220 1347 2390 1415 primo
2413 1345 2500 1400 illa
2525 1359 2646 1402 sese
2668 1355 3009 1416 attemperat,
3052 1357 3108 1402 et
3134 1356 3260 1402 tunc
3285 1345 3468 1401 trahit.
3519 1345 3609 1402 Sic
3627 1354 3681 1400 et

2097 1438 2343 1492 Christus
2388 1438 2512 1494 fecit
2560 1439 2819 1494 barbaros
2863 1452 3082 1493 vocans.
3132 1438 3268 1494 Nam
3318 1450 3378 1494 ut
3434 1439 3680 1494 homines

2100 1543 2297 1582 vorans
2333 1529 2604 1584 hominem
2637 1529 2809 1585 induit
2833 1539 2886 1583 et
2913 1529 3213 1585 secundum
3243 1529 3477 1600 speciem
3508 1537 3562 1584 et
3588 1544 3677 1583 se-

2099 1621 2333 1675 cundum
2358 1630 2602 1676 naturam
2626 1638 2639 1674 :
2665 1621 2742 1675 sic
2771 1635 2958 1691 magos
2983 1635 3201 1686 vocans,
3231 1619 3550 1674 invisibilem
3576 1619 3678 1672 vir-

2101 1720 2266 1767 tutem
2292 1711 2342 1766 in
2360 1711 2530 1766 stellae
2549 1712 2784 1781 speciem
2805 1712 3046 1766 mutavit.
3065 1709 3218 1778 Quod
3236 1709 3378 1766 enim
3400 1726 3506 1764 non
3523 1708 3678 1766 stella

2100 1802 2560 1858 essetexaliarum
2588 1801 2861 1857 stellarum
2906 1817 3134 1858 numero
3156 1842 3172 1867 ,
3215 1816 3280 1856 ex
3325 1815 3484 1856 cursu
3511 1799 3677 1854 disce.

2099 1891 2215 1948 Non
2237 1893 2379 1948 enim
2408 1892 2479 1947 ab
2495 1892 2704 1948 oriente
2729 1891 2795 1948 ad
2823 1891 3156 1947 occidentem
3185 1891 3455 1957 currebat,
3489 1890 3583 1944 sed
3611 1891 3678 1944 ab

2099 1985 2465 2056 septentrione
2508 1984 2575 2039 ad
2619 1983 2932 2050 meridiem;
2967 1984 3037 2038 ita
3067 1982 3210 2038 enim
3243 1983 3522 2038 Palzestina
3553 1998 3678 2052 erga

2101 2076 2375 2134 Persidem
2399 2075 2502 2131 sita
2529 2083 2614 2147 est
2638 2093 2652 2130 :
2681 2085 2738 2131 et
2765 2084 2989 2146 apparet
3015 2075 3105 2130 illa
3132 2089 3238 2131 non
3266 2084 3446 2139 noctu,
3475 2075 3571 2131 sed
3598 2075 3679 2131 in-

2102 2169 2277 2225 terdiu
2297 2210 2312 2234 ,
2341 2168 2483 2240 quod
2512 2169 2666 2224 stella
2698 2183 2803 2224 non
2829 2167 2957 2223 facit
2985 2185 3000 2222 :
3032 2167 3259 2238 ideoque
3287 2176 3340 2223 et
3375 2177 3602 2237 apparet
3625 2177 3680 2222 et

2099 2262 2418 2327 occultatur,
2440 2260 2582 2332 quod
2599 2261 2758 2315 etiam
2780 2259 2950 2315 stellae
2977 2275 3080 2315 non
3105 2259 3268 2315 fuerit
3294 2279 3308 2315 :
3333 2259 3681 2315 absconditur

2099 2365 2220 2407 cum
2249 2349 2639 2421 JerOsolymam
2665 2365 2724 2404 se
2751 2349 3128 2412 contulerunt,
3158 2358 3213 2404 et
3257 2359 3480 2418 apparet
3522 2357 3674 2420 post-

2100 2456 2258 2510 quam
2285 2456 2314 2494 a
2345 2454 2472 2510 rege
2496 2440 2878 2494 discesserant.
2898 2438 3049 2496 Unde
3079 2439 3248 2509 palam
3270 2449 3354 2493 est
3381 2439 3680 2509 intelligen-

2102 2541 2210 2586 tem
2240 2529 2402 2584 fuisse
2432 2529 2707 2596 virtutem,
2739 2546 2860 2600 qua:
2885 2529 2950 2584 ad
2979 2529 3127 2599 jiissa
3158 2529 3473 2599 complenda
3499 2532 3677 2585 omnia

2100 2622 2436 2678 observaret.
2466 2620 2647 2690 Neque
2672 2637 2801 2676 vero
2824 2621 2950 2676 inde
2973 2621 3145 2676 solum
3172 2621 3220 2676 id
3251 2622 3422 2691 palam
3450 2633 3562 2688 est;
3586 2624 3678 2678 sed

2101 2716 2264 2774 etiam
2288 2715 2428 2786 quod
2451 2756 2467 2782 ,
2505 2731 2626 2770 cum
2657 2714 2898 2770 duxisset
2927 2714 2993 2769 ad
3025 2730 3265 2784 pra-sepe
3285 2756 3298 2779 ,
3331 2730 3445 2770 non
3473 2730 3540 2771 ex
3569 2715 3682 2770 alio

2101 2805 2403 2863 ostenditur
2421 2806 2518 2872 eis,
2545 2806 2637 2860 sed
2666 2804 2800 2860 infra
2827 2803 3161 2860 descendens
3186 2806 3415 2871 steterit,
3442 2806 3529 2861 ubi
3566 2817 3682 2861 erat

2102 2913 2257 2970 puer,
2297 2912 2455 2967 supra
2485 2898 2600 2966 ejus
2620 2907 2802 2966 caput,
2846 2907 2902 2950 ut
2935 2897 3004 2950 ita
3033 2896 3209 2950 dicam
3235 2915 3248 2951 :
3270 2896 3314 2949 si
3355 2897 3499 2952 enim
3526 2897 3679 2952 stella

2103 2988 2316 3054 fuisset,
2341 3003 2446 3042 non
2476 2986 2652 3042 locum
2686 2996 2790 3041 tam
2818 2995 3102 3057 augustum
3130 2994 3187 3041 et
3224 2985 3678 3056 circumscriptum

2102 3080 2446 3136 ostendisset.
2470 3079 2630 3135 Scitis
2660 3079 2801 3134 enim
2835 3080 2998 3149 probe
3025 3077 3165 3149 quod
3206 3077 3277 3132 ob
3307 3077 3530 3132 nimiam
3559 3078 3678 3131 alti-

2106 3174 2344 3230 tudinem
2361 3190 2428 3229 ne
2449 3171 2595 3228 urbis
2612 3171 2822 3241 quidem
2841 3171 3015 3226 locum
3033 3171 3307 3242 assignare
3319 3170 3470 3225 stella
3496 3170 3677 3240 possit,

2105 3281 2280 3338 neque
2301 3265 2443 3320 clare
2473 3271 2649 3334 potest
2667 3261 2732 3317 ad
2762 3261 3203 3332 perpendiculum
3231 3259 3408 3331 dirigi,
3441 3270 3547 3314 tam
3575 3260 3680 3314 alie

2107 3357 2298 3428 pesita.
2329 3354 2423 3410 llla
2453 3370 2582 3408 vero
2614 3368 2836 3422 parvum
2864 3352 3040 3407 locum
3071 3361 3123 3405 et
3152 3365 3391 3422 prmsepe
3415 3361 3684 3405 monstra-

2107 3447 2181 3501 vit
2201 3488 2214 3509 ,
2245 3461 2410 3516 prope
2435 3453 2594 3514 eaput
2619 3445 2826 3514 posita;
2857 3452 2910 3496 et
2940 3457 3062 3496 cum
3087 3438 3448 3507 ostendisset,
3494 3441 3674 3495 statim

2106 3538 2366 3594 abscessit
2394 3555 2407 3590 :
2443 3535 2493 3590 id
2525 3535 2667 3606 quod
2697 3534 2867 3590 stellae
2896 3548 3000 3588 non
3025 3541 3158 3586 erat.

2179 3629 2231 3684 6.
2251 3627 2403 3696 Quod
2425 3627 2468 3681 si
2491 3626 2627 3698 magi
2647 3626 2847 3692 dicant,
2873 3623 3102 3677 Vidimus
3117 3623 3316 3677 stellam
3332 3622 3439 3689 eius
3467 3620 3683 3692 (Matth.

2106 3715 2160 3778 2.
2189 3720 2285 3790 2),
2314 3736 2380 3774 ex
2409 3727 2523 3775 arte
2546 3735 2639 3772 sua
2673 3719 2954 3788 loquentes
2977 3714 3028 3768 id
3056 3715 3259 3778 dicunt,
3291 3722 3474 3783 postea
3509 3722 3685 3768 tamen

2110 3815 2233 3870 illnc
2258 3813 2491 3879 deducti,
2520 3812 2586 3867 ab
2613 3826 2798 3868 errore
2819 3808 3029 3864 liberati
3057 3817 3200 3862 sunt.
3232 3804 3385 3874 Quod
3407 3804 3554 3860 enim
3577 3814 3687 3858 sta-

2110 3907 2204 3962 tim
2235 3917 2393 3976 atqiie
2420 3903 2628 3960 stellam
2658 3901 2908 3957 viderunt
2948 3898 3017 3953 ab
3061 3912 3246 3952 errore
3288 3895 3494 3950 liberati
3538 3893 3686 3961 sint,

2110 4002 2285 4072 palam
2315 4009 2398 4055 est
2426 4014 2492 4054 ex
2523 4013 2590 4053 eo
2619 3994 2759 4066 quod
2788 3990 3133 4049 adoraverint
3165 4005 3387 4060 puerum
3421 4003 3436 4042 :
3468 3986 3513 4041 si
3545 3987 3687 4041 enim

2111 4093 2385 4162 vulgarem
2418 4090 2649 4160 aliquam
2679 4086 2888 4142 stellam
2917 4099 3036 4138 esse
3065 4082 3426 4152 putavisseut,
3454 4092 3559 4134 non
3589 4077 3686 4131 ad-

2111 4193 2375 4242 orasseut.
2425 4181 2560 4248 Quid
2601 4179 2743 4233 enim
2784 4176 3072 4245 sperabant
3101 4189 3130 4226 a
3163 4171 3384 4243 puerulo
3426 4169 3687 4234 extranei,

2112 4279 2331 4333 advena:
2375 4283 2429 4331 et
2456 4269 2704 4328 barbari?
2734 4267 2875 4322 unde
2917 4267 3057 4321 scite
3085 4272 3333 4334 poti-rant
3363 4264 3536 4333 ipsum
3569 4275 3690 4316 esse

2112 4371 2396 4432 victurum,
2425 4373 2479 4419 et
2503 4361 2764 4417 donorum
2798 4360 2967 4414 viceni
3005 4357 3298 4412 relaturum
3320 4395 3335 4418 ,
3381 4369 3503 4408 cum
3545 4362 3692 4406 tanto

2112 4461 2285 4531 spatio
2327 4454 2622 4512 distarent?
2666 4450 2935 4524 quomodo
2980 4450 3274 4522 periculum
3322 4461 3559 4516 prmsens
3584 4457 3689 4499 non

2110 4540 2505 4624 prai'caveriut?
2535 4544 2802 4616 quomodo
2854 4557 2958 4597 non
3007 4539 3357 4610 cogitaverim
3396 4535 3690 4607 periculum

2114 4659 2235 4699 esse
2284 4658 2351 4696 ne
2399 4642 2513 4711 ipse
2551 4654 2618 4692 ex
2664 4637 2762 4690 hac
2792 4635 2894 4689 vita
2934 4632 3292 4703 abriperctiir,
3345 4644 3480 4684 neve
3520 4629 3564 4682 is
3603 4625 3695 4696 qui

2115 4738 2370 4808 regnabat
2418 4733 2564 4786 illum
2618 4728 2928 4785 occideret?
2972 4725 3112 4794 quod
3165 4723 3376 4777 tandem
3434 4721 3574 4790 regis
3622 4720 3696 4773 si-

2117 4845 2278 4900 giiiiin
2337 4825 2619 4880 videbant?
2673 4837 2791 4892 qine
2831 4819 2996 4872 atria?
3036 4830 3169 4886 quos
3211 4814 3505 4868 satellites?
3560 4825 3695 4882 quos

2118 4918 2393 4977 scutatos?
2437 4930 2596 4986 quem
2646 4909 3156 4978 fainulatiiin?qiius
3202 4907 3420 4976 clypeos
3463 4901 3697 4957 aureos!

2119 5025 2251 5083 quas
2269 5009 2616 5076 aiilas?qiiein
2641 5005 3010 5058 cunuchorum
3035 5015 3246 5070 gregem
3265 5004 3289 5050 ζ’
3314 4993 3454 5051 Nihil
3479 4995 3691 5058 horum,

2119 5103 2212 5160 sed
2260 5100 2526 5158 contraria
2574 5095 2753 5151 omnia
2777 5137 2789 5156 .
2822 5107 3085 5164 pricsepe,
3111 5089 3376 5160 tugurium
3403 5130 3418 5154 ,
3448 5087 3693 5141 diverso-

2122 5198 2282 5260 rium,
2302 5203 2523 5248 matrem
2546 5189 2780 5258 inopem,
2803 5193 3162 5255 paupertatem
3187 5197 3453 5251 magnam,
3469 5191 3693 5248 pannos.

2121 5289 2346 5344 Ciiiiiam
2391 5284 2547 5354 igitur
2576 5279 2868 5334 ol'frrebant
2902 5292 3087 5330 aurum
3109 5317 3124 5339 ,
3158 5273 3277 5327 thus
3302 5283 3355 5327 et
3384 5267 3698 5342 myrrham!

2124 5394 2303 5435 annon
2334 5374 2672 5429 manifestum
2694 5380 2775 5424 est
2802 5369 2947 5437 ipsos
2981 5367 3090 5436 jam
3123 5365 3244 5418 ﬁdei
3285 5364 3386 5418 alis
3413 5363 3700 5415 instructos

2127 5471 2328 5529 fuisse?
2357 5470 2422 5524 Et
2452 5467 2616 5521 multa
2645 5471 2728 5518 est
2757 5462 3016 5517 donorum
3050 5457 3386 5514 excellentia.
3416 5469 3537 5524 qua:
3566 5467 3702 5520 pra:-

2131 5561 2417 5620 dicationis
2437 5559 2596 5613 etiam
2619 5553 2852 5623 speciem
2880 5549 3096 5604 referat.
3119 5547 3232 5601 Non
3253 5547 3394 5600 enim
3418 5538 3705 5612 reiicieuda

2128 5655 2218 5711 illa
2233 5651 2415 5722 opinio
2432 5658 2532 5713 est,
2555 5663 2672 5718 qua:
2691 5661 2784 5715 per
2798 5642 3010 5713 vulgum
3030 5636 3460 5711 spargitiir,qiiod
3481 5651 3576 5704 per
3589 5633 3707 5687 llius

2140 5749 2304 5803 Deum
2331 5743 2742 5804 conﬁterentur,
2771 5750 2869 5805 per
2895 5749 3082 5789 aurum
3115 5747 3313 5798 regem,
3345 5739 3399 5784 et
3417 5728 3709 5793 patientem
