4092 6206
444 311 570 368 ,διὶθ

462 433 661 506 ἀρετὴν
686 433 853 487 ἐλθὼν
880 431 1086 498 διδάξαι
1123 430 1294 486 ὲποίει
1327 431 1690 503 ἀστρονομίαν
1724 433 2133 504 ἐπεισάγεσθαι,

466 517 603 573 ἀλλά
619 521 712 572 καί⁸
735 517 938 589 σφόδρα
966 518 1136 590 αὐτὴν
1157 517 1414 572 καταλύει
1436 520 1492 571 ἐν
1516 518 1594 588 τῷ
1632 519 1804 572 θέλειν
1833 522 1926 574 καὶ
1951 521 2028 592 τῷ
2061 520 2136 592 μὴ

465 607 639 660 θέλειν
650 607 832 660 πάντα
847 606 1158 678 ὁριζόμενος
1177 601 1314 660 εἶναι
1338 607 1433 658 καὶ
1451 605 1518 659 τά
1533 607 1675 660 καλά
1695 609 1787 661 καὶ
1799 609 1866 663 τά
1885 609 1959 680 μὴ
1976 610 2134 667 καλά.

471 692 571 746 Διά
589 692 747 746 τοῦτο
764 693 858 747 κα)⁸
879 692 1101 761 γέενναν
1121 693 1404 763 ἠπείλησε,
1430 693 1524 746 καί⁵
1548 693 1818 762 βασιλείαν
1841 697 2101 767 ἡτοίμασε
2115 719 2126 733 ·

465 780 565 834 οὐκ
589 779 654 834 ἀν
677 781 734 834 δέ
761 783 872 844 τοῖς
901 780 1114 851 ἀνάγκη
1147 779 1448 851 δεδεμένοις
1476 778 1601 834 οὗτε
1633 782 1926 850 στεφάνους
1945 784 2128 853 ηὐτρέ-

445 884 659 944 ⁸ιιιισεν,
693 867 815 920 οὔτε
852 867 1071 922 κόλασιν
1109 867 1403 937 ὴπείλησευ
1449 864 1556 920 τῶν
1599 867 1707 938 γάρ
1751 870 1810 921 ἐν
1840 873 1902 940 τῇ
1943 871 2134 942 γνώμῃ

467 953 765 1023 γινομένων
801 953 972 1008 ταῦτα
1005 951 1272 1023 ἑκάτερα·
1315 953 1418 1006 οὐκ
1455 952 1520 1005 ἂν
1549 954 1745 1024 νόμους
1777 955 2002 1025 έθηκεν,
2038 957 2138 1011 οὐκ

469 1038 538 1092 ἀν
569 1039 917 1107 παραινέσεις
956 1039 1282 1111 παρῄνεσεν,
1315 1039 1416 1091 οὐκ
1449 1039 1515 1093 ἀν
1548 1040 1786 1093 τοσαῦτα
1823 1043 2136 1111 εἰργάσατο,

469 1127 519 1178 εἰ
560 1125 771 1195 ἀνάγκῃ
813 1126 874 1179 τὸ
917 1125 1025 1179 τῶν
1059 1125 1357 1196 ἀνθρώπων
1388 1125 1542 1194 γένος
1582 1127 1864 1198 δεδεμένον
1887 1124 1990 1200 ἦν·
2024 1129 2137 1182 ἀλλ’

470 1212 655 1284 ἐπειδὴ
699 1211 972 1283 ἐλεύθεροι
1021 1212 1116 1266 καὶ
1157 1212 1532 1284 προαιρέσεώς
1577 1217 1742 1285 ἐσμεν
1780 1214 1989 1287 κύριοι,
2029 1217 2139 1271 ἀπὸ

406 1374 409 1375 ν
453 1298 741 1375 ,ῥᾳθυμίας
783 1298 1055 1370 γινόμενοι
1102 1298 1330 1368 φαῦλοι,
1368 1298 1476 1352 ἀπὸ
1506 1301 1603 1371 τῆς
1645 1303 1879 1372 σπουδῆς
1909 1305 2137 1375 χρηστοὶ

473 1385 564 1436 καὶ
609 1386 900 1448 ἐπιεικεῖς,
936 1385 1006 1439 τά
1052 1385 1292 1455 σωτήρια
1350 1385 1616 1454 φάρμακα
1658 1389 1752 1441 καὶ
1807 1389 1943 1457 πρὸς
1975 1389 2134 1442 τοῦτο

446 1472 667 1548 ’ἄγοντα
692 1467 822 1542 ἦλθε
863 1471 1288 1535 κατασκευάζων
1309 1509 1324 1534 ,
1367 1471 1442 1541 τῷ
1482 1473 1633 1542 φόϐῳ
1667 1473 1765 1543 τῆς
1797 1475 2021 1546 γεέννης
2050 1476 2142 1530 καὶ

449 1549 536 1628 ’τῇ
561 1561 657 1631 τῆς
693 1560 964 1630 βασιλείας
991 1560 1292 1632 ἐπαγγελίᾳ
1321 1561 1446 1624 τοὺς
1475 1561 1698 1627 πολλοὺς
1729 1563 2106 1636 διορθούμενος
2125 1605 2140 1628 ,

474 1649 564 1700 καὶ
586 1649 675 1701 διά
695 1648 801 1700 τῶν
819 1647 998 1718 νόμων
1022 1649 1329 1716 φιλοσοφεῖν
1353 1648 1645 1703 παιδεύων.

546 1734 670 1788 Ὅτι
691 1736 799 1807 γάρ
824 1733 946 1790 οὔτε
971 1735 1185 1803 γένεσίς
1211 1736 1380 1798 ἐστιν,
1419 1735 1541 1791 οὔτε
1567 1736 1763 1808 δρόμος
1789 1736 2033 1808 ἀστέρων
2073 1735 2142 1791 τά

473 1820 790 1892 ἀνθρώπινα
829 1823 1068 1888 διοικῶν,
1104 1823 1199 1877 καὶ
1236 1823 1344 1878 τῶν
1382 1825 1612 1896 Γραφῶν
1643 1825 1809 1896 χωρὶς
1840 1825 1934 1877 ἀπ’
1963 1825 2140 1879 αὐτῶν

473 1908 580 1961 τῶν
599 1906 932 1980 πραγμάτων
950 1909 1129 1978 δῆλον.
1153 1911 1216 1965 Εἰ
1233 1909 1341 1980 γάρ
1363 1909 1467 1964 ὑπὸ
1491 1911 1706 1978 γένεσιν
1723 1911 1788 1965 τά
1805 1910 2140 1982 ἀνθρώπινα,

473 1994 617 2057 τίνος
661 1995 847 2048 ἕνεκεν
892 1998 1174 2065 μαστιγοῖς
1219 1995 1310 2049 τὸν
1359 1997 1576 2067 οἰκέτην
1622 1998 1948 2067 κεκλοφότας
2000 1999 2143 2063 τίνος

472 2079 658 2133 ἕνεκεν
704 2081 1080 2151 μοιχευθεῖσαν
1115 2083 1213 2152 τὴν
1261 2085 1493 2152 γυναῖκα
1543 2086 1624 2148 είς
1683 2084 2008 2155 δικαστήρια
2051 2085 2142 2138 ἐλ-

477 2185 624 2232 κεις;
685 2167 829 2232 τίνος
867 2167 1050 2224 ἕνεκεν
1086 2169 1317 2241 αἰσχύνῃ
1363 2169 1432 2223 τά
1484 2171 1697 2241 πονηρά
1751 2171 2041 2240 πράττων;
2093 2173 2142 2224 εί

475 2257 583 2325 γάρ
624 2254 869 2326 ἀνάγκης
915 2255 1030 2309 ἐστὶ
1063 2255 1125 2308 τὸ
1170 2257 1504 2328 ἁμάρτημα,
1539 2257 1683 2319 τίνος
1707 2257 1892 2310 ἕνεκεν
1919 2258 2038 2311 ούδέ
2075 2258 2144 2312 τὰ

477 2341 696 2410 ῥήματα
747 2340 932 2411 φέρεις
977 2341 1398 2412 ὀνειδιζόμενος,
1437 2343 1552 2397 ἀλλ’
1605 2345 1672 2398 ἀν
1703 2345 1785 2407 τίς
1828 2362 1887 2398 σε
1937 2344 2143 2416 καλέσῃ

478 2427 700 2497 μοιχὶν,
743 2428 776 2497 ἦ
821 2429 1052 2498 πόρνον,
1111 2429 1145 2498 ἢ
1199 2429 1556 2500 ἀνδροςόνον,
1613 2431 1768 2503 ’ύϐριν
1809 2432 1871 2484 τὸ
1912 2433 2145 2503 πρᾶγμα

477 2515 692 2581 καλεῖς;
739 2515 798 2568 Εἰ
839 2515 944 2585 γάρ
978 2515 1053 2587 μὴ
1087 2515 1189 2585 τῆς
1231 2517 1329 2586 σῆς
1361 2516 1584 2588 γνώμης
1627 2518 1694 2571 τά
1730 2519 2140 2589 ἁμαρτήματα,

475 2599 596 2652 οὐδὲ
631 2600 879 2670 ἐγκλημα
921 2600 982 2654 τὸ
1014 2603 1352 2672 γιγνόμενον,
1387 2603 1508 2656 οὐδὲ
1537 2602 1693 2674 ὕϐρις
1729 2605 1790 2657 τὸ
1829 2606 2138 2672 λεγόμενον.

477 2683 592 2736 Νῦν
639 2684 697 2737 δὲ
739 2685 831 2739 καὶ
879 2685 945 2739 δι’
988 2676 1063 2739 ὧν
1106 2685 1311 2758 ἐτέροις
1357 2687 1628 2755 δικάζεις,
1673 2689 1767 2742 καὶ
1804 2689 1870 2742 δι’
1917 2683 1992 2743 ὧν
2031 2694 2142 2754 τοῖς

477 2769 880 2838 ἁμαρτάνουσιν
922 2771 983 2823 ού
1025 2770 1450 2852 συγγινώσκεις,
1485 2772 1578 2826 καί⁵
1614 2775 1682 2827 δι’
1730 2769 1804 2828 ὧν
1847 2775 2006 2839 αὐτὸς
2055 2779 2140 2830 αἰ-

478 2854 646 2927 σχύνῃ
693 2857 945 2928 πράττων
993 2860 1088 2914 καὶ
1130 2859 1410 2914 λανθάνειν
1466 2862 1817 2928 σπουδάζεις,
1875 2863 1968 2917 καλ⁸
2017 2865 2140 2928 τοὺς

455 2942 648 3020 ,ταῦτά
673 2960 756 2997 σοι
799 2944 1172 3017 προφέροντας
1221 2946 1480 3019 ὑϐριστάς
1523 2950 1794 3020 νομίζεις,
1835 2948 2009 3022 [καὶ]
2053 2950 2141 3004 διά

482 3032 700 3085 πάντων
754 3033 1069 3103 ὁμολογεῖς,
1111 3037 1193 3090 ὅτι
1234 3037 1333 3090 οὐκ
1386 3038 1598 3109 ἀνάγκῃ
1640 3038 1846 3093 δέδεται
1899 3041 1967 3093 τά
2011 3041 2146 3112 ὴμέ-

480 3134 632 3189 τερα,
662 3117 798 3172 ἀλλά
830 3119 1110 3194 ἐλευθερίᾳ
1139 3121 1454 3194 τετίμηται·
1487 3127 1596 3188 τοῖς
1631 3125 1758 3193 γοῦν
1783 3126 1995 3198 ἀνάγκη
2025 3145 2146 3181 κατ-

481 3205 755 3274 εχομένοις
780 3206 873 3260 καὶ
901 3207 1293 3276 συγγινώσκειν
1331 3211 1690 3282 ἐπιστάμεθα.
1728 3215 1824 3266 Ἂν
1870 3214 1998 3282 γοῦν
2043 3215 2146 3267 ὑπὸ

476 3291 731 3360 δαίμονός
775 3308 860 3356 τις
895 3295 1259 3366 κατεχόμενος
1288 3297 1434 3367 ἡμᾶς
1465 3296 1636 3369 πλήξῃ
1655 3336 1670 3360 ,
1701 3299 1790 3352 καὶ
1819 3299 1910 3352 τὸν
1945 3299 2145 3369 χιτῶνα

478 3377 768 3450 διαρῤήξῃ,
809 3380 844 3450 ἢ
884 3381 1096 3450 πληγάς
1137 3383 1566 3454 προστρίψηται,
1597 3384 1658 3436 οὐ
1705 3384 1864 3454 μόνον
1892 3385 2053 3439 αὑτὸν
2081 3385 2143 3438 ού

477 3465 802 3534 κολάζομεν,
819 3466 940 3520 ούδέ
974 3470 1054 3531 εἰς
1079 3468 1404 3540 δικαστήρια
1419 3469 1669 3539 ἕλκομεν,
1693 3470 1827 3523 ἀλλά
1847 3471 1940 3523 καὶ
1968 3471 2146 3524 ἐλεοῦ-

480 3567 580 3620 μεν
633 3551 728 3604 καὶ
769 3553 1230 3624 συγγινώσκομεν.
1281 3554 1344 3607 Τί
1393 3553 1622 3627 δήποτες
1677 3557 1798 3609 Ὀτι
1829 3557 1928 3626 οὐχ
1975 3558 2009 3628 ἡ
2049 3558 2145 3628 τῆς

481 3640 852 3711 προαιρέσεως
896 3641 1178 3714 ἐλευθερία
1202 3683 1218 3706 ,
1257 3643 1372 3697 ἀλλ’
1412 3644 1446 3715 ή
1500 3643 1592 3696 τοῦ
1638 3643 1888 3716 δαίμονος
1929 3645 2142 3718 ἀνάγκη

476 3725 646 3779 ταῦτα
688 3729 1000 3801 εἰργάσατο.
1045 3731 1207 3785 Ὥστε
1245 3733 1295 3785 εἰ
1343 3733 1436 3786 κα)⁸
1479 3732 1549 3786 τά
1598 3731 1733 3786 ἀλλα
1774 3734 2144 3804 ἁμαρτήματα

475 3814 584 3868 ἀπὸ
614 3816 713 3886 τῆς
749 3817 994 3888 ἀνάγκης
1026 3818 1124 3888 τῆς
1159 3819 1300 3874 κατά
1326 3819 1426 3892 τὴν
1473 3820 1837 3891 πεπρωμένην
1879 3816 1969 3890 ἦν,
2022 3838 2145 3874 συν-

477 3897 722 3969 έγνωμεν
754 3899 839 3954 ἀν’
879 3902 1065 3971 ἐπειδὴ
1098 3902 1155 3958 δὲ
1201 3901 1377 3974 ῖσμεν,
1423 3905 1504 3956 ὅτι
1533 3905 1632 3957 οὐκ
1673 3904 1835 3974 ἐσμὲν
1875 3904 2140 3974 ἀνάγκης,

475 3976 564 4030 διά
601 3979 758 4031 τοῦτο
791 3981 850 4032 ού
898 3983 1367 4050 συγγινώσκομεν,
1408 3983 1532 4037 οὔτε
1574 3985 1830 4038 δεσπόται
1868 3985 2102 4048 οἰκέταις
2125 4023 2141 4048 ,

475 4057 599 4112 οὔτε
645 4060 836 4130 ἀνδρες
880 4063 1143 4129 γυναιξὶν,
1199 4064 1320 4116 οὔτε
1377 4067 1632 4134 γυναῖκες
1691 4066 1964 4136 ἀνδράσιν,
2021 4065 2141 4120 οὔτε

477 4144 711 4214 πατέρες
739 4147 942 4210 παισὶν,
970 4144 1092 4202 οὕτε
1128 4149 1434 4204 διδάσκαλοι
1467 4152 1755 4221 μαθηταῖς,
1790 4151 1912 4204 οὔτε
1940 4151 2136 4224 ἄρχον-

473 4243 565 4291 τες
596 4229 937 4300 ἀρχομένοις,
977 4231 1100 4285 οὒτε
1147 4233 1429 4304 νομοθέται
1462 4235 1931 4305 νομοθετουμένοις
1956 4276 1970 4298 ,
2003 4235 2136 4290 ἀλλά

477 4316 662 4386 πικροὶ
692 4317 801 4369 τῶν
828 4319 1248 4389 τετολμημένων
1281 4319 1562 4386 ἐξετασταὶ
1592 4322 1684 4374 καὶ
1721 4323 1947 4392 τιμωροὶ
1988 4323 2134 4391 γινό-

476 4402 638 4472 μεθα,
668 4405 761 4457 καὶ
788 4404 1107 4477 δικαστήρια
1150 4407 1651 4478 καταλαμϐάνομεν,
1701 4410 1792 4460 καὶ
1821 4407 2030 4479 πληγάς
2055 4412 2145 4462 ἐπ-

475 4488 697 4558 άγομεν,
727 4491 819 4544 καὶ
842 4492 1186 4562 ἐπιτιμήσεσι
1218 4491 1496 4562 χρώμεθα,
1526 4493 1617 4546 καὶ
1639 4493 1812 4544 πάντα
1830 4495 2140 4566 πράττομεν

472 4575 619 4640 ὃπως
654 4579 746 4632 καὶ
771 4579 860 4633 τὸν
885 4579 1100 4652 οἰκέτην
1123 4581 1516 4654 ἀπαλλάξωμεν
1545 4581 1738 4646 κακίας
1771 4583 1864 4634 καὶ
1906 4583 1996 4637 τὸν
2027 4584 2138 4638 υἱὸν

1279 319 1338 372 S.
1377 316 1661 374 JOANNIS
1699 317 2191 379 CHRYSOSTOMI
2233 318 2550 376 ARCHIEP.
2589 313 3134 376 CONSTANTINOP.

3796 317 3895 369 5m

2242 435 2521 506 πονηρίας.
2560 434 2719 488 Ὅθεν
2763 434 2947 496 αὐτοῖς
2991 432 3084 486 καὶ⁵
3116 429 3493 500 παιδαγωγοὺς
3532 429 3899 499 καθιστῶμεν,

2239 523 2331 574 καὶ
2358 523 2438 582 είς
2465 519 2811 581 διδασκάλους
2833 519 3142 588 πέμποντες
3168 518 3518 586 ἀπειλοῦμεν,
3553 519 3647 568 καὶ
3684 517 3898 584 πληγάς

2236 607 2562 677 ἐντείνομεν.
2599 605 2752 668 Τίνος
2783 605 2986 670 ἕνεκεν,
3022 606 3141 659 εἰπέ
3175 623 3282 676 μοι,
3315 607 3411 658 καὶ
3452 604 3538 656 διά
3566 603 3661 665 τίς
3706 605 3755 654 εί
3792 605 3895 673 γὰρ

2235 694 2463 764 εἵμαρτο
2493 691 2641 762 αύτῷ
2685 691 2937 760 γενέσθαι
2981 691 3205 761 φαῦλον,
3231 692 3312 755 τίς
3351 691 3510 761 χρεία
3557 691 3666 744 τῶν
3700 690 3890 762 βοηθη-

2240 782 2457 852 μάτωνς
2491 779 2698 834 Οὐκοῦν
2727 777 2944 850 εὔδηλον
2993 781 3075 833 ὅτι
3117 781 3218 832 οὐκ
3255 779 3469 850 ἀνάγκη
3507 779 3713 831 δέδεται
3733 822 3746 842 ,
3781 778 3894 830 ἀλλ’

2237 871 2293 922 ἐν
2321 870 2386 939 τῇ
2412 867 2798 938 προαιρέσειτὺ
2825 869 2930 920 πάν
2954 869 3147 919 κεῖται.
3173 865 3320 938 [58η
3341 865 3432 918 Διὸ
3452 866 3545 917 καὶ
3579 865 3896 935 βοηθήματα

2237 956 2605 1026 προσάγομεν,
2650 955 2743 1008 καὶ
2788 955 2887 1024 τῆς
2940 955 3210 1026 ῥᾳθυμίας
3261 954 3565 1022 ἀπάγομεν,
3615 955 3709 1006 καὶ
3766 955 3900 1023 πρὸς

2236 1045 2436 1116 ἀρετὴν
2487 1042 2948 1114 χειραγωγοῦμεν.
2981 1043 3136 1105 Τίνος
3179 1043 3238 1096 δέ
3277 1043 3464 1096 ἐνεκεν
3499 1042 3596 1112 τὴν
3630 1042 3904 1095 θάλατταν

2238 1131 2491 1202 πλέομεν,
2525 1131 2626 1202 τὴν
2666 1130 2770 1199 γῆν
2819 1129 3190 1200 γεωργοῦμεν,
3237 1130 3332 1182 καὶ
3373 1130 3558 1192 πόλεις
3588 1127 3902 1198 οἰκοδομοῦο

2240 1235 2360 1288 μεν,
2392 1217 2590 1288 πολλήν
2617 1233 2677 1269 τε
2726 1217 2958 1286 σπουδὴν
2991 1215 3251 1286 ποιοῦμεν
3295 1215 3593 1278 νοσοῦντες,
3636 1216 3729 1269 καὶ
3765 1216 3904 1286 χρή⁶

2241 1322 2384 1376 ματα
2417 1303 2762 1374 δαπανῶμεν,
2799 1304 2893 1356 καὶ
2943 1305 3159 1374 ἰατροὺς
3185 1303 3478 1374 καλοῦμεν,
3510 1304 3604 1357 καὶ
3636 1303 3904 1373 φάρμακα

2239 1392 2740 1462 κατασκευάζομεν,
2791 1393 2886 1444 καὶ
2933 1391 3168 1462 γαστρὸς
3199 1391 3520 1462 κατέχομεν,
3569 1393 3660 1444 καὶ
3714 1390 3894 1443 ἐπιθυο

2243 1484 2368 1556 μίαν
2419 1484 2750 1552 κολάζομεν;
2786 1481 2846 1536 Et
2895 1482 3026 1552 γάρ,
3066 1482 3143 1545 ώς
3185 1482 3250 1534 σὺ
3299 1482 3422 1550 φῄς,
3455 1480 3706 1551 εἵμαρται
3740 1480 3905 1549 ζῆσαι

2239 1573 2332 1625 καὶ
2363 1571 2671 1631 ἀποθανεῖν,
2710 1569 2933 1640 περιττά
2973 1569 3081 1622 τῶν
3123 1570 3420 1639 χρημάτων
3455 1570 3522 1621 τά
3551 1568 3904 1637 ἀναλώματα,

2241 1659 2494 1729 περιτταὶ
2515 1656 2621 1710 τῶν
2647 1657 2845 1726 ἰατρῶν
2868 1658 2923 1720 αί
2948 1657 3160 1714 εἴσοδοι.
3191 1654 3417 1727 περιττὴ
3437 1655 3534 1726 τῆς
3559 1655 3666 1706 τῶν
3695 1653 3912 1706 νοσούν-

2239 1761 2348 1798 των
2401 1737 2712 1814 φιλοσοφίας
2760 1745 2792 1812 ἡ
2846 1742 3117 1813 ἀκρίϐεια.
3169 1741 3282 1795 Νῦν
3321 1741 3377 1794 δέ
3421 1741 3482 1805 ἐξ
3536 1736 3611 1793 ὧν
3666 1740 3907 1802 ἅπαντες

2243 1833 2472 1895 ποιοῦσι,
2502 1819 2750 1902 δηλοῦσιν
2782 1832 2865 1883 ὅτι
2893 1830 3042 1883 οὐδὲν
3069 1829 3272 1882 τούτων
3305 1846 3371 1881 πε
3383 1829 3577 1899 ριττόν⁹
3615 1828 3730 1882 ἀλλ’
3761 1828 3908 1897 οῖχε-

2241 1937 2328 1973 ται
2383 1919 2480 1988 μὲν
2521 1920 2589 1972 τά
2634 1918 2733 1988 τῆς
2783 1917 3136 1988 εἱμαρμένης,
3182 1917 3276 1969 καὶ
3321 1917 3545 1986 οὐδεμιᾷ
3586 1915 3802 1986 ἀνάγκῃ
3833 1915 3906 1966 τά

2242 2007 2482 2078 ἡμέτερα
2509 2007 2718 2074 άγεται,
2753 2007 2928 2058 πάντα
2958 2005 3013 2057 δὲ
3046 2003 3324 2074 ἐλευθερίᾳ
3363 2002 3730 2074 προαιρέσεως
3758 2001 3908 2053 τετί-

2245 2111 2430 2164 μηται.
2472 2094 2568 2156 Τίς
2592 2093 2646 2146 δὲ
2671 2093 2828 2162 χρεία
2861 2092 3036 2144 πόνων
3074 2091 3169 2143 καί
3196 2089 3432 2159 ἱδρώτων
3465 2087 3570 2140 τῶν
3605 2089 3744 2157 ὑπὲρ
3771 2088 3910 2158 ἀρσο

2241 2185 2377 2252 τῆςς
2423 2182 2472 2234 εἰ
2509 2181 2616 2250 γάρ
2657 2181 2909 2250 εἵμαρται
2944 2177 3196 2246 γενέσθαι
3239 2176 3420 2236 καλὸν,
3456 2177 3548 2228 καὶ
3574 2173 3851 2228 καθεύδων
3879 2175 3910 2226 ό

2240 2268 2480 2331 τοιοῦτος
2506 2269 2600 2320 καὶ
2626 2268 2834 2338 ρέγχων
2862 2267 3014 2320 ἕσται
3041 2267 3200 2328 καλός
3221 2281 3234 2293 ·
3277 2263 3476 2334 μάλλον
3500 2264 3554 2316 δὲ
3586 2262 3707 2316 οὐδὲ
3742 2262 3912 2315 καλὸν

2241 2356 2333 2409 τὸν
2357 2355 2596 2408 τοιοῦτον
2625 2356 2738 2408 ἐστι
2773 2354 2977 2412 καλεῖν.
3012 2353 3105 2406 τὸν
3160 2352 3252 2405 ὑπ’
3289 2351 3532 2420 ἀνάγκης
3567 2349 3727 2402 τοῦτο
3757 2348 3908 2417 γινό-

2245 2458 2423 2514 μενον.
2457 2442 2552 2504 Τίς
2577 2441 2734 2512 χρεία
2773 2441 2948 2494 πόνων
2971 2440 3063 2492 καὶ
3091 2437 3331 2511 ἱδρώτων
3361 2437 3628 2490 τοσούτων
3653 2452 3669 2496 ς
3708 2436 3758 2487 εἰ
3796 2434 3910 2505 γάρ

2243 2531 2469 2600 εἵμαρτο
2495 2527 2746 2596 γενέσθαι
2789 2528 2977 2588 κακὸν,
3021 2525 3122 2580 κάν
3169 2525 3336 2597 μυρία
3371 2542 3456 2587 τις
3485 2522 3904 2594 ταλαιπωρηθῇ,

2241 2615 2394 2669 ἔσται
2425 2614 2591 2678 κακός
2613 2631 2625 2644 ·
2658 2615 2872 2686 μᾶλλον
2900 2614 2957 2666 δὲ
3003 2613 3126 2666 οὐδὲ
3165 2613 3257 2665 τὸν
3290 2611 3530 2665 τοιοῦτον
3559 2611 3708 2663 ἔσται
3737 2610 3911 2662 κακὰν

2241 2705 2444 2769 καλεῖν,
2477 2707 2569 2757 τὸν
2598 2704 2700 2756 ὑπὸ
2727 2704 2970 2774 ἀνάγκης
2999 2701 3328 2772 ὠθούμενον.
3359 2702 3570 2770 Ὠσπερ
3596 2699 3706 2769 γάρ
3735 2701 3763 2751 ό
3792 2697 3910 2750 δαι-

2246 2792 2438 2863 μονῶν,
2471 2789 2572 2845 κᾶν
2605 2790 2976 2860 λοιδορήσηται
3013 2789 3193 2859 (πάλιν
3220 2788 3326 2858 γὰρ
3351 2786 3428 2857 τῷ
3452 2785 3598 2852 αύτῷ
3633 2785 3912 2854 κέχρημαι

2243 2878 2710 2950 παραδείγματι),
2754 2877 2812 2928 ού
2849 2874 3222 2946 προσεροῦμεν
3264 2874 3424 2927 αὐτὸν
3477 2873 3762 2945 ὑϐριστὴν,
3790 2871 3913 2924 οὐδὲ

2245 2965 2568 3035 λογιζόμεθα
2593 2965 2750 3035 ὓϐριν
2773 2964 2868 3034 τὴν
2893 2963 3179 3035 λοιδορίαν,
3210 2963 3344 3016 ἀλλά
3375 2965 3474 3032 τῆς
3505 2962 3752 3030 ἀνάγκης
3771 2955 3914 3012 εἶναι

2242 3053 2336 3106 τοῦ
2373 3052 2640 3121 δαίμονος·
2687 3050 2829 3104 οὕτω
2857 3052 2950 3104 καὶ
2994 3051 3084 3102 τὸν
3113 3050 3303 3113 κακὺν,
3337 3052 3386 3102 εἰ
3419 3049 3526 3102 ύπὺ
3570 3047 3915 3118 εἰμαρμένης

2244 3140 2338 3193 καὶ
2367 3139 2613 3209 ἀνάγκης
2646 3137 2898 3196 ὠθεῖται.
2931 3136 3004 3207 μὴ
3038 3137 3290 3207 καλῶμεν
3321 3136 3481 3189 αὐτὸν
3510 3133 3690 3194 κακὸν,
3717 3132 3917 3202 ῶσπερ

2242 3227 2362 3280 οὐδὲ
2389 3227 2480 3280 τὸν
2511 3227 2694 3288 καλὸν,
2733 3226 2918 3279 καλόν.
2967 3228 3064 3278 Ἂν
3093 3225 3202 3296 γάρ
3238 3225 3395 3279 τοῦτο
3440 3224 3699 3293 ποιῶμεν,
3733 3221 3916 3275 πάντα

2243 3312 2395 3366 ἔσται
2431 3312 2690 3384 σύγχυσις
2718 3313 2811 3366 καὶ
2839 3312 3053 3384 ταραχὴ
3086 3314 3178 3366 καὶ
3215 3312 3554 3382 πραγμάτων
3588 3307 3912 3379 διαστροφὴ,

2243 3401 2338 3452 καὶ
2365 3398 2490 3452 οὔτε
2518 3400 2686 3470 ἀρετὴ
2731 3399 2882 3452 ἐσται
2908 3417 2983 3464 τι,
3015 3398 3138 3454 οὔτε
3172 3401 3340 3453 κακία
3363 3415 3377 3430 ·
3409 3401 3471 3451 οὐ
3500 3400 3707 3467 τέχναι,
3737 3397 3800 3449 ού
3827 3396 3916 3448 νό-

2247 3504 2359 3558 μοι,
2396 3487 2498 3540 οὐκ
2527 3486 2653 3540 ἀλλο
2677 3505 2727 3540 τι
2761 3488 2868 3540 τῶν
2901 3487 3155 3541 τοιούτων
3178 3489 3350 3542 οὐδέν.
3405 3489 3569 3557 Ὁρᾷς
3617 3487 3719 3540 ποῦ
3748 3486 3917 3538 τείνει

2241 3574 2334 3627 τοῦ
2373 3573 2620 3628 διαϐόλου
2650 3575 2710 3627 τὸ
2736 3575 2948 3644 δέλεαρ,
2987 3575 3083 3628 καὶ
3111 3576 3164 3628 τί
3195 3576 3295 3646 τὴν
3319 3576 3644 3644 οἰκουμένην
3673 3575 3916 3643 ἐργάσα-

2243 3663 2365 3716 σθαι
2391 3662 2675 3734 ὲϐουληθη,
2706 3665 2800 3717 καὶ
2826 3665 2961 3736 πρὸς
2984 3668 3136 3718 ποῖον
3164 3667 3378 3736 ἀπαντᾷ
3404 3666 3593 3728 τέλος;
3629 3663 3792 3716 Ταῦτ’
3824 3659 3920 3715 οὖν

2241 3750 2443 3808 εἰδότες
2476 3749 2690 3802 ἅπαντα
2737 3751 2834 3804 καὶ
2869 3750 2936 3804 τά
2969 3751 3173 3804 τούτων
3216 3752 3434 3804 πλείονα
3479 3753 3640 3821 (ἐνῆν
3668 3751 3778 3819 γάρ
3825 3750 3921 3803 καὶ

2240 3837 2441 3891 τούτων
2466 3837 2685 3891 πλείονα
2713 3839 2904 3903 εἰπεῖν,
2925 3839 3062 3892 ἀλλά
3084 3842 3196 3902 τοῖς
3221 3841 3600 3910 συνετωτέροις
3627 3841 3722 3892 καὶ
3742 3838 3920 3891 ταῦτα

2241 3925 2464 3995 ἀρκεῖ),
2519 3924 2810 3995 φεύγωμεν
2853 3926 3072 3992 κακίαν,
3103 3926 3355 3996 ἐλώμεθα
3395 3927 3615 3999 ἀρετὴν,
3661 3928 3751 3981 ἵνα
3783 3944 3921 4002 προ-

2240 4013 2555 4082 ηγουμένως
2587 4013 2685 4082 μὲν
2724 4013 2819 4066 καὶ
2847 4023 2873 4052 ι
2901 4014 2990 4066 τὸν
3020 4014 3150 4067 Θεδν
3185 4015 3339 4068 ἵλεων
3365 4015 3596 4084 ἔχωμεν,
3625 4016 3821 4071 ἔπειτα
3862 4021 3918 4074 δὲ

2241 4100 2336 4152 καὶ
2363 4098 2582 4168 γεέννης
2625 4099 3046 4170 ἀπαλλαγῶμεν,
3107 4102 3201 4154 καὶ
3250 4100 3358 4154 τῶν
3399 4101 3631 4154 αἰωνίων
3675 4105 3923 4160 ἀπολαύ-

2240 4203 2424 4257 σωμεν
2439 4184 2676 4253 ἀγαθῶν·
2694 4178 2768 4239 ὧν
2789 4186 2996 4254 γένοιτο
3017 4187 3224 4250 πάντας
3244 4189 3393 4258 ἡμᾶς
3414 4189 3710 4259 ἐπιτυχεῖν,
3733 4193 3920 4264 χάριτι

2241 4275 2334 4326 καὶ
2363 4271 2737 4344 φιλανθρωπίᾳ
2777 4274 2870 4326 τοῦ
2911 4274 3114 4344 Κυρίου
3147 4275 3303 4344 ἡμῶν
3360 4275 3534 4347 Ἰησοῦ
3567 4277 3824 4346 Χριστοῦ,
3853 4282 3922 4334 δι’

2242 4355 2304 4413 οὗ
2343 4359 2435 4412 καὶ
2467 4357 2584 4428 μεθ’
2617 4354 2679 4412 οὗ
2716 4358 2794 4429 τῷ
2823 4361 2996 4432 Πατρὶ
3031 4361 3158 4427 δόξα
3186 4361 3302 4432 ἅμα
3330 4361 3407 4433 τῷ
3439 4363 3579 4432 ἁγίῳ
3618 4363 3920 4435 Πνεύματι,

2238 4443 2332 4495 νῦν
2364 4441 2458 4495 καὶ
2487 4442 2594 4505 ἀεὶ,
2624 4441 2716 4494 καὶ
2741 4444 2819 4505 εἰς
2842 4443 2968 4507 τοὺς
2993 4444 3193 4509 αἰῶνας
3222 4445 3332 4498 τῶν
3359 4444 3596 4500 αἰώνων.
3649 4446 3850 4520 Ἀμην.

2303 4595 2328 4621 ⁸
2356 4597 2446 4645 Καί
2473 4596 2584 4648 [οι-ι.
2617 4597 2906 4650 delendum.
