4092 6206
384 343 489 399 509

386 496 480 548 per
524 477 793 549 myrrham
816 518 828 536 .
862 492 979 546 qua:
1023 476 1347 546 sepulturam
1379 476 1685 531 ostenderet
1720 475 1830 547 (a);
1885 477 1954 530 ita

383 569 529 622 enim
552 568 791 634 sepultus
830 577 911 620 est
941 585 953 620 :
984 576 1039 619 et
1067 567 1179 620 Ita‘c
1214 583 1307 636 per
1335 582 1395 620 ea
1426 584 1544 636 qua:
1575 567 1835 621 faciebant
1864 567 1958 633 illi,

386 659 831 729 pra‘ttttntialiattl.
882 658 995 713 Non
1046 674 1174 727 ergo
1204 659 1545 713 astronomia:
1578 660 1746 713 virtus
1774 668 1888 714 erat
1915 658 1966 713 id

383 752 527 821 quod
558 751 749 814 fiebat,
777 751 868 804 sed
900 751 988 805 Dei
1016 752 1327 806 meonomim
1358 768 1371 803 :
1403 766 1573 820 neque
1594 751 1734 805 enim
1768 752 1845 815 is,
1877 750 1968 819 qiii

385 845 635 897 virtutem
678 842 931 897 docturus
976 852 1194 896 venerat
1224 851 1280 895 ut
1321 841 1643 896 astronomia
1685 841 1967 896 inducere-

388 944 474 988 tur
504 934 767 989 ell'ecisset
795 952 809 1001 ;
839 935 932 989 sed
967 935 1111 988 illam
1137 934 1422 988 admodum
1453 935 1710 997 eliminat,
1732 950 1852 991 cum
1875 935 1970 989 de-

388 1027 636 1079 terminat
665 1026 799 1079 iutra
843 1026 990 1091 illud,
1022 1024 1155 1079 velle
1180 1035 1232 1079 et
1263 1040 1368 1079 non
1397 1025 1554 1091 velle,
1583 1026 1720 1079 bona
1750 1035 1803 1079 et
1830 1027 1967 1081 mala

388 1119 671 1174 contineri.
702 1118 931 1188 Ideoque
959 1118 1252 1189 gehennam
1284 1118 1513 1172 minatus
1538 1128 1639 1184 est,
1668 1129 1721 1173 et
1747 1134 1969 1189 regnum

389 1208 708 1280 prteparavit
736 1227 749 1263 :
784 1224 887 1263 non
934 1210 997 1264 iis
1029 1209 1117 1279 qui
1147 1225 1211 1263 ex
1256 1210 1570 1263 necessitate
1594 1221 1832 1279 agerent,
1887 1209 1971 1264 vel

390 1315 616 1354 coronas
669 1302 1008 1370 praeparavit,
1050 1300 1135 1354 vel
1206 1300 1520 1370 supplicium
1577 1299 1807 1355 minatus
1852 1309 1969 1367 est;

390 1402 675 1459 utrumque
701 1391 842 1446 enim
871 1390 936 1446 ad
958 1406 1018 1446 ea
1042 1406 1159 1460 qum
1180 1392 1234 1445 in
1260 1392 1531 1447 voluntate
1554 1401 1677 1445 sunt
1698 1392 1926 1461 pertinet
1953 1408 1968 1445 :

390 1496 496 1535 non
551 1481 697 1551 leges
742 1481 1022 1550 posuisset,
1082 1498 1188 1535 non
1241 1483 1437 1536 monita
1486 1482 1748 1545 dedisset,
1800 1498 1972 1552 neque

390 1581 535 1627 tanta
564 1573 797 1637 fecisset,
829 1573 871 1626 si
903 1574 1219 1628 necessitate
1245 1589 1411 1642 genus
1441 1574 1728 1627 humanum
1754 1574 1968 1643 ligatum

388 1674 571 1717 esset:
621 1663 715 1718 sed
746 1666 869 1733 quia
896 1664 1048 1718 liberi
1076 1678 1259 1717 simius
1278 1674 1330 1719 et
1356 1662 1970 1731 liberiarbitriidomini,

388 1754 459 1807 ab
479 1754 685 1825 ignavia
731 1754 957 1823 improbi
1002 1753 1290 1819 efticimur,
1315 1766 1368 1809 et
1389 1770 1420 1808 a
1444 1770 1571 1810 cura
1595 1755 1973 1826 diligentiaque

392 1845 515 1899 boni
537 1855 589 1899 et
620 1844 841 1899 modesti
866 1887 879 1909 ,
909 1844 1159 1899 salutaria
1188 1844 1469 1914 pliartnaca
1496 1845 1563 1899 ad
1587 1845 1691 1900 hoc
1720 1846 1968 1900 ducentia

389 1949 745 2008 apparaturus
790 1938 876 1991 ille
903 1939 1064 2002 venit,
1096 1948 1237 1992 metu
1284 1937 1539 2007 gehenna:
1585 1948 1637 1991 et
1666 1938 1812 2008 regni
1852 1953 1971 2006 pro-

389 2028 647 2082 missione
672 2026 865 2082 multos
892 2028 1186 2098 corrigens,
1212 2036 1265 2082 et
1293 2043 1388 2097 per
1416 2027 1561 2097 leges
1584 2026 1973 2097 philosophiam

390 2121 612 2175 docens.

462 2212 654 2266 Contra
697 2212 1155 2283 genethlialogiam.
1203 2242 1273 2252 —
1312 2212 1442 2280 Quia
1491 2212 1632 2269 enim
1673 2228 1842 2282 neque
1882 2227 1975 2281 ge-

394 2301 735 2370 nctliliaIOgia
765 2312 866 2367 est,
904 2318 1074 2372 neque
1103 2312 1368 2358 astrorum
1398 2319 1588 2357 cursus
1633 2303 1863 2357 humana
1893 2303 1976 2357 di-

395 2394 597 2465 rigens,
633 2393 715 2447 vel
750 2395 866 2448 sine
894 2396 1287 2463 Seripturarum
1318 2411 1419 2463 ope
1443 2396 1511 2449 ab
1540 2394 1669 2465 ipsis
1696 2396 1854 2450 rebus
1880 2411 1976 2464 pa-

396 2484 501 2538 lam
523 2494 625 2539 est.
644 2484 697 2540 Si
716 2486 857 2539 enim
882 2484 981 2539 sub
1004 2485 1296 2540 nativuatis
1319 2486 1425 2539 lato
1446 2496 1571 2540 sunt
1594 2501 1680 2541 res
1702 2487 1970 2553 humanae,

400 2594 498 2633 cur
522 2578 838 2633 verberibus
860 2579 1024 2634 caedis
1050 2595 1261 2633 servum
1284 2579 1371 2647 qui
1400 2580 1601 2635 iuratus
1625 2580 1740 2634 est?
1767 2595 1863 2634 cur
1887 2579 1983 2633 ad-

398 2671 627 2725 ulteram
657 2686 879 2726 uxorem
911 2672 977 2726 ad
1015 2673 1295 2726 tribunalia
1326 2672 1540 2728 trabis?
1584 2688 1682 2727 cur
1725 2682 1775 2727 te
1820 2672 1982 2741 pudet

399 2777 527 2817 cum
558 2762 695 2815 mala
729 2765 1085 2833 perpetrasti?
1106 2765 1159 2819 Si
1181 2765 1323 2818 enim
1346 2780 1413 2819 ex
1444 2765 1764 2820 necessitate
1796 2778 1983 2831 pecca-

402 2860 511 2906 tum
537 2860 642 2917 est,
669 2854 1113 2907 currontumelia:
1140 2854 1298 2907 verba
1328 2868 1429 2907 n0n
1449 2854 1710 2915 sustines;
1740 2854 1832 2908 sed
1859 2870 1980 2908 cum

400 2943 521 3013 quis
548 2950 600 2997 te
631 2953 781 2996 vocat
808 2942 1125 3007 adulterum,
1155 2953 1244 2997 aut
1267 2942 1660 3010 fornicatorem,
1692 2956 1781 2997 aut
1809 2944 1983 3001 homi-

401 3031 574 3086 cidam
597 3074 611 3097 ,
665 3032 715 3086 id
744 3034 1116 3087 contumeliam
1146 3049 1264 3087 esse
1289 3033 1463 3089 dicis?
1501 3034 1553 3089 Si
1601 3037 1743 3089 enim
1787 3051 1891 3090 non
1917 3051 1984 3090 ex

404 3124 585 3179 animo
613 3132 703 3178 tuo
734 3134 1009 3195 peccatum
1042 3126 1237 3194 prodit,
1269 3142 1441 3196 neque
1469 3128 1621 3196 culpa
1652 3137 1732 3181 est
1762 3128 1811 3180 id
1841 3128 1983 3197 quod

405 3215 604 3271 factum
637 3227 737 3281 est,
780 3233 949 3287 neque
978 3218 1291 3272 contumelia
1320 3219 1369 3272 id
1413 3219 1554 3289 quod
1594 3219 1807 3273 dicitur.
1839 3219 1988 3274 Nunc

404 3317 582 3361 autem
614 3317 667 3362 et
696 3324 815 3362 cum
846 3307 914 3362 de
943 3308 1397 3377 carterisjudicas,
1433 3318 1626 3362 etcum
1647 3310 1989 3378 peccantibus

409 3417 515 3455 non
559 3401 823 3472 ignoscis,
846 3410 901 3455 et
933 3418 1053 3455 cum
1105 3402 1319 3471 quando
1348 3403 1487 3456 male
1532 3402 1723 3457 fecisse
1752 3413 1800 3457 te
1832 3404 1993 3473 pudet

409 3504 464 3549 et
489 3496 655 3549 latere
694 3493 895 3561 studes,
924 3503 977 3547 et
1002 3509 1096 3549 eos
1121 3495 1208 3563 qui
1239 3493 1288 3549 id
1317 3494 1407 3548 tibi
1437 3495 1692 3564 objiciunt
1712 3504 1991 3551 euntume-

413 3586 573 3641 liosos
593 3602 715 3642 esse
738 3594 910 3655 putas,
942 3597 994 3640 et
1019 3602 1111 3654 per
1136 3587 1310 3640 omnia
1336 3588 1449 3641 inec
1469 3588 1681 3641 coniitei
1698 3587 1761 3653 is,
1812 3602 1992 3642 nnStt‘a

414 3694 517 3731 non
565 3678 885 3731 necessitate
915 3677 1147 3746 alligari,
1192 3678 1285 3732 sed
1331 3676 1574 3732 libertate
1618 3679 1996 3734 ltonorari:iis

413 3768 555 3823 enim
594 3768 681 3837 qui
730 3768 1046 3822 necessitate
1089 3767 1396 3822 detinentur
1439 3769 1719 3838 ignoscere
1772 3770 1994 3826 scimus.

414 3861 468 3915 Si
520 3861 662 3915 enim
705 3862 859 3930 quis,
910 3876 941 3914 a
991 3860 1233 3915 daemone
1278 3876 1591 3931 possessus,
1643 3876 1739 3916 11ος
1780 3877 1998 3931 percus-

415 3953 581 4019 serit,
634 3963 726 4009 aut
783 3962 986 4008 vestem
1037 3954 1286 4018 sciderit,
1347 3963 1439 4008 aut
1486 3954 1666 4024 plagas
1722 3956 1996 4021 intulerit;

418 4060 523 4099 non
554 4044 715 4099 modo
756 4045 931 4115 ipsum
986 4060 1091 4100 non
1139 4046 1385 4114 punimus
1408 4086 1424 4107 ,
1455 4060 1627 4115 neque
1651 4045 1716 4099 ad
1740 4046 1997 4115 judicium

418 4135 700 4203 trahimus,
726 4136 819 4191 sed
848 4137 1008 4191 etiam
1034 4137 1151 4206 ejus
1177 4138 1496 4192 miseremur
1526 4138 1736 4208 ipsique
1769 4141 2001 4209 ignosci-

419 4242 555 4281 mus.
570 4226 783 4295 Quare?
798 4228 931 4294 Quia
954 4243 1059 4282 non
1081 4227 1297 4283 libertas
1315 4229 1544 4295 arbitrii,
1562 4229 1656 4284 sed
1676 4230 2003 4287 dtemoniaca

421 4319 711 4374 necessitas
723 4320 771 4375 id
783 4319 976 4375 effecit.
990 4322 1328 4392 Quapropter
1340 4358 1356 4383 ,
1370 4320 1416 4375 si
1428 4321 1531 4376 alia
1543 4336 1760 4392 quoque
1789 4333 2002 4391 peccata

420 4425 481 4463 ex
511 4410 601 4464 fati
631 4409 953 4465 necessitate
981 4417 1177 4474 essent,
1231 4410 1361 4479 ipsis
1404 4412 1564 4466 etiam
1617 4427 1956 4481 parceremns
1989 4432 2004 4469 :

420 4501 543 4570 quia
585 4516 713 4555 vero
757 4499 958 4555 scimus
986 4515 1083 4555 nos
1132 4516 1236 4554 non
1269 4502 1319 4554 in
1347 4503 1664 4558 necessitate
1706 4520 1846 4570 esse,
1888 4505 2007 4560 ideo

422 4607 527 4645 non
552 4590 842 4660 parcimus,
870 4606 975 4646 non
1003 4591 1204 4645 domini
1234 4592 1425 4656 servis,
1461 4609 1565 4647 non
1596 4595 1694 4648 viri
1722 4598 2004 4662 uxoribus,

424 4698 528 4736 non
553 4697 751 4737 uxores
769 4682 921 4746 viris,
942 4698 1047 4737 non
1074 4692 1253 4752 patres
1279 4684 1421 4748 liliis,
1446 4700 1552 4738 non
1579 4684 1829 4741 doctores
1849 4688 2006 4742 disci-

424 4773 588 4841 pulis,
620 4788 724 4827 non
756 4774 1026 4844 principes
1051 4774 1303 4842 subditis,
1329 4790 1434 4830 non
1466 4776 1797 4846 lcgislatores
1820 4777 1883 4831 iis
1909 4778 1999 4849 qui

460 4905 557 4980 __(n)
594 4904 950 4980 commentam
986 4906 1285 4980 Mattltteum,
1313 4917 1349 4959 t.
1374 4909 1434 4969 6,
1460 4908 1560 4979 col.
1578 4910 1687 4980 διὲξ,
1715 4910 1800 4970 lin,
1826 4909 2005 4980 ιιι-Ια-

421 4974 554 5035 gitur
578 4982 588 5015 :
614 4976 790 5035 _Regem
812 4974 941 5017 enim
963 4978 1293 5035 cognoscentes
1316 4985 1452 5035 eunt,
1481 4974 1759 5035 propitium,
1774 4976 2008 5023 mronlmn

420 5034 484 5096 et.
502 5027 757 5096 pretiosum
789 5027 1064 5096 sanctorum
1082 5067 1096 5087 ,
1122 5030 1213 5096 sibi
1231 5046 1411 5096 qurum
1434 5027 1691 5096 repositum
1714 5034 2003 5084 obtulerunt.

426 5090 647 5157 ῃὶιιιιιιιιι
667 5099 827 5157 autem
848 5100 891 5141 et
915 5092 1103 5157 cwleste
1124 5093 1441 5157 irttelligentes
1467 5090 1759 5157 proicipiimt
1782 5097 1886 5156 ejus
1902 5134 1913 5151 ,
1944 5098 2005 5145 li-

425 5149 536 5217 berti
567 5152 832 5219 obtulerqu
861 5154 1120 5219 odorem...
1147 5149 1418 5205 Humanum
1446 5149 1604 5205 autem
1626 5149 1671 5206 et
1694 5149 2006 5219 temporalem

422 5214 528 5273 ejus
549 5214 861 5280 mtelligentcs
884 5216 1201 5279 sepulturam,
1234 5218 1505 5269 obtulerunt
1529 5214 1795 5282 myrrham.

924 338 1028 393 \‘lll
1080 324 1377 409 liCMllJA,
1422 338 1667 395 IIABITA
1716 338 2074 403 POSTQUAM
2117 340 2518 399 PBESDYTER
2557 346 2853 415 GOTHUS,
2896 348 3047 408 ETC.

3542 360 3576 419 8
3587 361 3641 417 lli

2075 455 2219 525 leges
2238 458 2519 527 accipiunt;
2540 461 2633 515 sed
2656 465 2831 519 acerbi
2853 467 3167 523 delictorum
3192 477 3648 536 examinatoreset

2072 546 2310 602 vindices
2332 564 2545 605 sumus:
2572 554 2852 609 tribunalia
2880 557 3105 623 adimus,
3136 561 3315 633 plagas
3338 566 3641 637 infligimus,

2072 637 2508 707 castigationibus
2537 644 2752 710 utimur,
2794 647 3028 721 nihilque
3060 668 3166 707 non
3198 656 3407 724 agimus
3436 670 3493 713 ut
3519 676 3641 716 ser-

2072 742 2194 781 vum
2223 745 2251 782 a
2282 732 2512 801 nequitia
2544 746 2596 788 et
2629 736 2793 790 lilium
2829 754 2858 793 a
2901 743 3098 797 malitia
3138 747 3457 805 eximamus.
3507 751 3650 817 Qua.

2075 831 2291 889 propter
2317 823 2442 889 ipsis
2470 836 2523 879 et
2554 827 2871 899 pmdagogiis
2901 831 3225 891 instituimus
3247 880 3263 903 ,
3291 849 3345 894 et
3372 841 3438 895 ad
3484 846 3651 912 magi-

2074 919 2214 965 stros
2242 914 2515 1007 mittentes
2547 919 2717 973 minas
2744 920 3068 979 intentamns
3095 968 3109 990 ,
3138 939 3190 983 et
3235 932 3416 1002 plagas
3457 934 3653 1007 infligi-

2075 1018 2209 1055 mus.
2244 1002 2371 1071 Cur,
2399 1016 2452 1061 et
2477 1024 2577 1079 qua
2604 1011 2670 1065 de
2698 1028 2879 1078 causa,
2911 1017 2995 1071 die
3024 1018 3191 1075 mihi?
3222 1024 3267 1076 si
3294 1028 3434 1079 enim
3459 1030 3561 1097 ipsi
3576 1002 3651 1085 ex

2076 1093 2184 1187 fato
2212 1098 2557 1153 constitutum
2587 1103 2655 1155 sit
2686 1114 2743 1157 ut
2772 1107 2840 1160 sit
2874 1109 3170 1178 improbus,
3202 1115 3269 1168 ad
3299 1118 3425 1187 quid
3452 1093 3647 1179 auxilia

2075 1183 2175 1254 ipsi
2205 1194 2561 1256 praestentur?
2591 1194 2776 1249 Palam
2805 1214 2932 1267 ergo
2954 1212 3037 1256 est
3057 1218 3179 1257 eum
3205 1183 3652 1271 nonvnecessitate

2077 1276 2244 1347 ligari,
2280 1281 2374 1376 sed
2405 1285 2581 1339 omnia
2616 1288 2667 1340 in
2696 1290 2917 1345 arbitrio
2942 1294 3059 1362 ejus
3090 1297 3189 1349 sita
3217 1313 3356 1355 esse.
3404 1303 3650 1376 Quapro-

2077 1379 2193 1438 pter
2212 1372 2404 1426 auxilia
2451 1374 2661 1442 damus,
2703 1388 2758 1435 et
2795 1381 2865 1435 ab
2912 1383 3117 1453 ignavia
3149 1389 3270 1445 illos
3316 1372 3651 1467 abducinius,

2073 1470 2233 1531 atque
2260 1465 2324 1518 ad
2355 1470 2598 1523 virtutem
2626 1474 3053 1542 amplectendam
3079 1480 3397 1539 inducimus.
3426 1488 3537 1543 Cur
3557 1465 3657 1547 au;

2077 1564 2185 1610 tem
2216 1557 2266 1610 in
2287 1560 2419 1613 mari
2446 1564 2776 1633 navigamus,
2807 1576 3004 1624 terram
3027 1574 3272 1642 colimus,
3302 1579 3462 1635 nrbes
3486 1584 3657 1638 aediii-

2076 1660 2277 1709 camns,
2322 1651 2543 1705 multam
2570 1655 2886 1714 adhibemus
2928 1677 3112 1717 curam
3152 1681 3272 1722 cum
3303 1670 3657 1735 inlirmamur.

2079 1739 2331 1806 pecunias
2372 1740 2729 1811 impendimus
2748 1790 2763 1813 ,
2791 1751 3026 1807 medicos
3056 1771 3307 1815 vocamus
3328 1803 3340 1825 ,
3372 1764 3657 1832 pliarmaca

2080 1843 2347 1896 paramus,
2360 1846 2599 1890 venirent
2616 1838 2976 1906 moderantur.
2992 1856 3047 1899 et
3062 1851 3551 1919 concupiSeentiam
3568 1875 3656 1915 ca-

2077 1921 2358 1988 stigamus?
2370 1924 2423 1976 Si
2442 1927 2605 1994 enim,
2626 1940 2680 1983 ut
2701 1939 2754 1984 ιιι
2768 1930 2921 2001 dicis,
2942 1936 2994 1988 in
3014 1937 3120 1992 fato
3133 1941 3293 1995 situm
3307 1954 3392 1998 est
3407 1956 3462 2001 et
3480 1951 3660 2006 vivere

2077 2019 2131 2111 et
2158 2013 2316 2111 mori,
2346 2018 2630 2086 superflua:
2654 2032 2779 2078 sunt
2807 2029 3152 2095 pecuniarum
3192 2049 3462 2105 expensa,
3495 2057 3679 2111 super-

2079 2103 2169 2202 lini
2192 2105 2521 2202 medicorum
2552 2110 2844 2183 ingressus,
2873 2119 3138 2188 superflua
3158 2134 3242 2178 est
3263 2103 3516 2184 accurata
3540 2103 3658 2202 piti-

2080 2193 2319 2264 losophia
2335 2214 2494 2268 quam
2515 2202 2710 2259 infirmi
2728 2218 2960 2264 servant.
2980 2210 3130 2267 Nunc
3144 2226 3320 2271 autem
3346 2235 3440 2288 per
3459 2238 3521 2277 ea
3539 2193 3660 2294 qua:

2078 2301 2266 2343 onines
2282 2290 2500 2359 faciunt,
2520 2296 2803 2353 ostendunt
2817 2300 2949 2357 nihil
2968 2303 3155 2359 horum
3174 2324 3293 2363 esse
3309 2290 3657 2382 superﬂuum;

2082 2383 2177 2438 sed
2206 2384 2482 2441 facessunt
2513 2405 2577 2443 ea
2608 2407 2729 2459 quae
2758 2393 2824 2446 ad
2856 2394 3025 2449 fatum
3048 2408 3315 2466 spectant,
3342 2418 3519 2472 neque
3550 2406 3658 2460 ulla

2080 2478 2408 2551 necessitate
2440 2490 2626 2537 nostra
2657 2495 2942 2554 reguntur,
2976 2489 3160 2544 omnia
3190 2501 3374 2547 autem
3407 2494 3660 2554 libertate

2079 2563 2294 2621 arbitrii
2320 2566 2680 2625 honorantur.
2695 2573 2825 2638 Quae
2845 2584 3027 2631 autem
3049 2578 3296 2634 laborum
3320 2592 3375 2636 et
3396 2585 3667 2639 sudorum

2078 2668 2179 2725 pro
2213 2658 2419 2714 virtute
2444 2662 2775 2717 necessitas?
2800 2666 2845 2719 si
2879 2668 3024 2721 enim
3054 2685 3122 2723 ex
3158 2670 3269 2725 fato
3300 2675 3661 2730 constitutum

2077 2754 2162 2798 est
2188 2756 2249 2800 ιιι
2276 2749 2400 2817 quis
2426 2750 2497 2805 sit
2532 2752 2727 2818 bonus,
2765 2756 2878 2811 sive
2904 2758 3143 2814 dormiat
3175 2763 3291 2818 sive
3322 2775 3515 2820 stertat
3548 2767 3660 2830 ille.

2078 2835 2258 2892 bonus
2277 2839 2387 2895 erit
2414 2858 2427 2893 :
2455 2841 2565 2896 imo
2586 2860 2717 2899 vero
2747 2849 2909 2902 talem
2933 2849 3210 2905 hominem
3236 2853 3443 2908 bonum
3465 2870 3662 2909 vocare

2084 2934 2372 2997 convenit,
2400 2934 2490 3003 qui
2516 2950 2581 2990 ex
2616 2940 2939 2997 necessitate
2970 2944 3094 2999 talis
3120 2946 3209 3000 sit.
3242 2948 3378 3016 Quae
3410 2960 3488 3006 tut
3518 2954 3670 3008 labo-

2090 3041 2207 3107 rum
2239 3037 2289 3081 et
2316 3028 2573 3083 sudorum
2604 3035 2941 3088 necessitas?
2970 3037 3015 3090 si
3057 3040 3201 3094 enim
3246 3041 3337 3096 fati
3380 3047 3673 3100 necessitas

2089 3128 2193 3182 est,
2220 3127 2277 3172 ut
2302 3121 2421 3188 quis
2446 3123 2619 3178 malus
2644 3123 2713 3177 sit
2731 3163 2746 3185 ,
2777 3125 2986 3181 etiamsi
3017 3129 3217 3183 millies
3245 3146 3366 3187 sese
3398 3135 3672 3191 laboribus

2092 3209 2364 3263 excruciet
2384 3252 2398 3274 ,
2433 3212 2605 3266 malus
2645 3215 2748 3267 erit
2774 3232 2785 3265 :
2812 3216 2920 3270 imo
2943 3233 3071 3272 vero
3106 3235 3279 3289 neque
3306 3221 3449 3277 hunc
3476 3228 3672 3281 rnatum

2092 3299 2273 3354 dicere
2296 3303 2566 3368 convenit,
2596 3306 2685 3373 qui
2713 3323 2741 3357 a
2775 3311 3096 3363 necessitate
3124 3312 3373 3379 pellatur.
3403 3314 3669 3380 Quemad-

2094 3391 2310 3444 modum
2329 3392 2470 3447 cnim
2490 3395 2577 3463 qui
2595 3395 2918 3451 daemonium
2935 3398 3115 3463 habet,
3136 3403 3177 3454 si
3197 3406 3517 3460 contumelia
3539 3407 3676 3463 infe.

2096 3490 2180 3536 rat
2201 3482 2411 3551 (eodem
2432 3486 2572 3541 enim
2594 3503 2780 3542 rursus
2797 3497 2917 3544 utor
2931 3492 3221 3563 exemplo),
3242 3509 3347 3549 non
3370 3496 3519 3552 illum
3536 3498 3681 3554 dicc-

2097 3589 2217 3628 tnus
2247 3578 2694 3632 contumeliosum
2718 3620 2733 3646 ,
2757 3594 2930 3650 neque
2973 3584 3276 3651 putabimus
3298 3589 3677 3643 centumeliain

2099 3666 2245 3718 illam
2268 3682 2387 3721 esse
2405 3669 2727 3735 convicium,
2745 3671 2838 3726 sed
2859 3673 2907 3725 id
2930 3688 2996 3728 ex
3012 3676 3329 3730 necessitate
3349 3675 3676 3731 da-mnniaea

2102 3759 2343 3826 factum;
2374 3762 2454 3814 sic
2482 3777 2581 3816 nec
2614 3761 2956 3833 improbum,
2990 3767 3034 3820 si
3062 3785 3092 3819 a
3140 3766 3252 3820 fato
3281 3778 3336 3822 et
3362 3770 3682 3825 necessitate

2086 3850 2353 3926 pellatur,
2372 3852 2670 3920 improbum
2701 3869 2970 3922 vocemus,
2997 3869 3053 3910 ut
3077 3873 3177 3913 nec
3200 3859 3396 3913 bonum
3415 3862 3682 3927 similiter,

2086 3943 2321 4001 bonum.
2358 3943 2466 3997 Nisi
2518 3946 2661 3999 enim
2708 3947 2886 4001 omnia
2930 3949 3010 4003 sic
3057 3951 3469 4019 constituamus,
3525 3964 3683 4007 erunt

2105 4036 2283 4088 omnia
2308 4035 2575 4102 confusio,
2593 4039 2945 4107 perturbatio,
2975 4057 3152 4096 rerum
3178 4045 3422 4109 eversio;
3457 4059 3557 4100 nec
3577 4046 3681 4100 vir-

2110 4139 2214 4194 tus,
2237 4145 2334 4183 nec
2350 4130 2549 4185 malitia
2568 4132 2691 4195 erit;
2707 4147 2811 4186 non
2837 4142 3001 4197 artes,
3030 4150 3139 4188 non
3163 4136 3327 4206 leges,
3347 4137 3479 4191 nihil
3505 4137 3687 4207 hujus-

2108 4223 2530 4281 cemodi.Viden,'
2554 4240 2662 4294 quo
2684 4226 2863 4279 tendat
2890 4240 3013 4280 esca
3040 4228 3259 4291 diaboli,
3281 4239 3336 4284 et
3352 4231 3479 4299 quid
3500 4232 3685 4285 orbem

2110 4320 2267 4367 terra:
2284 4313 2492 4370 ellieere
2502 4318 2650 4381 velit,
2665 4326 2719 4371 et
2734 4317 2798 4371 ad
2816 4332 2976 4388 quem
3007 4320 3166 4372 linem
3187 4321 3364 4373 omnia
3390 4322 3689 4376 adducere?

2088 4403 2234 4463 ιιι-υ
2261 4414 2437 4460 autem
2466 4408 2643 4461 omnia
2665 4412 2898 4464 scientes
2919 4418 2976 4464 et
3002 4409 3084 4464 his
3110 4409 3257 4479 plura
3281 4412 3516 4480 (possem
3544 4414 3685 4467 enim

2111 4496 2275 4551 multa
2298 4497 2517 4561 addere,
2544 4499 2636 4553 sed
2658 4500 3087 4568 prudentioribus
3113 4504 3226 4555 Inec
3249 4504 3558 4569 sullieiant),
3583 4520 3682 4557 ne-

2112 4590 2335 4659 quitiam
2391 4590 2671 4659 fugiamus,
2723 4596 2969 4647 virtutem
3019 4594 3302 4664 eligamus,
3349 4606 3407 4649 ut
3433 4596 3693 4663 imprimis

2116 4683 2279 4737 Deum
2308 4684 2597 4754 propitium
2629 4687 2940 4749 habeamus,
2974 4686 3271 4754 deindeque
3301 4702 3329 4738 a
3351 4689 3597 4755 gelienna
3624 4688 3687 4740 li-

2115 4776 2364 4830 beremur
2382 4818 2398 4842 ,
2434 4788 2593 4848 atque
2617 4780 2831 4833 :eternis
2858 4780 3096 4833 fruamur
3122 4781 3273 4833 bonis
3297 4798 3310 4833 :
3336 4796 3455 4850 qnze
3488 4781 3686 4836 utinam

2116 4885 2215 4922 nos
2230 4886 2416 4922 onnies
2445 4885 2853 4937 consequamur,
2882 4872 3049 4940 gratia
3070 4881 3122 4924 et
3141 4870 3464 4939 benignitate
3484 4870 3693 4925 Domini

2116 4960 2283 5014 nostri
2310 4958 2433 5014 Jcsn
2452 4960 2672 5024 Christi,
2694 4977 2787 5030 per
2809 4977 2966 5030 quem
2993 4972 3047 5015 et
3068 4977 3307 5031 cumquo
3324 4961 3462 5016 Patri
3486 4962 3649 5031 gloria
3676 5002 3691 5027 ,

2117 5072 2215 5109 una
2237 5071 2356 5107 cum
2378 5054 2575 5123 Spiritu
2590 5066 2796 5123 sancto,
2830 5070 2968 5109 nunc
2993 5064 3046 5109 et
3073 5070 3306 5125 semper,
3334 5064 3386 5109 et
3412 5056 3464 5109 in
3492 5055 3687 5110 Saecula

2114 5149 2451 5202 swenlorum.
2478 5149 2667 5201 Amen.
