4092 6206
361 389 363 392 ‹
429 349 522 407 δη

1169 341 1230 397 S.
1255 336 1534 399 JOANNIS
1561 335 2028 396 CllllYSOSTOlll
2063 336 2380 393 ARClllEi‘.
2409 337 2935 398 (ΣΟΝΒΤΑΝΤΙΝΟΡ.

3591 349 3695 405 Si?

433 458 3689 489 υ-.-----------ά------³³-“-“⁵“““⁵Ψ““⁵⁵“““““⁸“““⁵“““““⁵““³““⁵⁵““““““““““““““““““““““““““⁶”

1780 486 2122 582 HOMILIA
2167 493 2314 586 IX.

446 669 688 740 Ejusdem
708 712 723 735 ,
755 669 893 739 quod
922 681 1020 722 non
1052 672 1284 737 oporteat
1310 664 1378 718 ad
1402 663 1589 718 circum
1619 662 1697 716 vel
1724 661 1792 715 ad
1817 661 2012 715 theatra

505 761 800 816 ascendere.
830 757 900 812 Et
926 775 1044 812 cum
1071 756 1178 811 illis
1204 754 1483 810 molestiam
1508 765 1739 818 creasset,
1761 751 1938 806 deinde
1961 751 2014 804 in

493 860 750 908 conventu
775 851 1002 921 sequenti
1033 857 1144 919 post
1171 848 1314 901 illam
1349 846 1664 900 Dominicam
1689 887 1702 910 ,
1728 861 1843 898 eum
1888 859 2009 898 con—

506 943 732 997 cessisset
753 941 990 1010 episcopo
1012 939 1235 1001 cuidam,
1263 938 1351 1008 qui
1371 953 1434 991 ea:
1459 933 1664 990 Galatia
1692 943 1891 989 venerat
1913 929 2010 1005 (a),

499 1032 834 1089 concionandi
856 1030 1172 1102 facultatem,
1193 1032 1240 1083 et
1266 1029 1374 1099 ipse
1394 1029 1654 1092 tacuisset,
1678 1036 1826 1093 atque
1843 1026 1894 1078 in
1916 1023 2011 1078 hoc

501 1141 701 1196 quoque
729 1125 848 1179 illos
874 1121 1204 1190 oﬁ‘endissct,
1251 1121 1384 1174 hanc
1427 1120 1603 1173 habuit
1653 1117 1917 1171 Itomiliam
1958 1115 2012 1178 in

500 1216 690 1289 Magna
714 1215 944 1279 ecclesia,
972 1213 1025 1267 in
1051 1211 1184 1266 illud
1214 1228 1235 1267 :
1263 1211 1422 1266 Pater
1452 1223 1604 1265 meus
1645 1223 1812 1278 usque
1852 1205 2013 1262 modo

497 1315 777 1379 operatur,
807 1315 863 1361 et
889 1319 990 1376 ego
1017 1314 1216 1375 operor
1242 1302 1423 1397 (toan.
1452 1303 1505 1358 5.
1542 1299 1761 1397 Πῌὸ).
1933 1387 1946 1397 .

501 1401 555 1453 1.
586 1393 1133 1467 Constantitmpoiitani
1159 1393 1379 1464 grauiter
1399 1391 1668 1459 increpati,
1698 1391 2008 1460 frequentioa

429 1508 512 1546 res
539 1490 606 1544 ad
635 1489 928 1544 concionem
958 1487 1180 1540 veniunt.
1200 1512 1273 1525 —-
1300 1483 1484 1554 Nuper
1510 1480 1666 1536 valde
1687 1496 1782 1534 vos
1811 1478 2011 1550 pupugi

429 1582 500 1637 de
527 1576 752 1635 theatris
774 1589 828 1632 et
855 1577 924 1631 de
949 1573 1290 1646 equestribus
1318 1573 1459 1628 ludis
1489 1572 1712 1641 loquens
1743 1586 1760 1625 :
1787 1567 2013 1638 ideoque

429 1674 583 1728 lmtor
609 1681 660 1726 et
684 1670 895 1724 exsulto
921 1667 1213 1724 secundum
1238 1665 1587 1737 apostolicam
1617 1677 1800 1718 vocem
1829 1660 2013 1716 dicen-

433 1775 541 1819 tem
571 1782 584 1815 :
613 1760 684 1816 Et
709 1761 823 1832 quis
851 1769 924 1814 est
951 1760 1038 1830 qui
1067 1775 1146 1813 me
1175 1758 1411 1827 thiﬂcet,
1443 1757 1542 1811 nisi
1571 1756 1658 1824 qui
1683 1755 2012 1810 contristatur

429 1871 494 1909 ea:
521 1869 599 1907 me
629 1853 705 1924 (2.
733 1849 856 1907 Cor.
871 1850 928 1905 2.
951 1850 1056 1920 2)?
1106 1848 1329 1904 Multum
1383 1848 1524 1904 enim
1575 1846 1729 1901 video
1777 1844 2010 1900 fructum

427 1963 492 2002 ett
528 1945 628 2000 hac
670 1943 882 1999 tristitia
925 1941 1214 1997 orientem.
1260 1939 1392 1995 Nam
1431 1951 1486 1994 et
1531 1938 1841 2010 pharmaca,
1893 1951 2012 2007 qua:

429 2040 611 2093 ulcera
632 2044 843 2101 sanant,
871 2034 1021 2106 prius
1040 2035 1259 2089 vulnera
1281 2031 1552 2098 mordent,
1575 2041 1630 2086 et
1655 2042 1783 2086 tunc
1806 2047 1837 2085 a
1863 2029 2011 2084 sanie

429 2129 658 2182 liberant
683 2145 698 2181 :
723 2131 790 2180 ita
815 2132 872 2180 et
895 2139 1078 2180 sermo
1103 2124 1193 2194 qtti
1219 2122 1518 2178 auditorem
1548 2121 1733 2193 pungit
1755 2163 1769 2187 ,
1800 2121 2010 2175 initium

427 2217 780 2275 correctionis
807 2215 950 2272 facit.
1001 2214 1149 2270 Sicut
1190 2217 1333 2268 enim
1377 2213 1430 2269 iu
1471 2208 1787 2283 corporibus
1815 2210 2012 2267 nostris

429 2325 558 2365 caro
605 2323 724 2380 qua
771 2307 940 2362 semel
982 2313 1226 2360 emortua
1269 2313 1374 2371 est,
1409 2321 1513 2358 non
1547 2304 1836 2359 sectionem
1859 2343 1874 2367 ,
1905 2318 2011 2357 non

431 2401 716 2468 pharmaca
734 2437 750 2459 ,
783 2412 888 2450 non
909 2395 1144 2450 cauteria
1166 2395 1357 2457 sentit;
1383 2394 1608 2464 ideoque
1627 2393 1838 2448 etiamsi
1864 2393 2012 2446 innm

432 2502 581 2544 mera
623 2487 997 2551 adhibeantur,
1028 2500 1132 2540 non
1178 2483 1246 2538 ad
1288 2484 1568 2538 sanitatem
1605 2483 1782 2539 redire
1813 2491 2008 2552 potest,

428 2595 555 2635 cum
605 2577 900 2633 curationis
949 2576 1158 2630 initium
1193 2583 1250 2630 et
1287 2575 1689 2629 fundamentum
1732 2574 2010 2640 amiserit;

419 2685 553 2740 qua:
578 2683 707 2724 vero
734 2669 898 2724 sentit
922 2678 978 2722 et
1007 2666 1207 2722 ferrum
1223 2675 1275 2722 et
1302 2668 1475 2736 ignem
1499 2677 1552 2721 et
1574 2667 1880 2736 pharmaca,
1904 2666 2014 2721 cito

430 2763 500 2817 ad
529 2759 888 2817 valetudinem
911 2758 1134 2814 redierit
1155 2774 1172 2813 :
1196 2759 1275 2812 sic
1297 2767 1352 2812 et
1378 2759 1430 2812 in
1461 2758 1759 2820 animabus,
1787 2773 1905 2826 qua:
1933 2758 2015 2812 in-

432 2853 664 2910 sensiles
693 2860 839 2914 sunt,
872 2865 977 2906 non
1010 2846 1166 2906 facile
1195 2860 1504 2914 mutentur;
1533 2865 1654 2920 qua:
1676 2865 1810 2906 vero
1839 2850 2016 2906 sciunt

431 2955 489 3000 et
516 2943 718 3014 pudore
743 2941 885 2997 allici
915 2951 974 2996 et
997 2941 1320 2996 erubescere
1343 2956 1406 2996 ac
1433 2940 1621 2997 dolore
1651 2943 1821 3013 premi
1853 2943 1904 2996 in
1935 2943 2018 2998 in-

431 3033 852 3104 crepationibus,
869 3032 1156 3086 maximum
1181 3031 1336 3086 nobis
1357 3033 1598 3103 praebent
1614 3042 2010 3104 argumentum,

433 3124 576 3195 quod
606 3123 713 3178 cito
737 3139 768 3178 a
799 3123 1031 3193 nequitia
1059 3121 1335 3177 destitura:
1363 3124 1489 3178 sint.
1520 3124 1805 3195 Pr0pterea
1830 3123 2018 3181 beatus

434 3217 648 3280 Paulus,
679 3229 800 3268 cum
831 3212 944 3267 h:ec
969 3213 1149 3276 sciret,
1180 3227 1275 3268 eos
1313 3214 1402 3284 qui
1441 3212 1695 3268 dolebant
1728 3215 1883 3270 valde
1915 3231 2015 3286 ap-

435 3308 714 3378 proltabat,
745 3305 916 3375 deque
945 3305 1054 3359 illis
1083 3305 1398 3372 laetabatur;
1439 3305 1506 3360 de
1537 3306 1604 3360 iis
1632 3322 1760 3361 vero
1789 3307 1879 3377 qui
1909 3322 2015 3363 non

439 3401 510 3454 ita
541 3396 715 3452 allecti
745 3405 922 3460 erant,
951 3395 1270 3464 dt-Sperahat
1297 3396 1517 3451 dicens:
1545 3396 1646 3462 Qui
1675 3398 1818 3451 nullo
1847 3397 2020 3466 a/fecti

433 3491 616 3544 dolore
640 3505 694 3543 se
720 3487 1038 3542 tradiderunt
1065 3488 1399 3558 impudicitia:
1417 3531 1433 3554 ,
1463 3489 1516 3542 in
1543 3491 1890 3559 Operationem
1920 3493 2019 3545 int-

437 3579 704 3635 munditiis
722 3579 906 3643 omnis,
929 3577 981 3630 in
1008 3579 1275 3632 auaritiam
1298 3577 1514 3648 (Ep/tes.
1535 3580 1588 3634 4.
1617 3581 1728 3649 l9).
1752 3581 1852 3647 Qui
1877 3583 2018 3637 enim

436 3672 625 3727 dolere
671 3671 843 3725 noscit
869 3709 885 3732 .
929 3669 1202 3740 quotnodo
1246 3685 1500 3740 umquam
1545 3672 1866 3742 corrigatur,
1917 3675 2018 3729 nisi

441 3766 590 3834 prius
644 3763 774 3818 illud
825 3762 1108 3818 didicerit?
1153 3763 1416 3829 Quoniam
1468 3764 1627 3833 igitur
1651 3764 1752 3820 hoc
1803 3779 1832 3820 a
1873 3768 2022 3823 vobis

438 3866 586 3912 recte
606 3855 800 3909 factum
817 3861 921 3920 est,
943 3853 1096 3908 valde
1119 3853 1439 3909 coittidimus
1459 3869 1556 3924 pro
1574 3857 1795 3912 caritate
1817 3868 1988 3912 vestra
2009 3877 2022 3915 :

438 3948 486 4001 si
512 3946 656 4001 enim
687 3945 976 4012 alloquium
1008 3959 1170 3998 ututm
1201 3945 1270 3998 ita
1301 3960 1400 3999 vos
1425 3947 1730 4010 momordit,
1752 3959 1804 4002 et
1829 3949 1884 4002 in
1911 3958 2026 4004 tau-

443 4051 551 4093 tam
582 4039 909 4092 anxietatem
939 4052 1036 4090 vos
1061 4037 1314 4106 coniecit,
1351 4045 1407 4091 ut
1430 4039 1610 4092 animo
1638 4039 1939 4096 deliceretis
1969 4051 2024 4097 et

446 4128 827 4193 turbarcmini;
861 4128 1201 4184 manifestum
1230 4137 1315 4181 est
1343 4128 1486 4197 quod
1516 4130 1754 4184 secunda
1787 4141 1841 4186 et
1868 4133 2023 4187 tertia

449 4221 652 4286 addita,
681 4221 750 4275 ab
785 4220 933 4274 omni
966 4220 1155 4274 morbo
1189 4233 1285 4273 vos
1327 4219 1593 4273 liberabit.
1643 4220 1711 4274 Et
1756 4230 1814 4275 ut
1853 4221 2026 4277 disca-

452 4317 523 4370 tis
548 4329 634 4368 me
660 4327 766 4367 non
797 4311 950 4366 vobis
975 4310 1280 4365 adulantem
1313 4307 1428 4364 hare
1451 4309 1660 4372 dicere,
1701 4327 1796 4380 per
1819 4329 1880 4367 ea
1908 4329 2026 4384 qua:

445 4422 615 4476 nuper
631 4405 949 4460 eahilruistis
965 4403 1228 4461 dictorum
1243 4413 1545 4457 nostrorum
1570 4405 1846 4460 veritatem
1873 4407 2024 4462 testi-

448 4499 586 4553 ticati
613 4497 762 4552 estis.
794 4495 1003 4551 Etenim
1030 4493 1122 4563 qui
1150 4495 1229 4549 sic
1259 4493 1518 4561 increpati
1547 4493 1770 4550 fueratis
1791 4537 1806 4562 ,
1837 4506 1896 4552 ut
1923 4499 2025 4553 do-

446 4591 630 4646 lerctis
653 4599 705 4644 et
732 4589 914 4642 animo
959 4585 1283 4650 deﬁeeretis,
1334 4585 1572 4655 proxima
1618 4585 1891 4644 Dominica
1951 4593 2022 4664 (c)

510 4702 584 4762 (η)
621 4700 742 4750 Erat
777 4704 891 4771 tunc
920 4697 1157 4771 temporis.
1183 4695 1419 4771 Leontius
1441 4699 1697 4771 episcopus
1728 4699 2023 4771 Galatarum.

447 4759 555 4816 Mos
568 4759 738 4813 autem
763 4762 975 4824 vigebat,
1000 4759 1190 4824 quando
1209 4759 1784 4824 episeotnts'peregriuus
1797 4765 2029 4818 advenie-

449 4819 1285 4899 ῒιυιιρὶιςοιιὶειηῐιξίοίξιιᾱίἥιρει-(3.⁷.
1376 4819 1391 4823 “
1680 4885 1692 4899 .
1839 4889 1870 4899 ﬂ

514 4885 585 4946 (ὸ)
631 4884 915 4946 Necessario
946 4883 1157 4946 legenda
1179 4890 1292 4934 sunt
1314 4896 1372 4933 ea
1395 4896 1505 4941 qum
1525 4884 1655 4934 circa
1679 4885 1805 4937 hunc
1836 4888 2027 4940 titulmn

448 4948 659 4997 distantis
689 4946 734 4993 in
762 4945 956 4994 Muttito.
984 4945 1188 4996 Multum
1213 4947 1381 4996 uibuit
1414 4946 1812 4998 Montel'alconius
1841 4949 1916 5000 Itis
1953 4953 2026 5001 iu—

447 5008 665 5067 dicibus,
699 5007 1003 5082 credantque
1040 5005 1164 5076 adeo
1197 5020 1286 5082 etis
1317 5007 1501 5082 additos
1523 5021 1694 5082 essea
1716 5013 1924 5082 quodam
1946 5011 2032 5073 qui

449 5079 496 5123 ε.
533 5065 742 5136 doctoris
778 5065 1422 5136 lateri‘hmsissepideretur.
1456 5069 1568 5119 Meo
1589 5065 1739 5136 lateri
1766 5065 2026 5136 numquam

451 5120 686 5196 ejusmodi
727 5126 850 5177 latro
887 5129 1368 5196 barbaruslnereat,
1405 5144 1561 5196 apage
1586 5134 1598 5181 Ξ
1623 5120 1856 5196 Plerique
1889 5120 2028 5186 Ennii

450 5189 640 5240 indices
671 5191 838 5255 harum
875 5189 1098 5255 undecim
1133 5189 1446 5255 ltomiliarum'
1469 5189 1532 5255 ita
1565 5203 1678 5242 sunt
1710 5189 1938 5255 corrupti,
1978 5205 2030 5247 ut

451 5266 546 5301 nec
582 5251 890 5313 grammatica
923 5253 1045 5299 ratio
1076 5260 1282 5301 constet.
1326 5251 1374 5300 Id
1414 5253 1558 5301 etiam
1582 5258 1807 5304 convenit
1830 5251 1875 5304 in
1902 5251 2031 5309 hunc

452 5313 676 5363 indicem.
714 5313 941 5362 Breviter
974 5326 1100 5362 nunc
1134 5322 1298 5362 contra
1332 5313 1468 5363 ludos
1491 5316 1737 5366 circenses
1766 5326 1817 5367 et
1840 5320 2029 5369 theatra

448 5375 682 5436 disputat,
705 5373 831 5435 quod
854 5373 1096 5436 copiosius
1113 5381 1163 5421 et
1181 5375 1522 5425 vehementius
1542 5377 1605 5425 de
1627 5391 1681 5425 re
1701 5379 1871 5428 eadem
1893 5382 2030 5429 dixe-

450 5433 788 5500 vat’itLuItit'na
807 5433 926 5484 ante
946 5433 1069 5485 hanc
1092 5436 1302 5497 homilia,
1327 5451 1436 5500 qua:
1459 5439 1638 5500 legitur
1663 5447 1698 5488 t.
1723 5440 1770 5498 6,
1797 5441 1890 5492 col.
1915 5444 2027 5492 265.

509 5514 770 5544 α.ιυΑττη.

449 5495 909 5620 ηῗέὶῗέίὲἒῗίηῳιὶι
924 5556 1212 5617 Matthteius,
1228 5559 1364 5607 istam
1381 5558 1592 5609 ultimam
1605 5561 1846 5612 ltomiliam
1864 5565 2034 5617 habuit

451 5617 990 5692 ﬁtbbatofldomiutcam
1024 5628 1186 5692 aut-em
1223 5620 1302 5692 hic
1331 5621 1546 5692 appellat
1579 5623 1762 5692 festum
1779 5628 2028 5686 paschatis.

457 5677 524 5727 Eo
545 5679 908 5750 die_t_3piscqp.us
931 5692 993 5749 ex
1021 5680 1205 5750 Galatia
1229 5677 1714 5750 habuit'couciouem.
1732 5677 1886 5737 Recte
1911 5704 2032 5750 ergo

451 5746 618 5787 contra
630 5738 1051 5799 Motttt‘ﬁlmnium
1071 5742 1237 5790 videor
1254 5742 1476 5792 docmsse
1491 5747 1627 5794 istam
1649 5747 1713 5796 ult
1725 5750 1734 5796 i
1745 5763 1862 5796 mam
1878 5738 2029 5799 homi-

430 5795 547 5851 liam
560 5809 657 5848 non
668 5796 1023 5862 die,l)ominica,
1033 5802 1122 5852 sed
1135 5803 1334 5853 sabbato
1351 5813 1463 5854 ante
1477 5821 1489 5868 ι
1509 5809 1646 5857 ascita
1658 5795 1776 5858 csse
1793 5795 2013 5860 animi.

2121 663 2264 719 illam
2294 666 2630 739 insequente,
2655 672 2987 743 splendidius
3029 679 3185 737 nobis
3229 680 3499 740 theatrum
3539 686 3694 743 eahi-

2118 755 2332 824 huistls,
2357 763 2778 819 numerosiorem
2802 779 3124 825 conventum
3145 780 3198 827 et
3223 773 3478 844 majorem
3506 777 3698 834 alacri-

2119 854 2318 912 tatem;
2350 865 2642 923 omnesque
2668 859 2912 928 suspensi
2942 861 3139 927 eratis,
3173 863 3312 919 sicut
3351 863 3693 927 hirundinum

2117 939 2245 1008 pulli
2267 941 2440 997 auido
2468 945 2781 1014 pendentes,
2801 960 2856 1005 et
2875 951 2942 1007 ad
2965 952 3199 1024 linguam
3223 965 3458 1012 uestram
3488 959 3698 1016 inhian-

2116 1035 2218 1083 tes.
2245 1029 2444 1088 Deinde
2467 1036 2586 1104 quia
2621 1038 2767 1092 fratri
2793 1050 3000 1108 nostro,
3029 1045 3117 1114 qui
3139 1061 3204 1100 ex
3227 1047 3429 1103 Galatia
3454 1063 3694 1121 venerat,

2115 1127 2275 1187 quem
2303 1133 2358 1176 et
2388 1134 2604 1194 propter
2643 1127 2812 1198 ipsam
2863 1129 3120 1188 Ecclesia:
3165 1135 3336 1207 legem
3383 1141 3696 1211 peregrinos

2117 1205 2189 1264 ita
2218 1214 2488 1282 suscipere
2509 1215 2788 1286 jubentem
2808 1263 2823 1285 ,
2854 1231 2907 1278 et
2957 1234 3173 1295 promer
3213 1205 3572 1286 venerandam
3602 1249 3692 1288 ca-

2117 1298 2298 1358 nitiem
2330 1302 2740 1372 ltonorahamus,
2767 1311 2938 1367 locum
2969 1318 3230 1373 cessimus
3257 1327 3311 1375 ut
3339 1323 3694 1380 concionare-

2116 1395 2223 1459 tur,
2247 1396 2607 1455 occlamantes
2629 1402 2980 1472 recedebatis,
3004 1409 3236 1478 graviter
3259 1409 3513 1477 ferentes,
3537 1416 3694 1483 quasi

2111 1482 2221 1554 jam
2251 1484 2342 1540 ditt
2369 1485 2505 1544 fame
2553 1497 2949 1563 prcmeremini,
2992 1507 3046 1553 et
3092 1499 3322 1570 linguam
3350 1482 3586 1559 nostram
3623 1509 3694 1561 ita

2116 1585 2388 1632 secantem
2482 1593 2816 1653 exoptantes.
2868 1586 3008 1642 illam
3056 1606 3251 1664 nempe
3304 1593 3694 1666 increpantem,

2117 1679 2458 1738 pungentctn,
2487 1672 2722 1728 dolorem
2743 1675 3075 1743 aiierentem,
3107 1680 3333 1752 idipsum
3360 1681 3610 1741 facientes
3635 1706 3699 1744 ac

2115 1759 2160 1813 si
2189 1761 2441 1828 puerulus
2468 1764 2800 1834 verberatus,
2845 1769 3170 1843 int-repatus,
3198 1790 3264 1830 ne
3301 1776 3379 1830 sic
3405 1778 3618 1850 quidem
3666 1797 3698 1834 a

2115 1859 2286 1905 matre
2303 1851 2606 1920 absisteret,
2636 1853 2729 1911 sed
2763 1859 2977 1927 plorans
3003 1872 3336 1934 sequeretur,
3364 1869 3698 1925 vestimentis

2115 1942 2301 1996 matris
2315 1942 2382 1996 ab
2404 1943 2568 2000 latere
2594 1945 2822 2015 haerens,
2858 1959 2910 2004 et
2931 1965 2990 2006 se
3023 1955 3241 2009 trahens
3263 1967 3378 2026 post
3401 1951 3543 2013 illam
3573 1973 3697 2014 cum

2116 2031 2595 2090 lamentationibus.
2616 2031 2902 2108 Propterea
2921 2043 3130 2098 exsulto
3149 2053 3202 2099 et
3222 2048 3393 2116 gestio
3418 2064 3525 2117 pra:
3549 2051 3699 2104 volu-

2117 2129 2279 2190 ptate,
2306 2122 2624 2196 beatumque
2647 2143 2734 2183 me
2763 2145 2881 2184 esse
2909 2133 3141 2200 praedico
3159 2135 3297 2191 inter
3327 2145 3404 2191 tot
3430 2149 3698 2196 amatores

2115 2212 2458 2281 concionaus,
2497 2230 2591 2272 vos
2622 2216 2700 2272 sic
2730 2219 3024 2288 pendentes
3050 2221 3252 2281 habens
3278 2242 3309 2282 e
3341 2227 3515 2297 lingua
3555 2246 3694 2284 mea.

2116 2298 2229 2355 Hoc
2256 2303 2385 2358 milti
2412 2304 2561 2360 radio
2597 2308 2757 2363 solari
2788 2309 2995 2367 dulcius
3023 2323 3137 2380 est,
3168 2315 3270 2372 hoc
3310 2317 3429 2374 luce
3448 2322 3695 2388 suavius;

2117 2391 2218 2448 hoc
2236 2396 2338 2448 vita
2352 2407 2495 2453 certe
2511 2407 2613 2466 est,
2633 2409 2740 2455 tam
2761 2412 2942 2472 gratos
2959 2405 3153 2462 habere
3169 2409 3460 2477 auditores,
3479 2415 3568 2484 qui
3591 2431 3698 2472 non

2117 2485 2276 2539 modo
2300 2487 2572 2555 plaudere,
2592 2491 2683 2546 sed
2708 2495 2869 2549 etiam
2891 2497 3084 2567 corrigi
3113 2502 3314 2567 volunt,
3332 2503 3422 2569 qui
3441 2505 3698 2578 increpati

2116 2591 2222 2630 non
2253 2576 2513 2645 resiliunt,
2537 2579 2631 2636 sed
2652 2581 2717 2637 ad
2745 2583 3107 2656 increpantem
3131 2591 3459 2663 confugiunt.
3483 2576 3608 2653 ideo
3647 2612 3704 2656 et

2116 2683 2216 2740 ego
2239 2687 2360 2725 cum
2391 2673 2580 2744 majori
2626 2676 2902 2737 alacritate
2945 2696 3038 2738 vos
3063 2685 3433 2757 alloquuturus
3462 2709 3579 2748 sum
3601 2737 3615 2761 ,
3648 2708 3704 2754 et

2119 2776 2289 2833 nuper
2311 2763 2573 2822 dictorum
2601 2770 2849 2840 reliquias
2875 2775 3180 2833 redditurus
3212 2779 3405 2848 hodie;
3453 2785 3702 2857 increpa-

2119 2853 2263 2910 tione
2283 2870 2424 2912 nnnc
2440 2857 2676 2922 dimissa,
2690 2877 2755 2917 ne
2766 2880 2946 2920 rursus
2965 2866 3181 2937 ignavos
3202 2853 3704 2934 iucusandostucliu-

2119 2943 2196 2999 sis
2211 2945 2462 3001 damnum
2481 2949 2763 3008 aderamus
2783 2995 2798 3020 ,
2831 2954 2956 3010 dum
2981 2966 3146 3014 totum
3168 2961 3492 3034 colloquium
3512 2969 3578 3022 ad
3609 2987 3705 3028 eos

2121 3039 2790 3107 arguendosinsumemus.
2820 3046 3040 3103 Etiamsi
3059 3053 3200 3106 enim
3221 3054 3353 3109 nihil
3372 3073 3402 3110 a
3435 3059 3588 3112 nobis
3616 3063 3703 3115 di-

2121 3141 2355 3195 ceretur,
2386 3132 2438 3187 id
2465 3134 2608 3204 quod
2645 3136 2761 3192 heri
2789 3140 3012 3212 contigit
3057 3144 3187 3198 satis
3228 3155 3373 3202 esset
3400 3149 3465 3204 ad
3493 3166 3586 3206 eos
3611 3152 3721 3222 qui

2122 3236 2246 3292 erga
2276 3224 2684 3292 hippodromum
2713 3228 2922 3287 fuerttnt
2948 3242 3000 3287 tet
3029 3235 3173 3291 rabie
3197 3237 3485 3308 ducuntur,
3510 3245 3579 3298 ah
3607 3247 3707 3303 hac

2124 3312 2495 3386 intempestiva
2524 3321 2957 3390 concupiscentia
2987 3328 3330 3384 avertendos.
3360 3331 3571 3388 Etenim
3600 3351 3708 3391 ειε-

2129 3405 2226 3460 des
2255 3407 2306 3460 in
2340 3407 2691 3479 hippodromo
2718 3411 2832 3468 heri
2865 3427 3067 3485 patrata
3104 3419 3202 3491 (α),
3231 3423 3485 3494 tragtedia
3519 3427 3704 3483 urbem

2125 3505 2290 3552 totam
2322 3500 2579 3570 implevit,
2612 3504 2896 3560 mulieritm
2927 3509 3123 3564 ριιοιιος
3152 3513 3598 3582 circumattraxit,
3631 3514 3708 3573 to.

2126 3604 2243 3645 rum
2273 3591 2518 3647 lamentis
2543 3594 2721 3649 multis
2749 3596 3006 3666 replevit,
3031 3601 3156 3655 dum
3183 3603 3229 3656 is
3252 3607 3343 3674 qui
3386 3621 3414 3659 a
3462 3610 3708 3666 curribus

2125 3681 2197 3734 ita
2225 3681 2860 3742 miscrabilitcrconcisus
2888 3699 2939 3743 et
2969 3689 3240 3760 disceptus
3269 3692 3465 3761 fuerat,
3485 3713 3581 3768 per
3597 3716 3710 3755 meo

2126 3769 2270 3825 dium
2313 3773 2561 3842 populum
2599 3785 2915 3844 gestaretur.
2937 3778 3032 3834 llic
3060 3791 3114 3834 ut
3145 3784 3284 3849 novi,
3319 3787 3407 3853 qui
3455 3791 3710 3856 postridie

2126 3863 2390 3932 nuptiales
2435 3864 2708 3934 lampadas
2755 3874 3082 3926 accensuros
3128 3884 3264 3942 erat,
3300 3891 3421 3931 cum
3468 3884 3708 3949 apparati

2129 3954 2345 4009 thalami
2377 3967 2576 4022 essent,
2610 3968 2661 4012 et
2692 3960 2871 4013 omnia
2903 3961 2967 4014 ad
3002 3963 3216 4032 nuptias
3239 3969 3578 4033 concinnata,
3611 3971 3712 4028 sub

2129 4046 2379 4102 Praetoris
2403 4050 2610 4116 ordine,
2639 4048 2692 4106 iu
2722 4052 2900 4108 stadio
2937 4054 3113 4109 locum
3147 4059 3371 4128 habens,
3413 4077 3534 4117 cum
3569 4065 3705 4120 infra

2128 4149 2387 4204 curreret,
2413 4141 2732 4197 instantibus
2753 4144 2951 4214 aurigis
2973 4155 3025 4201 et
3051 4159 3234 4204 mutuo
3259 4156 3720 4225 concertantibus,

2131 4228 2338 4284 tnedius
2366 4231 2693 4302 interceptus
2713 4275 2729 4300 ,
2763 4235 3048 4291 violentam
3084 4239 3227 4295 illam
3271 4253 3325 4297 et
3356 4245 3711 4303 miserabilem

2131 4331 2358 4373 mortem
2389 4321 2570 4389 subiit,
2601 4325 2774 4393 capite
2801 4336 2857 4381 et
2881 4331 3135 4384 extremis
3164 4331 3422 4390 membris
3437 4336 3709 4394 abscissis.

2201 4413 2255 4468 2.
2308 4413 2550 4471 Vidistin‘
2578 4419 2911 4491 hippodromi
2941 4421 3208 4480 fructum?
3244 4427 3307 4482 Et
3328 4431 3452 4500 quid
3480 4432 3547 4487 ad
3575 4451 3671 4490 nos
3693 4475 3711 4500 ,

2131 4505 2342 4575 inquies
2366 4548 2380 4571 ,
2409 4509 2496 4577 qui
2526 4524 2738 4564 sursum
2767 4513 3054 4570 sedemus?
3081 4515 3159 4572 Ad
3189 4535 3283 4573 vos
3318 4521 3585 4579 maxime:
3611 4527 3714 4582 nisi

2129 4598 2272 4652 enim
2290 4614 2384 4654 vos
2401 4605 2750 4659 concurrendi
2765 4606 2994 4661 studimn
3010 4611 3436 4681 cxcitaretis,illa
3456 4615 3590 4671 infra
3606 4635 3712 4673 non

2131 4691 2456 4747 evenissent.
2504 4695 2608 4750 Sed
2637 4711 2703 4752 ne
2732 4715 2917 4752 rursus
2945 4701 3306 4758 molestiorem
3348 4706 3567 4762 reddam
3595 4725 3714 4764 scr-

2133 4800 2344 4839 monem
2373 4796 2426 4841 et
2456 4789 2643 4844 vulnus
2672 4788 2916 4846 refricem
2948 4835 2962 4858 ,
2998 4792 3111 4849 ham
3139 4808 3330 4853 vestrm
3369 4803 3715 4860 conscientia:

2135 4878 2443 4948 relinquens
2467 4920 2483 4944 ,
2516 4893 2686 4948 nuper
2710 4882 2975 4938 dictorum
3006 4888 3256 4956 reliquias
3292 4891 3424 4948 dare
3453 4897 3710 4954 cnttabor.

2131 4968 2385 5035 Qua-nam
2411 4985 2540 5040 ergo
2565 4988 2733 5042 nuper
2761 4974 3104 5032 dicebamus?
3125 4979 3415 5039 Narrabam
3443 4985 3711 5044 Christum

2134 5059 2536 5116 fundamentum
2568 5067 2746 5119 vocari
2785 5067 2803 5136 (
2832 5068 2882 5122 Ι.
2907 5068 3028 5124 Cor.
3062 5072 3117 5126 5.
3150 5073 3208 5127 ii
3239 5075 3294 5142 ),
3325 5084 3381 5129 ut
3407 5079 3498 5147 qui
3530 5083 3710 5136 omnia

2135 5157 2311 5220 portet
2334 5189 2350 5216 ,
2373 5151 2634 5206 sustineat
2656 5164 2814 5224 atque
2835 5170 3007 5225 geSIet
3033 5173 3045 5212 :
3071 5159 3172 5216 hoc
3193 5178 3335 5220 nunc
3360 5181 3424 5220 ex
3450 5169 3558 5222 alio
3586 5187 3713 5241 upo-

2135 5239 2324 5294 Stolico
2375 5239 2519 5294 dicto
2568 5241 2939 5303 demonstrare
2985 5251 3149 5307 volo:
3183 5251 3270 5308 hic
3304 5257 3448 5310 enim
3487 5261 3578 5329 qui
3619 5239 3711 5315 illa

2133 5331 2286 5395 dixit,
2306 5330 2505 5385 dictum
2523 5334 2648 5388 illttd
2683 5336 3039 5407 interpretans
3058 5345 3163 5402 ait:
3188 5344 3288 5411 Qui
3310 5362 3428 5401 cum
3456 5351 3522 5404 sit
3544 5352 3714 5420 splen-

2136 5423 2233 5478 dor
2269 5424 2447 5489 gloria:
2489 5435 2536 5479 et
2582 5430 2746 5498 ﬁgura
2789 5431 3085 5488 substantia:
3125 5438 3264 5508 ejus,
3297 5451 3507 5510 portans
3545 5447 3717 5498 omnia

2135 5513 2282 5569 verba
2309 5516 2508 5571 uirtutis
2532 5535 2654 5584 sum,
2680 5538 2768 5590 per
2786 5523 3006 5593 seipsnm
3028 5528 3377 5598 purgationem
3399 5533 3612 5601 faciens,
3630 5552 3712 5590 se-

2200 5626 2272 5696 (ᾳ)
2296 5624 2425 5692 Ergo
2445 5629 2590 5696 etiam
2607 5630 2854 5696 Dominica
2872 5635 3108 5696 paschalis
3125 5638 3314 5692 lberam
3329 5640 3426 5692 ludi
3449 5646 3708 5696 circenses.

2139 5687 2323 5767 Eodem
2345 5687 2494 5767 ¹ιῖιοίιο
2519 5695 2666 5767 etiam
2688 5687 2980 5767 Antiocl'teui
3010 5687 3711 5767 ittjfjuitlot‘rt—ag—uov

2135 5751 2524 5863 ἳῖῗξΐξιΡωδπα·
2554 5755 2622 5806 ετ·
2643 5763 2676 5808 ιι
2703 5756 2750 5820 ει
2776 5757 2868 5810 θυι·
2896 5759 2998 5822 155.
3029 5751 3248 5826 131:5”
3266 5751 3711 5831 ;’u‘i."t,".;a;'st.

2189 5830 2326 5862 ΔΥΤΗ.
