  <div class='ocr_page' id='page_1' title='image "/cluster/home/n/w/nwhite01/storage/ocr_20150623/63/hvd.32044054112164/408.png"; bbox 0 0 4092 6206; ppageno 0'>
   <div class='ocr_carea' id='block_1_1' title="bbox 321 309 497 382">
    <p class='ocr_par' dir='ltr' id='par_1_1' title="bbox 321 309 497 382">
     <span class='ocr_line' id='line_1_1' title="bbox 321 309 497 382; baseline -0.017 0"><span class='ocrx_word' id='word_1_1' title='bbox 321 325 426 382; x_wconf 71' lang='lat'><strong>315</strong></span> <span class='ocrx_word' id='word_1_2' title='bbox 482 309 497 322; x_wconf 80' lang='grc'><strong><em>’</em></strong></span> 
     </span>
    </p>
   </div>
   <div class='ocr_carea' id='block_1_2' title="bbox 324 436 1894 513">
    <p class='ocr_par' dir='ltr' id='par_1_2' title="bbox 324 436 1894 513">
     <span class='ocr_line' id='line_1_2' title="bbox 324 436 1894 513; baseline -0.007 -12"><span class='ocrx_word' id='word_1_3' title='bbox 324 451 404 502; x_wconf 71' lang='lat' dir='ltr'><strong>det</strong></span> <span class='ocrx_word' id='word_1_4' title='bbox 428 448 479 499; x_wconf 88' lang='lat' dir='ltr'><strong>in</strong></span> <span class='ocrx_word' id='word_1_5' title='bbox 511 446 719 498; x_wconf 67' lang='lat' dir='ltr'><strong>dextera</strong></span> <span class='ocrx_word' id='word_1_6' title='bbox 752 442 1117 513; x_wconf 86' lang='lat' dir='ltr'><strong>magnitudinis</strong></span> <span class='ocrx_word' id='word_1_7' title='bbox 1159 443 1211 494; x_wconf 87' lang='lat' dir='ltr'><strong>in</strong></span> <span class='ocrx_word' id='word_1_8' title='bbox 1241 440 1451 495; x_wconf 75' lang='lat' dir='ltr'><strong>excelsis</strong></span> <span class='ocrx_word' id='word_1_9' title='bbox 1479 440 1497 510; x_wconf 94' lang='lat'>(</span> <span class='ocrx_word' id='word_1_10' title='bbox 1526 437 1683 491; x_wconf 86' lang='lat' dir='ltr'><strong>Ilebr.</strong></span> <span class='ocrx_word' id='word_1_11' title='bbox 1712 437 1764 491; x_wconf 92' lang='grc'><strong>1.</strong></span> <span class='ocrx_word' id='word_1_12' title='bbox 1794 436 1830 490; x_wconf 75' lang='lat'><strong>3</strong></span> <span class='ocrx_word' id='word_1_13' title='bbox 1854 438 1894 501; x_wconf 89' lang='lat'><strong>).</strong></span> 
     </span>
    </p>
   </div>
   <div class='ocr_carea' id='block_1_3' title="bbox 321 526 1899 603">
    <p class='ocr_par' dir='ltr' id='par_1_3' title="bbox 321 526 1899 603">
     <span class='ocr_line' id='line_1_3' title="bbox 321 526 1899 603; baseline -0.006 -13"><span class='ocrx_word' id='word_1_14' title='bbox 321 538 456 603; x_wconf 84' lang='lat' dir='ltr'><strong>Quid</strong></span> <span class='ocrx_word' id='word_1_15' title='bbox 486 545 572 592; x_wconf 84' lang='lat' dir='ltr'><strong>est</strong></span> <span class='ocrx_word' id='word_1_16' title='bbox 602 534 729 588; x_wconf 91' lang='lat' dir='ltr'><strong>illud</strong></span> <span class='ocrx_word' id='word_1_17' title='bbox 754 576 772 601; x_wconf 90' lang='lat'><strong>,</strong></span> <span class='ocrx_word' id='word_1_18' title='bbox 802 532 1062 587; x_wconf 78' lang='lat' dir='ltr'><strong>Portam?</strong></span> <span class='ocrx_word' id='word_1_19' title='bbox 1084 534 1329 601; x_wconf 77' lang='lat' dir='ltr'><strong>Regens,</strong></span> <span class='ocrx_word' id='word_1_20' title='bbox 1354 532 1666 600; x_wconf 77' lang='lat' dir='ltr'><strong>gubernans</strong></span> <span class='ocrx_word' id='word_1_21' title='bbox 1685 569 1702 594; x_wconf 94' lang='lat'><strong>,</strong></span> <span class='ocrx_word' id='word_1_22' title='bbox 1730 526 1899 581; x_wconf 82' lang='lat' dir='ltr'><strong>admi-</strong></span> 
     </span>
    </p>
   </div>
   <div class='ocr_carea' id='block_1_4' title="bbox 325 621 1899 697">
    <p class='ocr_par' dir='ltr' id='par_1_4' title="bbox 325 621 1899 697">
     <span class='ocr_line' id='line_1_4' title="bbox 325 621 1899 697; baseline -0.007 -13"><span class='ocrx_word' id='word_1_23' title='bbox 325 631 581 690; x_wconf 82' lang='lat' dir='ltr'><strong>nistrans.</strong></span> <span class='ocrx_word' id='word_1_24' title='bbox 626 628 917 697; x_wconf 80' lang='lat' dir='ltr'><strong>imperans,</strong></span> <span class='ocrx_word' id='word_1_25' title='bbox 957 627 1272 691; x_wconf 87' lang='lat' dir='ltr'><strong>continens,</strong></span> <span class='ocrx_word' id='word_1_26' title='bbox 1316 633 1553 693; x_wconf 87' lang='lat' dir='ltr'><strong>gestans.</strong></span> <span class='ocrx_word' id='word_1_27' title='bbox 1584 621 1698 677; x_wconf 88' lang='lat' dir='ltr'><strong>Non</strong></span> <span class='ocrx_word' id='word_1_28' title='bbox 1726 622 1899 675; x_wconf 90' lang='lat' dir='ltr'><strong>solum</strong></span> 
     </span>
    </p>
   </div>
   <div class='ocr_carea' id='block_1_5' title="bbox 322 714 1900 786">
    <p class='ocr_par' dir='ltr' id='par_1_5' title="bbox 322 714 1900 786">
     <span class='ocr_line' id='line_1_5' title="bbox 322 714 1900 786; baseline -0.006 -10"><span class='ocrx_word' id='word_1_29' title='bbox 322 724 462 777; x_wconf 89' lang='lat' dir='ltr'><strong>enim</strong></span> <span class='ocrx_word' id='word_1_30' title='bbox 477 737 539 775; x_wconf 78' lang='lat' dir='ltr'><strong>ex</strong></span> <span class='ocrx_word' id='word_1_31' title='bbox 558 736 660 774; x_wconf 89' lang='lat' dir='ltr'><strong>non</strong></span> <span class='ocrx_word' id='word_1_32' title='bbox 679 718 1007 773; x_wconf 82' lang='lat' dir='ltr'><strong>exstantibus</strong></span> <span class='ocrx_word' id='word_1_33' title='bbox 1020 717 1195 771; x_wconf 89' lang='lat' dir='ltr'><strong>omnia</strong></span> <span class='ocrx_word' id='word_1_34' title='bbox 1212 716 1479 786; x_wconf 86' lang='lat' dir='ltr'><strong>produxit,</strong></span> <span class='ocrx_word' id='word_1_35' title='bbox 1500 715 1592 770; x_wconf 86' lang='lat' dir='ltr'><strong>sed</strong></span> <span class='ocrx_word' id='word_1_36' title='bbox 1612 714 1761 769; x_wconf 79' lang='lat' dir='ltr'><strong>factis</strong></span> <span class='ocrx_word' id='word_1_37' title='bbox 1780 728 1900 783; x_wconf 89' lang='lat' dir='ltr'><strong>pro-</strong></span> 
     </span>
    </p>
   </div>
   <div class='ocr_carea' id='block_1_6' title="bbox 323 806 1901 881">
    <p class='ocr_par' dir='ltr' id='par_1_6' title="bbox 323 806 1901 881">
     <span class='ocr_line' id='line_1_6' title="bbox 323 806 1901 881; baseline -0.006 -13"><span class='ocrx_word' id='word_1_38' title='bbox 323 814 485 878; x_wconf 85' lang='lat' dir='ltr'><strong>videt,</strong></span> <span class='ocrx_word' id='word_1_39' title='bbox 514 822 570 867; x_wconf 90' lang='lat' dir='ltr'><strong>ut</strong></span> <span class='ocrx_word' id='word_1_40' title='bbox 597 813 755 867; x_wconf 82' lang='lat' dir='ltr'><strong>Pater</strong></span> <span class='ocrx_word' id='word_1_41' title='bbox 775 811 863 881; x_wconf 89' lang='lat' dir='ltr'><strong>qui</strong></span> <span class='ocrx_word' id='word_1_42' title='bbox 910 809 1054 863; x_wconf 90' lang='lat' dir='ltr'><strong>illum</strong></span> <span class='ocrx_word' id='word_1_43' title='bbox 1078 809 1277 878; x_wconf 80' lang='lat' dir='ltr'><strong>genuit.</strong></span> <span class='ocrx_word' id='word_1_44' title='bbox 1326 806 1448 862; x_wconf 89' lang='lat' dir='ltr'><strong>Ideo</strong></span> <span class='ocrx_word' id='word_1_45' title='bbox 1493 807 1594 861; x_wconf 86' lang='lat' dir='ltr'><strong>hoc</strong></span> <span class='ocrx_word' id='word_1_46' title='bbox 1618 806 1901 860; x_wconf 87' lang='lat' dir='ltr'><strong>declarans</strong></span> 
     </span>
    </p>
   </div>
   <div class='ocr_carea' id='block_1_7' title="bbox 322 900 1901 971">
    <p class='ocr_par' dir='ltr' id='par_1_7' title="bbox 322 900 1901 971">
     <span class='ocr_line' id='line_1_7' title="bbox 322 900 1901 971; baseline -0.008 -11"><span class='ocrx_word' id='word_1_47' title='bbox 322 907 530 961; x_wconf 89' lang='lat' dir='ltr'><strong>dicebat</strong></span> <span class='ocrx_word' id='word_1_48' title='bbox 551 923 566 960; x_wconf 88' lang='lat'><strong>:</strong></span> <span class='ocrx_word' id='word_1_49' title='bbox 587 904 743 959; x_wconf 88' lang='lat' dir='ltr'><strong>Pater</strong></span> <span class='ocrx_word' id='word_1_50' title='bbox 758 920 895 957; x_wconf 90' lang='lat' dir='ltr'><strong>meus</strong></span> <span class='ocrx_word' id='word_1_51' title='bbox 911 918 1064 971; x_wconf 87' lang='lat' dir='ltr'><strong>usque</strong></span> <span class='ocrx_word' id='word_1_52' title='bbox 1075 900 1223 955; x_wconf 87' lang='lat' dir='ltr'><strong>modo</strong></span> <span class='ocrx_word' id='word_1_53' title='bbox 1250 909 1507 970; x_wconf 86' lang='lat' dir='ltr'><strong>aperatur,</strong></span> <span class='ocrx_word' id='word_1_54' title='bbox 1528 907 1572 953; x_wconf 85' lang='lat' dir='ltr'><strong>et</strong></span> <span class='ocrx_word' id='word_1_55' title='bbox 1601 914 1691 968; x_wconf 86' lang='lat' dir='ltr'><strong>ego</strong></span> <span class='ocrx_word' id='word_1_56' title='bbox 1720 910 1901 966; x_wconf 83' lang='lat' dir='ltr'><strong>operor</strong></span> 
     </span>
    </p>
   </div>
   <div class='ocr_carea' id='block_1_8' title="bbox 325 991 1900 1072">
    <p class='ocr_par' dir='ltr' id='par_1_8' title="bbox 325 991 1900 1072">
     <span class='ocr_line' id='line_1_8' title="bbox 325 991 1900 1072; baseline -0.005 -20"><span class='ocrx_word' id='word_1_57' title='bbox 325 1000 503 1072; x_wconf 81' lang='lat' dir='ltr'><strong>(Joan.</strong></span> <span class='ocrx_word' id='word_1_58' title='bbox 537 1000 591 1055; x_wconf 82' lang='grc'><strong>5.</strong></span> <span class='ocrx_word' id='word_1_59' title='bbox 621 999 732 1067; x_wconf 87' lang='grc'><strong>17).</strong></span> <span class='ocrx_word' id='word_1_60' title='bbox 764 995 993 1067; x_wconf 82' lang='lat' dir='ltr'><strong>Ideoque</strong></span> <span class='ocrx_word' id='word_1_61' title='bbox 1020 995 1187 1065; x_wconf 88' lang='lat' dir='ltr'><strong>magis</strong></span> <span class='ocrx_word' id='word_1_62' title='bbox 1212 992 1525 1063; x_wconf 67' lang='lat' dir='ltr'><strong>qumrelrant</strong></span> <span class='ocrx_word' id='word_1_63' title='bbox 1564 993 1709 1046; x_wconf 87' lang='lat' dir='ltr'><strong>illum</strong></span> <span class='ocrx_word' id='word_1_64' title='bbox 1732 991 1900 1045; x_wconf 66' lang='lat' dir='ltr'><strong>Judmi</strong></span> 
     </span>
    </p>
   </div>
   <div class='ocr_carea' id='block_1_9' title="bbox 325 1082 1899 1158">
    <p class='ocr_par' dir='ltr' id='par_1_9' title="bbox 325 1082 1899 1158">
     <span class='ocr_line' id='line_1_9' title="bbox 325 1082 1899 1158; baseline -0.006 -12"><span class='ocrx_word' id='word_1_65' title='bbox 325 1092 645 1157; x_wconf 66' lang='lat' dir='ltr'><strong>interficere,</strong></span> <span class='ocrx_word' id='word_1_66' title='bbox 678 1106 784 1144; x_wconf 90' lang='lat' dir='ltr'><strong>non</strong></span> <span class='ocrx_word' id='word_1_67' title='bbox 830 1089 1001 1143; x_wconf 92' lang='lat' dir='ltr'><strong>solum</strong></span> <span class='ocrx_word' id='word_1_68' title='bbox 1031 1088 1153 1158; x_wconf 89' lang='lat' dir='ltr'><strong>quia</strong></span> <span class='ocrx_word' id='word_1_69' title='bbox 1185 1086 1432 1142; x_wconf 87' lang='lat' dir='ltr'><strong>solvebat</strong></span> <span class='ocrx_word' id='word_1_70' title='bbox 1454 1085 1753 1149; x_wconf 73' lang='lat' dir='ltr'><strong>sabbatum,</strong></span> <span class='ocrx_word' id='word_1_71' title='bbox 1805 1082 1899 1137; x_wconf 90' lang='lat' dir='ltr'><strong>sed</strong></span> 
     </span>
    </p>
   </div>
   <div class='ocr_carea' id='block_1_10' title="bbox 325 1179 1901 1254">
    <p class='ocr_par' dir='ltr' id='par_1_10' title="bbox 325 1179 1901 1254">
     <span class='ocr_line' id='line_1_10' title="bbox 325 1179 1901 1254; baseline -0.004 -17"><span class='ocrx_word' id='word_1_72' title='bbox 325 1186 480 1237; x_wconf 89' lang='lat' dir='ltr'><strong>etiam</strong></span> <span class='ocrx_word' id='word_1_73' title='bbox 504 1184 626 1254; x_wconf 90' lang='lat' dir='ltr'><strong>quia</strong></span> <span class='ocrx_word' id='word_1_74' title='bbox 662 1183 875 1237; x_wconf 82' lang='lat' dir='ltr'><strong>l‘atretu</strong></span> <span class='ocrx_word' id='word_1_75' title='bbox 907 1196 1062 1236; x_wconf 89' lang='lat' dir='ltr'><strong>suum</strong></span> <span class='ocrx_word' id='word_1_76' title='bbox 1100 1179 1310 1235; x_wconf 87' lang='lat' dir='ltr'><strong>dicebat</strong></span> <span class='ocrx_word' id='word_1_77' title='bbox 1339 1194 1458 1234; x_wconf 89' lang='lat' dir='ltr'><strong>esse</strong></span> <span class='ocrx_word' id='word_1_78' title='bbox 1484 1179 1650 1233; x_wconf 88' lang='lat' dir='ltr'><strong>Deum</strong></span> <span class='ocrx_word' id='word_1_79' title='bbox 1675 1218 1691 1245; x_wconf 93' lang='lat'><strong>,</strong></span> <span class='ocrx_word' id='word_1_80' title='bbox 1724 1191 1901 1248; x_wconf 69' lang='lat' dir='ltr'><strong>aequa-</strong></span> 
     </span>
    </p>
   </div>
   <div class='ocr_carea' id='block_1_11' title="bbox 327 1274 905 1331">
    <p class='ocr_par' dir='ltr' id='par_1_11' title="bbox 327 1274 905 1331">
     <span class='ocr_line' id='line_1_11' title="bbox 327 1274 905 1331; baseline -0.005 -1"><span class='ocrx_word' id='word_1_81' title='bbox 327 1275 429 1331; x_wconf 84' lang='lat' dir='ltr'><strong>lem</strong></span> <span class='ocrx_word' id='word_1_82' title='bbox 457 1290 515 1329; x_wconf 91' lang='lat' dir='ltr'><strong>se</strong></span> <span class='ocrx_word' id='word_1_83' title='bbox 545 1274 744 1329; x_wconf 81' lang='lat' dir='ltr'><strong>faciens</strong></span> <span class='ocrx_word' id='word_1_84' title='bbox 775 1274 905 1329; x_wconf 89' lang='lat' dir='ltr'><strong>Deo.</strong></span> 
     </span>
    </p>
   </div>
   <div class='ocr_carea' id='block_1_12' title="bbox 397 1362 1903 1421">
    <p class='ocr_par' dir='ltr' id='par_1_12' title="bbox 397 1362 1903 1421">
     <span class='ocr_line' id='line_1_12' title="bbox 397 1362 1903 1421; baseline -0.004 0"><span class='ocrx_word' id='word_1_85' title='bbox 397 1368 584 1421; x_wconf 85' lang='lat' dir='ltr'><strong>Contra</strong></span> <span class='ocrx_word' id='word_1_86' title='bbox 610 1366 823 1419; x_wconf 78' lang='lat' dir='ltr'><strong>Arianos</strong></span> <span class='ocrx_word' id='word_1_87' title='bbox 850 1374 897 1419; x_wconf 91' lang='lat' dir='ltr'><strong>et</strong></span> <span class='ocrx_word' id='word_1_88' title='bbox 926 1365 1211 1420; x_wconf 80' lang='lat' dir='ltr'><strong>Anonueos.</strong></span> <span class='ocrx_word' id='word_1_89' title='bbox 1230 1362 1393 1419; x_wconf 90' lang='lat' dir='ltr'><strong>-Ubi</strong></span> <span class='ocrx_word' id='word_1_90' title='bbox 1423 1376 1561 1417; x_wconf 92' lang='lat' dir='ltr'><strong>nunc</strong></span> <span class='ocrx_word' id='word_1_91' title='bbox 1582 1372 1705 1417; x_wconf 90' lang='lat' dir='ltr'><strong>sunt</strong></span> <span class='ocrx_word' id='word_1_92' title='bbox 1730 1362 1903 1416; x_wconf 76' lang='lat' dir='ltr'><strong>inere-</strong></span> 
     </span>
    </p>
   </div>
   <div class='ocr_carea' id='block_1_13' title="bbox 328 1455 1901 1529">
    <p class='ocr_par' dir='ltr' id='par_1_13' title="bbox 328 1455 1901 1529">
     <span class='ocr_line' id='line_1_13' title="bbox 328 1455 1901 1529; baseline -0.003 -15"><span class='ocrx_word' id='word_1_93' title='bbox 328 1460 416 1514; x_wconf 85' lang='lat' dir='ltr'><strong>tici</strong></span> <span class='ocrx_word' id='word_1_94' title='bbox 453 1458 543 1529; x_wconf 90' lang='lat' dir='ltr'><strong>qui</strong></span> <span class='ocrx_word' id='word_1_95' title='bbox 564 1468 747 1513; x_wconf 90' lang='lat' dir='ltr'><strong>contra</strong></span> <span class='ocrx_word' id='word_1_96' title='bbox 767 1458 992 1512; x_wconf 89' lang='lat' dir='ltr'><strong>salutem</strong></span> <span class='ocrx_word' id='word_1_97' title='bbox 1008 1472 1161 1511; x_wconf 89' lang='lat' dir='ltr'><strong>suam</strong></span> <span class='ocrx_word' id='word_1_98' title='bbox 1179 1456 1380 1510; x_wconf 83' lang='lat' dir='ltr'><strong>insania</strong></span> <span class='ocrx_word' id='word_1_99' title='bbox 1398 1455 1664 1510; x_wconf 90' lang='lat' dir='ltr'><strong>ducuntur</strong></span> <span class='ocrx_word' id='word_1_100' title='bbox 1676 1465 1729 1510; x_wconf 92' lang='lat' dir='ltr'><strong>et</strong></span> <span class='ocrx_word' id='word_1_101' title='bbox 1756 1456 1901 1509; x_wconf 90' lang='lat' dir='ltr'><strong>illum</strong></span> 
     </span>
    </p>
   </div>
   <div class='ocr_carea' id='block_1_14' title="bbox 329 1547 1906 1619">
    <p class='ocr_par' dir='ltr' id='par_1_14' title="bbox 329 1547 1906 1619">
     <span class='ocr_line' id='line_1_14' title="bbox 329 1547 1906 1619; baseline -0.001 -15"><span class='ocrx_word' id='word_1_102' title='bbox 329 1549 641 1605; x_wconf 74' lang='lat' dir='ltr'><strong>abscindunt</strong></span> <span class='ocrx_word' id='word_1_103' title='bbox 678 1549 746 1603; x_wconf 88' lang='lat' dir='ltr'><strong>ab</strong></span> <span class='ocrx_word' id='word_1_104' title='bbox 787 1548 1088 1619; x_wconf 71' lang='lat' dir='ltr'><strong>azqualitate</strong></span> <span class='ocrx_word' id='word_1_105' title='bbox 1126 1563 1246 1603; x_wconf 91' lang='lat' dir='ltr'><strong>cum</strong></span> <span class='ocrx_word' id='word_1_106' title='bbox 1297 1547 1455 1602; x_wconf 89' lang='lat' dir='ltr'><strong>Patre</strong></span> <span class='ocrx_word' id='word_1_107' title='bbox 1502 1547 1646 1601; x_wconf 79' lang='lat' dir='ltr'><strong>suo?</strong></span> <span class='ocrx_word' id='word_1_108' title='bbox 1676 1548 1906 1603; x_wconf 84' lang='lat' dir='ltr'><strong>Audiant</strong></span> 
     </span>
    </p>
   </div>
   <div class='ocr_carea' id='block_1_15' title="bbox 330 1638 1901 1710">
    <p class='ocr_par' dir='ltr' id='par_1_15' title="bbox 330 1638 1901 1710">
     <span class='ocr_line' id='line_1_15' title="bbox 330 1638 1901 1710; baseline -0.001 -19"><span class='ocrx_word' id='word_1_109' title='bbox 330 1641 669 1710; x_wconf 66' lang='lat' dir='ltr'><strong>evangelista:</strong></span> <span class='ocrx_word' id='word_1_110' title='bbox 711 1654 896 1695; x_wconf 89' lang='lat' dir='ltr'><strong>vocem</strong></span> <span class='ocrx_word' id='word_1_111' title='bbox 924 1641 943 1708; x_wconf 87' lang='lat'><strong>(</strong></span> <span class='ocrx_word' id='word_1_112' title='bbox 974 1655 1092 1694; x_wconf 90' lang='lat' dir='ltr'><strong>cum</strong></span> <span class='ocrx_word' id='word_1_113' title='bbox 1139 1648 1315 1693; x_wconf 88' lang='lat' dir='ltr'><strong>autem</strong></span> <span class='ocrx_word' id='word_1_114' title='bbox 1355 1638 1733 1708; x_wconf 88' lang='lat' dir='ltr'><strong>evangelistam</strong></span> <span class='ocrx_word' id='word_1_115' title='bbox 1762 1639 1901 1705; x_wconf 89' lang='lat' dir='ltr'><strong>dico,</strong></span> 
     </span>
    </p>
   </div>
   <div class='ocr_carea' id='block_1_16' title="bbox 331 1728 1908 1800">
    <p class='ocr_par' dir='ltr' id='par_1_16' title="bbox 331 1728 1908 1800">
     <span class='ocr_line' id='line_1_16' title="bbox 331 1728 1908 1800; baseline -0.002 -14"><span class='ocrx_word' id='word_1_116' title='bbox 331 1733 596 1786; x_wconf 85' lang='lat' dir='ltr'><strong>Chrisunn</strong></span> <span class='ocrx_word' id='word_1_117' title='bbox 620 1730 741 1785; x_wconf 88' lang='lat' dir='ltr'><strong>dico</strong></span> <span class='ocrx_word' id='word_1_118' title='bbox 774 1730 862 1800; x_wconf 91' lang='lat' dir='ltr'><strong>qui</strong></span> <span class='ocrx_word' id='word_1_119' title='bbox 911 1729 1054 1784; x_wconf 91' lang='lat' dir='ltr'><strong>illius</strong></span> <span class='ocrx_word' id='word_1_120' title='bbox 1090 1730 1321 1783; x_wconf 90' lang='lat' dir='ltr'><strong>animam</strong></span> <span class='ocrx_word' id='word_1_121' title='bbox 1348 1728 1816 1800; x_wconf 84' lang='lat' dir='ltr'><strong>movet):atnliaut</strong></span> <span class='ocrx_word' id='word_1_122' title='bbox 1854 1738 1908 1783; x_wconf 91' lang='lat' dir='ltr'><strong>ct</strong></span> 
     </span>
    </p>
   </div>
   <div class='ocr_carea' id='block_1_17' title="bbox 330 1819 1906 1886">
    <p class='ocr_par' dir='ltr' id='par_1_17' title="bbox 330 1819 1906 1886">
     <span class='ocr_line' id='line_1_17' title="bbox 330 1819 1906 1886; baseline -0.005 -7"><span class='ocrx_word' id='word_1_123' title='bbox 330 1824 723 1886; x_wconf 86' lang='lat' dir='ltr'><strong>erubescant,ct</strong></span> <span class='ocrx_word' id='word_1_124' title='bbox 739 1822 809 1876; x_wconf 92' lang='lat' dir='ltr'><strong>ita</strong></span> <span class='ocrx_word' id='word_1_125' title='bbox 829 1821 1032 1876; x_wconf 81' lang='lat' dir='ltr'><strong>ferendi</strong></span> <span class='ocrx_word' id='word_1_126' title='bbox 1052 1820 1209 1875; x_wconf 84' lang='lat' dir='ltr'><strong>linem</strong></span> <span class='ocrx_word' id='word_1_127' title='bbox 1224 1820 1438 1877; x_wconf 82' lang='lat' dir='ltr'><strong>iaciant.</strong></span> <span class='ocrx_word' id='word_1_128' title='bbox 1457 1819 1584 1875; x_wconf 82' lang='lat' dir='ltr'><strong>Nam</strong></span> <span class='ocrx_word' id='word_1_129' title='bbox 1601 1819 1768 1876; x_wconf 69' lang='lat' dir='ltr'><strong>Judmi</strong></span> <span class='ocrx_word' id='word_1_130' title='bbox 1789 1820 1906 1873; x_wconf 84' lang='lat' dir='ltr'><strong>ideo</strong></span> 
     </span>
    </p>
   </div>
   <div class='ocr_carea' id='block_1_18' title="bbox 332 1912 1906 1985">
    <p class='ocr_par' dir='ltr' id='par_1_18' title="bbox 332 1912 1906 1985">
     <span class='ocr_line' id='line_1_18' title="bbox 332 1912 1906 1985; baseline -0.003 -14"><span class='ocrx_word' id='word_1_131' title='bbox 332 1917 500 1984; x_wconf 68' lang='lat' dir='ltr'><strong>ipsum</strong></span> <span class='ocrx_word' id='word_1_132' title='bbox 531 1912 1008 1985; x_wconf 85' lang='lat' dir='ltr'><strong>persequebantur,</strong></span> <span class='ocrx_word' id='word_1_133' title='bbox 1028 1913 1150 1983; x_wconf 82' lang='lat' dir='ltr'><strong>quia</strong></span> <span class='ocrx_word' id='word_1_134' title='bbox 1180 1929 1362 1983; x_wconf 90' lang='lat' dir='ltr'><strong>parem</strong></span> <span class='ocrx_word' id='word_1_135' title='bbox 1392 1928 1450 1967; x_wconf 90' lang='lat' dir='ltr'><strong>se</strong></span> <span class='ocrx_word' id='word_1_136' title='bbox 1478 1913 1689 1968; x_wconf 76' lang='lat' dir='ltr'><strong>dixerat</strong></span> <span class='ocrx_word' id='word_1_137' title='bbox 1722 1931 1735 1967; x_wconf 87' lang='lat'><strong>:</strong></span> <span class='ocrx_word' id='word_1_138' title='bbox 1769 1924 1824 1968; x_wconf 89' lang='lat' dir='ltr'><strong>et</strong></span> <span class='ocrx_word' id='word_1_139' title='bbox 1853 1912 1906 1968; x_wconf 90' lang='lat' dir='ltr'><strong>bi</strong></span> 
     </span>
    </p>
   </div>
   <div class='ocr_carea' id='block_1_19' title="bbox 332 2004 1907 2075">
    <p class='ocr_par' dir='ltr' id='par_1_19' title="bbox 332 2004 1907 2075">
     <span class='ocr_line' id='line_1_19' title="bbox 332 2004 1907 2075; baseline 0 -14"><span class='ocrx_word' id='word_1_140' title='bbox 332 2007 449 2061; x_wconf 84' lang='lat' dir='ltr'><strong>ideo</strong></span> <span class='ocrx_word' id='word_1_141' title='bbox 476 2022 537 2061; x_wconf 83' lang='lat' dir='ltr'><strong>se</strong></span> <span class='ocrx_word' id='word_1_142' title='bbox 555 2005 704 2075; x_wconf 88' lang='lat' dir='ltr'><strong>quasi</strong></span> <span class='ocrx_word' id='word_1_143' title='bbox 722 2005 1071 2075; x_wconf 80' lang='lat' dir='ltr'><strong>strangulant,</strong></span> <span class='ocrx_word' id='word_1_144' title='bbox 1095 2004 1213 2075; x_wconf 90' lang='lat' dir='ltr'><strong>quia</strong></span> <span class='ocrx_word' id='word_1_145' title='bbox 1244 2004 1312 2058; x_wconf 90' lang='lat' dir='ltr'><strong>ab</strong></span> <span class='ocrx_word' id='word_1_146' title='bbox 1338 2020 1401 2059; x_wconf 89' lang='lat' dir='ltr'><strong>eo</strong></span> <span class='ocrx_word' id='word_1_147' title='bbox 1425 2015 1568 2060; x_wconf 90' lang='lat' dir='ltr'><strong>recte</strong></span> <span class='ocrx_word' id='word_1_148' title='bbox 1590 2005 1785 2060; x_wconf 89' lang='lat' dir='ltr'><strong>dictum</strong></span> <span class='ocrx_word' id='word_1_149' title='bbox 1818 2023 1907 2061; x_wconf 92' lang='lat' dir='ltr'><strong>re-</strong></span> 
     </span>
    </p>
   </div>
   <div class='ocr_carea' id='block_1_20' title="bbox 328 2095 1909 2167">
    <p class='ocr_par' dir='ltr' id='par_1_20' title="bbox 328 2095 1909 2167">
     <span class='ocr_line' id='line_1_20' title="bbox 328 2095 1909 2167; baseline 0 -16"><span class='ocrx_word' id='word_1_150' title='bbox 328 2098 570 2159; x_wconf 82' lang='lat' dir='ltr'><strong>ferimus,</strong></span> <span class='ocrx_word' id='word_1_151' title='bbox 590 2097 657 2151; x_wconf 86' lang='lat' dir='ltr'><strong>ab</strong></span> <span class='ocrx_word' id='word_1_152' title='bbox 687 2097 801 2166; x_wconf 92' lang='lat' dir='ltr'><strong>ipso</strong></span> <span class='ocrx_word' id='word_1_153' title='bbox 827 2096 1041 2151; x_wconf 90' lang='lat' dir='ltr'><strong>eruditi.</strong></span> <span class='ocrx_word' id='word_1_154' title='bbox 1072 2097 1141 2150; x_wconf 77' lang='lat' dir='ltr'><strong>At</strong></span> <span class='ocrx_word' id='word_1_155' title='bbox 1170 2109 1274 2150; x_wconf 91' lang='lat' dir='ltr'><strong>non</strong></span> <span class='ocrx_word' id='word_1_156' title='bbox 1299 2095 1441 2150; x_wconf 90' lang='lat' dir='ltr'><strong>illius</strong></span> <span class='ocrx_word' id='word_1_157' title='bbox 1462 2136 1477 2161; x_wconf 90' lang='lat'><strong>,</strong></span> <span class='ocrx_word' id='word_1_158' title='bbox 1501 2095 1706 2165; x_wconf 88' lang='lat' dir='ltr'><strong>inquit,</strong></span> <span class='ocrx_word' id='word_1_159' title='bbox 1737 2112 1909 2167; x_wconf 85' lang='lat' dir='ltr'><strong>neque</strong></span> 
     </span>
    </p>
   </div>
   <div class='ocr_carea' id='block_1_21' title="bbox 331 2186 1909 2259">
    <p class='ocr_par' dir='ltr' id='par_1_21' title="bbox 331 2186 1909 2259">
     <span class='ocr_line' id='line_1_21' title="bbox 331 2186 1909 2259; baseline -0.001 -15"><span class='ocrx_word' id='word_1_160' title='bbox 331 2188 673 2259; x_wconf 71' lang='lat' dir='ltr'><strong>evangelista:</strong></span> <span class='ocrx_word' id='word_1_161' title='bbox 698 2197 814 2243; x_wconf 90' lang='lat' dir='ltr'><strong>erat</strong></span> <span class='ocrx_word' id='word_1_162' title='bbox 843 2186 957 2242; x_wconf 82' lang='lat' dir='ltr'><strong>haec</strong></span> <span class='ocrx_word' id='word_1_163' title='bbox 984 2188 1270 2254; x_wconf 89' lang='lat' dir='ltr'><strong>sententia,</strong></span> <span class='ocrx_word' id='word_1_164' title='bbox 1290 2187 1383 2242; x_wconf 91' lang='lat' dir='ltr'><strong>sed</strong></span> <span class='ocrx_word' id='word_1_165' title='bbox 1408 2186 1734 2242; x_wconf 67' lang='lat' dir='ltr'><strong>Iudaeorum.</strong></span> <span class='ocrx_word' id='word_1_166' title='bbox 1771 2188 1834 2243; x_wconf 86' lang='lat' dir='ltr'><strong>Et</strong></span> <span class='ocrx_word' id='word_1_167' title='bbox 1864 2189 1909 2243; x_wconf 89' lang='lat' dir='ltr'><strong>si</strong></span> 
     </span>
    </p>
   </div>
   <div class='ocr_carea' id='block_1_22' title="bbox 332 2277 1908 2349">
    <p class='ocr_par' dir='ltr' id='par_1_22' title="bbox 332 2277 1908 2349">
     <span class='ocr_line' id='line_1_22' title="bbox 332 2277 1908 2349; baseline 0.001 -16"><span class='ocrx_word' id='word_1_168' title='bbox 332 2282 411 2335; x_wconf 85' lang='lat' dir='ltr'><strong>vel</strong></span> <span class='ocrx_word' id='word_1_169' title='bbox 453 2281 684 2334; x_wconf 79' lang='lat' dir='ltr'><strong>maxime</strong></span> <span class='ocrx_word' id='word_1_170' title='bbox 730 2278 1032 2334; x_wconf 66' lang='lat' dir='ltr'><strong>Iudaeorum</strong></span> <span class='ocrx_word' id='word_1_171' title='bbox 1072 2286 1223 2342; x_wconf 89' lang='lat' dir='ltr'><strong>erat,</strong></span> <span class='ocrx_word' id='word_1_172' title='bbox 1276 2277 1380 2334; x_wconf 85' lang='lat' dir='ltr'><strong>hoc</strong></span> <span class='ocrx_word' id='word_1_173' title='bbox 1419 2294 1665 2349; x_wconf 83' lang='lat' dir='ltr'><strong>magnum</strong></span> <span class='ocrx_word' id='word_1_174' title='bbox 1705 2281 1908 2335; x_wconf 89' lang='lat' dir='ltr'><strong>crimen</strong></span> 
     </span>
    </p>
   </div>
   <div class='ocr_carea' id='block_1_23' title="bbox 332 2370 1909 2442">
    <p class='ocr_par' dir='ltr' id='par_1_23' title="bbox 332 2370 1909 2442">
     <span class='ocr_line' id='line_1_23' title="bbox 332 2370 1909 2442; baseline -0.001 -17"><span class='ocrx_word' id='word_1_175' title='bbox 332 2382 481 2426; x_wconf 88' lang='lat' dir='ltr'><strong>tuum</strong></span> <span class='ocrx_word' id='word_1_176' title='bbox 510 2380 593 2425; x_wconf 91' lang='lat' dir='ltr'><strong>est</strong></span> <span class='ocrx_word' id='word_1_177' title='bbox 619 2380 673 2425; x_wconf 91' lang='lat' dir='ltr'><strong>et</strong></span> <span class='ocrx_word' id='word_1_178' title='bbox 697 2370 765 2425; x_wconf 92' lang='lat' dir='ltr'><strong>de</strong></span> <span class='ocrx_word' id='word_1_179' title='bbox 795 2372 1048 2425; x_wconf 77' lang='lat' dir='ltr'><strong>extremis</strong></span> <span class='ocrx_word' id='word_1_180' title='bbox 1076 2371 1344 2425; x_wconf 83' lang='lat' dir='ltr'><strong>accusatio</strong></span> <span class='ocrx_word' id='word_1_181' title='bbox 1363 2409 1380 2435; x_wconf 95' lang='lat'><strong>,</strong></span> <span class='ocrx_word' id='word_1_182' title='bbox 1406 2370 1548 2441; x_wconf 83' lang='lat' dir='ltr'><strong>quod</strong></span> <span class='ocrx_word' id='word_1_183' title='bbox 1579 2386 1642 2426; x_wconf 89' lang='lat' dir='ltr'><strong>ea</strong></span> <span class='ocrx_word' id='word_1_184' title='bbox 1670 2386 1787 2442; x_wconf 64' lang='lat' dir='ltr'><strong>qua:</strong></span> <span class='ocrx_word' id='word_1_185' title='bbox 1815 2371 1909 2426; x_wconf 81' lang='lat' dir='ltr'><strong>Ju-</strong></span> 
     </span>
    </p>
   </div>
   <div class='ocr_carea' id='block_1_24' title="bbox 331 2460 1913 2532">
    <p class='ocr_par' dir='ltr' id='par_1_24' title="bbox 331 2460 1913 2532">
     <span class='ocr_line' id='line_1_24' title="bbox 331 2460 1913 2532; baseline 0.001 -15"><span class='ocrx_word' id='word_1_186' title='bbox 331 2463 432 2517; x_wconf 79' lang='lat' dir='ltr'><strong>da-i</strong></span> <span class='ocrx_word' id='word_1_187' title='bbox 446 2463 638 2531; x_wconf 79' lang='lat' dir='ltr'><strong>ingrati</strong></span> <span class='ocrx_word' id='word_1_188' title='bbox 663 2460 911 2515; x_wconf 82' lang='lat' dir='ltr'><strong>videbant</strong></span> <span class='ocrx_word' id='word_1_189' title='bbox 940 2476 1005 2516; x_wconf 83' lang='lat' dir='ltr'><strong>ex</strong></span> <span class='ocrx_word' id='word_1_190' title='bbox 1022 2460 1198 2517; x_wconf 80' lang='lat' dir='ltr'><strong>verbis</strong></span> <span class='ocrx_word' id='word_1_191' title='bbox 1212 2461 1329 2531; x_wconf 88' lang='lat' dir='ltr'><strong>ejus</strong></span> <span class='ocrx_word' id='word_1_192' title='bbox 1354 2462 1629 2531; x_wconf 86' lang='lat' dir='ltr'><strong>consequi,</strong></span> <span class='ocrx_word' id='word_1_193' title='bbox 1651 2472 1703 2516; x_wconf 94' lang='lat' dir='ltr'><strong>tu</strong></span> <span class='ocrx_word' id='word_1_194' title='bbox 1720 2473 1913 2532; x_wconf 85' lang='lat' dir='ltr'><strong>sponte</strong></span> 
     </span>
    </p>
   </div>
   <div class='ocr_carea' id='block_1_25' title="bbox 332 2552 1911 2620">
    <p class='ocr_par' dir='ltr' id='par_1_25' title="bbox 332 2552 1911 2620">
     <span class='ocr_line' id='line_1_25' title="bbox 332 2552 1911 2620; baseline -0.002 -10"><span class='ocrx_word' id='word_1_195' title='bbox 332 2566 418 2610; x_wconf 89' lang='lat' dir='ltr'><strong>tua</strong></span> <span class='ocrx_word' id='word_1_196' title='bbox 440 2570 617 2609; x_wconf 73' lang='lat' dir='ltr'><strong>cmcus</strong></span> <span class='ocrx_word' id='word_1_197' title='bbox 646 2570 751 2608; x_wconf 90' lang='lat' dir='ltr'><strong>non</strong></span> <span class='ocrx_word' id='word_1_198' title='bbox 779 2553 946 2608; x_wconf 85' lang='lat' dir='ltr'><strong>vides.</strong></span> <span class='ocrx_word' id='word_1_199' title='bbox 964 2552 1080 2607; x_wconf 86' lang='lat' dir='ltr'><strong>Non</strong></span> <span class='ocrx_word' id='word_1_200' title='bbox 1113 2554 1253 2607; x_wconf 88' lang='lat' dir='ltr'><strong>enim</strong></span> <span class='ocrx_word' id='word_1_201' title='bbox 1281 2569 1345 2607; x_wconf 78' lang='lat' dir='ltr'><strong>ex</strong></span> <span class='ocrx_word' id='word_1_202' title='bbox 1375 2568 1434 2607; x_wconf 91' lang='lat' dir='ltr'><strong>sc</strong></span> <span class='ocrx_word' id='word_1_203' title='bbox 1464 2552 1911 2620; x_wconf 86' lang='lat' dir='ltr'><strong>illainducebant,</strong></span> 
     </span>
    </p>
   </div>
   <div class='ocr_carea' id='block_1_26' title="bbox 331 2642 1916 2714">
    <p class='ocr_par' dir='ltr' id='par_1_26' title="bbox 331 2642 1916 2714">
     <span class='ocr_line' id='line_1_26' title="bbox 331 2642 1916 2714; baseline -0.002 -13"><span class='ocrx_word' id='word_1_204' title='bbox 331 2647 426 2701; x_wconf 87' lang='lat' dir='ltr'><strong>sed</strong></span> <span class='ocrx_word' id='word_1_205' title='bbox 455 2661 521 2700; x_wconf 85' lang='lat' dir='ltr'><strong>ex</strong></span> <span class='ocrx_word' id='word_1_206' title='bbox 554 2646 617 2699; x_wconf 85' lang='lat' dir='ltr'><strong>iis</strong></span> <span class='ocrx_word' id='word_1_207' title='bbox 661 2659 779 2714; x_wconf 76' lang='lat' dir='ltr'><strong>quae</strong></span> <span class='ocrx_word' id='word_1_208' title='bbox 820 2643 1065 2698; x_wconf 82' lang='lat' dir='ltr'><strong>Christus</strong></span> <span class='ocrx_word' id='word_1_209' title='bbox 1094 2642 1307 2697; x_wconf 89' lang='lat' dir='ltr'><strong>dicebat</strong></span> <span class='ocrx_word' id='word_1_210' title='bbox 1354 2642 1686 2712; x_wconf 86' lang='lat' dir='ltr'><strong>colligentes.</strong></span> <span class='ocrx_word' id='word_1_211' title='bbox 1741 2644 1916 2714; x_wconf 83' lang='lat' dir='ltr'><strong>Atque</strong></span> 
     </span>
    </p>
   </div>
   <div class='ocr_carea' id='block_1_27' title="bbox 335 2734 1914 2806">
    <p class='ocr_par' dir='ltr' id='par_1_27' title="bbox 335 2734 1914 2806">
     <span class='ocr_line' id='line_1_27' title="bbox 335 2734 1914 2806; baseline -0.003 -10"><span class='ocrx_word' id='word_1_212' title='bbox 335 2752 388 2796; x_wconf 91' lang='lat' dir='ltr'><strong>ut</strong></span> <span class='ocrx_word' id='word_1_213' title='bbox 412 2741 589 2795; x_wconf 89' lang='lat' dir='ltr'><strong>discas</strong></span> <span class='ocrx_word' id='word_1_214' title='bbox 614 2738 715 2793; x_wconf 93' lang='lat' dir='ltr'><strong>hoc</strong></span> <span class='ocrx_word' id='word_1_215' title='bbox 744 2738 943 2791; x_wconf 90' lang='lat' dir='ltr'><strong>dictum</strong></span> <span class='ocrx_word' id='word_1_216' title='bbox 976 2751 1042 2791; x_wconf 92' lang='lat' dir='ltr'><strong>ne</strong></span> <span class='ocrx_word' id='word_1_217' title='bbox 1068 2751 1188 2792; x_wconf 87' lang='lat' dir='ltr'><strong>esse</strong></span> <span class='ocrx_word' id='word_1_218' title='bbox 1214 2735 1431 2806; x_wconf 88' lang='lat' dir='ltr'><strong>quidem</strong></span> <span class='ocrx_word' id='word_1_219' title='bbox 1460 2734 1788 2800; x_wconf 63' lang='lat' dir='ltr'><strong>Judarorum,</strong></span> <span class='ocrx_word' id='word_1_220' title='bbox 1819 2736 1914 2792; x_wconf 87' lang='lat' dir='ltr'><strong>sed</strong></span> 
     </span>
    </p>
   </div>
   <div class='ocr_carea' id='block_1_28' title="bbox 331 2830 1916 2905">
    <p class='ocr_par' dir='ltr' id='par_1_28' title="bbox 331 2830 1916 2905">
     <span class='ocr_line' id='line_1_28' title="bbox 331 2830 1916 2905; baseline -0.004 -14"><span class='ocrx_word' id='word_1_221' title='bbox 331 2834 675 2905; x_wconf 74' lang='lat' dir='ltr'><strong>evangelista:</strong></span> <span class='ocrx_word' id='word_1_222' title='bbox 726 2832 924 2886; x_wconf 84' lang='lat' dir='ltr'><strong>ChriSti</strong></span> <span class='ocrx_word' id='word_1_223' title='bbox 970 2846 1162 2900; x_wconf 86' lang='lat' dir='ltr'><strong>nempe</strong></span> <span class='ocrx_word' id='word_1_224' title='bbox 1191 2831 1280 2899; x_wconf 85' lang='lat' dir='ltr'><strong>qui</strong></span> <span class='ocrx_word' id='word_1_225' title='bbox 1313 2830 1427 2898; x_wconf 86' lang='lat' dir='ltr'><strong>ejus</strong></span> <span class='ocrx_word' id='word_1_226' title='bbox 1472 2840 1703 2884; x_wconf 88' lang='lat' dir='ltr'><strong>mentem</strong></span> <span class='ocrx_word' id='word_1_227' title='bbox 1735 2844 1916 2884; x_wconf 79' lang='lat' dir='ltr'><strong>move-</strong></span> 
     </span>
    </p>
   </div>
   <div class='ocr_carea' id='block_1_29' title="bbox 313 2919 1917 2993">
    <p class='ocr_par' dir='ltr' id='par_1_29' title="bbox 313 2919 1917 2993">
     <span class='ocr_line' id='line_1_29' title="bbox 313 2919 1917 2993; baseline -0.002 -14"><span class='ocrx_word' id='word_1_228' title='bbox 313 2927 447 2989; x_wconf 85' lang='lat' dir='ltr'><strong>&#39;bat,</strong></span> <span class='ocrx_word' id='word_1_229' title='bbox 493 2925 606 2993; x_wconf 84' lang='lat' dir='ltr'><strong>ipsa</strong></span> <span class='ocrx_word' id='word_1_230' title='bbox 638 2923 798 2977; x_wconf 89' lang='lat' dir='ltr'><strong>verba</strong></span> <span class='ocrx_word' id='word_1_231' title='bbox 827 2920 1069 2975; x_wconf 89' lang='lat' dir='ltr'><strong>examina</strong></span> <span class='ocrx_word' id='word_1_232' title='bbox 1103 2938 1117 2974; x_wconf 91' lang='lat'><strong>:</strong></span> <span class='ocrx_word' id='word_1_233' title='bbox 1151 2919 1309 2974; x_wconf 84' lang='lat' dir='ltr'><strong>Pater</strong></span> <span class='ocrx_word' id='word_1_234' title='bbox 1335 2936 1491 2974; x_wconf 79' lang='lat' dir='ltr'><strong>meus.</strong></span> <span class='ocrx_word' id='word_1_235' title='bbox 1526 2922 1717 2975; x_wconf 84' lang='lat' dir='ltr'><strong>Annon</strong></span> <span class='ocrx_word' id='word_1_236' title='bbox 1747 2920 1917 2975; x_wconf 85' lang='lat' dir='ltr'><strong>cuivis</strong></span> 
     </span>
    </p>
   </div>
   <div class='ocr_carea' id='block_1_30' title="bbox 335 3012 1913 3086">
    <p class='ocr_par' dir='ltr' id='par_1_30' title="bbox 335 3012 1913 3086">
     <span class='ocr_line' id='line_1_30' title="bbox 335 3012 1913 3086; baseline -0.001 -17"><span class='ocrx_word' id='word_1_237' title='bbox 335 3019 512 3086; x_wconf 80' lang='lat' dir='ltr'><strong>palam</strong></span> <span class='ocrx_word' id='word_1_238' title='bbox 542 3025 644 3080; x_wconf 87' lang='lat' dir='ltr'><strong>est,</strong></span> <span class='ocrx_word' id='word_1_239' title='bbox 670 3016 827 3070; x_wconf 88' lang='lat' dir='ltr'><strong>etiam</strong></span> <span class='ocrx_word' id='word_1_240' title='bbox 850 3012 1136 3067; x_wconf 81' lang='lat' dir='ltr'><strong>admodum</strong></span> <span class='ocrx_word' id='word_1_241' title='bbox 1164 3013 1370 3077; x_wconf 87' lang='lat' dir='ltr'><strong>insano,</strong></span> <span class='ocrx_word' id='word_1_242' title='bbox 1392 3013 1535 3065; x_wconf 91' lang='lat' dir='ltr'><strong>illum</strong></span> <span class='ocrx_word' id='word_1_243' title='bbox 1554 3012 1672 3067; x_wconf 88' lang='lat' dir='ltr'><strong>ideo</strong></span> <span class='ocrx_word' id='word_1_244' title='bbox 1693 3012 1913 3079; x_wconf 80' lang='lat' dir='ltr'><strong>dixisse,</strong></span> 
     </span>
    </p>
   </div>
   <div class='ocr_carea' id='block_1_31' title="bbox 338 3103 1915 3173">
    <p class='ocr_par' dir='ltr' id='par_1_31' title="bbox 338 3103 1915 3173">
     <span class='ocr_line' id='line_1_31' title="bbox 338 3103 1915 3173; baseline -0.003 -12"><span class='ocrx_word' id='word_1_245' title='bbox 338 3108 498 3161; x_wconf 81' lang='lat' dir='ltr'><strong>Pater</strong></span> <span class='ocrx_word' id='word_1_246' title='bbox 534 3123 709 3168; x_wconf 83' lang='lat' dir='ltr'><strong>meus,</strong></span> <span class='ocrx_word' id='word_1_247' title='bbox 765 3114 823 3158; x_wconf 91' lang='lat' dir='ltr'><strong>ut</strong></span> <span class='ocrx_word' id='word_1_248' title='bbox 876 3103 1147 3173; x_wconf 88' lang='lat' dir='ltr'><strong>preprium</strong></span> <span class='ocrx_word' id='word_1_249' title='bbox 1212 3103 1312 3157; x_wconf 89' lang='lat' dir='ltr'><strong>sibi</strong></span> <span class='ocrx_word' id='word_1_250' title='bbox 1373 3103 1712 3160; x_wconf 88' lang='lat' dir='ltr'><strong>declararet?</strong></span> <span class='ocrx_word' id='word_1_251' title='bbox 1764 3103 1915 3171; x_wconf 84' lang='lat' dir='ltr'><strong>Quod</strong></span> 
     </span>
    </p>
   </div>
   <div class='ocr_carea' id='block_1_32' title="bbox 333 3194 1916 3263">
    <p class='ocr_par' dir='ltr' id='par_1_32' title="bbox 333 3194 1916 3263">
     <span class='ocr_line' id='line_1_32' title="bbox 333 3194 1916 3263; baseline -0.001 -12"><span class='ocrx_word' id='word_1_252' title='bbox 333 3212 512 3253; x_wconf 78' lang='lat' dir='ltr'><strong>autem</strong></span> <span class='ocrx_word' id='word_1_253' title='bbox 535 3198 695 3251; x_wconf 85' lang='lat' dir='ltr'><strong>addat</strong></span> <span class='ocrx_word' id='word_1_254' title='bbox 724 3212 927 3257; x_wconf 89' lang='lat' dir='ltr'><strong>rursus,</strong></span> <span class='ocrx_word' id='word_1_255' title='bbox 972 3194 1248 3263; x_wconf 79' lang='lat' dir='ltr'><strong>Operatur,</strong></span> <span class='ocrx_word' id='word_1_256' title='bbox 1271 3202 1315 3246; x_wconf 88' lang='lat' dir='ltr'><strong>et</strong></span> <span class='ocrx_word' id='word_1_257' title='bbox 1336 3210 1427 3263; x_wconf 85' lang='lat' dir='ltr'><strong>ego</strong></span> <span class='ocrx_word' id='word_1_258' title='bbox 1465 3209 1647 3262; x_wconf 89' lang='lat' dir='ltr'><strong>operor</strong></span> <span class='ocrx_word' id='word_1_259' title='bbox 1675 3234 1689 3257; x_wconf 92' lang='lat'><strong>,</strong></span> <span class='ocrx_word' id='word_1_260' title='bbox 1740 3209 1916 3249; x_wconf 91' lang='lat' dir='ltr'><strong>annon</strong></span> 
     </span>
    </p>
   </div>
   <div class='ocr_carea' id='block_1_33' title="bbox 334 3284 1918 3361">
    <p class='ocr_par' dir='ltr' id='par_1_33' title="bbox 334 3284 1918 3361">
     <span class='ocr_line' id='line_1_33' title="bbox 334 3284 1918 3361; baseline -0.004 -16"><span class='ocrx_word' id='word_1_261' title='bbox 334 3292 695 3361; x_wconf 65' lang='lat' dir='ltr'><strong>arqualitatem</strong></span> <span class='ocrx_word' id='word_1_262' title='bbox 724 3285 1009 3341; x_wconf 89' lang='lat' dir='ltr'><strong>indicantis</strong></span> <span class='ocrx_word' id='word_1_263' title='bbox 1034 3294 1159 3339; x_wconf 92' lang='lat' dir='ltr'><strong>sunt</strong></span> <span class='ocrx_word' id='word_1_264' title='bbox 1184 3286 1209 3339; x_wconf 76' lang='lat' dir='ltr'><strong>‘l</strong></span> <span class='ocrx_word' id='word_1_265' title='bbox 1233 3284 1348 3340; x_wconf 86' lang='lat' dir='ltr'><strong>Non</strong></span> <span class='ocrx_word' id='word_1_266' title='bbox 1366 3284 1690 3350; x_wconf 86' lang='lat' dir='ltr'><strong>enim,dixit</strong></span> <span class='ocrx_word' id='word_1_267' title='bbox 1713 3285 1918 3355; x_wconf 86' lang='lat' dir='ltr'><strong>Opera-</strong></span> 
     </span>
    </p>
   </div>
   <div class='ocr_carea' id='block_1_34' title="bbox 335 3374 1918 3448">
    <p class='ocr_par' dir='ltr' id='par_1_34' title="bbox 335 3374 1918 3448">
     <span class='ocr_line' id='line_1_34' title="bbox 335 3374 1918 3448; baseline -0.004 -12"><span class='ocrx_word' id='word_1_268' title='bbox 335 3394 424 3436; x_wconf 90' lang='lat' dir='ltr'><strong>tnr</strong></span> <span class='ocrx_word' id='word_1_269' title='bbox 444 3382 552 3447; x_wconf 78' lang='lat' dir='ltr'><strong>illo,</strong></span> <span class='ocrx_word' id='word_1_270' title='bbox 582 3388 635 3433; x_wconf 91' lang='lat' dir='ltr'><strong>et</strong></span> <span class='ocrx_word' id='word_1_271' title='bbox 662 3394 762 3448; x_wconf 91' lang='lat' dir='ltr'><strong>ego</strong></span> <span class='ocrx_word' id='word_1_272' title='bbox 791 3377 1173 3440; x_wconf 82' lang='lat' dir='ltr'><strong>subministro;</strong></span> <span class='ocrx_word' id='word_1_273' title='bbox 1207 3375 1471 3445; x_wconf 88' lang='lat' dir='ltr'><strong>Operatur</strong></span> <span class='ocrx_word' id='word_1_274' title='bbox 1493 3375 1601 3440; x_wconf 91' lang='lat' dir='ltr'><strong>ille,</strong></span> <span class='ocrx_word' id='word_1_275' title='bbox 1632 3385 1686 3430; x_wconf 91' lang='lat' dir='ltr'><strong>et</strong></span> <span class='ocrx_word' id='word_1_276' title='bbox 1716 3390 1815 3446; x_wconf 90' lang='lat' dir='ltr'><strong>ego</strong></span> <span class='ocrx_word' id='word_1_277' title='bbox 1844 3374 1918 3431; x_wconf 92' lang='lat' dir='ltr'><strong>illi</strong></span> 
     </span>
    </p>
   </div>
   <div class='ocr_carea' id='block_1_35' title="bbox 332 3466 1919 3537">
    <p class='ocr_par' dir='ltr' id='par_1_35' title="bbox 332 3466 1919 3537">
     <span class='ocr_line' id='line_1_35' title="bbox 332 3466 1919 3537; baseline -0.004 -10"><span class='ocrx_word' id='word_1_278' title='bbox 332 3474 550 3535; x_wconf 82' lang='lat' dir='ltr'><strong>servio;</strong></span> <span class='ocrx_word' id='word_1_279' title='bbox 604 3470 730 3535; x_wconf 90' lang='lat' dir='ltr'><strong>sed,</strong></span> <span class='ocrx_word' id='word_1_280' title='bbox 771 3466 864 3524; x_wconf 82' lang='lat' dir='ltr'><strong>ille</strong></span> <span class='ocrx_word' id='word_1_281' title='bbox 916 3476 1203 3537; x_wconf 84' lang='lat' dir='ltr'><strong>cperatur,</strong></span> <span class='ocrx_word' id='word_1_282' title='bbox 1235 3476 1289 3521; x_wconf 92' lang='lat' dir='ltr'><strong>et</strong></span> <span class='ocrx_word' id='word_1_283' title='bbox 1331 3480 1432 3536; x_wconf 87' lang='lat' dir='ltr'><strong>ego</strong></span> <span class='ocrx_word' id='word_1_284' title='bbox 1473 3480 1685 3537; x_wconf 88' lang='lat' dir='ltr'><strong>operor.</strong></span> <span class='ocrx_word' id='word_1_285' title='bbox 1733 3466 1919 3522; x_wconf 76' lang='lat' dir='ltr'><strong>Viden’</strong></span> 
     </span>
    </p>
   </div>
   <div class='ocr_carea' id='block_1_36' title="bbox 334 3557 1919 3635">
    <p class='ocr_par' dir='ltr' id='par_1_36' title="bbox 334 3557 1919 3635">
     <span class='ocr_line' id='line_1_36' title="bbox 334 3557 1919 3635; baseline -0.002 -18"><span class='ocrx_word' id='word_1_286' title='bbox 334 3563 608 3635; x_wconf 84' lang='lat' dir='ltr'><strong>quomodo</strong></span> <span class='ocrx_word' id='word_1_287' title='bbox 651 3564 765 3615; x_wconf 81' lang='lat' dir='ltr'><strong>lnee</strong></span> <span class='ocrx_word' id='word_1_288' title='bbox 806 3574 912 3614; x_wconf 90' lang='lat' dir='ltr'><strong>non</strong></span> <span class='ocrx_word' id='word_1_289' title='bbox 963 3557 1269 3613; x_wconf 81' lang='lat' dir='ltr'><strong>Judaeorum</strong></span> <span class='ocrx_word' id='word_1_290' title='bbox 1313 3566 1457 3613; x_wconf 89' lang='lat' dir='ltr'><strong>esset</strong></span> <span class='ocrx_word' id='word_1_291' title='bbox 1495 3560 1755 3612; x_wconf 88' lang='lat' dir='ltr'><strong>sententia</strong></span> <span class='ocrx_word' id='word_1_292' title='bbox 1781 3601 1795 3625; x_wconf 93' lang='lat'><strong>,</strong></span> <span class='ocrx_word' id='word_1_293' title='bbox 1825 3558 1919 3614; x_wconf 89' lang='lat' dir='ltr'><strong>sed</strong></span> 
     </span>
    </p>
   </div>
   <div class='ocr_carea' id='block_1_37' title="bbox 334 3650 1919 3724">
    <p class='ocr_par' dir='ltr' id='par_1_37' title="bbox 334 3650 1919 3724">
     <span class='ocr_line' id='line_1_37' title="bbox 334 3650 1919 3724; baseline -0.005 -11"><span class='ocrx_word' id='word_1_294' title='bbox 334 3677 517 3713; x_wconf 76' lang='lat' dir='ltr'><strong>serum</strong></span> <span class='ocrx_word' id='word_1_295' title='bbox 548 3656 616 3710; x_wconf 85' lang='lat' dir='ltr'><strong>al)</strong></span> <span class='ocrx_word' id='word_1_296' title='bbox 646 3655 736 3709; x_wconf 85' lang='lat' dir='ltr'><strong>illo</strong></span> <span class='ocrx_word' id='word_1_297' title='bbox 769 3654 1092 3724; x_wconf 74' lang='lat' dir='ltr'><strong>apparatus?</strong></span> <span class='ocrx_word' id='word_1_298' title='bbox 1122 3650 1253 3706; x_wconf 83' lang='lat' dir='ltr'><strong>Nam</strong></span> <span class='ocrx_word' id='word_1_299' title='bbox 1289 3650 1333 3705; x_wconf 86' lang='lat' dir='ltr'><strong>si</strong></span> <span class='ocrx_word' id='word_1_300' title='bbox 1370 3651 1554 3705; x_wconf 79' lang='lat' dir='ltr'><strong>luisset</strong></span> <span class='ocrx_word' id='word_1_301' title='bbox 1594 3651 1681 3705; x_wconf 93' lang='lat' dir='ltr'><strong>illa</strong></span> <span class='ocrx_word' id='word_1_302' title='bbox 1704 3650 1919 3705; x_wconf 69' lang='lat' dir='ltr'><strong>Jtldtuo-</strong></span> 
     </span>
    </p>
   </div>
   <div class='ocr_carea' id='block_1_38' title="bbox 312 3738 1919 3812">
    <p class='ocr_par' dir='ltr' id='par_1_38' title="bbox 312 3738 1919 3812">
     <span class='ocr_line' id='line_1_38' title="bbox 312 3738 1919 3812; baseline -0.004 -8"><span class='ocrx_word' id='word_1_303' title='bbox 312 3738 455 3805; x_wconf 71' lang='lat' dir='ltr'><strong>mn.</strong></span> <span class='ocrx_word' id='word_1_304' title='bbox 510 3761 735 3802; x_wconf 90' lang='lat' dir='ltr'><strong>erronea</strong></span> <span class='ocrx_word' id='word_1_305' title='bbox 781 3744 1014 3812; x_wconf 84' lang='lat' dir='ltr'><strong>suspicio</strong></span> <span class='ocrx_word' id='word_1_306' title='bbox 1059 3754 1113 3796; x_wconf 91' lang='lat' dir='ltr'><strong>et</strong></span> <span class='ocrx_word' id='word_1_307' title='bbox 1157 3741 1446 3807; x_wconf 89' lang='lat' dir='ltr'><strong>sententia,</strong></span> <span class='ocrx_word' id='word_1_308' title='bbox 1493 3741 1636 3811; x_wconf 89' lang='lat' dir='ltr'><strong>quod</strong></span> <span class='ocrx_word' id='word_1_309' title='bbox 1684 3742 1919 3811; x_wconf 85' lang='lat' dir='ltr'><strong>scipsam</strong></span> 
     </span>
    </p>
   </div>
   <div class='ocr_carea' id='block_1_39' title="bbox 333 3832 1915 3911">
    <p class='ocr_par' dir='ltr' id='par_1_39' title="bbox 333 3832 1915 3911">
     <span class='ocr_line' id='line_1_39' title="bbox 333 3832 1915 3911; baseline -0.005 -16"><span class='ocrx_word' id='word_1_310' title='bbox 333 3842 598 3911; x_wconf 77' lang='lat' dir='ltr'><strong>:nqualem</strong></span> <span class='ocrx_word' id='word_1_311' title='bbox 628 3838 827 3892; x_wconf 83' lang='lat' dir='ltr'><strong>laceret</strong></span> <span class='ocrx_word' id='word_1_312' title='bbox 854 3836 962 3889; x_wconf 85' lang='lat' dir='ltr'><strong>Deo</strong></span> <span class='ocrx_word' id='word_1_313' title='bbox 987 3877 1001 3899; x_wconf 94' lang='lat'><strong>,</strong></span> <span class='ocrx_word' id='word_1_314' title='bbox 1032 3835 1249 3905; x_wconf 88' lang='lat' dir='ltr'><strong>ipseque</strong></span> <span class='ocrx_word' id='word_1_315' title='bbox 1274 3834 1533 3888; x_wconf 88' lang='lat' dir='ltr'><strong>noluisset</strong></span> <span class='ocrx_word' id='word_1_316' title='bbox 1560 3832 1677 3888; x_wconf 90' lang='lat' dir='ltr'><strong>illos</strong></span> <span class='ocrx_word' id='word_1_317' title='bbox 1704 3834 1772 3888; x_wconf 90' lang='lat' dir='ltr'><strong>ita</strong></span> <span class='ocrx_word' id='word_1_318' title='bbox 1799 3847 1915 3887; x_wconf 77' lang='lat' dir='ltr'><strong>sus~</strong></span> 
     </span>
    </p>
   </div>
   <div class='ocr_carea' id='block_1_40' title="bbox 333 3925 1918 4003">
    <p class='ocr_par' dir='ltr' id='par_1_40' title="bbox 333 3925 1918 4003">
     <span class='ocr_line' id='line_1_40' title="bbox 333 3925 1918 4003; baseline -0.004 -16"><span class='ocrx_word' id='word_1_319' title='bbox 333 3932 539 4003; x_wconf 84' lang='lat' dir='ltr'><strong>picari;</strong></span> <span class='ocrx_word' id='word_1_320' title='bbox 567 3929 898 3993; x_wconf 68' lang='lat' dir='ltr'><strong>Judmivero,</strong></span> <span class='ocrx_word' id='word_1_321' title='bbox 927 3941 1045 3981; x_wconf 86' lang='lat' dir='ltr'><strong>Ctltll</strong></span> <span class='ocrx_word' id='word_1_322' title='bbox 1066 3927 1164 3980; x_wconf 90' lang='lat' dir='ltr'><strong>hoc</strong></span> <span class='ocrx_word' id='word_1_323' title='bbox 1193 3927 1306 3995; x_wconf 90' lang='lat' dir='ltr'><strong>ipse</strong></span> <span class='ocrx_word' id='word_1_324' title='bbox 1336 3925 1516 3989; x_wconf 88' lang='lat' dir='ltr'><strong>nollet,</strong></span> <span class='ocrx_word' id='word_1_325' title='bbox 1542 3925 1642 3980; x_wconf 90' lang='lat' dir='ltr'><strong>alia</strong></span> <span class='ocrx_word' id='word_1_326' title='bbox 1664 3925 1918 3995; x_wconf 74' lang='lat' dir='ltr'><strong>suspicati</strong></span> 
     </span>
    </p>
   </div>
   <div class='ocr_carea' id='block_1_41' title="bbox 332 4014 1920 4089">
    <p class='ocr_par' dir='ltr' id='par_1_41' title="bbox 332 4014 1920 4089">
     <span class='ocr_line' id='line_1_41' title="bbox 332 4014 1920 4089; baseline -0.006 -11"><span class='ocrx_word' id='word_1_327' title='bbox 332 4025 587 4084; x_wconf 72' lang='lat' dir='ltr'><strong>fuissent,</strong></span> <span class='ocrx_word' id='word_1_328' title='bbox 628 4034 785 4089; x_wconf 89' lang='lat' dir='ltr'><strong>quam</strong></span> <span class='ocrx_word' id='word_1_329' title='bbox 829 4016 967 4086; x_wconf 87' lang='lat' dir='ltr'><strong>quod</strong></span> <span class='ocrx_word' id='word_1_330' title='bbox 1026 4016 1114 4070; x_wconf 91' lang='lat' dir='ltr'><strong>ille</strong></span> <span class='ocrx_word' id='word_1_331' title='bbox 1157 4015 1395 4069; x_wconf 83' lang='lat' dir='ltr'><strong>indicare</strong></span> <span class='ocrx_word' id='word_1_332' title='bbox 1443 4014 1646 4069; x_wconf 84' lang='lat' dir='ltr'><strong>vellet:</strong></span> <span class='ocrx_word' id='word_1_333' title='bbox 1682 4030 1786 4069; x_wconf 89' lang='lat' dir='ltr'><strong>non</strong></span> <span class='ocrx_word' id='word_1_334' title='bbox 1820 4017 1920 4069; x_wconf 86' lang='lat' dir='ltr'><strong>hoc</strong></span> 
     </span>
    </p>
   </div>
   <div class='ocr_carea' id='block_1_42' title="bbox 330 4108 1919 4177">
    <p class='ocr_par' dir='ltr' id='par_1_42' title="bbox 330 4108 1919 4177">
     <span class='ocr_line' id='line_1_42' title="bbox 330 4108 1919 4177; baseline -0.005 -6"><span class='ocrx_word' id='word_1_335' title='bbox 330 4126 485 4173; x_wconf 85' lang='lat' dir='ltr'><strong>certe</strong></span> <span class='ocrx_word' id='word_1_336' title='bbox 516 4115 633 4168; x_wconf 87' lang='lat' dir='ltr'><strong>sine</strong></span> <span class='ocrx_word' id='word_1_337' title='bbox 657 4109 994 4166; x_wconf 86' lang='lat' dir='ltr'><strong>correctione</strong></span> <span class='ocrx_word' id='word_1_338' title='bbox 1038 4109 1254 4163; x_wconf 84' lang='lat' dir='ltr'><strong>sivisset</strong></span> <span class='ocrx_word' id='word_1_339' title='bbox 1297 4108 1657 4177; x_wconf 70' lang='lat' dir='ltr'><strong>evangelista,</strong></span> <span class='ocrx_word' id='word_1_340' title='bbox 1693 4108 1785 4162; x_wconf 87' lang='lat' dir='ltr'><strong>sed</strong></span> <span class='ocrx_word' id='word_1_341' title='bbox 1816 4108 1919 4164; x_wconf 89' lang='lat' dir='ltr'><strong>hoc</strong></span> 
     </span>
    </p>
   </div>
   <div class='ocr_carea' id='block_1_43' title="bbox 331 4198 1919 4279">
    <p class='ocr_par' dir='ltr' id='par_1_43' title="bbox 331 4198 1919 4279">
     <span class='ocr_line' id='line_1_43' title="bbox 331 4198 1919 4279; baseline -0.006 -16"><span class='ocrx_word' id='word_1_342' title='bbox 331 4208 691 4279; x_wconf 78' lang='lat' dir='ltr'><strong>signiﬁcasset</strong></span> <span class='ocrx_word' id='word_1_343' title='bbox 719 4213 771 4259; x_wconf 91' lang='lat' dir='ltr'><strong>et</strong></span> <span class='ocrx_word' id='word_1_344' title='bbox 819 4202 962 4257; x_wconf 87' lang='lat' dir='ltr'><strong>clare</strong></span> <span class='ocrx_word' id='word_1_345' title='bbox 1005 4200 1250 4255; x_wconf 80' lang='lat' dir='ltr'><strong>dixisset.</strong></span> <span class='ocrx_word' id='word_1_346' title='bbox 1294 4200 1501 4255; x_wconf 85' lang='lat' dir='ltr'><strong>Etenim</strong></span> <span class='ocrx_word' id='word_1_347' title='bbox 1534 4198 1607 4252; x_wconf 88' lang='lat' dir='ltr'><strong>illi</strong></span> <span class='ocrx_word' id='word_1_348' title='bbox 1638 4199 1708 4253; x_wconf 89' lang='lat' dir='ltr'><strong>ita</strong></span> <span class='ocrx_word' id='word_1_349' title='bbox 1748 4198 1919 4254; x_wconf 86' lang='lat' dir='ltr'><strong>lacere</strong></span> 
     </span>
    </p>
   </div>
   <div class='ocr_carea' id='block_1_44' title="bbox 331 4290 1920 4363">
    <p class='ocr_par' dir='ltr' id='par_1_44' title="bbox 331 4290 1920 4363">
     <span class='ocr_line' id='line_1_44' title="bbox 331 4290 1920 4363; baseline -0.006 -9"><span class='ocrx_word' id='word_1_350' title='bbox 331 4302 557 4362; x_wconf 86' lang='lat' dir='ltr'><strong>solent,</strong></span> <span class='ocrx_word' id='word_1_351' title='bbox 580 4308 634 4350; x_wconf 92' lang='lat' dir='ltr'><strong>et</strong></span> <span class='ocrx_word' id='word_1_352' title='bbox 660 4295 817 4351; x_wconf 87' lang='lat' dir='ltr'><strong>Jcsus</strong></span> <span class='ocrx_word' id='word_1_353' title='bbox 867 4294 981 4363; x_wconf 89' lang='lat' dir='ltr'><strong>ipse</strong></span> <span class='ocrx_word' id='word_1_354' title='bbox 1028 4306 1278 4363; x_wconf 87' lang='lat' dir='ltr'><strong>quoque:</strong></span> <span class='ocrx_word' id='word_1_355' title='bbox 1310 4290 1517 4361; x_wconf 88' lang='lat' dir='ltr'><strong>hocque</strong></span> <span class='ocrx_word' id='word_1_356' title='bbox 1543 4305 1608 4344; x_wconf 83' lang='lat' dir='ltr'><strong>ex</strong></span> <span class='ocrx_word' id='word_1_357' title='bbox 1650 4304 1757 4343; x_wconf 90' lang='lat' dir='ltr'><strong>uno</strong></span> <span class='ocrx_word' id='word_1_358' title='bbox 1783 4290 1920 4345; x_wconf 82' lang='lat' dir='ltr'><strong>alte-</strong></span> 
     </span>
    </p>
   </div>
   <div class='ocr_carea' id='block_1_45' title="bbox 333 4381 1917 4457">
    <p class='ocr_par' dir='ltr' id='par_1_45' title="bbox 333 4381 1917 4457">
     <span class='ocr_line' id='line_1_45' title="bbox 333 4381 1917 4457; baseline -0.006 -10"><span class='ocrx_word' id='word_1_359' title='bbox 333 4407 470 4447; x_wconf 80' lang='lat' dir='ltr'><strong>vove</strong></span> <span class='ocrx_word' id='word_1_360' title='bbox 523 4387 768 4457; x_wconf 77' lang='lat' dir='ltr'><strong>exemplo</strong></span> <span class='ocrx_word' id='word_1_361' title='bbox 820 4383 1057 4439; x_wconf 89' lang='lat' dir='ltr'><strong>conabor</strong></span> <span class='ocrx_word' id='word_1_362' title='bbox 1110 4383 1261 4436; x_wconf 85' lang='lat' dir='ltr'><strong>vobis</strong></span> <span class='ocrx_word' id='word_1_363' title='bbox 1315 4381 1723 4447; x_wconf 82' lang='lat' dir='ltr'><strong>demonstrare;</strong></span> <span class='ocrx_word' id='word_1_364' title='bbox 1776 4381 1917 4452; x_wconf 90' lang='lat' dir='ltr'><strong>quod</strong></span> 
     </span>
    </p>
   </div>
   <div class='ocr_carea' id='block_1_46' title="bbox 333 4472 1916 4551">
    <p class='ocr_par' dir='ltr' id='par_1_46' title="bbox 333 4472 1916 4551">
     <span class='ocr_line' id='line_1_46' title="bbox 333 4472 1916 4551; baseline -0.007 -13"><span class='ocrx_word' id='word_1_365' title='bbox 333 4496 557 4551; x_wconf 86' lang='lat' dir='ltr'><strong>nempe,</strong></span> <span class='ocrx_word' id='word_1_366' title='bbox 588 4476 798 4548; x_wconf 87' lang='lat' dir='ltr'><strong>quando</strong></span> <span class='ocrx_word' id='word_1_367' title='bbox 826 4476 1073 4529; x_wconf 84' lang='lat' dir='ltr'><strong>Christus</strong></span> <span class='ocrx_word' id='word_1_368' title='bbox 1097 4473 1294 4544; x_wconf 90' lang='lat' dir='ltr'><strong>aliquid</strong></span> <span class='ocrx_word' id='word_1_369' title='bbox 1314 4473 1511 4527; x_wconf 83' lang='lat' dir='ltr'><strong>dixerit</strong></span> <span class='ocrx_word' id='word_1_370' title='bbox 1530 4513 1546 4535; x_wconf 92' lang='lat'><strong>,</strong></span> <span class='ocrx_word' id='word_1_371' title='bbox 1577 4473 1718 4543; x_wconf 89' lang='lat' dir='ltr'><strong>quod</strong></span> <span class='ocrx_word' id='word_1_372' title='bbox 1747 4472 1916 4527; x_wconf 86' lang='lat' dir='ltr'><strong>Juda-i</strong></span> 
     </span>
    </p>
   </div>
   <div class='ocr_carea' id='block_1_47' title="bbox 331 4563 1921 4640">
    <p class='ocr_par' dir='ltr' id='par_1_47' title="bbox 331 4563 1921 4640">
     <span class='ocr_line' id='line_1_47' title="bbox 331 4563 1921 4640; baseline -0.005 -14"><span class='ocrx_word' id='word_1_373' title='bbox 331 4588 503 4628; x_wconf 84' lang='lat' dir='ltr'><strong>secus</strong></span> <span class='ocrx_word' id='word_1_374' title='bbox 522 4585 680 4640; x_wconf 88' lang='lat' dir='ltr'><strong>quam</strong></span> <span class='ocrx_word' id='word_1_375' title='bbox 708 4569 799 4621; x_wconf 88' lang='lat' dir='ltr'><strong>ille</strong></span> <span class='ocrx_word' id='word_1_376' title='bbox 818 4567 949 4620; x_wconf 73' lang='lat' dir='ltr'><strong>dixit</strong></span> <span class='ocrx_word' id='word_1_377' title='bbox 977 4566 1178 4620; x_wconf 90' lang='lat' dir='ltr'><strong>dictum</strong></span> <span class='ocrx_word' id='word_1_378' title='bbox 1200 4565 1561 4634; x_wconf 79' lang='lat' dir='ltr'><strong>suspicantur,</strong></span> <span class='ocrx_word' id='word_1_379' title='bbox 1592 4563 1721 4619; x_wconf 89' lang='lat' dir='ltr'><strong>illud</strong></span> <span class='ocrx_word' id='word_1_380' title='bbox 1749 4563 1921 4618; x_wconf 87' lang='lat' dir='ltr'><strong>corri-</strong></span> 
     </span>
    </p>
   </div>
   <div class='ocr_carea' id='block_1_48' title="bbox 331 4656 1919 4733">
    <p class='ocr_par' dir='ltr' id='par_1_48' title="bbox 331 4656 1919 4733">
     <span class='ocr_line' id='line_1_48' title="bbox 331 4656 1919 4733; baseline -0.005 -16"><span class='ocrx_word' id='word_1_381' title='bbox 331 4665 417 4733; x_wconf 85' lang='lat' dir='ltr'><strong>git</strong></span> <span class='ocrx_word' id='word_1_382' title='bbox 444 4659 777 4730; x_wconf 78' lang='lat' dir='ltr'><strong>evangelista</strong></span> <span class='ocrx_word' id='word_1_383' title='bbox 809 4675 824 4713; x_wconf 90' lang='lat'><strong>:</strong></span> <span class='ocrx_word' id='word_1_384' title='bbox 856 4658 994 4727; x_wconf 91' lang='lat' dir='ltr'><strong>quod</strong></span> <span class='ocrx_word' id='word_1_385' title='bbox 1020 4666 1076 4711; x_wconf 91' lang='lat' dir='ltr'><strong>ut</strong></span> <span class='ocrx_word' id='word_1_386' title='bbox 1102 4658 1248 4712; x_wconf 88' lang='lat' dir='ltr'><strong>clare</strong></span> <span class='ocrx_word' id='word_1_387' title='bbox 1280 4656 1549 4725; x_wconf 80' lang='lat' dir='ltr'><strong>intelligas</strong></span> <span class='ocrx_word' id='word_1_388' title='bbox 1573 4696 1587 4719; x_wconf 92' lang='lat'><strong>,</strong></span> <span class='ocrx_word' id='word_1_389' title='bbox 1611 4656 1732 4709; x_wconf 91' lang='lat' dir='ltr'><strong>audi</strong></span> <span class='ocrx_word' id='word_1_390' title='bbox 1759 4656 1919 4710; x_wconf 82' lang='lat' dir='ltr'><strong>Joan-</strong></span> 
     </span>
    </p>
   </div>
   <div class='ocr_carea' id='block_1_49' title="bbox 332 4748 1916 4821">
    <p class='ocr_par' dir='ltr' id='par_1_49' title="bbox 332 4748 1916 4821">
     <span class='ocr_line' id='line_1_49' title="bbox 332 4748 1916 4821; baseline -0.006 -9"><span class='ocrx_word' id='word_1_391' title='bbox 332 4772 463 4811; x_wconf 90' lang='lat' dir='ltr'><strong>nem</strong></span> <span class='ocrx_word' id='word_1_392' title='bbox 497 4755 598 4807; x_wconf 89' lang='lat' dir='ltr'><strong>hoc</strong></span> <span class='ocrx_word' id='word_1_393' title='bbox 628 4752 800 4821; x_wconf 76' lang='lat' dir='ltr'><strong>ipsum</strong></span> <span class='ocrx_word' id='word_1_394' title='bbox 844 4750 1230 4805; x_wconf 87' lang='lat' dir='ltr'><strong>declarantem.</strong></span> <span class='ocrx_word' id='word_1_395' title='bbox 1261 4748 1393 4802; x_wconf 90' lang='lat' dir='ltr'><strong>Cum</strong></span> <span class='ocrx_word' id='word_1_396' title='bbox 1427 4751 1568 4803; x_wconf 90' lang='lat' dir='ltr'><strong>enim</strong></span> <span class='ocrx_word' id='word_1_397' title='bbox 1612 4748 1829 4802; x_wconf 85' lang='lat' dir='ltr'><strong>intravit</strong></span> <span class='ocrx_word' id='word_1_398' title='bbox 1863 4748 1916 4802; x_wconf 91' lang='lat' dir='ltr'><strong>in</strong></span> 
     </span>
    </p>
   </div>
   <div class='ocr_carea' id='block_1_50' title="bbox 332 4838 1915 4913">
    <p class='ocr_par' dir='ltr' id='par_1_50' title="bbox 332 4838 1915 4913">
     <span class='ocr_line' id='line_1_50' title="bbox 332 4838 1915 4913; baseline -0.006 -13"><span class='ocrx_word' id='word_1_399' title='bbox 332 4845 599 4913; x_wconf 76' lang='lat' dir='ltr'><strong>templum</strong></span> <span class='ocrx_word' id='word_1_400' title='bbox 621 4842 736 4904; x_wconf 86' lang='lat' dir='ltr'><strong>Dei,</strong></span> <span class='ocrx_word' id='word_1_401' title='bbox 765 4851 815 4896; x_wconf 90' lang='lat' dir='ltr'><strong>et</strong></span> <span class='ocrx_word' id='word_1_402' title='bbox 843 4840 1230 4895; x_wconf 85' lang='lat' dir='ltr'><strong>nummularios</strong></span> <span class='ocrx_word' id='word_1_403' title='bbox 1251 4839 1479 4908; x_wconf 74' lang='lat' dir='ltr'><strong>expulit,</strong></span> <span class='ocrx_word' id='word_1_404' title='bbox 1500 4838 1710 4907; x_wconf 82' lang='lat' dir='ltr'><strong>ﬂagello</strong></span> <span class='ocrx_word' id='word_1_405' title='bbox 1735 4838 1876 4892; x_wconf 80' lang='lat' dir='ltr'><strong>facto</strong></span> <span class='ocrx_word' id='word_1_406' title='bbox 1898 4879 1915 4906; x_wconf 94' lang='lat'><strong>,</strong></span> 
     </span>
    </p>
   </div>
   <div class='ocr_carea' id='block_1_51' title="bbox 327 4930 1916 5006">
    <p class='ocr_par' dir='ltr' id='par_1_51' title="bbox 327 4930 1916 5006">
     <span class='ocr_line' id='line_1_51' title="bbox 327 4930 1916 5006; baseline -0.004 -14"><span class='ocrx_word' id='word_1_407' title='bbox 327 4940 527 4993; x_wconf 89' lang='lat' dir='ltr'><strong>dicens</strong></span> <span class='ocrx_word' id='word_1_408' title='bbox 556 4954 570 4990; x_wconf 87' lang='lat'><strong>:</strong></span> <span class='ocrx_word' id='word_1_409' title='bbox 606 4934 783 4989; x_wconf 86' lang='lat' dir='ltr'><strong>Nolite</strong></span> <span class='ocrx_word' id='word_1_410' title='bbox 820 4936 986 5006; x_wconf 77' lang='lat' dir='ltr'><strong>facere</strong></span> <span class='ocrx_word' id='word_1_411' title='bbox 1012 4934 1219 4987; x_wconf 86' lang='lat' dir='ltr'><strong>domum</strong></span> <span class='ocrx_word' id='word_1_412' title='bbox 1249 4930 1424 4985; x_wconf 79' lang='lat' dir='ltr'><strong>Patris</strong></span> <span class='ocrx_word' id='word_1_413' title='bbox 1455 4932 1552 4986; x_wconf 89' lang='lat' dir='ltr'><strong>mei</strong></span> <span class='ocrx_word' id='word_1_414' title='bbox 1589 4931 1795 4985; x_wconf 86' lang='lat' dir='ltr'><strong>domum</strong></span> <span class='ocrx_word' id='word_1_415' title='bbox 1825 4948 1916 4986; x_wconf 83' lang='lat' dir='ltr'><strong>ne-</strong></span> 
     </span>
    </p>
   </div>
   <div class='ocr_carea' id='block_1_52' title="bbox 330 5023 1916 5101">
    <p class='ocr_par' dir='ltr' id='par_1_52' title="bbox 330 5023 1916 5101">
     <span class='ocr_line' id='line_1_52' title="bbox 330 5023 1916 5101; baseline -0.003 -17"><span class='ocrx_word' id='word_1_416' title='bbox 330 5028 631 5101; x_wconf 82' lang='lat' dir='ltr'><strong>gotiationis</strong></span> <span class='ocrx_word' id='word_1_417' title='bbox 661 5026 842 5096; x_wconf 81' lang='lat' dir='ltr'><strong>(Joan.</strong></span> <span class='ocrx_word' id='word_1_418' title='bbox 874 5027 928 5081; x_wconf 72' lang='grc'><strong>2.</strong></span> <span class='ocrx_word' id='word_1_419' title='bbox 956 5023 1065 5097; x_wconf 82' lang='grc'><strong>16),</strong></span> <span class='ocrx_word' id='word_1_420' title='bbox 1100 5024 1419 5079; x_wconf 89' lang='lat' dir='ltr'><strong>accedentes</strong></span> <span class='ocrx_word' id='word_1_421' title='bbox 1446 5023 1653 5079; x_wconf 72' lang='lat' dir='ltr'><strong>Scriba:</strong></span> <span class='ocrx_word' id='word_1_422' title='bbox 1690 5033 1745 5078; x_wconf 90' lang='lat' dir='ltr'><strong>et</strong></span> <span class='ocrx_word' id='word_1_423' title='bbox 1775 5024 1916 5079; x_wconf 65' lang='lat' dir='ltr'><strong>Phao</strong></span> 
     </span>
    </p>
   </div>
   <div class='ocr_carea' id='block_1_53' title="bbox 327 5114 1918 5185">
    <p class='ocr_par' dir='ltr' id='par_1_53' title="bbox 327 5114 1918 5185">
     <span class='ocr_line' id='line_1_53' title="bbox 327 5114 1918 5185; baseline -0.005 -8"><span class='ocrx_word' id='word_1_424' title='bbox 327 5121 484 5177; x_wconf 66' lang='lat' dir='ltr'><strong>risaei</strong></span> <span class='ocrx_word' id='word_1_425' title='bbox 515 5118 762 5174; x_wconf 86' lang='lat' dir='ltr'><strong>dicebant</strong></span> <span class='ocrx_word' id='word_1_426' title='bbox 793 5135 806 5171; x_wconf 89' lang='lat'><strong>:</strong></span> <span class='ocrx_word' id='word_1_427' title='bbox 842 5117 989 5182; x_wconf 84' lang='lat' dir='ltr'><strong>Quod</strong></span> <span class='ocrx_word' id='word_1_428' title='bbox 1010 5116 1208 5185; x_wconf 85' lang='lat' dir='ltr'><strong>signum</strong></span> <span class='ocrx_word' id='word_1_429' title='bbox 1238 5114 1458 5168; x_wconf 82' lang='lat' dir='ltr'><strong>ostendis</strong></span> <span class='ocrx_word' id='word_1_430' title='bbox 1479 5114 1642 5182; x_wconf 89' lang='lat' dir='ltr'><strong>nobis,</strong></span> <span class='ocrx_word' id='word_1_431' title='bbox 1664 5115 1784 5185; x_wconf 89' lang='lat' dir='ltr'><strong>quia</strong></span> <span class='ocrx_word' id='word_1_432' title='bbox 1812 5114 1918 5169; x_wconf 72' lang='lat' dir='ltr'><strong>Itth</strong></span> 
     </span>
    </p>
   </div>
   <div class='ocr_carea' id='block_1_54' title="bbox 327 5204 1914 5284">
    <p class='ocr_par' dir='ltr' id='par_1_54' title="bbox 327 5204 1914 5284">
     <span class='ocr_line' id='line_1_54' title="bbox 327 5204 1914 5284; baseline -0.005 -18"><span class='ocrx_word' id='word_1_433' title='bbox 327 5214 468 5284; x_wconf 72' lang='lat' dir='ltr'><strong>faris</strong></span> <span class='ocrx_word' id='word_1_434' title='bbox 498 5213 522 5265; x_wconf 84' lang='lat'><strong><em>?</em></strong></span> <span class='ocrx_word' id='word_1_435' title='bbox 547 5209 683 5278; x_wconf 86' lang='lat' dir='ltr'><strong>Quid</strong></span> <span class='ocrx_word' id='word_1_436' title='bbox 709 5225 837 5278; x_wconf 80' lang='lat' dir='ltr'><strong>ergo</strong></span> <span class='ocrx_word' id='word_1_437' title='bbox 869 5208 955 5261; x_wconf 91' lang='lat' dir='ltr'><strong>ille</strong></span> <span class='ocrx_word' id='word_1_438' title='bbox 973 5207 997 5261; x_wconf 71' lang='grc' dir='ltr'><strong>’ἔ</strong></span> <span class='ocrx_word' id='word_1_439' title='bbox 1018 5206 1213 5260; x_wconf 80' lang='lat' dir='ltr'><strong>Solvite</strong></span> <span class='ocrx_word' id='word_1_440' title='bbox 1232 5205 1476 5275; x_wconf 86' lang='lat' dir='ltr'><strong>templum</strong></span> <span class='ocrx_word' id='word_1_441' title='bbox 1503 5206 1598 5259; x_wconf 89' lang='lat' dir='ltr'><strong>hoc</strong></span> <span class='ocrx_word' id='word_1_442' title='bbox 1621 5247 1637 5271; x_wconf 93' lang='lat'><strong>,</strong></span> <span class='ocrx_word' id='word_1_443' title='bbox 1666 5216 1712 5259; x_wconf 90' lang='lat' dir='ltr'><strong>et</strong></span> <span class='ocrx_word' id='word_1_444' title='bbox 1737 5207 1790 5259; x_wconf 84' lang='lat' dir='ltr'><strong>in</strong></span> <span class='ocrx_word' id='word_1_445' title='bbox 1815 5204 1914 5258; x_wconf 80' lang='lat' dir='ltr'><strong>tri-</strong></span> 
     </span>
    </p>
   </div>
   <div class='ocr_carea' id='block_1_55' title="bbox 325 5296 1916 5370">
    <p class='ocr_par' dir='ltr' id='par_1_55' title="bbox 325 5296 1916 5370">
     <span class='ocr_line' id='line_1_55' title="bbox 325 5296 1916 5370; baseline -0.003 -12"><span class='ocrx_word' id='word_1_446' title='bbox 325 5309 432 5358; x_wconf 84' lang='lat' dir='ltr'><strong>bus</strong></span> <span class='ocrx_word' id='word_1_447' title='bbox 460 5304 633 5356; x_wconf 85' lang='lat' dir='ltr'><strong>diebus</strong></span> <span class='ocrx_word' id='word_1_448' title='bbox 659 5300 886 5355; x_wconf 74' lang='lat' dir='ltr'><strong>excitabo</strong></span> <span class='ocrx_word' id='word_1_449' title='bbox 924 5299 1054 5352; x_wconf 83' lang='lat' dir='ltr'><strong>illud</strong></span> <span class='ocrx_word' id='word_1_450' title='bbox 1084 5297 1102 5368; x_wconf 94' lang='lat'>(</span> <span class='ocrx_word' id='word_1_451' title='bbox 1130 5296 1209 5352; x_wconf 91' lang='lat' dir='ltr'><strong>Ib.</strong></span> <span class='ocrx_word' id='word_1_452' title='bbox 1234 5314 1280 5350; x_wconf 84' lang='lat' dir='ltr'><strong>v.</strong></span> <span class='ocrx_word' id='word_1_453' title='bbox 1307 5298 1394 5353; x_wconf 88' lang='grc'><strong>18.</strong></span> <span class='ocrx_word' id='word_1_454' title='bbox 1426 5299 1491 5353; x_wconf 83' lang='grc'><strong>19</strong></span> <span class='ocrx_word' id='word_1_455' title='bbox 1510 5296 1569 5370; x_wconf 82' lang='grc'><strong>);</strong></span> <span class='ocrx_word' id='word_1_456' title='bbox 1600 5297 1666 5352; x_wconf 89' lang='lat' dir='ltr'><strong>de</strong></span> <span class='ocrx_word' id='word_1_457' title='bbox 1689 5312 1916 5369; x_wconf 87' lang='lat' dir='ltr'><strong>corpore</strong></span> 
     </span>
    </p>
   </div>
   <div class='ocr_carea' id='block_1_56' title="bbox 325 5386 1916 5457">
    <p class='ocr_par' dir='ltr' id='par_1_56' title="bbox 325 5386 1916 5457">
     <span class='ocr_line' id='line_1_56' title="bbox 325 5386 1916 5457; baseline -0.003 -9"><span class='ocrx_word' id='word_1_458' title='bbox 325 5409 439 5448; x_wconf 82' lang='lat' dir='ltr'><strong>suo</strong></span> <span class='ocrx_word' id='word_1_459' title='bbox 456 5394 664 5445; x_wconf 89' lang='lat' dir='ltr'><strong>dicens.</strong></span> <span class='ocrx_word' id='word_1_460' title='bbox 686 5390 879 5444; x_wconf 75' lang='lat' dir='ltr'><strong>Verum</strong></span> <span class='ocrx_word' id='word_1_461' title='bbox 906 5389 979 5443; x_wconf 90' lang='lat' dir='ltr'><strong>illi</strong></span> <span class='ocrx_word' id='word_1_462' title='bbox 1001 5388 1101 5441; x_wconf 91' lang='lat' dir='ltr'><strong>hoc</strong></span> <span class='ocrx_word' id='word_1_463' title='bbox 1120 5402 1223 5440; x_wconf 90' lang='lat' dir='ltr'><strong>non</strong></span> <span class='ocrx_word' id='word_1_464' title='bbox 1257 5386 1657 5454; x_wconf 84' lang='lat' dir='ltr'><strong>intellexerunt,</strong></span> <span class='ocrx_word' id='word_1_465' title='bbox 1677 5387 1771 5442; x_wconf 89' lang='lat' dir='ltr'><strong>sed</strong></span> <span class='ocrx_word' id='word_1_466' title='bbox 1788 5388 1916 5457; x_wconf 88' lang='lat' dir='ltr'><strong>quid</strong></span> 
     </span>
    </p>
   </div>
   <div class='ocr_carea' id='block_1_57' title="bbox 322 5479 1917 5553">
    <p class='ocr_par' dir='ltr' id='par_1_57' title="bbox 322 5479 1917 5553">
     <span class='ocr_line' id='line_1_57' title="bbox 322 5479 1917 5553; baseline -0.004 -13"><span class='ocrx_word' id='word_1_467' title='bbox 322 5485 567 5541; x_wconf 85' lang='lat' dir='ltr'><strong>dicunt?</strong></span> <span class='ocrx_word' id='word_1_468' title='bbox 591 5483 941 5553; x_wconf 80' lang='lat' dir='ltr'><strong>Quadraginta</strong></span> <span class='ocrx_word' id='word_1_469' title='bbox 967 5498 1055 5535; x_wconf 75' lang='lat' dir='ltr'><strong>sex</strong></span> <span class='ocrx_word' id='word_1_470' title='bbox 1078 5479 1225 5534; x_wconf 86' lang='lat' dir='ltr'><strong>annis</strong></span> <span class='ocrx_word' id='word_1_471' title='bbox 1252 5479 1558 5546; x_wconf 76' lang='lat' dir='ltr'><strong>cedi/iculum</strong></span> <span class='ocrx_word' id='word_1_472' title='bbox 1580 5488 1652 5533; x_wconf 86' lang='lat' dir='ltr'><strong>est</strong></span> <span class='ocrx_word' id='word_1_473' title='bbox 1675 5480 1917 5551; x_wconf 81' lang='lat' dir='ltr'><strong>templum</strong></span> 
     </span>
    </p>
   </div>
   <div class='ocr_carea' id='block_1_58' title="bbox 326 5570 1914 5643">
    <p class='ocr_par' dir='ltr' id='par_1_58' title="bbox 326 5570 1914 5643">
     <span class='ocr_line' id='line_1_58' title="bbox 326 5570 1914 5643; baseline -0.004 -10"><span class='ocrx_word' id='word_1_474' title='bbox 326 5583 456 5643; x_wconf 65' lang='lat' dir='ltr'><strong>hoc,</strong></span> <span class='ocrx_word' id='word_1_475' title='bbox 487 5586 535 5631; x_wconf 82' lang='lat' dir='ltr'><strong>et</strong></span> <span class='ocrx_word' id='word_1_476' title='bbox 565 5587 616 5629; x_wconf 88' lang='lat' dir='ltr'><strong>tu</strong></span> <span class='ocrx_word' id='word_1_477' title='bbox 649 5579 699 5629; x_wconf 90' lang='lat' dir='ltr'><strong>in</strong></span> <span class='ocrx_word' id='word_1_478' title='bbox 725 5576 882 5628; x_wconf 85' lang='lat' dir='ltr'><strong>tribus</strong></span> <span class='ocrx_word' id='word_1_479' title='bbox 912 5574 1083 5627; x_wconf 85' lang='lat' dir='ltr'><strong>diebus</strong></span> <span class='ocrx_word' id='word_1_480' title='bbox 1106 5571 1344 5626; x_wconf 74' lang='lat' dir='ltr'><strong>excitabis</strong></span> <span class='ocrx_word' id='word_1_481' title='bbox 1365 5570 1497 5624; x_wconf 86' lang='lat' dir='ltr'><strong>illud</strong></span> <span class='ocrx_word' id='word_1_482' title='bbox 1527 5570 1691 5643; x_wconf 89' lang='lat' dir='ltr'><strong>(Ibid.</strong></span> <span class='ocrx_word' id='word_1_483' title='bbox 1718 5586 1766 5626; x_wconf 75' lang='lat' dir='ltr'><strong>tt.</strong></span> <span class='ocrx_word' id='word_1_484' title='bbox 1793 5572 1914 5642; x_wconf 77' lang='lat'><strong>9.0)?</strong></span> 
     </span>
    </p>
   </div>
   <div class='ocr_carea' id='block_1_59' title="bbox 328 5664 1913 5738">
    <p class='ocr_par' dir='ltr' id='par_1_59' title="bbox 328 5664 1913 5738">
     <span class='ocr_line' id='line_1_59' title="bbox 328 5664 1913 5738; baseline -0.004 -12"><span class='ocrx_word' id='word_1_485' title='bbox 328 5674 405 5726; x_wconf 86' lang='lat' dir='ltr'><strong>de</strong></span> <span class='ocrx_word' id='word_1_486' title='bbox 436 5669 638 5737; x_wconf 87' lang='lat' dir='ltr'><strong>templo</strong></span> <span class='ocrx_word' id='word_1_487' title='bbox 666 5668 945 5738; x_wconf 83' lang='lat' dir='ltr'><strong>loquentes</strong></span> <span class='ocrx_word' id='word_1_488' title='bbox 972 5665 1191 5720; x_wconf 85' lang='lat' dir='ltr'><strong>Judaico</strong></span> <span class='ocrx_word' id='word_1_489' title='bbox 1219 5664 1484 5735; x_wconf 78' lang='lat' dir='ltr'><strong>lapidibus</strong></span> <span class='ocrx_word' id='word_1_490' title='bbox 1512 5674 1716 5721; x_wconf 86' lang='lat' dir='ltr'><strong>structo</strong></span> <span class='ocrx_word' id='word_1_491' title='bbox 1743 5683 1755 5719; x_wconf 92' lang='lat'><strong>:</strong></span> <span class='ocrx_word' id='word_1_492' title='bbox 1786 5664 1913 5719; x_wconf 89' lang='lat' dir='ltr'><strong>illud</strong></span> 
     </span>
    </p>
   </div>
   <div class='ocr_carea' id='block_1_60' title="bbox 330 5755 1911 5831">
    <p class='ocr_par' dir='ltr' id='par_1_60' title="bbox 330 5755 1911 5831">
     <span class='ocr_line' id='line_1_60' title="bbox 330 5755 1911 5831; baseline -0.006 -10"><span class='ocrx_word' id='word_1_493' title='bbox 330 5767 483 5821; x_wconf 79' lang='lat' dir='ltr'><strong>enim</strong></span> <span class='ocrx_word' id='word_1_494' title='bbox 516 5762 865 5831; x_wconf 76' lang='lat' dir='ltr'><strong>quadraginta</strong></span> <span class='ocrx_word' id='word_1_495' title='bbox 897 5774 989 5816; x_wconf 81' lang='lat' dir='ltr'><strong>sex</strong></span> <span class='ocrx_word' id='word_1_496' title='bbox 1022 5773 1279 5812; x_wconf 70' lang='lat' dir='ltr'><strong>annuerant</strong></span> <span class='ocrx_word' id='word_1_497' title='bbox 1311 5758 1485 5828; x_wconf 84' lang='lat' dir='ltr'><strong>spatio</strong></span> <span class='ocrx_word' id='word_1_498' title='bbox 1515 5766 1771 5813; x_wconf 86' lang='lat' dir='ltr'><strong>structum</strong></span> <span class='ocrx_word' id='word_1_499' title='bbox 1814 5755 1911 5812; x_wconf 77' lang='lat' dir='ltr'><strong>fuit</strong></span> 
     </span>
    </p>
   </div>
   <div class='ocr_carea' id='block_1_61' title="bbox 749 316 3147 392">
    <p class='ocr_par' dir='ltr' id='par_1_61' title="bbox 749 316 3147 392">
     <span class='ocr_line' id='line_1_61' title="bbox 749 316 3147 392; baseline 0.003 -13"><span class='ocrx_word' id='word_1_500' title='bbox 749 322 817 379; x_wconf 81' lang='lat' dir='ltr'><strong>lX</strong></span> <span class='ocrx_word' id='word_1_501' title='bbox 858 321 1162 389; x_wconf 69' lang='lat' dir='ltr'><strong>llOMlLlA,</strong></span> <span class='ocrx_word' id='word_1_502' title='bbox 1206 320 1271 377; x_wconf 86' lang='lat' dir='ltr'><strong>IN</strong></span> <span class='ocrx_word' id='word_1_503' title='bbox 1311 320 1539 389; x_wconf 84' lang='lat' dir='ltr'><strong>lLLUD,</strong></span> <span class='ocrx_word' id='word_1_504' title='bbox 1581 318 1808 375; x_wconf 76' lang='lat' dir='ltr'><strong>PATER</strong></span> <span class='ocrx_word' id='word_1_505' title='bbox 1848 316 2030 373; x_wconf 70' lang='grc' dir='ltr'><strong>ΜΕΕὸ</strong></span> <span class='ocrx_word' id='word_1_506' title='bbox 2072 316 2296 386; x_wconf 80' lang='lat' dir='ltr'><strong>USQUE</strong></span> <span class='ocrx_word' id='word_1_507' title='bbox 2337 317 2525 375; x_wconf 76' lang='lat' dir='ltr'><strong>M000</strong></span> <span class='ocrx_word' id='word_1_508' title='bbox 2559 318 2953 392; x_wconf 71' lang='lat' dir='ltr'><strong>OPERATUR,</strong></span> <span class='ocrx_word' id='word_1_509' title='bbox 2996 325 3147 387; x_wconf 81' lang='lat' dir='ltr'><strong>ETC.</strong></span> 
     </span>
    </p>
   </div>
   <div class='ocr_carea' id='block_1_62' title="bbox 3468 338 3577 394">
    <p class='ocr_par' dir='ltr' id='par_1_62' title="bbox 3468 338 3577 394">
     <span class='ocr_line' id='line_1_62' title="bbox 3468 338 3577 394; baseline 0.018 -2"><span class='ocrx_word' id='word_1_510' title='bbox 3468 338 3577 394; x_wconf 73' lang='lat' dir='ltr'><strong>5H</strong></span> 
     </span>
    </p>
   </div>
   <div class='ocr_carea' id='block_1_63' title="bbox 2007 432 3590 511">
    <p class='ocr_par' dir='ltr' id='par_1_63' title="bbox 2007 432 3590 511">
     <span class='ocr_line' id='line_1_63' title="bbox 2007 432 3590 511; baseline 0.014 -26"><span class='ocrx_word' id='word_1_511' title='bbox 2007 443 2128 503; x_wconf 88' lang='lat' dir='ltr'><strong>post</strong></span> <span class='ocrx_word' id='word_1_512' title='bbox 2151 432 2380 487; x_wconf 89' lang='lat' dir='ltr'><strong>reditum</strong></span> <span class='ocrx_word' id='word_1_513' title='bbox 2405 449 2469 488; x_wconf 80' lang='lat' dir='ltr'><strong>ex</strong></span> <span class='ocrx_word' id='word_1_514' title='bbox 2499 434 2806 507; x_wconf 82' lang='lat' dir='ltr'><strong>Babylone,</strong></span> <span class='ocrx_word' id='word_1_515' title='bbox 2829 440 2952 507; x_wconf 90' lang='lat' dir='ltr'><strong>quia</strong></span> <span class='ocrx_word' id='word_1_516' title='bbox 2976 440 3011 494; x_wconf 92' lang='lat' dir='ltr'><strong>ii</strong></span> <span class='ocrx_word' id='word_1_517' title='bbox 3042 442 3131 511; x_wconf 89' lang='lat' dir='ltr'><strong>qui</strong></span> <span class='ocrx_word' id='word_1_518' title='bbox 3150 444 3479 505; x_wconf 68' lang='lat' dir='ltr'><strong>aediﬁcabant</strong></span> <span class='ocrx_word' id='word_1_519' title='bbox 3510 445 3590 507; x_wconf 41' lang='lat' dir='ltr'><strong>ex‘</strong></span> 
     </span>
    </p>
   </div>
   <div class='ocr_carea' id='block_1_64' title="bbox 2006 523 3568 598">
    <p class='ocr_par' dir='ltr' id='par_1_64' title="bbox 2006 523 3568 598">
     <span class='ocr_line' id='line_1_64' title="bbox 2006 523 3568 598; baseline 0.012 -21"><span class='ocrx_word' id='word_1_520' title='bbox 2006 523 2356 578; x_wconf 89' lang='lat' dir='ltr'><strong>barbarorum</strong></span> <span class='ocrx_word' id='word_1_521' title='bbox 2391 525 2604 579; x_wconf 90' lang='lat' dir='ltr'><strong>insidiis</strong></span> <span class='ocrx_word' id='word_1_522' title='bbox 2630 527 3088 598; x_wconf 88' lang='lat' dir='ltr'><strong>impediebantur;</strong></span> <span class='ocrx_word' id='word_1_523' title='bbox 3114 543 3313 590; x_wconf 89' lang='lat' dir='ltr'><strong>etcum</strong></span> <span class='ocrx_word' id='word_1_524' title='bbox 3344 540 3568 595; x_wconf 89' lang='lat' dir='ltr'><strong>multum</strong></span> 
     </span>
    </p>
   </div>
   <div class='ocr_carea' id='block_1_65' title="bbox 2005 617 3577 695">
    <p class='ocr_par' dir='ltr' id='par_1_65' title="bbox 2005 617 3577 695">
     <span class='ocr_line' id='line_1_65' title="bbox 2005 617 3577 695; baseline 0.009 -24"><span class='ocrx_word' id='word_1_525' title='bbox 2005 618 2259 687; x_wconf 84' lang='lat' dir='ltr'><strong>temporis</strong></span> <span class='ocrx_word' id='word_1_526' title='bbox 2280 617 2595 686; x_wconf 75' lang='lat' dir='ltr'><strong>efﬂuxisset,</strong></span> <span class='ocrx_word' id='word_1_527' title='bbox 2622 620 2878 690; x_wconf 88' lang='lat' dir='ltr'><strong>templum</strong></span> <span class='ocrx_word' id='word_1_528' title='bbox 2904 624 3115 680; x_wconf 84' lang='lat' dir='ltr'><strong>tandem</strong></span> <span class='ocrx_word' id='word_1_529' title='bbox 3141 627 3431 695; x_wconf 82' lang='lat' dir='ltr'><strong>perfectum</strong></span> <span class='ocrx_word' id='word_1_530' title='bbox 3460 631 3577 685; x_wconf 84' lang='lat' dir='ltr'><strong>luit.</strong></span> 
     </span>
    </p>
   </div>
   <div class='ocr_carea' id='block_1_66' title="bbox 2005 707 3577 783">
    <p class='ocr_par' dir='ltr' id='par_1_66' title="bbox 2005 707 3577 783">
     <span class='ocr_line' id='line_1_66' title="bbox 2005 707 3577 783; baseline 0.009 -23"><span class='ocrx_word' id='word_1_531' title='bbox 2005 707 2134 775; x_wconf 85' lang='lat' dir='ltr'><strong>Quia</strong></span> <span class='ocrx_word' id='word_1_532' title='bbox 2166 710 2323 779; x_wconf 78' lang='lat' dir='ltr'><strong>igitur</strong></span> <span class='ocrx_word' id='word_1_533' title='bbox 2342 709 2497 764; x_wconf 84' lang='lat' dir='ltr'><strong>Jesus</strong></span> <span class='ocrx_word' id='word_1_534' title='bbox 2516 710 2615 764; x_wconf 88' lang='lat' dir='ltr'><strong>hoc</strong></span> <span class='ocrx_word' id='word_1_535' title='bbox 2633 710 2702 765; x_wconf 92' lang='lat' dir='ltr'><strong>de</strong></span> <span class='ocrx_word' id='word_1_536' title='bbox 2724 726 2950 781; x_wconf 88' lang='lat' dir='ltr'><strong>corpore</strong></span> <span class='ocrx_word' id='word_1_537' title='bbox 2978 731 3077 770; x_wconf 88' lang='lat' dir='ltr'><strong>suo</strong></span> <span class='ocrx_word' id='word_1_538' title='bbox 3105 718 3334 783; x_wconf 81' lang='lat' dir='ltr'><strong>dixerat,</strong></span> <span class='ocrx_word' id='word_1_539' title='bbox 3361 736 3577 775; x_wconf 74' lang='lat' dir='ltr'><strong>erucem</strong></span> 
     </span>
    </p>
   </div>
   <div class='ocr_carea' id='block_1_67' title="bbox 2005 802 3581 872">
    <p class='ocr_par' dir='ltr' id='par_1_67' title="bbox 2005 802 3581 872">
     <span class='ocr_line' id='line_1_67' title="bbox 2005 802 3581 872; baseline 0.008 -17"><span class='ocrx_word' id='word_1_540' title='bbox 2005 809 2059 855; x_wconf 91' lang='lat' dir='ltr'><strong>et</strong></span> <span class='ocrx_word' id='word_1_541' title='bbox 2088 802 2536 855; x_wconf 81' lang='lat' dir='ltr'><strong>resurrectionem</strong></span> <span class='ocrx_word' id='word_1_542' title='bbox 2565 802 2875 872; x_wconf 79' lang='lat' dir='ltr'><strong>signiﬁcans</strong></span> <span class='ocrx_word' id='word_1_543' title='bbox 2905 822 2919 858; x_wconf 87' lang='lat'><strong>:</strong></span> <span class='ocrx_word' id='word_1_544' title='bbox 2953 806 3052 861; x_wconf 92' lang='lat' dir='ltr'><strong>hoc</strong></span> <span class='ocrx_word' id='word_1_545' title='bbox 3076 810 3218 864; x_wconf 90' lang='lat' dir='ltr'><strong>enim</strong></span> <span class='ocrx_word' id='word_1_546' title='bbox 3246 810 3346 866; x_wconf 88' lang='lat' dir='ltr'><strong>sibi</strong></span> <span class='ocrx_word' id='word_1_547' title='bbox 3374 814 3485 866; x_wconf 90' lang='lat' dir='ltr'><strong>vult</strong></span> <span class='ocrx_word' id='word_1_548' title='bbox 3515 813 3581 866; x_wconf 89' lang='lat' dir='ltr'><strong>il-</strong></span> 
     </span>
    </p>
   </div>
   <div class='ocr_carea' id='block_1_68' title="bbox 2009 891 3577 964">
    <p class='ocr_par' dir='ltr' id='par_1_68' title="bbox 2009 891 3577 964">
     <span class='ocr_line' id='line_1_68' title="bbox 2009 891 3577 964; baseline 0.011 -21"><span class='ocrx_word' id='word_1_549' title='bbox 2009 891 2096 946; x_wconf 89' lang='lat' dir='ltr'><strong>lud</strong></span> <span class='ocrx_word' id='word_1_550' title='bbox 2123 935 2137 955; x_wconf 86' lang='lat'><strong>,</strong></span> <span class='ocrx_word' id='word_1_551' title='bbox 2167 891 2361 946; x_wconf 85' lang='lat' dir='ltr'><strong>Solvite</strong></span> <span class='ocrx_word' id='word_1_552' title='bbox 2386 893 2627 963; x_wconf 86' lang='lat' dir='ltr'><strong>templum</strong></span> <span class='ocrx_word' id='word_1_553' title='bbox 2651 894 2764 961; x_wconf 85' lang='lat' dir='ltr'><strong>hac,</strong></span> <span class='ocrx_word' id='word_1_554' title='bbox 2790 906 2839 948; x_wconf 90' lang='lat' dir='ltr'><strong>et</strong></span> <span class='ocrx_word' id='word_1_555' title='bbox 2883 896 2935 949; x_wconf 91' lang='lat' dir='ltr'><strong>in</strong></span> <span class='ocrx_word' id='word_1_556' title='bbox 2967 898 3126 953; x_wconf 87' lang='lat' dir='ltr'><strong>tribus</strong></span> <span class='ocrx_word' id='word_1_557' title='bbox 3156 902 3330 957; x_wconf 80' lang='lat' dir='ltr'><strong>diebus</strong></span> <span class='ocrx_word' id='word_1_558' title='bbox 3349 905 3577 964; x_wconf 67' lang='lat' dir='ltr'><strong>excitabo</strong></span> 
     </span>
    </p>
   </div>
   <div class='ocr_carea' id='block_1_69' title="bbox 2005 982 3569 1066">
    <p class='ocr_par' dir='ltr' id='par_1_69' title="bbox 2005 982 3569 1066">
     <span class='ocr_line' id='line_1_69' title="bbox 2005 982 3569 1066; baseline 0.008 -30"><span class='ocrx_word' id='word_1_559' title='bbox 2005 982 2136 1036; x_wconf 84' lang='lat' dir='ltr'><strong>illud</strong></span> <span class='ocrx_word' id='word_1_560' title='bbox 2160 1000 2179 1040; x_wconf 89' lang='lat'><strong>:</strong></span> <span class='ocrx_word' id='word_1_561' title='bbox 2202 982 2275 1035; x_wconf 90' lang='lat' dir='ltr'><strong>illi</strong></span> <span class='ocrx_word' id='word_1_562' title='bbox 2308 992 2485 1037; x_wconf 87' lang='lat' dir='ltr'><strong>autem</strong></span> <span class='ocrx_word' id='word_1_563' title='bbox 2515 984 2582 1038; x_wconf 92' lang='lat' dir='ltr'><strong>de</strong></span> <span class='ocrx_word' id='word_1_564' title='bbox 2622 987 2819 1054; x_wconf 91' lang='lat' dir='ltr'><strong>templo</strong></span> <span class='ocrx_word' id='word_1_565' title='bbox 2845 986 3068 1045; x_wconf 74' lang='lat' dir='ltr'><strong>Iudaico</strong></span> <span class='ocrx_word' id='word_1_566' title='bbox 3084 991 3290 1048; x_wconf 77' lang='lat' dir='ltr'><strong>dictum</strong></span> <span class='ocrx_word' id='word_1_567' title='bbox 3326 998 3569 1066; x_wconf 81' lang='lat' dir='ltr'><strong>suSpica-</strong></span> 
     </span>
    </p>
   </div>
   <div class='ocr_carea' id='block_1_70' title="bbox 2008 1074 3584 1153">
    <p class='ocr_par' dir='ltr' id='par_1_70' title="bbox 2008 1074 3584 1153">
     <span class='ocr_line' id='line_1_70' title="bbox 2008 1074 3584 1153; baseline 0.009 -26"><span class='ocrx_word' id='word_1_568' title='bbox 2008 1074 2236 1141; x_wconf 87' lang='lat' dir='ltr'><strong>bantur;</strong></span> <span class='ocrx_word' id='word_1_569' title='bbox 2266 1086 2594 1145; x_wconf 83' lang='lat' dir='ltr'><strong>quaprOptcr</strong></span> <span class='ocrx_word' id='word_1_570' title='bbox 2618 1077 2873 1133; x_wconf 75' lang='lat' dir='ltr'><strong>dicebant</strong></span> <span class='ocrx_word' id='word_1_571' title='bbox 2902 1096 2915 1136; x_wconf 86' lang='lat'><strong>:</strong></span> <span class='ocrx_word' id='word_1_572' title='bbox 2953 1080 3304 1153; x_wconf 81' lang='lat' dir='ltr'><strong>Quadraginta</strong></span> <span class='ocrx_word' id='word_1_573' title='bbox 3330 1104 3416 1140; x_wconf 74' lang='lat' dir='ltr'><strong>sea:</strong></span> <span class='ocrx_word' id='word_1_574' title='bbox 3438 1090 3584 1142; x_wconf 83' lang='lat' dir='ltr'><strong>anuis</strong></span> 
     </span>
    </p>
   </div>
   <div class='ocr_carea' id='block_1_71' title="bbox 2004 1166 3584 1236">
    <p class='ocr_par' dir='ltr' id='par_1_71' title="bbox 2004 1166 3584 1236">
     <span class='ocr_line' id='line_1_71' title="bbox 2004 1166 3584 1236; baseline 0.009 -18"><span class='ocrx_word' id='word_1_575' title='bbox 2004 1166 2311 1233; x_wconf 72' lang='lat' dir='ltr'><strong>aediﬁcatum</strong></span> <span class='ocrx_word' id='word_1_576' title='bbox 2338 1176 2409 1220; x_wconf 86' lang='lat' dir='ltr'><strong>est</strong></span> <span class='ocrx_word' id='word_1_577' title='bbox 2440 1169 2681 1235; x_wconf 80' lang='lat' dir='ltr'><strong>templum</strong></span> <span class='ocrx_word' id='word_1_578' title='bbox 2707 1170 2822 1236; x_wconf 84' lang='lat' dir='ltr'><strong>hoc,</strong></span> <span class='ocrx_word' id='word_1_579' title='bbox 2847 1180 2891 1224; x_wconf 85' lang='lat' dir='ltr'><strong>et</strong></span> <span class='ocrx_word' id='word_1_580' title='bbox 2914 1182 2967 1224; x_wconf 88' lang='lat' dir='ltr'><strong>tu</strong></span> <span class='ocrx_word' id='word_1_581' title='bbox 2990 1173 3041 1225; x_wconf 86' lang='lat' dir='ltr'><strong>in</strong></span> <span class='ocrx_word' id='word_1_582' title='bbox 3066 1174 3223 1228; x_wconf 87' lang='lat' dir='ltr'><strong>tribus</strong></span> <span class='ocrx_word' id='word_1_583' title='bbox 3249 1175 3420 1229; x_wconf 86' lang='lat' dir='ltr'><strong>diebus</strong></span> <span class='ocrx_word' id='word_1_584' title='bbox 3447 1180 3584 1231; x_wconf 75' lang='lat' dir='ltr'><strong>exci~</strong></span> 
     </span>
    </p>
   </div>
   <div class='ocr_carea' id='block_1_72' title="bbox 2007 1259 3590 1337">
    <p class='ocr_par' dir='ltr' id='par_1_72' title="bbox 2007 1259 3590 1337">
     <span class='ocr_line' id='line_1_72' title="bbox 2007 1259 3590 1337; baseline 0.01 -27"><span class='ocrx_word' id='word_1_585' title='bbox 2007 1259 2133 1311; x_wconf 86' lang='lat' dir='ltr'><strong>tabis</strong></span> <span class='ocrx_word' id='word_1_586' title='bbox 2161 1259 2331 1312; x_wconf 85' lang='lat' dir='ltr'><strong>illud?</strong></span> <span class='ocrx_word' id='word_1_587' title='bbox 2355 1259 2475 1313; x_wconf 90' lang='lat' dir='ltr'><strong>vide</strong></span> <span class='ocrx_word' id='word_1_588' title='bbox 2502 1262 2768 1329; x_wconf 91' lang='lat' dir='ltr'><strong>quomodo</strong></span> <span class='ocrx_word' id='word_1_589' title='bbox 2800 1262 2900 1318; x_wconf 91' lang='lat' dir='ltr'><strong>hoc</strong></span> <span class='ocrx_word' id='word_1_590' title='bbox 2941 1281 3045 1319; x_wconf 92' lang='lat' dir='ltr'><strong>non</strong></span> <span class='ocrx_word' id='word_1_591' title='bbox 3089 1270 3377 1337; x_wconf 61' lang='lat' dir='ltr'><strong>praeterivit</strong></span> <span class='ocrx_word' id='word_1_592' title='bbox 3426 1286 3590 1325; x_wconf 79' lang='lat' dir='ltr'><strong>evan-</strong></span> 
     </span>
    </p>
   </div>
   <div class='ocr_carea' id='block_1_73' title="bbox 2006 1352 3585 1427">
    <p class='ocr_par' dir='ltr' id='par_1_73' title="bbox 2006 1352 3585 1427">
     <span class='ocr_line' id='line_1_73' title="bbox 2006 1352 3585 1427; baseline 0.008 -23"><span class='ocrx_word' id='word_1_593' title='bbox 2006 1353 2189 1421; x_wconf 86' lang='lat' dir='ltr'><strong>gelista</strong></span> <span class='ocrx_word' id='word_1_594' title='bbox 2218 1394 2233 1417; x_wconf 98' lang='lat'><strong>,</strong></span> <span class='ocrx_word' id='word_1_595' title='bbox 2268 1352 2361 1405; x_wconf 79' lang='lat' dir='ltr'><strong>sed</strong></span> <span class='ocrx_word' id='word_1_596' title='bbox 2419 1355 2807 1410; x_wconf 88' lang='lat' dir='ltr'><strong>correctionem</strong></span> <span class='ocrx_word' id='word_1_597' title='bbox 2860 1357 3137 1427; x_wconf 76' lang='lat' dir='ltr'><strong>subjunxit</strong></span> <span class='ocrx_word' id='word_1_598' title='bbox 3162 1402 3177 1426; x_wconf 91' lang='lat'><strong>,</strong></span> <span class='ocrx_word' id='word_1_599' title='bbox 3219 1361 3404 1417; x_wconf 85' lang='lat' dir='ltr'><strong>dicens</strong></span> <span class='ocrx_word' id='word_1_600' title='bbox 3434 1380 3445 1416; x_wconf 92' lang='lat'><strong>:</strong></span> <span class='ocrx_word' id='word_1_601' title='bbox 3482 1362 3585 1417; x_wconf 85' lang='lat' dir='ltr'><strong>Ille</strong></span> 
     </span>
    </p>
   </div>
   <div class='ocr_carea' id='block_1_74' title="bbox 2005 1443 3585 1526">
    <p class='ocr_par' dir='ltr' id='par_1_74' title="bbox 2005 1443 3585 1526">
     <span class='ocr_line' id='line_1_74' title="bbox 2005 1443 3585 1526; baseline 0.011 -32"><span class='ocrx_word' id='word_1_602' title='bbox 2005 1452 2171 1497; x_wconf 83' lang='lat' dir='ltr'><strong>autem</strong></span> <span class='ocrx_word' id='word_1_603' title='bbox 2200 1443 2495 1513; x_wconf 83' lang='lat' dir='ltr'><strong>loquebatur</strong></span> <span class='ocrx_word' id='word_1_604' title='bbox 2523 1447 2586 1500; x_wconf 79' lang='lat' dir='ltr'><strong>de</strong></span> <span class='ocrx_word' id='word_1_605' title='bbox 2613 1449 2799 1518; x_wconf 87' lang='lat' dir='ltr'><strong>templo</strong></span> <span class='ocrx_word' id='word_1_606' title='bbox 2825 1453 3054 1520; x_wconf 82' lang='lat' dir='ltr'><strong>corporis</strong></span> <span class='ocrx_word' id='word_1_607' title='bbox 3076 1453 3154 1505; x_wconf 87' lang='lat' dir='ltr'><strong>sui</strong></span> <span class='ocrx_word' id='word_1_608' title='bbox 3189 1453 3370 1524; x_wconf 85' lang='lat' dir='ltr'><strong>(Joan.</strong></span> <span class='ocrx_word' id='word_1_609' title='bbox 3395 1457 3446 1509; x_wconf 73' lang='grc'><strong>2.</strong></span> <span class='ocrx_word' id='word_1_610' title='bbox 3467 1458 3585 1526; x_wconf 71' lang='grc'><strong>21).</strong></span> 
     </span>
    </p>
   </div>
   <div class='ocr_carea' id='block_1_75' title="bbox 2006 1532 3587 1612">
    <p class='ocr_par' dir='ltr' id='par_1_75' title="bbox 2006 1532 3587 1612">
     <span class='ocr_line' id='line_1_75' title="bbox 2006 1532 3587 1612; baseline 0.008 -24"><span class='ocrx_word' id='word_1_611' title='bbox 2006 1532 2188 1603; x_wconf 83' lang='lat' dir='ltr'><strong>Neque</strong></span> <span class='ocrx_word' id='word_1_612' title='bbox 2215 1536 2355 1589; x_wconf 91' lang='lat' dir='ltr'><strong>enim</strong></span> <span class='ocrx_word' id='word_1_613' title='bbox 2384 1536 2632 1603; x_wconf 87' lang='lat' dir='ltr'><strong>dixerat,</strong></span> <span class='ocrx_word' id='word_1_614' title='bbox 2661 1537 2863 1593; x_wconf 86' lang='lat' dir='ltr'><strong>Solvite</strong></span> <span class='ocrx_word' id='word_1_615' title='bbox 2890 1556 3088 1612; x_wconf 92' lang='lat' dir='ltr'><strong>corpus</strong></span> <span class='ocrx_word' id='word_1_616' title='bbox 3118 1543 3253 1599; x_wconf 88' lang='lat' dir='ltr'><strong>hoc:</strong></span> <span class='ocrx_word' id='word_1_617' title='bbox 3283 1547 3396 1610; x_wconf 85' lang='lat' dir='ltr'><strong>sed,</strong></span> <span class='ocrx_word' id='word_1_618' title='bbox 3437 1548 3587 1602; x_wconf 79' lang='lat' dir='ltr'><strong>Tem-</strong></span> 
     </span>
    </p>
   </div>
   <div class='ocr_carea' id='block_1_76' title="bbox 2008 1627 3586 1697">
    <p class='ocr_par' dir='ltr' id='par_1_76' title="bbox 2008 1627 3586 1697">
     <span class='ocr_line' id='line_1_76' title="bbox 2008 1627 3586 1697; baseline 0.011 -16"><span class='ocrx_word' id='word_1_619' title='bbox 2008 1627 2150 1695; x_wconf 83' lang='lat' dir='ltr'><strong>plum</strong></span> <span class='ocrx_word' id='word_1_620' title='bbox 2181 1668 2196 1693; x_wconf 92' lang='lat'><strong>,</strong></span> <span class='ocrx_word' id='word_1_621' title='bbox 2238 1637 2296 1683; x_wconf 89' lang='lat' dir='ltr'><strong>ut</strong></span> <span class='ocrx_word' id='word_1_622' title='bbox 2349 1628 2732 1685; x_wconf 90' lang='lat' dir='ltr'><strong>inhabitantcm</strong></span> <span class='ocrx_word' id='word_1_623' title='bbox 2786 1628 2951 1687; x_wconf 87' lang='lat' dir='ltr'><strong>Deum</strong></span> <span class='ocrx_word' id='word_1_624' title='bbox 3003 1635 3348 1695; x_wconf 89' lang='lat' dir='ltr'><strong>declararet:</strong></span> <span class='ocrx_word' id='word_1_625' title='bbox 3382 1640 3586 1697; x_wconf 76' lang='lat' dir='ltr'><strong>Solvite</strong></span> 
     </span>
    </p>
   </div>
   <div class='ocr_carea' id='block_1_77' title="bbox 2009 1720 3586 1805">
    <p class='ocr_par' dir='ltr' id='par_1_77' title="bbox 2009 1720 3586 1805">
     <span class='ocr_line' id='line_1_77' title="bbox 2009 1720 3586 1805; baseline 0.006 -34"><span class='ocrx_word' id='word_1_626' title='bbox 2009 1720 2265 1787; x_wconf 85' lang='lat' dir='ltr'><strong>templum</strong></span> <span class='ocrx_word' id='word_1_627' title='bbox 2294 1723 2461 1776; x_wconf 87' lang='lat' dir='ltr'><strong>multo</strong></span> <span class='ocrx_word' id='word_1_628' title='bbox 2485 1723 2671 1777; x_wconf 86' lang='lat' dir='ltr'><strong>melius</strong></span> <span class='ocrx_word' id='word_1_629' title='bbox 2700 1722 2938 1778; x_wconf 78' lang='lat' dir='ltr'><strong>Iudaico.</strong></span> <span class='ocrx_word' id='word_1_630' title='bbox 2975 1724 3103 1780; x_wconf 89' lang='lat' dir='ltr'><strong>Illud</strong></span> <span class='ocrx_word' id='word_1_631' title='bbox 3130 1728 3270 1782; x_wconf 89' lang='lat' dir='ltr'><strong>enim</strong></span> <span class='ocrx_word' id='word_1_632' title='bbox 3294 1732 3463 1805; x_wconf 81' lang='lat' dir='ltr'><strong>legem</strong></span> <span class='ocrx_word' id='word_1_633' title='bbox 3491 1738 3586 1791; x_wconf 72' lang='grc' dir='ltr'><strong>ιη.-</strong></span> 
     </span>
    </p>
   </div>
   <div class='ocr_carea' id='block_1_78' title="bbox 2008 1808 3578 1898">
    <p class='ocr_par' dir='ltr' id='par_1_78' title="bbox 2008 1808 3578 1898">
     <span class='ocr_line' id='line_1_78' title="bbox 2008 1808 3578 1898; baseline 0.015 -37"><span class='ocrx_word' id='word_1_634' title='bbox 2008 1808 2205 1872; x_wconf 87' lang='lat' dir='ltr'><strong>bchat,</strong></span> <span class='ocrx_word' id='word_1_635' title='bbox 2239 1812 2339 1865; x_wconf 89' lang='lat' dir='ltr'><strong>hoc</strong></span> <span class='ocrx_word' id='word_1_636' title='bbox 2385 1823 2562 1867; x_wconf 91' lang='lat' dir='ltr'><strong>autem</strong></span> <span class='ocrx_word' id='word_1_637' title='bbox 2605 1814 3002 1887; x_wconf 75' lang='lat' dir='ltr'><strong>legislaturem;</strong></span> <span class='ocrx_word' id='word_1_638' title='bbox 3036 1816 3159 1876; x_wconf 86' lang='lat' dir='ltr'><strong>illud</strong></span> <span class='ocrx_word' id='word_1_639' title='bbox 3209 1825 3414 1881; x_wconf 78' lang='lat' dir='ltr'><strong>lituram</strong></span> <span class='ocrx_word' id='word_1_640' title='bbox 3458 1846 3578 1898; x_wconf 73' lang='lat' dir='ltr'><strong>qua:</strong></span> 
     </span>
    </p>
   </div>
   <div class='ocr_carea' id='block_1_79' title="bbox 2009 1901 3572 1990">
    <p class='ocr_par' dir='ltr' id='par_1_79' title="bbox 2009 1901 3572 1990">
     <span class='ocr_line' id='line_1_79' title="bbox 2009 1901 3572 1990; baseline 0.013 -34"><span class='ocrx_word' id='word_1_641' title='bbox 2009 1901 2224 1967; x_wconf 84' lang='lat' dir='ltr'><strong>occidit,</strong></span> <span class='ocrx_word' id='word_1_642' title='bbox 2254 1903 2353 1960; x_wconf 90' lang='lat' dir='ltr'><strong>hoc</strong></span> <span class='ocrx_word' id='word_1_643' title='bbox 2381 1904 2625 1976; x_wconf 80' lang='lat' dir='ltr'><strong>spiritum</strong></span> <span class='ocrx_word' id='word_1_644' title='bbox 2656 1912 2744 1980; x_wconf 89' lang='lat' dir='ltr'><strong>qui</strong></span> <span class='ocrx_word' id='word_1_645' title='bbox 2781 1913 3049 1979; x_wconf 87' lang='lat' dir='ltr'><strong>vivilicat;</strong></span> <span class='ocrx_word' id='word_1_646' title='bbox 3083 1916 3210 1971; x_wconf 87' lang='lat' dir='ltr'><strong>illud</strong></span> <span class='ocrx_word' id='word_1_647' title='bbox 3243 1920 3442 1990; x_wconf 77' lang='lat' dir='ltr'><strong>virgam</strong></span> <span class='ocrx_word' id='word_1_648' title='bbox 3467 1925 3572 1977; x_wconf 59' lang='lat' dir='ltr'><strong>Aa.</strong></span> 
     </span>
    </p>
   </div>
   <div class='ocr_carea' id='block_1_80' title="bbox 2009 1996 2745 2069">
    <p class='ocr_par' dir='ltr' id='par_1_80' title="bbox 2009 1996 2745 2069">
     <span class='ocr_line' id='line_1_80' title="bbox 2009 1996 2745 2069; baseline 0.01 -19"><span class='ocrx_word' id='word_1_649' title='bbox 2009 1996 2178 2061; x_wconf 88' lang='lat' dir='ltr'><strong>renis,</strong></span> <span class='ocrx_word' id='word_1_650' title='bbox 2208 1998 2311 2054; x_wconf 88' lang='lat' dir='ltr'><strong>huc</strong></span> <span class='ocrx_word' id='word_1_651' title='bbox 2339 2000 2537 2069; x_wconf 80' lang='lat' dir='ltr'><strong>virgam</strong></span> <span class='ocrx_word' id='word_1_652' title='bbox 2559 2001 2745 2057; x_wconf 70' lang='lat' dir='ltr'><strong>Jcssm.</strong></span> 
     </span>
    </p>
   </div>
   <div class='ocr_carea' id='block_1_81' title="bbox 2082 2090 3580 2165">
    <p class='ocr_par' dir='ltr' id='par_1_81' title="bbox 2082 2090 3580 2165">
     <span class='ocr_line' id='line_1_81' title="bbox 2082 2090 3580 2165; baseline 0.012 -20"><span class='ocrx_word' id='word_1_653' title='bbox 2082 2090 2133 2145; x_wconf 79' lang='grc'><strong>5.</strong></span> <span class='ocrx_word' id='word_1_654' title='bbox 2160 2090 2366 2147; x_wconf 83' lang='lat' dir='ltr'><strong>Rursus</strong></span> <span class='ocrx_word' id='word_1_655' title='bbox 2385 2093 2509 2148; x_wconf 91' lang='lat' dir='ltr'><strong>alibi</strong></span> <span class='ocrx_word' id='word_1_656' title='bbox 2536 2105 2654 2164; x_wconf 89' lang='lat' dir='ltr'><strong>post</strong></span> <span class='ocrx_word' id='word_1_657' title='bbox 2677 2112 2871 2165; x_wconf 87' lang='lat' dir='ltr'><strong>panum</strong></span> <span class='ocrx_word' id='word_1_658' title='bbox 2902 2100 3213 2157; x_wconf 84' lang='lat' dir='ltr'><strong>miraculum</strong></span> <span class='ocrx_word' id='word_1_659' title='bbox 3243 2105 3429 2159; x_wconf 81' lang='lat' dir='ltr'><strong>abiens</strong></span> <span class='ocrx_word' id='word_1_660' title='bbox 3459 2124 3580 2163; x_wconf 89' lang='lat' dir='ltr'><strong>cum</strong></span> 
     </span>
    </p>
   </div>
   <div class='ocr_carea' id='block_1_82' title="bbox 2012 2181 3573 2268">
    <p class='ocr_par' dir='ltr' id='par_1_82' title="bbox 2012 2181 3573 2268">
     <span class='ocr_line' id='line_1_82' title="bbox 2012 2181 3573 2268; baseline 0.012 -32"><span class='ocrx_word' id='word_1_661' title='bbox 2012 2181 2140 2249; x_wconf 91' lang='lat' dir='ltr'><strong>illis,</strong></span> <span class='ocrx_word' id='word_1_662' title='bbox 2169 2182 2221 2237; x_wconf 92' lang='lat' dir='ltr'><strong>in</strong></span> <span class='ocrx_word' id='word_1_663' title='bbox 2249 2183 2526 2239; x_wconf 89' lang='lat' dir='ltr'><strong>adversam</strong></span> <span class='ocrx_word' id='word_1_664' title='bbox 2555 2187 2724 2256; x_wconf 87' lang='lat' dir='ltr'><strong>ripam</strong></span> <span class='ocrx_word' id='word_1_665' title='bbox 2758 2190 2985 2258; x_wconf 76' lang='lat' dir='ltr'><strong>trajecit;</strong></span> <span class='ocrx_word' id='word_1_666' title='bbox 3014 2202 3069 2247; x_wconf 90' lang='lat' dir='ltr'><strong>ct</strong></span> <span class='ocrx_word' id='word_1_667' title='bbox 3101 2194 3306 2250; x_wconf 81' lang='lat' dir='ltr'><strong>dicebat</strong></span> <span class='ocrx_word' id='word_1_668' title='bbox 3339 2199 3573 2268; x_wconf 81' lang='lat' dir='ltr'><strong>discipu-</strong></span> 
     </span>
    </p>
   </div>
   <div class='ocr_carea' id='block_1_83' title="bbox 2012 2270 3587 2346">
    <p class='ocr_par' dir='ltr' id='par_1_83' title="bbox 2012 2270 3587 2346">
     <span class='ocr_line' id='line_1_83' title="bbox 2012 2270 3587 2346; baseline 0.013 -21"><span class='ocrx_word' id='word_1_669' title='bbox 2012 2270 2116 2326; x_wconf 84' lang='lat' dir='ltr'><strong>lis:</strong></span> <span class='ocrx_word' id='word_1_670' title='bbox 2146 2274 2399 2328; x_wconf 85' lang='lat' dir='ltr'><strong>Attendite</strong></span> <span class='ocrx_word' id='word_1_671' title='bbox 2423 2293 2453 2328; x_wconf 90' lang='lat' dir='ltr'><strong>a</strong></span> <span class='ocrx_word' id='word_1_672' title='bbox 2481 2280 2725 2346; x_wconf 62' lang='lat' dir='ltr'><strong>fct‘tuento</strong></span> <span class='ocrx_word' id='word_1_673' title='bbox 2759 2278 3139 2337; x_wconf 78' lang='lat' dir='ltr'><strong>Pharistrorum</strong></span> <span class='ocrx_word' id='word_1_674' title='bbox 3178 2296 3223 2339; x_wconf 85' lang='lat' dir='ltr'><strong>et</strong></span> <span class='ocrx_word' id='word_1_675' title='bbox 3269 2287 3587 2346; x_wconf 76' lang='lat' dir='ltr'><strong>Sadducceo-</strong></span> 
     </span>
    </p>
   </div>
   <div class='ocr_carea' id='block_1_84' title="bbox 2012 2364 3586 2446">
    <p class='ocr_par' dir='ltr' id='par_1_84' title="bbox 2012 2364 3586 2446">
     <span class='ocr_line' id='line_1_84' title="bbox 2012 2364 3586 2446; baseline 0.014 -31"><span class='ocrx_word' id='word_1_676' title='bbox 2012 2379 2127 2416; x_wconf 87' lang='lat' dir='ltr'><strong>rum</strong></span> <span class='ocrx_word' id='word_1_677' title='bbox 2161 2365 2179 2435; x_wconf 93' lang='lat'>(</span> <span class='ocrx_word' id='word_1_678' title='bbox 2214 2364 2375 2419; x_wconf 75' lang='lat' dir='ltr'><strong>Marc.</strong></span> <span class='ocrx_word' id='word_1_679' title='bbox 2409 2367 2462 2421; x_wconf 83' lang='lat'><strong>8.</strong></span> <span class='ocrx_word' id='word_1_680' title='bbox 2496 2368 2564 2422; x_wconf 75' lang='lat' dir='ltr'><strong>H</strong></span> <span class='ocrx_word' id='word_1_681' title='bbox 2613 2387 2627 2435; x_wconf 93' lang='lat'><strong>;</strong></span> <span class='ocrx_word' id='word_1_682' title='bbox 2738 2369 2923 2425; x_wconf 81' lang='lat' dir='ltr'><strong>Matth.</strong></span> <span class='ocrx_word' id='word_1_683' title='bbox 2953 2374 3039 2429; x_wconf 83' lang='grc'><strong>16.</strong></span> <span class='ocrx_word' id='word_1_684' title='bbox 3072 2378 3105 2429; x_wconf 76' lang='grc' dir='ltr'><strong>ὕ</strong></span> <span class='ocrx_word' id='word_1_685' title='bbox 3133 2376 3173 2446; x_wconf 92' lang='grc'><strong>).</strong></span> <span class='ocrx_word' id='word_1_686' title='bbox 3209 2377 3283 2432; x_wconf 92' lang='lat' dir='ltr'><strong>Illi</strong></span> <span class='ocrx_word' id='word_1_687' title='bbox 3316 2397 3443 2433; x_wconf 84' lang='lat' dir='ltr'><strong>vero</strong></span> <span class='ocrx_word' id='word_1_688' title='bbox 3473 2381 3586 2437; x_wconf 79' lang='lat' dir='ltr'><strong>fcr-</strong></span> 
     </span>
    </p>
   </div>
   <div class='ocr_carea' id='block_1_85' title="bbox 2014 2458 3581 2537">
    <p class='ocr_par' dir='ltr' id='par_1_85' title="bbox 2014 2458 3581 2537">
     <span class='ocr_line' id='line_1_85' title="bbox 2014 2458 3581 2537; baseline 0.013 -28"><span class='ocrx_word' id='word_1_689' title='bbox 2014 2464 2251 2510; x_wconf 91' lang='lat' dir='ltr'><strong>mentum</strong></span> <span class='ocrx_word' id='word_1_690' title='bbox 2282 2458 2559 2513; x_wconf 90' lang='lat' dir='ltr'><strong>andientcs</strong></span> <span class='ocrx_word' id='word_1_691' title='bbox 2584 2461 2650 2515; x_wconf 89' lang='lat' dir='ltr'><strong>de</strong></span> <span class='ocrx_word' id='word_1_692' title='bbox 2681 2463 2903 2529; x_wconf 89' lang='lat' dir='ltr'><strong>panibus</strong></span> <span class='ocrx_word' id='word_1_693' title='bbox 2930 2464 2978 2518; x_wconf 90' lang='lat' dir='ltr'><strong>id</strong></span> <span class='ocrx_word' id='word_1_694' title='bbox 3005 2465 3109 2519; x_wconf 90' lang='lat' dir='ltr'><strong>dici</strong></span> <span class='ocrx_word' id='word_1_695' title='bbox 3137 2470 3581 2537; x_wconf 84' lang='lat' dir='ltr'><strong>suspicabantur:</strong></span> 
     </span>
    </p>
   </div>
   <div class='ocr_carea' id='block_1_86' title="bbox 2016 2548 3592 2625">
    <p class='ocr_par' dir='ltr' id='par_1_86' title="bbox 2016 2548 3592 2625">
     <span class='ocr_line' id='line_1_86' title="bbox 2016 2548 3592 2625; baseline 0.01 -24"><span class='ocrx_word' id='word_1_696' title='bbox 2016 2548 2107 2603; x_wconf 93' lang='lat' dir='ltr'><strong>ille</strong></span> <span class='ocrx_word' id='word_1_697' title='bbox 2133 2557 2435 2604; x_wconf 87' lang='lat' dir='ltr'><strong>autemnon</strong></span> <span class='ocrx_word' id='word_1_698' title='bbox 2459 2551 2525 2605; x_wconf 89' lang='lat' dir='ltr'><strong>de</strong></span> <span class='ocrx_word' id='word_1_699' title='bbox 2544 2552 2767 2619; x_wconf 88' lang='lat' dir='ltr'><strong>panibus</strong></span> <span class='ocrx_word' id='word_1_700' title='bbox 2786 2554 3122 2625; x_wconf 81' lang='lat' dir='ltr'><strong>loquebatur,</strong></span> <span class='ocrx_word' id='word_1_701' title='bbox 3146 2559 3237 2613; x_wconf 88' lang='lat' dir='ltr'><strong>scd</strong></span> <span class='ocrx_word' id='word_1_702' title='bbox 3265 2559 3331 2615; x_wconf 88' lang='lat' dir='ltr'><strong>de</strong></span> <span class='ocrx_word' id='word_1_703' title='bbox 3352 2563 3592 2617; x_wconf 89' lang='lat' dir='ltr'><strong>doctrina</strong></span> 
     </span>
    </p>
   </div>
   <div class='ocr_carea' id='block_1_87' title="bbox 2016 2638 3594 2717">
    <p class='ocr_par' dir='ltr' id='par_1_87' title="bbox 2016 2638 3594 2717">
     <span class='ocr_line' id='line_1_87' title="bbox 2016 2638 3594 2717; baseline 0.009 -24"><span class='ocrx_word' id='word_1_704' title='bbox 2016 2638 2423 2696; x_wconf 78' lang='lat' dir='ltr'><strong>Pharisaeorum.</strong></span> <span class='ocrx_word' id='word_1_705' title='bbox 2456 2641 2588 2710; x_wconf 89' lang='lat' dir='ltr'><strong>Quia</strong></span> <span class='ocrx_word' id='word_1_706' title='bbox 2620 2644 2762 2697; x_wconf 92' lang='lat' dir='ltr'><strong>enim</strong></span> <span class='ocrx_word' id='word_1_707' title='bbox 2786 2645 2929 2699; x_wconf 89' lang='lat' dir='ltr'><strong>aliud</strong></span> <span class='ocrx_word' id='word_1_708' title='bbox 2956 2646 3069 2715; x_wconf 86' lang='lat' dir='ltr'><strong>ipse</strong></span> <span class='ocrx_word' id='word_1_709' title='bbox 3094 2648 3322 2717; x_wconf 85' lang='lat' dir='ltr'><strong>dixerat,</strong></span> <span class='ocrx_word' id='word_1_710' title='bbox 3351 2652 3493 2706; x_wconf 89' lang='lat' dir='ltr'><strong>aliud</strong></span> <span class='ocrx_word' id='word_1_711' title='bbox 3520 2654 3594 2707; x_wconf 86' lang='lat' dir='ltr'><strong>illi</strong></span> 
     </span>
    </p>
   </div>
   <div class='ocr_carea' id='block_1_88' title="bbox 2017 2731 3590 2809">
    <p class='ocr_par' dir='ltr' id='par_1_88' title="bbox 2017 2731 3590 2809">
     <span class='ocr_line' id='line_1_88' title="bbox 2017 2731 3590 2809; baseline 0.01 -25"><span class='ocrx_word' id='word_1_712' title='bbox 2017 2731 2430 2800; x_wconf 89' lang='lat' dir='ltr'><strong>suspicabantur</strong></span> <span class='ocrx_word' id='word_1_713' title='bbox 2459 2772 2475 2799; x_wconf 91' lang='lat'><strong>,</strong></span> <span class='ocrx_word' id='word_1_714' title='bbox 2520 2733 2641 2789; x_wconf 88' lang='lat' dir='ltr'><strong>vide</strong></span> <span class='ocrx_word' id='word_1_715' title='bbox 2669 2736 2937 2805; x_wconf 86' lang='lat' dir='ltr'><strong>quomodo</strong></span> <span class='ocrx_word' id='word_1_716' title='bbox 2966 2737 3016 2790; x_wconf 90' lang='lat' dir='ltr'><strong>id</strong></span> <span class='ocrx_word' id='word_1_717' title='bbox 3043 2741 3313 2809; x_wconf 83' lang='lat' dir='ltr'><strong>corrigat,</strong></span> <span class='ocrx_word' id='word_1_718' title='bbox 3360 2741 3548 2798; x_wconf 85' lang='lat' dir='ltr'><strong>dicens</strong></span> <span class='ocrx_word' id='word_1_719' title='bbox 3575 2760 3590 2799; x_wconf 91' lang='lat'><strong>:</strong></span> 
     </span>
    </p>
   </div>
   <div class='ocr_carea' id='block_1_89' title="bbox 2018 2824 3590 2891">
    <p class='ocr_par' dir='ltr' id='par_1_89' title="bbox 2018 2824 3590 2891">
     <span class='ocr_line' id='line_1_89' title="bbox 2018 2824 3590 2891; baseline 0.009 -14"><span class='ocrx_word' id='word_1_720' title='bbox 2018 2824 2200 2879; x_wconf 80' lang='lat' dir='ltr'><strong>Adhuc</strong></span> <span class='ocrx_word' id='word_1_721' title='bbox 2239 2836 2285 2879; x_wconf 89' lang='lat' dir='ltr'><strong>et</strong></span> <span class='ocrx_word' id='word_1_722' title='bbox 2322 2843 2406 2881; x_wconf 83' lang='lat' dir='ltr'><strong>vos</strong></span> <span class='ocrx_word' id='word_1_723' title='bbox 2446 2829 2554 2881; x_wconf 82' lang='lat' dir='ltr'><strong>sine</strong></span> <span class='ocrx_word' id='word_1_724' title='bbox 2600 2828 2857 2883; x_wconf 88' lang='lat' dir='ltr'><strong>intellectu</strong></span> <span class='ocrx_word' id='word_1_725' title='bbox 2905 2831 3071 2885; x_wconf 84' lang='lat' dir='ltr'><strong>estis?</strong></span> <span class='ocrx_word' id='word_1_726' title='bbox 3098 2849 3198 2885; x_wconf 89' lang='lat' dir='ltr'><strong>non</strong></span> <span class='ocrx_word' id='word_1_727' title='bbox 3251 2836 3590 2891; x_wconf 82' lang='lat' dir='ltr'><strong>recordamini</strong></span> 
     </span>
    </p>
   </div>
   <div class='ocr_carea' id='block_1_90' title="bbox 2016 2918 3587 2996">
    <p class='ocr_par' dir='ltr' id='par_1_90' title="bbox 2016 2918 3587 2996">
     <span class='ocr_line' id='line_1_90' title="bbox 2016 2918 3587 2996; baseline 0.009 -29"><span class='ocrx_word' id='word_1_728' title='bbox 2016 2918 2233 2985; x_wconf 87' lang='lat' dir='ltr'><strong>quinque</strong></span> <span class='ocrx_word' id='word_1_729' title='bbox 2264 2934 2452 2986; x_wconf 87' lang='lat' dir='ltr'><strong>panum</strong></span> <span class='ocrx_word' id='word_1_730' title='bbox 2473 2928 2518 2971; x_wconf 84' lang='lat' dir='ltr'><strong>et</strong></span> <span class='ocrx_word' id='word_1_731' title='bbox 2547 2929 2667 2988; x_wconf 89' lang='lat' dir='ltr'><strong>quot</strong></span> <span class='ocrx_word' id='word_1_732' title='bbox 2706 2920 2950 2990; x_wconf 81' lang='lat' dir='ltr'><strong>cophinos</strong></span> <span class='ocrx_word' id='word_1_733' title='bbox 2977 2924 3261 2991; x_wconf 89' lang='lat' dir='ltr'><strong>sumpsistis</strong></span> <span class='ocrx_word' id='word_1_734' title='bbox 3280 2967 3292 2989; x_wconf 93' lang='lat'><strong>,</strong></span> <span class='ocrx_word' id='word_1_735' title='bbox 3320 2934 3367 2980; x_wconf 90' lang='lat' dir='ltr'><strong>et</strong></span> <span class='ocrx_word' id='word_1_736' title='bbox 3397 2938 3587 2996; x_wconf 80' lang='lat' dir='ltr'><strong>septem</strong></span> 
     </span>
    </p>
   </div>
   <div class='ocr_carea' id='block_1_91' title="bbox 2022 3012 3587 3089">
    <p class='ocr_par' dir='ltr' id='par_1_91' title="bbox 2022 3012 3587 3089">
     <span class='ocr_line' id='line_1_91' title="bbox 2022 3012 3587 3089; baseline 0.01 -31"><span class='ocrx_word' id='word_1_737' title='bbox 2022 3023 2207 3075; x_wconf 86' lang='lat' dir='ltr'><strong>panum</strong></span> <span class='ocrx_word' id='word_1_738' title='bbox 2229 3018 2275 3059; x_wconf 86' lang='lat' dir='ltr'><strong>et</strong></span> <span class='ocrx_word' id='word_1_739' title='bbox 2301 3018 2421 3076; x_wconf 88' lang='lat' dir='ltr'><strong>quot</strong></span> <span class='ocrx_word' id='word_1_740' title='bbox 2444 3020 2642 3078; x_wconf 86' lang='lat' dir='ltr'><strong>sportas</strong></span> <span class='ocrx_word' id='word_1_741' title='bbox 2670 3012 2931 3080; x_wconf 78' lang='lat' dir='ltr'><strong>accepistis</strong></span> <span class='ocrx_word' id='word_1_742' title='bbox 2953 3013 2979 3065; x_wconf 74' lang='lat'><strong>.’</strong></span> <span class='ocrx_word' id='word_1_743' title='bbox 3003 3030 3158 3082; x_wconf 88' lang='lat' dir='ltr'><strong>quare</strong></span> <span class='ocrx_word' id='word_1_744' title='bbox 3185 3031 3283 3068; x_wconf 91' lang='lat' dir='ltr'><strong>non</strong></span> <span class='ocrx_word' id='word_1_745' title='bbox 3305 3017 3587 3089; x_wconf 86' lang='lat' dir='ltr'><strong>intelligitis</strong></span> 
     </span>
    </p>
   </div>
   <div class='ocr_carea' id='block_1_92' title="bbox 2018 3100 3595 3170">
    <p class='ocr_par' dir='ltr' id='par_1_92' title="bbox 2018 3100 3595 3170">
     <span class='ocr_line' id='line_1_92' title="bbox 2018 3100 3595 3170; baseline 0.009 -21"><span class='ocrx_word' id='word_1_746' title='bbox 2018 3101 2137 3168; x_wconf 84' lang='lat' dir='ltr'><strong>quia</strong></span> <span class='ocrx_word' id='word_1_747' title='bbox 2163 3116 2262 3153; x_wconf 88' lang='lat' dir='ltr'><strong>non</strong></span> <span class='ocrx_word' id='word_1_748' title='bbox 2291 3100 2355 3153; x_wconf 88' lang='lat' dir='ltr'><strong>de</strong></span> <span class='ocrx_word' id='word_1_749' title='bbox 2375 3101 2590 3170; x_wconf 85' lang='lat' dir='ltr'><strong>panibus</strong></span> <span class='ocrx_word' id='word_1_750' title='bbox 2612 3102 2721 3155; x_wconf 73' lang='lat' dir='ltr'><strong>dixi</strong></span> <span class='ocrx_word' id='word_1_751' title='bbox 2748 3104 2884 3156; x_wconf 80' lang='lat' dir='ltr'><strong>vobis</strong></span> <span class='ocrx_word' id='word_1_752' title='bbox 2905 3145 2921 3169; x_wconf 91' lang='lat'><strong>,</strong></span> <span class='ocrx_word' id='word_1_753' title='bbox 2950 3107 3034 3158; x_wconf 84' lang='lat' dir='ltr'><strong>sed</strong></span> <span class='ocrx_word' id='word_1_754' title='bbox 3061 3105 3123 3156; x_wconf 83' lang='lat' dir='ltr'><strong>de</strong></span> <span class='ocrx_word' id='word_1_755' title='bbox 3150 3105 3379 3161; x_wconf 88' lang='lat' dir='ltr'><strong>doctrina</strong></span> <span class='ocrx_word' id='word_1_756' title='bbox 3404 3109 3595 3163; x_wconf 81' lang='lat' dir='ltr'><strong>Phari-</strong></span> 
     </span>
    </p>
   </div>
   <div class='ocr_carea' id='block_1_93' title="bbox 2019 3190 3597 3269">
    <p class='ocr_par' dir='ltr' id='par_1_93' title="bbox 2019 3190 3597 3269">
     <span class='ocr_line' id='line_1_93' title="bbox 2019 3190 3597 3269; baseline 0.01 -30"><span class='ocrx_word' id='word_1_757' title='bbox 2019 3202 2267 3252; x_wconf 67' lang='lat' dir='ltr'><strong>saeorum,</strong></span> <span class='ocrx_word' id='word_1_758' title='bbox 2303 3198 2356 3241; x_wconf 88' lang='lat' dir='ltr'><strong>ut</strong></span> <span class='ocrx_word' id='word_1_759' title='bbox 2383 3190 2655 3243; x_wconf 85' lang='lat' dir='ltr'><strong>attendatis</strong></span> <span class='ocrx_word' id='word_1_760' title='bbox 2681 3190 2907 3260; x_wconf 76' lang='lat' dir='ltr'><strong>(Matth.</strong></span> <span class='ocrx_word' id='word_1_761' title='bbox 2938 3193 3024 3246; x_wconf 79' lang='grc'><strong>15.</strong></span> <span class='ocrx_word' id='word_1_762' title='bbox 3056 3193 3142 3247; x_wconf 84' lang='grc'><strong>16.</strong></span> <span class='ocrx_word' id='word_1_763' title='bbox 3176 3205 3222 3248; x_wconf 81' lang='lat' dir='ltr'><strong>et</strong></span> <span class='ocrx_word' id='word_1_764' title='bbox 3252 3198 3335 3251; x_wconf 85' lang='lat' dir='ltr'><strong>l6.</strong></span> <span class='ocrx_word' id='word_1_765' title='bbox 3366 3198 3480 3269; x_wconf 88' lang='lat'><strong>9)?</strong></span> <span class='ocrx_word' id='word_1_766' title='bbox 3508 3200 3597 3254; x_wconf 78' lang='lat' dir='ltr'><strong>Vi-</strong></span> 
     </span>
    </p>
   </div>
   <div class='ocr_carea' id='block_1_94' title="bbox 2020 3274 3596 3354">
    <p class='ocr_par' dir='ltr' id='par_1_94' title="bbox 2020 3274 3596 3354">
     <span class='ocr_line' id='line_1_94' title="bbox 2020 3274 3596 3354; baseline 0.01 -25"><span class='ocrx_word' id='word_1_767' title='bbox 2020 3274 2142 3331; x_wconf 81' lang='lat' dir='ltr'><strong>dcn’</strong></span> <span class='ocrx_word' id='word_1_768' title='bbox 2168 3277 2437 3346; x_wconf 90' lang='lat' dir='ltr'><strong>quomodo</strong></span> <span class='ocrx_word' id='word_1_769' title='bbox 2475 3288 2532 3333; x_wconf 90' lang='lat' dir='ltr'><strong>et</strong></span> <span class='ocrx_word' id='word_1_770' title='bbox 2561 3281 2704 3334; x_wconf 89' lang='lat' dir='ltr'><strong>circa</strong></span> <span class='ocrx_word' id='word_1_771' title='bbox 2742 3282 2994 3350; x_wconf 87' lang='lat' dir='ltr'><strong>templum</strong></span> <span class='ocrx_word' id='word_1_772' title='bbox 3036 3287 3356 3354; x_wconf 82' lang='lat' dir='ltr'><strong>evangelista</strong></span> <span class='ocrx_word' id='word_1_773' title='bbox 3381 3327 3397 3354; x_wconf 93' lang='lat'><strong>,</strong></span> <span class='ocrx_word' id='word_1_774' title='bbox 3432 3299 3485 3344; x_wconf 92' lang='lat' dir='ltr'><strong>et</strong></span> <span class='ocrx_word' id='word_1_775' title='bbox 3511 3292 3596 3346; x_wconf 87' lang='lat' dir='ltr'><strong>hic</strong></span> 
     </span>
    </p>
   </div>
   <div class='ocr_carea' id='block_1_95' title="bbox 2020 3369 3586 3457">
    <p class='ocr_par' dir='ltr' id='par_1_95' title="bbox 2020 3369 3586 3457">
     <span class='ocr_line' id='line_1_95' title="bbox 2020 3369 3586 3457; baseline 0.011 -32"><span class='ocrx_word' id='word_1_776' title='bbox 2020 3369 2269 3425; x_wconf 88' lang='lat' dir='ltr'><strong>Christus</strong></span> <span class='ocrx_word' id='word_1_777' title='bbox 2298 3374 2591 3427; x_wconf 89' lang='lat' dir='ltr'><strong>errantium</strong></span> <span class='ocrx_word' id='word_1_778' title='bbox 2614 3374 2972 3445; x_wconf 90' lang='lat' dir='ltr'><strong>suspicionem</strong></span> <span class='ocrx_word' id='word_1_779' title='bbox 2999 3382 3262 3452; x_wconf 74' lang='lat' dir='ltr'><strong>corrigat?</strong></span> <span class='ocrx_word' id='word_1_780' title='bbox 3290 3384 3378 3438; x_wconf 88' lang='lat' dir='ltr'><strong>Sic</strong></span> <span class='ocrx_word' id='word_1_781' title='bbox 3408 3387 3586 3457; x_wconf 87' lang='lat' dir='ltr'><strong>itaque</strong></span> 
     </span>
    </p>
   </div>
   <div class='ocr_carea' id='block_1_96' title="bbox 2021 3465 3596 3541">
    <p class='ocr_par' dir='ltr' id='par_1_96' title="bbox 2021 3465 3596 3541">
     <span class='ocr_line' id='line_1_96' title="bbox 2021 3465 3596 3541; baseline 0.011 -22"><span class='ocrx_word' id='word_1_782' title='bbox 2021 3465 2148 3519; x_wconf 87' lang='lat' dir='ltr'><strong>etin</strong></span> <span class='ocrx_word' id='word_1_783' title='bbox 2176 3480 2264 3531; x_wconf 90' lang='lat' dir='ltr'><strong>eo,</strong></span> <span class='ocrx_word' id='word_1_784' title='bbox 2287 3467 2428 3536; x_wconf 90' lang='lat' dir='ltr'><strong>quod</strong></span> <span class='ocrx_word' id='word_1_785' title='bbox 2466 3482 2525 3522; x_wconf 85' lang='lat' dir='ltr'><strong>se</strong></span> <span class='ocrx_word' id='word_1_786' title='bbox 2553 3468 2814 3538; x_wconf 64' lang='lat' dir='ltr'><strong>aequalem</strong></span> <span class='ocrx_word' id='word_1_787' title='bbox 2848 3470 2954 3525; x_wconf 89' lang='lat' dir='ltr'><strong>Deo</strong></span> <span class='ocrx_word' id='word_1_788' title='bbox 2981 3472 3136 3528; x_wconf 77' lang='lat' dir='ltr'><strong>faciat</strong></span> <span class='ocrx_word' id='word_1_789' title='bbox 3156 3517 3172 3541; x_wconf 92' lang='lat'><strong>,</strong></span> <span class='ocrx_word' id='word_1_790' title='bbox 3204 3476 3247 3530; x_wconf 91' lang='lat' dir='ltr'><strong>si</strong></span> <span class='ocrx_word' id='word_1_791' title='bbox 3282 3478 3372 3534; x_wconf 89' lang='lat' dir='ltr'><strong>ille</strong></span> <span class='ocrx_word' id='word_1_792' title='bbox 3395 3495 3497 3533; x_wconf 91' lang='lat' dir='ltr'><strong>non</strong></span> <span class='ocrx_word' id='word_1_793' title='bbox 3535 3496 3596 3537; x_wconf 82' lang='lat' dir='ltr'><strong>se</strong></span> 
     </span>
    </p>
   </div>
   <div class='ocr_carea' id='block_1_97' title="bbox 2023 3555 3590 3643">
    <p class='ocr_par' dir='ltr' id='par_1_97' title="bbox 2023 3555 3590 3643">
     <span class='ocr_line' id='line_1_97' title="bbox 2023 3555 3590 3643; baseline 0.012 -33"><span class='ocrx_word' id='word_1_794' title='bbox 2023 3555 2197 3627; x_wconf 86' lang='lat' dir='ltr'><strong>ipsum</strong></span> <span class='ocrx_word' id='word_1_795' title='bbox 2219 3558 2473 3627; x_wconf 66' lang='lat' dir='ltr'><strong>aequalem</strong></span> <span class='ocrx_word' id='word_1_796' title='bbox 2499 3559 2609 3614; x_wconf 85' lang='lat' dir='ltr'><strong>Deo</strong></span> <span class='ocrx_word' id='word_1_797' title='bbox 2624 3562 2856 3627; x_wconf 82' lang='lat' dir='ltr'><strong>fecisset,</strong></span> <span class='ocrx_word' id='word_1_798' title='bbox 2875 3564 2971 3619; x_wconf 88' lang='lat' dir='ltr'><strong>sed</strong></span> <span class='ocrx_word' id='word_1_799' title='bbox 2990 3565 3157 3621; x_wconf 79' lang='lat' dir='ltr'><strong>Judzei</strong></span> <span class='ocrx_word' id='word_1_800' title='bbox 3181 3569 3309 3625; x_wconf 92' lang='lat' dir='ltr'><strong>illud</strong></span> <span class='ocrx_word' id='word_1_801' title='bbox 3335 3572 3590 3643; x_wconf 79' lang='lat' dir='ltr'><strong>suSpicati</strong></span> 
     </span>
    </p>
   </div>
   <div class='ocr_carea' id='block_1_98' title="bbox 2021 3650 3593 3729">
    <p class='ocr_par' dir='ltr' id='par_1_98' title="bbox 2021 3650 3593 3729">
     <span class='ocr_line' id='line_1_98' title="bbox 2021 3650 3593 3729; baseline 0.013 -26"><span class='ocrx_word' id='word_1_802' title='bbox 2021 3658 2203 3703; x_wconf 89' lang='lat' dir='ltr'><strong>essent</strong></span> <span class='ocrx_word' id='word_1_803' title='bbox 2245 3664 2309 3704; x_wconf 84' lang='lat' dir='ltr'><strong>ex</strong></span> <span class='ocrx_word' id='word_1_804' title='bbox 2349 3650 2509 3705; x_wconf 83' lang='lat' dir='ltr'><strong>dictis</strong></span> <span class='ocrx_word' id='word_1_805' title='bbox 2537 3652 2693 3720; x_wconf 88' lang='lat' dir='ltr'><strong>ejus:</strong></span> <span class='ocrx_word' id='word_1_806' title='bbox 2720 3654 2861 3709; x_wconf 89' lang='lat' dir='ltr'><strong>illam</strong></span> <span class='ocrx_word' id='word_1_807' title='bbox 2889 3659 3245 3729; x_wconf 71' lang='lat' dir='ltr'><strong>suspicionem</strong></span> <span class='ocrx_word' id='word_1_808' title='bbox 3271 3667 3593 3723; x_wconf 83' lang='lat' dir='ltr'><strong>correxisset</strong></span> 
     </span>
    </p>
   </div>
   <div class='ocr_carea' id='block_1_99' title="bbox 2021 3741 3600 3824">
    <p class='ocr_par' dir='ltr' id='par_1_99' title="bbox 2021 3741 3600 3824">
     <span class='ocr_line' id='line_1_99' title="bbox 2021 3741 3600 3824; baseline 0.012 -30"><span class='ocrx_word' id='word_1_809' title='bbox 2021 3741 2346 3809; x_wconf 85' lang='lat' dir='ltr'><strong>evangelista</strong></span> <span class='ocrx_word' id='word_1_810' title='bbox 2403 3742 2734 3812; x_wconf 81' lang='lat' dir='ltr'><strong>dixissetque</strong></span> <span class='ocrx_word' id='word_1_811' title='bbox 2784 3744 2999 3803; x_wconf 67' lang='lat' dir='ltr'><strong>Judmos</strong></span> <span class='ocrx_word' id='word_1_812' title='bbox 3050 3751 3266 3818; x_wconf 88' lang='lat' dir='ltr'><strong>quidem</strong></span> <span class='ocrx_word' id='word_1_813' title='bbox 3330 3750 3600 3824; x_wconf 84' lang='lat' dir='ltr'><strong>putavisse</strong></span> 
     </span>
    </p>
   </div>
   <div class='ocr_carea' id='block_1_100' title="bbox 2021 3830 3597 3916">
    <p class='ocr_par' dir='ltr' id='par_1_100' title="bbox 2021 3830 3597 3916">
     <span class='ocr_line' id='line_1_100' title="bbox 2021 3830 3597 3916; baseline 0.012 -31"><span class='ocrx_word' id='word_1_814' title='bbox 2021 3830 2193 3901; x_wconf 89' lang='lat' dir='ltr'><strong>ipsum</strong></span> <span class='ocrx_word' id='word_1_815' title='bbox 2223 3846 2282 3885; x_wconf 85' lang='lat' dir='ltr'><strong>se</strong></span> <span class='ocrx_word' id='word_1_816' title='bbox 2307 3833 2567 3902; x_wconf 71' lang='lat' dir='ltr'><strong>mqualcm</strong></span> <span class='ocrx_word' id='word_1_817' title='bbox 2594 3834 2703 3888; x_wconf 90' lang='lat' dir='ltr'><strong>Deo</strong></span> <span class='ocrx_word' id='word_1_818' title='bbox 2726 3834 2917 3891; x_wconf 81' lang='lat' dir='ltr'><strong>fecisse</strong></span> <span class='ocrx_word' id='word_1_819' title='bbox 2941 3856 2955 3903; x_wconf 91' lang='lat'><strong>;</strong></span> <span class='ocrx_word' id='word_1_820' title='bbox 2992 3838 3165 3909; x_wconf 88' lang='lat' dir='ltr'><strong>ipsum</strong></span> <span class='ocrx_word' id='word_1_821' title='bbox 3197 3858 3324 3899; x_wconf 89' lang='lat' dir='ltr'><strong>vero</strong></span> <span class='ocrx_word' id='word_1_822' title='bbox 3350 3862 3519 3916; x_wconf 90' lang='lat' dir='ltr'><strong>neque</strong></span> <span class='ocrx_word' id='word_1_823' title='bbox 3547 3849 3597 3904; x_wconf 88' lang='lat' dir='ltr'><strong>id</strong></span> 
     </span>
    </p>
   </div>
   <div class='ocr_carea' id='block_1_101' title="bbox 2022 3922 3600 4001">
    <p class='ocr_par' dir='ltr' id='par_1_101' title="bbox 2022 3922 3600 4001">
     <span class='ocr_line' id='line_1_101' title="bbox 2022 3922 3600 4001; baseline 0.012 -25"><span class='ocrx_word' id='word_1_824' title='bbox 2022 3924 2210 3978; x_wconf 68' lang='lat' dir='ltr'><strong>fecisse</strong></span> <span class='ocrx_word' id='word_1_825' title='bbox 2231 3938 2402 3992; x_wconf 92' lang='lat' dir='ltr'><strong>neque</strong></span> <span class='ocrx_word' id='word_1_826' title='bbox 2424 3922 2782 3981; x_wconf 55' lang='lat' dir='ltr'><strong>iudicassem</strong></span> <span class='ocrx_word' id='word_1_827' title='bbox 2802 3938 2979 3982; x_wconf 89' lang='lat' dir='ltr'><strong>autem</strong></span> <span class='ocrx_word' id='word_1_828' title='bbox 2998 3931 3063 3984; x_wconf 91' lang='lat' dir='ltr'><strong>ab</strong></span> <span class='ocrx_word' id='word_1_829' title='bbox 3083 3932 3208 4001; x_wconf 85' lang='lat' dir='ltr'><strong>ipsis</strong></span> <span class='ocrx_word' id='word_1_830' title='bbox 3226 3934 3403 3991; x_wconf 90' lang='lat' dir='ltr'><strong>verbis</strong></span> <span class='ocrx_word' id='word_1_831' title='bbox 3423 3938 3600 3997; x_wconf 83' lang='lat' dir='ltr'><strong>discas</strong></span> 
     </span>
    </p>
   </div>
   <div class='ocr_carea' id='block_1_102' title="bbox 2020 4013 3600 4098">
    <p class='ocr_par' dir='ltr' id='par_1_102' title="bbox 2020 4013 3600 4098">
     <span class='ocr_line' id='line_1_102' title="bbox 2020 4013 3600 4098; baseline 0.013 -32"><span class='ocrx_word' id='word_1_832' title='bbox 2020 4014 2160 4085; x_wconf 88' lang='lat' dir='ltr'><strong>quod</strong></span> <span class='ocrx_word' id='word_1_833' title='bbox 2194 4013 2319 4068; x_wconf 89' lang='lat' dir='ltr'><strong>illud</strong></span> <span class='ocrx_word' id='word_1_834' title='bbox 2366 4016 2597 4069; x_wconf 80' lang='lat' dir='ltr'><strong>maxime</strong></span> <span class='ocrx_word' id='word_1_835' title='bbox 2640 4017 2692 4069; x_wconf 91' lang='lat' dir='ltr'><strong>iu</strong></span> <span class='ocrx_word' id='word_1_836' title='bbox 2738 4028 2945 4073; x_wconf 90' lang='lat' dir='ltr'><strong>mentes</strong></span> <span class='ocrx_word' id='word_1_837' title='bbox 2982 4020 3256 4078; x_wconf 82' lang='lat' dir='ltr'><strong>hominum</strong></span> <span class='ocrx_word' id='word_1_838' title='bbox 3293 4027 3600 4098; x_wconf 81' lang='lat' dir='ltr'><strong>imprimere</strong></span> 
     </span>
    </p>
   </div>
   <div class='ocr_carea' id='block_1_103' title="bbox 2021 4106 3599 4178">
    <p class='ocr_par' dir='ltr' id='par_1_103' title="bbox 2021 4106 3599 4178">
     <span class='ocr_line' id='line_1_103' title="bbox 2021 4106 3599 4178; baseline 0.01 -17"><span class='ocrx_word' id='word_1_839' title='bbox 2021 4106 2270 4174; x_wconf 90' lang='lat' dir='ltr'><strong>voluerit,</strong></span> <span class='ocrx_word' id='word_1_840' title='bbox 2293 4122 2593 4162; x_wconf 90' lang='lat' dir='ltr'><strong>sermonem</strong></span> <span class='ocrx_word' id='word_1_841' title='bbox 2623 4124 2651 4162; x_wconf 92' lang='lat' dir='ltr'><strong>a</strong></span> <span class='ocrx_word' id='word_1_842' title='bbox 2676 4109 2942 4178; x_wconf 86' lang='lat' dir='ltr'><strong>prioribus</strong></span> <span class='ocrx_word' id='word_1_843' title='bbox 2973 4128 3306 4173; x_wconf 89' lang='lat' dir='ltr'><strong>resumamus</strong></span> <span class='ocrx_word' id='word_1_844' title='bbox 3337 4129 3391 4174; x_wconf 90' lang='lat' dir='ltr'><strong>et</strong></span> <span class='ocrx_word' id='word_1_845' title='bbox 3419 4120 3599 4176; x_wconf 90' lang='lat' dir='ltr'><strong>disca-</strong></span> 
     </span>
    </p>
   </div>
   <div class='ocr_carea' id='block_1_104' title="bbox 2020 4202 3595 4285">
    <p class='ocr_par' dir='ltr' id='par_1_104' title="bbox 2020 4202 3595 4285">
     <span class='ocr_line' id='line_1_104' title="bbox 2020 4202 3595 4285; baseline 0.01 -27"><span class='ocrx_word' id='word_1_846' title='bbox 2020 4217 2140 4258; x_wconf 91' lang='lat' dir='ltr'><strong>mus</strong></span> <span class='ocrx_word' id='word_1_847' title='bbox 2157 4202 2424 4272; x_wconf 77' lang='lat' dir='ltr'><strong>quomddo</strong></span> <span class='ocrx_word' id='word_1_848' title='bbox 2452 4202 2665 4257; x_wconf 88' lang='lat' dir='ltr'><strong>tandem</strong></span> <span class='ocrx_word' id='word_1_849' title='bbox 2681 4214 2963 4260; x_wconf 87' lang='lat' dir='ltr'><strong>accusatus</strong></span> <span class='ocrx_word' id='word_1_850' title='bbox 2982 4222 3099 4263; x_wconf 88' lang='lat' dir='ltr'><strong>sese</strong></span> <span class='ocrx_word' id='word_1_851' title='bbox 3116 4210 3435 4271; x_wconf 79' lang='lat' dir='ltr'><strong>defenderit.</strong></span> <span class='ocrx_word' id='word_1_852' title='bbox 3460 4217 3595 4285; x_wconf 88' lang='lat' dir='ltr'><strong>Quid</strong></span> 
     </span>
    </p>
   </div>
   <div class='ocr_carea' id='block_1_105' title="bbox 2023 4293 3597 4367">
    <p class='ocr_par' dir='ltr' id='par_1_105' title="bbox 2023 4293 3597 4367">
     <span class='ocr_line' id='line_1_105' title="bbox 2023 4293 3597 4367; baseline 0.01 -21"><span class='ocrx_word' id='word_1_853' title='bbox 2023 4294 2183 4364; x_wconf 87' lang='lat' dir='ltr'><strong>igitur</strong></span> <span class='ocrx_word' id='word_1_854' title='bbox 2202 4303 2317 4347; x_wconf 90' lang='lat' dir='ltr'><strong>erat</strong></span> <span class='ocrx_word' id='word_1_855' title='bbox 2348 4294 2473 4349; x_wconf 90' lang='lat' dir='ltr'><strong>illud</strong></span> <span class='ocrx_word' id='word_1_856' title='bbox 2496 4293 2562 4348; x_wconf 86' lang='lat' dir='ltr'><strong>de</strong></span> <span class='ocrx_word' id='word_1_857' title='bbox 2587 4310 2693 4364; x_wconf 90' lang='lat' dir='ltr'><strong>quo</strong></span> <span class='ocrx_word' id='word_1_858' title='bbox 2717 4297 3342 4367; x_wconf 67' lang='lat' dir='ltr'><strong>accusabatur?Quud&gt;in</strong></span> <span class='ocrx_word' id='word_1_859' title='bbox 3372 4307 3597 4362; x_wconf 88' lang='lat' dir='ltr'><strong>sabbato</strong></span> 
     </span>
    </p>
   </div>
   <div class='ocr_carea' id='block_1_106' title="bbox 2018 4382 3598 4463">
    <p class='ocr_par' dir='ltr' id='par_1_106' title="bbox 2018 4382 3598 4463">
     <span class='ocr_line' id='line_1_106' title="bbox 2018 4382 3598 4463; baseline 0.008 -24"><span class='ocrx_word' id='word_1_860' title='bbox 2018 4399 2181 4453; x_wconf 85' lang='lat' dir='ltr'><strong>Opera</strong></span> <span class='ocrx_word' id='word_1_861' title='bbox 2198 4383 2395 4439; x_wconf 79' lang='lat' dir='ltr'><strong>laceret</strong></span> <span class='ocrx_word' id='word_1_862' title='bbox 2415 4401 2429 4439; x_wconf 92' lang='lat'><strong>:</strong></span> <span class='ocrx_word' id='word_1_863' title='bbox 2453 4382 2597 4449; x_wconf 83' lang='lat' dir='ltr'><strong>Ideo,</strong></span> <span class='ocrx_word' id='word_1_864' title='bbox 2623 4385 2812 4455; x_wconf 89' lang='lat' dir='ltr'><strong>inquit,</strong></span> <span class='ocrx_word' id='word_1_865' title='bbox 2827 4386 2970 4439; x_wconf 88' lang='lat' dir='ltr'><strong>illum</strong></span> <span class='ocrx_word' id='word_1_866' title='bbox 2990 4385 3163 4442; x_wconf 77' lang='lat' dir='ltr'><strong>Judtei</strong></span> <span class='ocrx_word' id='word_1_867' title='bbox 3178 4396 3598 4463; x_wconf 84' lang='lat' dir='ltr'><strong>persequebantur</strong></span> 
     </span>
    </p>
   </div>
   <div class='ocr_carea' id='block_1_107' title="bbox 2032 4473 3597 4551">
    <p class='ocr_par' dir='ltr' id='par_1_107' title="bbox 2032 4473 3597 4551">
     <span class='ocr_line' id='line_1_107' title="bbox 2032 4473 3597 4551; baseline 0.01 -25"><span class='ocrx_word' id='word_1_868' title='bbox 2032 4473 2154 4544; x_wconf 59' lang='lat' dir='ltr'><strong>quod</strong></span> <span class='ocrx_word' id='word_1_869' title='bbox 2184 4476 2292 4527; x_wconf 75' lang='lat' dir='ltr'><strong>lucc</strong></span> <span class='ocrx_word' id='word_1_870' title='bbox 2317 4475 2502 4543; x_wconf 79' lang='lat' dir='ltr'><strong>faceret</strong></span> <span class='ocrx_word' id='word_1_871' title='bbox 2530 4474 2583 4526; x_wconf 88' lang='lat' dir='ltr'><strong>in</strong></span> <span class='ocrx_word' id='word_1_872' title='bbox 2623 4473 2827 4527; x_wconf 89' lang='lat' dir='ltr'><strong>sabbato</strong></span> <span class='ocrx_word' id='word_1_873' title='bbox 2857 4474 2875 4544; x_wconf 93' lang='lat'>(</span> <span class='ocrx_word' id='word_1_874' title='bbox 2900 4476 3056 4530; x_wconf 84' lang='lat' dir='ltr'><strong>Joan.</strong></span> <span class='ocrx_word' id='word_1_875' title='bbox 3089 4478 3143 4534; x_wconf 83' lang='grc'><strong>5.</strong></span> <span class='ocrx_word' id='word_1_876' title='bbox 3178 4480 3245 4534; x_wconf 81' lang='grc'><strong>16</strong></span> <span class='ocrx_word' id='word_1_877' title='bbox 3274 4481 3314 4551; x_wconf 91' lang='grc'><strong>).</strong></span> <span class='ocrx_word' id='word_1_878' title='bbox 3345 4483 3597 4550; x_wconf 75' lang='lat' dir='ltr'><strong>Qutenam</strong></span> 
     </span>
    </p>
   </div>
   <div class='ocr_carea' id='block_1_108' title="bbox 2021 4564 3597 4640">
    <p class='ocr_par' dir='ltr' id='par_1_108' title="bbox 2021 4564 3597 4640">
     <span class='ocr_line' id='line_1_108' title="bbox 2021 4564 3597 4640; baseline 0.01 -21"><span class='ocrx_word' id='word_1_879' title='bbox 2021 4564 2153 4620; x_wconf 84' lang='lat' dir='ltr'><strong>illa?</strong></span> <span class='ocrx_word' id='word_1_880' title='bbox 2179 4565 2330 4634; x_wconf 90' lang='lat' dir='ltr'><strong>Quod</strong></span> <span class='ocrx_word' id='word_1_881' title='bbox 2356 4565 2701 4637; x_wconf 86' lang='lat' dir='ltr'><strong>paralytieum</strong></span> <span class='ocrx_word' id='word_1_882' title='bbox 2721 4568 3008 4633; x_wconf 87' lang='lat' dir='ltr'><strong>curaverit,</strong></span> <span class='ocrx_word' id='word_1_883' title='bbox 3038 4570 3335 4640; x_wconf 85' lang='lat' dir='ltr'><strong>acjusserit</strong></span> <span class='ocrx_word' id='word_1_884' title='bbox 3358 4576 3501 4631; x_wconf 87' lang='lat' dir='ltr'><strong>illum</strong></span> <span class='ocrx_word' id='word_1_885' title='bbox 3520 4580 3597 4634; x_wconf 59' lang='lat' dir='ltr'><strong>le.</strong></span> 
     </span>
    </p>
   </div>
   <div class='ocr_carea' id='block_1_109' title="bbox 2019 4659 3595 4738">
    <p class='ocr_par' dir='ltr' id='par_1_109' title="bbox 2019 4659 3595 4738">
     <span class='ocr_line' id='line_1_109' title="bbox 2019 4659 3595 4738; baseline 0.009 -26"><span class='ocrx_word' id='word_1_886' title='bbox 2019 4670 2165 4713; x_wconf 91' lang='lat' dir='ltr'><strong>ctum</strong></span> <span class='ocrx_word' id='word_1_887' title='bbox 2188 4674 2341 4711; x_wconf 90' lang='lat' dir='ltr'><strong>suum</strong></span> <span class='ocrx_word' id='word_1_888' title='bbox 2360 4659 2601 4728; x_wconf 88' lang='lat' dir='ltr'><strong>accipere</strong></span> <span class='ocrx_word' id='word_1_889' title='bbox 2622 4666 2675 4712; x_wconf 91' lang='lat' dir='ltr'><strong>ct</strong></span> <span class='ocrx_word' id='word_1_890' title='bbox 2700 4659 2913 4712; x_wconf 89' lang='lat' dir='ltr'><strong>domum</strong></span> <span class='ocrx_word' id='word_1_891' title='bbox 2931 4660 3102 4716; x_wconf 89' lang='lat' dir='ltr'><strong>abire.</strong></span> <span class='ocrx_word' id='word_1_892' title='bbox 3124 4663 3595 4738; x_wconf 60' lang='lat' dir='ltr'><strong>ldeointerrogzuh</strong></span> 
     </span>
    </p>
   </div>
   <div class='ocr_carea' id='block_1_110' title="bbox 2024 4747 3595 4821">
    <p class='ocr_par' dir='ltr' id='par_1_110' title="bbox 2024 4747 3595 4821">
     <span class='ocr_line' id='line_1_110' title="bbox 2024 4747 3595 4821; baseline 0.01 -20"><span class='ocrx_word' id='word_1_893' title='bbox 2024 4748 2266 4802; x_wconf 84' lang='lat' dir='ltr'><strong>tesillum</strong></span> <span class='ocrx_word' id='word_1_894' title='bbox 2281 4747 2549 4810; x_wconf 82' lang='lat' dir='ltr'><strong>dicebant,</strong></span> <span class='ocrx_word' id='word_1_895' title='bbox 2583 4748 2701 4818; x_wconf 88' lang='lat' dir='ltr'><strong>quis</strong></span> <span class='ocrx_word' id='word_1_896' title='bbox 2730 4758 2874 4804; x_wconf 85' lang='lat' dir='ltr'><strong>esset</strong></span> <span class='ocrx_word' id='word_1_897' title='bbox 2904 4751 2990 4819; x_wconf 87' lang='lat' dir='ltr'><strong>qui</strong></span> <span class='ocrx_word' id='word_1_898' title='bbox 3025 4750 3137 4807; x_wconf 74' lang='lat' dir='ltr'><strong>lucc</strong></span> <span class='ocrx_word' id='word_1_899' title='bbox 3153 4753 3363 4821; x_wconf 87' lang='lat' dir='ltr'><strong>juberet</strong></span> <span class='ocrx_word' id='word_1_900' title='bbox 3395 4756 3508 4814; x_wconf 85' lang='lat' dir='ltr'><strong>ﬁeri</strong></span> <span class='ocrx_word' id='word_1_901' title='bbox 3544 4763 3595 4817; x_wconf 92' lang='lat' dir='ltr'><strong>in</strong></span> 
     </span>
    </p>
   </div>
   <div class='ocr_carea' id='block_1_111' title="bbox 2021 4838 3600 4919">
    <p class='ocr_par' dir='ltr' id='par_1_111' title="bbox 2021 4838 3600 4919">
     <span class='ocr_line' id='line_1_111' title="bbox 2021 4838 3600 4919; baseline 0.008 -24"><span class='ocrx_word' id='word_1_902' title='bbox 2021 4838 2282 4895; x_wconf 83' lang='lat' dir='ltr'><strong>sabbato:</strong></span> <span class='ocrx_word' id='word_1_903' title='bbox 2318 4840 2405 4894; x_wconf 88' lang='lat' dir='ltr'><strong>ille</strong></span> <span class='ocrx_word' id='word_1_904' title='bbox 2448 4851 2623 4893; x_wconf 90' lang='lat' dir='ltr'><strong>autem</strong></span> <span class='ocrx_word' id='word_1_905' title='bbox 2652 4840 2784 4893; x_wconf 73' lang='lat' dir='ltr'><strong>dixit</strong></span> <span class='ocrx_word' id='word_1_906' title='bbox 2804 4880 2820 4906; x_wconf 89' lang='lat'><strong>,</strong></span> <span class='ocrx_word' id='word_1_907' title='bbox 2872 4840 2972 4908; x_wconf 83' lang='lat' dir='ltr'><strong>Qui</strong></span> <span class='ocrx_word' id='word_1_908' title='bbox 2997 4860 3074 4897; x_wconf 89' lang='lat' dir='ltr'><strong>me</strong></span> <span class='ocrx_word' id='word_1_909' title='bbox 3122 4860 3303 4898; x_wconf 76' lang='lat' dir='ltr'><strong>simum</strong></span> <span class='ocrx_word' id='word_1_910' title='bbox 3331 4850 3485 4919; x_wconf 80' lang='lat' dir='ltr'><strong>fecit,</strong></span> <span class='ocrx_word' id='word_1_911' title='bbox 3512 4852 3600 4906; x_wconf 78' lang='lat' dir='ltr'><strong>ille</strong></span> 
     </span>
    </p>
   </div>
   <div class='ocr_carea' id='block_1_112' title="bbox 2021 4930 3594 5001">
    <p class='ocr_par' dir='ltr' id='par_1_112' title="bbox 2021 4930 3594 5001">
     <span class='ocr_line' id='line_1_112' title="bbox 2021 4930 3594 5001; baseline 0.01 -17"><span class='ocrx_word' id='word_1_912' title='bbox 2021 4931 2146 4985; x_wconf 87' lang='lat' dir='ltr'><strong>mihi</strong></span> <span class='ocrx_word' id='word_1_913' title='bbox 2173 4932 2321 4997; x_wconf 75' lang='lat' dir='ltr'><strong>dixit,</strong></span> <span class='ocrx_word' id='word_1_914' title='bbox 2350 4930 2498 4985; x_wconf 86' lang='lat' dir='ltr'><strong>Tolle</strong></span> <span class='ocrx_word' id='word_1_915' title='bbox 2522 4931 2703 4985; x_wconf 85' lang='lat' dir='ltr'><strong>lectum</strong></span> <span class='ocrx_word' id='word_1_916' title='bbox 2724 4941 2886 4999; x_wconf 82' lang='lat' dir='ltr'><strong>luunt,</strong></span> <span class='ocrx_word' id='word_1_917' title='bbox 2914 4943 2960 4986; x_wconf 90' lang='lat' dir='ltr'><strong>et</strong></span> <span class='ocrx_word' id='word_1_918' title='bbox 2983 4940 3109 4988; x_wconf 82' lang='lat' dir='ltr'><strong>vade</strong></span> <span class='ocrx_word' id='word_1_919' title='bbox 3127 4937 3179 4988; x_wconf 87' lang='lat' dir='ltr'><strong>in</strong></span> <span class='ocrx_word' id='word_1_920' title='bbox 3202 4936 3407 4993; x_wconf 87' lang='lat' dir='ltr'><strong>domum</strong></span> <span class='ocrx_word' id='word_1_921' title='bbox 3434 4953 3594 5001; x_wconf 83' lang='lat' dir='ltr'><strong>tuam.</strong></span> 
     </span>
    </p>
   </div>
   <div class='ocr_carea' id='block_1_113' title="bbox 2022 5022 3597 5106">
    <p class='ocr_par' dir='ltr' id='par_1_113' title="bbox 2022 5022 3597 5106">
     <span class='ocr_line' id='line_1_113' title="bbox 2022 5022 3597 5106; baseline 0.011 -32"><span class='ocrx_word' id='word_1_922' title='bbox 2022 5024 2309 5094; x_wconf 84' lang='lat' dir='ltr'><strong>Propterea</strong></span> <span class='ocrx_word' id='word_1_923' title='bbox 2337 5040 2476 5094; x_wconf 52' lang='lat' dir='ltr'><strong>a&#39;gre</strong></span> <span class='ocrx_word' id='word_1_924' title='bbox 2493 5022 2745 5091; x_wconf 76' lang='lat' dir='ltr'><strong>ferentes,</strong></span> <span class='ocrx_word' id='word_1_925' title='bbox 2782 5026 3423 5099; x_wconf 82' lang='lat' dir='ltr'><strong>persequebanturillutn,</strong></span> <span class='ocrx_word' id='word_1_926' title='bbox 3452 5036 3597 5106; x_wconf 89' lang='lat' dir='ltr'><strong>quod</strong></span> 
     </span>
    </p>
   </div>
   <div class='ocr_carea' id='block_1_114' title="bbox 2022 5114 3599 5192">
    <p class='ocr_par' dir='ltr' id='par_1_114' title="bbox 2022 5114 3599 5192">
     <span class='ocr_line' id='line_1_114' title="bbox 2022 5114 3599 5192; baseline 0.007 -22"><span class='ocrx_word' id='word_1_927' title='bbox 2022 5115 2364 5185; x_wconf 73' lang='lat' dir='ltr'><strong>llzecjuberet</strong></span> <span class='ocrx_word' id='word_1_928' title='bbox 2412 5114 2464 5169; x_wconf 94' lang='lat' dir='ltr'><strong>in</strong></span> <span class='ocrx_word' id='word_1_929' title='bbox 2495 5115 2736 5179; x_wconf 90' lang='lat' dir='ltr'><strong>sabbato,</strong></span> <span class='ocrx_word' id='word_1_930' title='bbox 2770 5115 2910 5185; x_wconf 92' lang='lat' dir='ltr'><strong>quod</strong></span> <span class='ocrx_word' id='word_1_931' title='bbox 2944 5116 3224 5173; x_wconf 89' lang='lat' dir='ltr'><strong>videbatur</strong></span> <span class='ocrx_word' id='word_1_932' title='bbox 3264 5121 3395 5192; x_wconf 86' lang='lat' dir='ltr'><strong>legis</strong></span> <span class='ocrx_word' id='word_1_933' title='bbox 3425 5135 3599 5183; x_wconf 44' lang='lat' dir='ltr'><strong>trans,</strong></span> 
     </span>
    </p>
   </div>
   <div class='ocr_carea' id='block_1_115' title="bbox 2019 5207 3597 5278">
    <p class='ocr_par' dir='ltr' id='par_1_115' title="bbox 2019 5207 3597 5278">
     <span class='ocr_line' id='line_1_115' title="bbox 2019 5207 3597 5278; baseline 0.008 -16"><span class='ocrx_word' id='word_1_934' title='bbox 2019 5209 2226 5278; x_wconf 85' lang='lat' dir='ltr'><strong>gressio</strong></span> <span class='ocrx_word' id='word_1_935' title='bbox 2255 5223 2395 5263; x_wconf 90' lang='lat' dir='ltr'><strong>esse.</strong></span> <span class='ocrx_word' id='word_1_936' title='bbox 2438 5207 2573 5274; x_wconf 89' lang='lat' dir='ltr'><strong>Quid</strong></span> <span class='ocrx_word' id='word_1_937' title='bbox 2602 5222 2729 5276; x_wconf 82' lang='lat' dir='ltr'><strong>ergo</strong></span> <span class='ocrx_word' id='word_1_938' title='bbox 2768 5207 2834 5261; x_wconf 88' lang='lat' dir='ltr'><strong>ad</strong></span> <span class='ocrx_word' id='word_1_939' title='bbox 2880 5208 3245 5266; x_wconf 74' lang='lat' dir='ltr'><strong>defensionem</strong></span> <span class='ocrx_word' id='word_1_940' title='bbox 3274 5229 3425 5271; x_wconf 90' lang='lat' dir='ltr'><strong>suam</strong></span> <span class='ocrx_word' id='word_1_941' title='bbox 3466 5218 3597 5275; x_wconf 91' lang='lat' dir='ltr'><strong>dicit</strong></span> 
     </span>
    </p>
   </div>
   <div class='ocr_carea' id='block_1_116' title="bbox 2021 5297 3591 5379">
    <p class='ocr_par' dir='ltr' id='par_1_116' title="bbox 2021 5297 3591 5379">
     <span class='ocr_line' id='line_1_116' title="bbox 2021 5297 3591 5379; baseline 0.006 -26"><span class='ocrx_word' id='word_1_942' title='bbox 2021 5299 2268 5354; x_wconf 82' lang='lat' dir='ltr'><strong>Christus</strong></span> <span class='ocrx_word' id='word_1_943' title='bbox 2296 5300 2321 5352; x_wconf 88' lang='lat'><strong>?</strong></span> <span class='ocrx_word' id='word_1_944' title='bbox 2362 5297 2517 5351; x_wconf 85' lang='lat' dir='ltr'><strong>Pater</strong></span> <span class='ocrx_word' id='word_1_945' title='bbox 2554 5313 2696 5352; x_wconf 87' lang='lat' dir='ltr'><strong>meus</strong></span> <span class='ocrx_word' id='word_1_946' title='bbox 2739 5314 2896 5368; x_wconf 84' lang='lat' dir='ltr'><strong>usque</strong></span> <span class='ocrx_word' id='word_1_947' title='bbox 2934 5300 3083 5354; x_wconf 89' lang='lat' dir='ltr'><strong>modo</strong></span> <span class='ocrx_word' id='word_1_948' title='bbox 3109 5314 3351 5371; x_wconf 83' lang='lat' dir='ltr'><strong>operatur</strong></span> <span class='ocrx_word' id='word_1_949' title='bbox 3373 5346 3389 5373; x_wconf 90' lang='lat'><strong>,</strong></span> <span class='ocrx_word' id='word_1_950' title='bbox 3431 5318 3480 5361; x_wconf 82' lang='lat' dir='ltr'><strong>et</strong></span> <span class='ocrx_word' id='word_1_951' title='bbox 3498 5327 3591 5379; x_wconf 82' lang='lat' dir='ltr'><strong>ego</strong></span> 
     </span>
    </p>
   </div>
   <div class='ocr_carea' id='block_1_117' title="bbox 2022 5387 3596 5466">
    <p class='ocr_par' dir='ltr' id='par_1_117' title="bbox 2022 5387 3596 5466">
     <span class='ocr_line' id='line_1_117' title="bbox 2022 5387 3596 5466; baseline 0.004 -20"><span class='ocrx_word' id='word_1_952' title='bbox 2022 5408 2203 5462; x_wconf 86' lang='lat' dir='ltr'><strong>operor</strong></span> <span class='ocrx_word' id='word_1_953' title='bbox 2221 5387 2382 5462; x_wconf 87' lang='lat' dir='ltr'><strong>(Ibid.</strong></span> <span class='ocrx_word' id='word_1_954' title='bbox 2414 5407 2459 5443; x_wconf 84' lang='grc' dir='ltr'><em>υ.</em></span> <span class='ocrx_word' id='word_1_955' title='bbox 2496 5389 2561 5444; x_wconf 92' lang='grc'><strong>17</strong></span> <span class='ocrx_word' id='word_1_956' title='bbox 2588 5387 2631 5459; x_wconf 95' lang='grc'><strong>).</strong></span> <span class='ocrx_word' id='word_1_957' title='bbox 2665 5389 2820 5459; x_wconf 77' lang='lat' dir='ltr'><strong>Atqui</strong></span> <span class='ocrx_word' id='word_1_958' title='bbox 2850 5390 3011 5444; x_wconf 90' lang='lat' dir='ltr'><strong>multa</strong></span> <span class='ocrx_word' id='word_1_959' title='bbox 3040 5391 3141 5447; x_wconf 88' lang='lat' dir='ltr'><strong>alia</strong></span> <span class='ocrx_word' id='word_1_960' title='bbox 3168 5394 3344 5450; x_wconf 89' lang='lat' dir='ltr'><strong>dicere</strong></span> <span class='ocrx_word' id='word_1_961' title='bbox 3367 5410 3596 5466; x_wconf 88' lang='lat' dir='ltr'><strong>poterat,</strong></span> 
     </span>
    </p>
   </div>
   <div class='ocr_carea' id='block_1_118' title="bbox 2021 5479 3597 5557">
    <p class='ocr_par' dir='ltr' id='par_1_118' title="bbox 2021 5479 3597 5557">
     <span class='ocr_line' id='line_1_118' title="bbox 2021 5479 3597 5557; baseline 0.005 -21"><span class='ocrx_word' id='word_1_962' title='bbox 2021 5483 2064 5536; x_wconf 89' lang='lat' dir='ltr'><strong>si</strong></span> <span class='ocrx_word' id='word_1_963' title='bbox 2092 5495 2210 5536; x_wconf 87' lang='lat' dir='ltr'><strong>sese</strong></span> <span class='ocrx_word' id='word_1_964' title='bbox 2246 5479 2534 5535; x_wconf 79' lang='lat' dir='ltr'><strong>defendere</strong></span> <span class='ocrx_word' id='word_1_965' title='bbox 2560 5490 2762 5534; x_wconf 90' lang='lat' dir='ltr'><strong>tantum</strong></span> <span class='ocrx_word' id='word_1_966' title='bbox 2785 5480 3036 5535; x_wconf 80' lang='lat' dir='ltr'><strong>voluisset</strong></span> <span class='ocrx_word' id='word_1_967' title='bbox 3061 5523 3076 5545; x_wconf 90' lang='lat'><strong>,</strong></span> <span class='ocrx_word' id='word_1_968' title='bbox 3107 5499 3206 5539; x_wconf 90' lang='lat' dir='ltr'><strong>nec</strong></span> <span class='ocrx_word' id='word_1_969' title='bbox 3238 5487 3597 5557; x_wconf 73' lang='lat' dir='ltr'><strong>mqualitatem</strong></span> 
     </span>
    </p>
   </div>
   <div class='ocr_carea' id='block_1_119' title="bbox 2021 5572 3595 5648">
    <p class='ocr_par' dir='ltr' id='par_1_119' title="bbox 2021 5572 3595 5648">
     <span class='ocr_line' id='line_1_119' title="bbox 2021 5572 3595 5648; baseline 0.003 -18"><span class='ocrx_word' id='word_1_970' title='bbox 2021 5590 2171 5630; x_wconf 87' lang='lat' dir='ltr'><strong>suam</strong></span> <span class='ocrx_word' id='word_1_971' title='bbox 2189 5573 2492 5628; x_wconf 87' lang='lat' dir='ltr'><strong>ostendere.</strong></span> <span class='ocrx_word' id='word_1_972' title='bbox 2515 5572 2667 5642; x_wconf 67' lang='lat' dir='ltr'><strong>Same</strong></span> <span class='ocrx_word' id='word_1_973' title='bbox 2684 5588 2911 5638; x_wconf 84' lang='lat' dir='ltr'><strong>namque</strong></span> <span class='ocrx_word' id='word_1_974' title='bbox 2931 5574 3162 5631; x_wconf 89' lang='lat' dir='ltr'><strong>solutum</strong></span> <span class='ocrx_word' id='word_1_975' title='bbox 3185 5577 3281 5632; x_wconf 79' lang='lat' dir='ltr'><strong>fuit</strong></span> <span class='ocrx_word' id='word_1_976' title='bbox 3295 5579 3595 5648; x_wconf 86' lang='lat' dir='ltr'><strong>sabbatum,</strong></span> 
     </span>
    </p>
   </div>
   <div class='ocr_carea' id='block_1_120' title="bbox 2019 5663 3601 5737">
    <p class='ocr_par' dir='ltr' id='par_1_120' title="bbox 2019 5663 3601 5737">
     <span class='ocr_line' id='line_1_120' title="bbox 2019 5663 3601 5737; baseline 0.004 -16"><span class='ocrx_word' id='word_1_977' title='bbox 2019 5683 2085 5723; x_wconf 89' lang='lat' dir='ltr'><strong>ac</strong></span> <span class='ocrx_word' id='word_1_978' title='bbox 2125 5667 2298 5737; x_wconf 90' lang='lat' dir='ltr'><strong>primo</strong></span> <span class='ocrx_word' id='word_1_979' title='bbox 2343 5664 2553 5736; x_wconf 89' lang='lat' dir='ltr'><strong>quidem</strong></span> <span class='ocrx_word' id='word_1_980' title='bbox 2585 5665 2635 5718; x_wconf 93' lang='lat' dir='ltr'><strong>in</strong></span> <span class='ocrx_word' id='word_1_981' title='bbox 2670 5664 2883 5718; x_wconf 91' lang='lat' dir='ltr'><strong>civitate</strong></span> <span class='ocrx_word' id='word_1_982' title='bbox 2921 5663 3434 5724; x_wconf 78' lang='lat' dir='ltr'><strong>Jcrichnntinoruut.</strong></span> <span class='ocrx_word' id='word_1_983' title='bbox 3466 5672 3601 5729; x_wconf 85' lang='lat' dir='ltr'><strong>Cum</strong></span> 
     </span>
    </p>
   </div>
   <div class='ocr_carea' id='block_1_121' title="bbox 2024 5755 3602 5837">
    <p class='ocr_par' dir='ltr' id='par_1_121' title="bbox 2024 5755 3602 5837">
     <span class='ocr_line' id='line_1_121' title="bbox 2024 5755 3602 5837; baseline 0.006 -25"><span class='ocrx_word' id='word_1_984' title='bbox 2024 5758 2163 5813; x_wconf 87' lang='lat' dir='ltr'><strong>enim</strong></span> <span class='ocrx_word' id='word_1_985' title='bbox 2188 5773 2367 5813; x_wconf 81' lang='lat' dir='ltr'><strong>Inuros</strong></span> <span class='ocrx_word' id='word_1_986' title='bbox 2386 5771 2694 5828; x_wconf 85' lang='lat' dir='ltr'><strong>oppugnare</strong></span> <span class='ocrx_word' id='word_1_987' title='bbox 2712 5755 2900 5812; x_wconf 88' lang='lat' dir='ltr'><strong>vellent</strong></span> <span class='ocrx_word' id='word_1_988' title='bbox 2925 5798 2939 5825; x_wconf 93' lang='lat'><strong>,</strong></span> <span class='ocrx_word' id='word_1_989' title='bbox 2959 5756 3092 5827; x_wconf 82' lang='lat' dir='ltr'><strong>jnssi</strong></span> <span class='ocrx_word' id='word_1_990' title='bbox 3122 5770 3242 5817; x_wconf 90' lang='lat' dir='ltr'><strong>sunt</strong></span> <span class='ocrx_word' id='word_1_991' title='bbox 3273 5776 3366 5831; x_wconf 84' lang='lat' dir='ltr'><strong>per</strong></span> <span class='ocrx_word' id='word_1_992' title='bbox 3396 5758 3602 5837; x_wconf 85' lang='lat' dir='ltr'><strong>septem</strong></span> 
     </span>
    </p>
   </div>
  </div>
