4092 6206
527 255 628 307 3Ιῆ

525 371 643 424 dies
670 369 810 427 tubis
831 370 1076 427 instructi
1105 366 1333 424 circuire
1363 380 1580 434 muros,
1609 375 1665 424 et
1688 364 1765 419 sic
1793 362 1919 418 urbs
1949 377 2107 419 ever-

525 480 584 520 sa
607 475 691 520 est
721 463 856 532 (los.
888 465 922 519 ϐ
967 465 1048 534 5).
1079 459 1232 532 Quod
1251 469 1431 515 autem
1459 460 1510 514 in
1539 466 1744 529 septem
1770 456 1877 511 illis
1895 454 2106 516 diebus,

527 555 898 624 undecumque
926 552 1300 623 inceperimus,
1339 549 1615 608 sabbatum
1648 546 1886 604 incidere
1917 560 2106 600 neces-

527 659 587 699 se
616 647 707 708 sit,
748 645 918 706 cuivis
969 642 1304 698 manifestum
1358 649 1460 698 est.
1513 639 1787 694 Manifesta
1845 652 1974 708 ergo
2025 644 2112 692 est

527 736 726 788 solutio
780 733 1005 788 sabbati.
1034 732 1241 788 Rursus
1279 729 1585 785 circumcidi
1621 728 1781 801 jussit
1835 726 2106 782 hominem

529 837 717 902 octavo
752 825 839 879 die
859 843 873 879 ε
895 838 1116 879 necesse
1143 835 1224 877 ρει
1261 821 1346 875 hic
1371 835 1582 890 quoque
1613 818 1891 873 sabbatum
1922 817 2056 872 solvi
2089 832 2106 881 ;

530 935 649 970 nam
683 933 804 974 eum
837 918 923 986 qui
954 917 1005 970 in
1039 915 1260 970 sabbato
1289 924 1443 968 natus
1469 914 1557 977 sit,
1579 924 1796 966 necesse
1822 918 1906 965 est
1927 909 1977 962 in
2003 909 2109 962 alio

526 1011 750 1064 sabbato
789 1008 1119 1066 circumcidi.
1162 1005 1480 1063 Sacerdotes
1523 1015 1703 1058 autem
1757 1017 1878 1057 cum
1919 1001 2110 1071 majori

530 1101 778 1156 facultate
805 1099 929 1154 illud
945 1099 1244 1162 solvebant,
1259 1111 1448 1152 rursus
1466 1096 1518 1149 in
1544 1093 1767 1148 sabbato
1787 1092 2107 1147 sacrificium

527 1195 721 1249 olferre
747 1193 881 1266 jussi
916 1211 930 1248 ;
962 1193 1048 1246 ubi
1079 1205 1208 1244 vero
1233 1187 1712 1253 saerilicium,erat
1729 1196 1784 1240 et
1799 1184 2106 1249 excoriare,

532 1302 720 1352 urere,
778 1295 832 1342 ct
883 1285 1037 1341 altari
1101 1284 1417 1352 imponere.
1474 1289 1528 1335 et
1572 1294 1762 1350 aquam
1817 1277 2010 1332 afferre
2056 1285 2114 1332 et

532 1377 669 1446 ligna
710 1376 976 1442 scindere,
1021 1384 1076 1431 et
1115 1374 1325 1430 cineres
1365 1371 1558 1428 efferre
1601 1381 1656 1426 et
1699 1370 1799 1424 alia
1839 1373 2002 1424 multa
2032 1365 2106 1422 fa-

531 1485 656 1523 cere
685 1482 904 1522 necesse
927 1477 1077 1533 erat,
1119 1478 1172 1521 et
1200 1465 1278 1522 sic
1305 1464 1586 1519 sabbatum
1621 1461 1851 1517 solvere.
1887 1459 1966 1514 Ad
1999 1462 2114 1514 hac

531 1575 660 1615 vero
686 1561 797 1630 ipsa
824 1560 983 1640 etiam
1028 1557 1230 1612 creatio
1261 1556 1536 1610 sabbatum
1567 1551 1809 1609 solvebat
1834 1569 1847 1604 :
1885 1565 2006 1604 nam
2035 1549 2115 1604 sol

532 1660 786 1722 operatur
821 1649 872 1706 in
901 1650 1144 1712 sabbato,
1188 1657 1243 1703 et
1284 1647 1405 1702 luna
1432 1646 1619 1710 currit,
1664 1655 1718 1699 et
1741 1643 1984 1698 diversus
2027 1643 2116 1699 ille

532 1746 809 1801 stellarum
833 1743 1028 1798 chorus
1051 1752 1291 1812 apparet,
1308 1751 1361 1794 et
1384 1738 1528 1794 venti
1545 1737 1694 1802 ﬂant,
1725 1747 1780 1792 et
1803 1735 1978 1790 fontes
1999 1751 2118 1790 sca.

538 1837 762 1899 tnriunt,
793 1845 846 1890 et
871 1833 1086 1888 ﬂumina
1119 1833 1309 1898 ﬂuunt,
1331 1846 1476 1886 mare
1506 1837 1893 1891 commovetur,
1916 1827 2120 1884 semina

534 1927 836 1998 germinant
862 1935 916 1980 et
946 1925 1157 1993 plantae,
1185 1932 1324 1977 terra
1356 1922 1512 1989 parit,
1545 1934 1646 1975 nec
1683 1935 1786 1975 non
1823 1921 1974 1973 bruta
2006 1932 2124 1972 out-

539 2026 648 2080 nia,
673 2018 955 2087 ipsumque
985 2013 1258 2070 hominum
1286 2027 1476 2084 genus.
1505 2009 1803 2080 Numquam
1831 2009 1974 2062 enim
2009 2022 2124 2060 mu-

539 2109 668 2164 liere
690 2107 742 2161 in
766 2105 990 2161 sabbato
1011 2103 1363 2175 parturiente,
1386 2113 1571 2155 natura
1585 2100 1913 2170 exspectavit
1928 2100 2120 2168 legem,

539 2199 832 2262 etdistulit.
861 2198 1033 2253 donec
1061 2196 1341 2252 transisset
1366 2194 1664 2256 sabbatum,
1693 2205 1744 2248 et
1780 2203 1906 2246 tunc
1935 2199 2116 2262 partus

541 2293 948 2355 absolveretur;
975 2290 1069 2348 sed
1105 2305 1259 2344 suum
1283 2304 1418 2357 opus
1445 2289 1608 2342 etiam
1631 2285 1686 2340 in
1707 2285 1928 2340 sabbato
1957 2283 2123 2356 perfi-

541 2388 738 2443 cicbat.
767 2385 832 2440 Et
857 2398 1108 2454 superine
1137 2396 1350 2452 quoque
1376 2380 1600 2434 virtutes
1629 2378 1681 2432 in
1708 2377 1929 2431 sabbato
1967 2375 2124 2430 mini-

540 2487 732 2542 strant,
785 2493 956 2548 neque
1011 2475 1371 2531 intermittunt
1414 2470 1766 2526 ministerium
1817 2485 1993 2524 suum.
2019 2466 2124 2524 Cur

541 2587 718 2640 ergo,
772 2569 858 2624 die
913 2567 1086 2632 mihi,
1140 2581 1262 2621 cum
1319 2572 1397 2618 tot
1453 2563 1533 2617 sui
1576 2559 1892 2616 defendendi
1937 2559 2124 2614 modos

547 2663 788 2726 haberet,
815 2660 957 2716 nullo
989 2660 1176 2713 horum
1205 2665 1289 2710 est
1318 2669 1465 2716 usus,
1501 2667 1674 2723 neque
1703 2651 1835 2706 dixit
1859 2693 1873 2713 ,
1900 2650 2008 2705 Cur
2037 2665 2124 2705 me

543 2751 808 2808 accusatis
854 2749 998 2821 quod
1042 2748 1317 2804 sabbatum
1366 2744 1613 2800 solvam?
1652 2741 1958 2797 sacerdotes
1983 2741 2123 2795 enim

547 2846 597 2898 in
625 2842 840 2898 Jericho
865 2843 1172 2904 solverunt,
1199 2849 1253 2893 et
1281 2839 1333 2892 in
1365 2836 1564 2907 templo
1591 2834 1804 2888 solvunt
1839 2849 1852 2886 :
1885 2831 2010 2901 quid
2040 2849 2127 2887 me

546 2937 812 2991 accusatis
848 2934 989 3006 quod
1019 2931 1299 2986 sabbatum
1331 2926 1576 2984 solvam?
1602 2925 1684 2980 sol
1714 2925 1857 2980 enim
1892 2922 2048 2976 solvit
2072 2930 2127 2976 et

547 3030 668 3084 luna
701 3039 757 3085 et
782 3027 952 3083 stellae
979 3034 1034 3081 et
1054 3026 1226 3080 omnis
1249 3029 1516 3086 creatura,
1545 3033 1772 3088 superna
1803 3026 1856 3072 et
1888 3013 2122 3069 inferna:

546 3120 640 3174 sed
679 3119 761 3174 his
807 3117 1054 3172 omnibus
1099 3112 1276 3168 missis
1315 3111 1380 3166 ad
1429 3110 1640 3165 Patrem
1687 3107 1853 3173 venit,
1904 3105 2125 3161 dicens:

551 3210 706 3265 Pater
732 3225 871 3262 meus
897 3215 1171 3276 oneratur,
1203 3212 1251 3256 et
1279 3218 1372 3272 ego
1401 3216 1606 3269 operor.
1663 3197 1846 3266 Neque
1881 3195 2026 3251 enim
2069 3208 2130 3249 se

549 3311 752 3360 tantum
778 3299 1070 3356 defendere
1099 3296 1334 3362 volebat,
1365 3293 1460 3349 sed
1501 3292 1660 3348 etiam
1684 3289 1906 3344 honoris
1933 3287 2130 3358 parita-

552 3409 657 3452 tem
687 3392 993 3448 ostendere.
1039 3390 1163 3446 Ideo
1201 3403 1308 3444 non
1338 3387 1473 3442 dixit
1497 3426 1512 3450 ,
1542 3385 1788 3455 Operor;
1819 3395 2047 3451 namque
2073 3387 2129 3437 et

552 3487 666 3558 ipsa
697 3493 882 3539 natura
910 3493 1197 3550 operatur;
1226 3495 1332 3534 non
1362 3478 1505 3532 enim
1544 3474 1636 3529 ille
1659 3483 1777 3529 erat
1811 3489 1877 3528 ex
1918 3480 2132 3527 creatu-

545 3591 728 3631 rarum
759 3587 982 3628 numero
1007 3590 1020 3626 :
1045 3570 1138 3626 sed
1162 3611 1177 3634 ,
1206 3569 1436 3639 Operor,
1455 3582 1579 3621 nam
1597 3574 1653 3620 et
1679 3565 1836 3622 Pater
1855 3572 2128 3634 operatur.

551 3664 700 3720 Illius
727 3663 870 3719 enim
903 3671 1020 3718 erat
1043 3661 1356 3716 substantia:
1379 3667 1434 3714 et
1456 3656 1754 3726 potestatis.

619 3759 674 3813 4.
701 3757 1040 3826 Quapropter
1065 3769 1172 3808 non
1213 3767 1276 3806 ac
1316 3751 1359 3805 si
1404 3765 1469 3805 ex
1498 3759 1871 3804 creaturarum
1903 3759 2132 3801 numero

551 3857 716 3915 esset,
741 3862 862 3902 sese
890 3843 1154 3910 defendit,
1177 3843 1272 3898 sed
1301 3851 1358 3897 ut
1383 3841 1527 3896 illius
1549 3841 1812 3910 genuinus
1855 3837 2040 3896 Filius.
2065 3838 2134 3894 Et

549 3951 608 3995 ut
628 3941 802 3994 discas
826 3939 942 3994 hinc
969 3954 1072 3991 non
1101 3951 1170 3991 ex
1191 3939 1501 4005 conjectura
1525 3933 1664 3988 dicta
1683 3933 1870 3996 luisse;
1887 3930 2133 4002 discipuli

550 4046 764 4102 quoque
803 4027 1091 4099 aliquando
1122 4026 1404 4082 sabbatum
1447 4025 1746 4089 solverunt,
1791 4038 1913 4076 cum
1957 4022 2135 4090 spicas

551 4125 848 4179 evellerent
876 4136 940 4175 ac
969 4118 1336 4182 comederent,
1383 4124 1438 4169 et
1465 4129 1590 4170 cum
1616 4113 1784 4168 Judtei
1815 4119 2134 4166 accusarent

552 4232 616 4270 ac
647 4216 913 4278 dicerent,
939 4213 1056 4268 Non
1080 4211 1229 4266 vides
1274 4209 1326 4262 in
1356 4207 1580 4261 sabbato
1607 4206 1735 4276 quid
1779 4206 1853 4260 illi
1898 4204 2134 4259 faciant?

552 4321 839 4376 numquam
867 4305 1076 4358 Patrem
1108 4301 1178 4358 ibi
1212 4305 1495 4363 memorat,
1523 4295 1619 4352 sed
1640 4295 1766 4366 quid
1794 4295 1963 4350 dicit?
2008 4292 2134 4349 Non

551 4396 740 4468 legistis
777 4395 900 4466 quid
937 4393 1110 4464 fecerit
1153 4390 1316 4444 David
1360 4387 1564 4458 quando
1606 4386 1827 4440 esuriit.’
1877 4386 2134 4456 quomodo

550 4487 833 4550 intraverit,
858 4494 904 4537 et
954 4497 1111 4553 panes
1151 4479 1513 4552 prapositionis
1565 4478 1854 4540 comederit,
1881 4493 2005 4548 quos
2033 4493 2132 4531 non

552 4576 733 4629 licebat
774 4573 874 4646 ipsi
926 4569 1205 4635 comedere,
1237 4585 1327 4622 nec
1356 4567 1419 4623 iis
1447 4567 1662 4638 quicum
1688 4566 1779 4620 illo
1808 4566 1990 4620 erant?
2032 4582 2134 4620 non

551 4665 746 4734 legistis
774 4663 910 4732 quod
943 4657 1226 4716 sacerdotes
1253 4659 1304 4712 in
1349 4658 1538 4728 templo
1565 4657 1826 4712 sabbatum
1850 4659 2064 4723 violant,
2087 4667 2135 4714 et

550 4754 802 4824 inculpati
828 4762 944 4808 sunt
991 4749 1204 4820 (Matth.
1235 4750 1321 4807 I2.
1357 4750 1392 4804 3
1414 4780 1430 4791 -
1456 4748 1571 4819 5)?
1604 4747 1789 4803 Viden’
1831 4749 2130 4819 quomodo,

550 4843 766 4914 quando
785 4843 852 4900 de
874 4843 1045 4900 servis
1063 4841 1155 4897 dat
1186 4845 1477 4908 rationem,
1507 4856 1693 4896 servos
1711 4841 1763 4895 in
1795 4841 2031 4898 medium
2053 4841 2134 4897 af-

1233 253 1292 309 S.
1331 249 1609 310 ιοειΝδειε
1643 247 2118 306 ωιιιῖεοετοιιι
2156 246 2474 306 ARCHH'LP.
2513 243 3045 301 CONS'I'ANTINOP.

3686 246 3795 300 516

2216 362 2370 426 ferat,
2407 359 2661 414 Davidem
2688 370 2742 412 et
2771 359 3082 416 sacerdotes
3110 375 3126 423 ;
3155 356 3369 429 quando
3399 368 3574 418 autem
3601 357 3671 413 do
3698 381 3756 413 ε(-
3775 403 3794 425 ,

2215 454 2462 512 Patrem?
2489 453 2638 521 Quod
2667 453 2709 507 si
2728 452 3014 522 aliquando
3029 453 3150 506 aliis
3175 452 3796 521 utaturilefensionibno,

2215 555 2272 604 ut
2298 560 2418 599 cum
2469 543 2631 598 dicit:
2676 542 2738 599 Si
2765 543 3196 601 cirruincisiunem
3223 543 3407 612 accipit
3456 543 3626 609 hoino,
3674 546 3798 598 milii

2214 635 2554 706 indignemini
2577 677 2594 702 ,
2623 639 2759 705 quod
2798 645 2955 688 totum
2984 637 3237 688 hominem
3282 651 3462 692 sanum
3491 637 3695 705 fecerint
3748 639 3798 689 in

2221 729 2427 785 sabbato
2455 726 2632 799 (Joan.
2657 727 2711 780 7.
2753 725 2888 795 23)?
2913 741 2975 781 ac
3017 742 3250 787 rursum,
3283 727 3408 792 Quis
3435 743 3498 779 ea:
3523 725 3659 780 robis
3705 740 3799 792 εει,

2219 821 2306 892 qui
2346 837 2447 876 non
2484 820 2644 874 solvat
2688 835 2840 875 ovem
2868 834 3018 874 suam
3065 828 3120 872 et
3147 817 3320 872 bovem
3360 817 3518 887 (Luc.
3553 820 3638 874 i3.
3674 821 3804 886 l5)?

2224 913 2356 972 nihil
2403 912 2638 966 mirum:
2689 927 2795 967 non
2823 911 2964 966 enim
3013 927 3228 980 semper
3272 912 3507 986 loquitur
3547 921 3604 965 ut
3639 912 3802 978 liene,

2221 1005 2316 1060 sed
2347 1003 2632 1074 aliquando
2660 1003 2822 1059 etiam
2854 1012 2911 1057 ttt
2943 1003 3124 1066 Itomu,
3155 1002 3276 1071 quia
3304 1012 3356 1055 et
3391 1001 3528 1055 Dens
3559 1012 3613 1057 et
3639 1001 3804 1062 homo

2221 1103 2356 1154 erat.
2390 1095 2486 1149 Hie
2517 1110 2644 1150 vero
2672 1093 2965 1148 secundum
3010 1093 3325 1164 dignitatem
3360 1108 3510 1150 suam
3544 1092 3802 1164 loquitur,

2223 1187 2443 1243 dicens:
2477 1185 2634 1241 Pater
2665 1203 2806 1241 meus
2835 1203 2990 1253 usque
3017 1186 3164 1238 modo
3191 1197 3454 1255 operatur,
3484 1197 3532 1240 et
3557 1203 3648 1257 rgo
3676 1204 3803 1256 ope.

2224 1295 2330 1332 ror.
2363 1278 2487 1333 Ideo
2525 1279 2601 1332 ait
2641 1277 2989 1347 evangelista,
3020 1277 3485 1346 Persequebantur
3511 1278 3659 1336 illum
3704 1278 3805 1338 Ju-

2229 1369 2327 1424 (1ςεί
2349 1410 2364 1435 ,
2406 1385 2509 1424 non
2543 1369 2718 1424 solum
2748 1369 2868 1440 quia
2917 1368 3199 1424 sabbatum
3231 1368 3514 1432 solvebat,
3547 1370 3640 1423 sed
3678 1372 3806 1440 quia

2221 1464 2432 1524 Patrem
2457 1481 2608 1518 suum
2634 1463 2845 1519 dicebat
2867 1463 3053 1531 Deum,
3079 1461 3337 1534 mqualem
3361 1477 3420 1517 se
3449 1461 3649 1518 faciens
3673 1464 3804 1519 Deo.

2222 1556 2332 1625 Ego
2363 1571 2491 1609 vero
2519 1555 2696 1610 ethoc
2723 1554 2953 1610 libenter
2983 1553 3294 1609 luereticum
3319 1554 3762 1625 interrogaverim
3789 1573 3805 1609 :

2223 1647 2432 1704 Patrem
2467 1665 2620 1704 suum
2649 1647 2860 1706 dicebat
2907 1648 3094 1711 Deum.
3139 1656 3232 1702 aut
3283 1662 3389 1704 non
3420 1647 3671 1701 dicebat?
3713 1648 3812 1702 .lu-

2223 1740 2387 1795 daicte
2431 1739 2702 1810 opinionis
2751 1741 2853 1795 hoc
2910 1749 3048 1804 erat,
3103 1747 3196 1794 aut
3245 1740 3526 1795 sententia:
3555 1739 3754 1794 Christi
3783 1742 3810 1794 ?

2225 1831 2444 1886 Etiamsi
2469 1831 2613 1885 enim
2637 1829 2922 1888 admodum
2955 1829 3290 1901 impudenter
3315 1832 3507 1900 egerit,
3526 1845 3555 1882 a
3583 1831 3811 1888 veritate

2222 1924 2579 1978 convincitur.
2608 1923 2844 1988 Dicebat,
2871 1922 3029 1978 Pater
3047 1940 3184 1979 meus
3201 1940 3357 1996 usque
3382 1928 3532 1978 modo
3547 1934 3810 1994 operatur,

2225 2024 2271 2068 et
2297 2031 2387 2086 ego
2418 2031 2597 2086 operor
2616 2030 2635 2069 :
2661 2016 2898 2071 solvebat
2924 2015 3230 2080 sabbatum,
3254 2024 3347 2070 aut
3373 2030 3479 2070 non
3521 2016 3812 2072 solvebat?

2225 2107 2404 2164 Palam
2429 2119 2511 2164 est
2538 2119 2716 2164 autem
2741 2109 2884 2179 quod
2913 2108 3042 2164 illud
3069 2109 3340 2166 solveret:
3360 2109 3591 2181 Operor,
3615 2111 3811 2180 inquit,

2225 2211 2280 2256 et
2309 2201 2398 2256 ille
2435 2213 2709 2272 operatur.
2751 2199 2916 2272 Igitur
2964 2210 3210 2257 neutrum
3247 2217 3433 2257 eorum
3465 2218 3530 2258 ex
3556 2202 3815 2273 opinione

2226 2290 2444 2348 Judaica
2459 2300 2594 2356 erat,
2614 2291 2708 2348 sed
2735 2307 2799 2346 ex
2833 2291 3032 2348 Christi
3062 2293 3424 2349 declarations
3451 2295 3812 2360 etsenteutia,

2226 2394 2280 2440 et
2300 2383 2442 2455 quod
2466 2384 2700 2441 solveret
2727 2386 3030 2449 sabbatum.
3053 2393 3109 2442 et
3135 2385 3276 2457 quod
3307 2385 3520 2442 Patrem
3545 2400 3701 2441 suum
3729 2387 3818 2441 di-

2225 2485 2376 2531 ceret
2428 2474 2615 2530 Dcum.
2652 2474 2936 2542 Quomodo
2977 2491 3127 2546 ergo,
3157 2490 3280 2530 cum
3309 2475 3424 2531 him:
3451 2493 3515 2531 ex
3546 2477 3816 2535 sententia

2226 2565 2421 2621 Christi
2470 2579 2592 2621 esse
2637 2565 2802 2633 dicat,
2832 2566 2965 2622 illud
2997 2565 3310 2624 Judaeorum
3343 2567 3668 2636 suspicionis
3691 2583 3819 2624 esse

2221 2656 2382 2723 dicis,
2413 2672 2534 2712 cum
2567 2667 2741 2712 tamen
2767 2658 3161 2716 consectarium
3193 2659 3264 2715 sit
3289 2667 3344 2716 et
3365 2658 3489 2718 huic
3515 2668 3662 2715 arcte
3685 2645 3818 2731 jun-

2227 2759 2394 2815 ctum,
2423 2760 2476 2806 et
2496 2750 2656 2805 simili
2683 2749 2841 2805 modo
2865 2751 2933 2805 ab
2956 2751 3283 2822 evangelista
3311 2753 3622 2808 enuntietur
3645 2754 3667 2806 ?
3689 2753 3817 2808 IIa-c

2227 2856 2425 2912 quippe
2445 2841 2622 2895 omnia
2652 2849 2775 2896 sunt
2796 2841 3137 2911 evangelista:
3165 2843 3434 2898 enarratio
3454 2883 3469 2904 .
3494 2843 3820 2911 explicantis

2228 2948 2289 2992 ea
2313 2949 2430 3003 qum
2457 2949 2485 2987 a
2506 2931 2720 2988 Christo
2741 2932 2877 2988 dicta
2904 2943 3048 2990 sunt.
3077 2931 3305 3004 Ideoque
3328 2933 3529 2990 Judaeis
3549 2950 3821 2993 accusth

2233 3025 2394 3091 tibus,
2411 3024 2640 3092 dicebat,
2667 3023 2809 3095 quod
2833 3037 3291 3095 persequerentur
3310 3026 3478 3094 illum,
3505 3042 3610 3084 non
3637 3029 3815 3084 solum

2230 3115 2351 3186 quia
2374 3115 2651 3172 sabbatum
2676 3114 2939 3182 solvebat,
2964 3115 3058 3171 sed
3085 3115 3242 3172 etiam
3263 3117 3384 3186 quia
3415 3117 3627 3172 Patrem
3656 3134 3817 3174 suum

2232 3205 2443 3262 dicebat
2467 3206 2654 3273 Deum,
2675 3206 2908 3277 seipsum
2943 3207 3051 3262 Deo
3077 3200 3338 3280 aequalem
3371 3207 3597 3266 faciens.
3617 3209 3819 3266 Verum

2232 3295 2346 3351 hanc
2364 3298 2735 3354 haereticorum
2747 3297 3044 3358 eonfutatio
3058 3297 3145 3356 hic
3169 3298 3419 3355 idoneum
3438 3309 3492 3355 et
3507 3315 3782 3372 congruen
3794 3331 3819 3345 ο

2235 3395 2340 3444 tem
2373 3386 2531 3446 habet
2559 3388 2720 3448 linem
2751 3405 2766 3442 :
2794 3389 2840 3442 si
2868 3403 2997 3445 vero
3017 3390 3179 3446 etiam
3211 3390 3420 3448 discere
3446 3392 3641 3459 velitis,
3668 3408 3825 3464 quac-

2234 3492 2358 3533 nam
2384 3479 2453 3534 sit
2472 3481 2713 3548 operatio
2728 3495 2829 3549 qua
2858 3480 3016 3536 Pater
3033 3491 3304 3551 operatur.
3325 3494 3379 3539 et
3395 3483 3561 3539 Filius
3575 3500 3822 3556 quoque;

2234 3569 2462 3626 dixerim
2493 3585 2613 3626 esse
2645 3570 3038 3641 providentiam
3068 3587 3198 3642 erga
3249 3587 3338 3628 res
3377 3588 3598 3639 omnes,
3626 3591 3822 3632 earum

2236 3663 2696 3722 conservationem
2723 3671 2778 3718 et
2805 3678 3012 3718 curam.
3045 3663 3176 3731 Quae
3199 3664 3342 3719 enim
3368 3665 3618 3721 videntur
3633 3669 3823 3722 omnia

2236 3770 2330 3812 sex
2356 3754 2565 3810 dierum
2593 3756 2766 3825 Spatio
2809 3753 2948 3814 facta
2997 3765 3153 3822 sunt,
3189 3755 3252 3810 Et
3276 3757 3518 3825 requievit
3567 3758 3705 3812 Deus
3733 3760 3829 3814 die

2238 3850 2448 3918 septimo
2497 3847 2648 3922 (Gen.
2678 3846 2734 3902 2.
2773 3847 2830 3919 2)
2847 3863 2865 3912 ς
2897 3847 3228 3918 providentia
3259 3859 3438 3905 autem
3466 3850 3679 3905 illorum
3708 3867 3824 3909 non

2240 3946 2520 4013 requievit.
2579 3943 2727 3998 lianc
2777 3941 2955 4011 itaque
3009 3940 3401 4011 providentiam
3447 3943 3826 4013 operationem

2241 4045 2395 4092 vocat
2439 4035 2684 4090 Christus
2715 4075 2732 4100 ,
2779 4033 2967 4093 dicens
3019 4049 3034 4086 :
3089 4032 3250 4089 Pater
3287 4051 3428 4092 meus
3455 4046 3718 4106 operatur,
3764 4049 3827 4094 et

2241 4145 2331 4201 ego
2359 4146 2560 4198 operor,
2594 4129 2900 4200 providens,
2947 4144 3162 4195 curans,
3217 4131 3407 4201 inquit.
3455 4146 3820 4199 conservans,

2239 4222 2543 4282 Continuus.
2565 4220 2694 4274 nihil
2722 4221 2906 4276 sinetis
2929 4220 3121 4276 difﬂui.
3140 4223 3454 4293 Dogmatum
3479 4240 3608 4294 ergo
3637 4238 3818 4282 recto-

2241 4329 2359 4370 rum
2387 4312 2842 4368 demonstratione
2870 4313 2951 4370 vel
2971 4329 3036 4369 ex
3067 4315 3221 4370 dictis
3244 4327 3484 4387 accepta,
3506 4329 3826 4377 accuratum

2241 4407 2363 4460 vitze
2404 4405 2700 4462 institutum
2744 4414 2801 4462 et
2840 4405 3107 4476 dogmatis
3149 4422 3444 4478 congruum
3499 4409 3760 4466 addamus
3807 4431 3825 4468 :

2240 4496 2670 4566 quandoquidem
2709 4512 2814 4552 non
2866 4497 3062 4554 sufﬁcit
3103 4498 3262 4554 nobis
3305 4500 3374 4554 ad
3423 4500 3654 4560 salutem
3705 4504 3830 4559 sola

2240 4581 2512 4644 rectorum
2538 4588 2845 4660 dogmatum
2873 4589 3120 4653 scientia,
3152 4590 3247 4648 sed
3274 4607 3412 4662 opus
3430 4601 3515 4650 est
3543 4592 3652 4651 vita
3680 4608 3831 4663 quo-

2238 4698 2344 4754 que
2386 4682 2625 4753 optima;
2657 4695 2714 4738 ut
2742 4700 2838 4751 per
2877 4683 3056 4740 omnia
3077 4685 3191 4742 Deo
3217 4686 3442 4756 gloriam
3480 4685 3786 4743 referentes
3811 4728 3830 4752 ,

2243 4777 2502 4846 promiss’a
2535 4775 2673 4830 bona
2701 4790 3128 4845 consequamur:
3151 4778 3237 4833 cui
3267 4777 3436 4849 gloria
3459 4789 3515 4838 et
3535 4779 3830 4850 imperium

2244 4870 2297 4928 in
2325 4868 2517 4926 mnia
2545 4868 2883 4926 saeculorum.
2909 4871 3103 4926 Amen.

1910 5156 2259 5222 HOMILIA
2304 5157 2388 5219 Χ.

566 5298 808 5366 Eiusdem
834 5299 1066 5363 Itomilia,
1086 5300 1256 5355 habita
1273 5301 1324 5354 in
1343 5299 1552 5355 ecclesia
1585 5269 1838 5369 Apostoli,
1871 5309 2134 5371 postquam

638 5391 903 5458 eniscopus
930 5392 1102 5462 paucis
1123 5393 1445 5446 contionatus
1473 5392 1640 5462 fuerat
1666 5433 1682 5458 ,
1709 5393 1763 5445 in
1792 5392 1920 5446 illud
1949 5408 1968 5446 :
1994 5392 2133 5447 Mes-

627 5482 702 5535 sis
738 5481 950 5550 quidem
990 5483 1151 5538 multa
1177 5525 1192 5551 ,
1241 5483 1472 5554 cperarii
1499 5494 1676 5540 autem
1714 5481 1868 5554 pauci
1898 5485 1918 5554 (
1945 5481 2127 5538 Matth.

620 5572 676 5626 ο.
703 5573 770 5628 57
793 5574 837 5643 ).

624 5663 679 5734 Ι.
697 5663 939 5720 Senectus
954 5665 1005 5718 in
1026 5663 1252 5720 Ecclesia
1270 5666 1424 5722 utilis.
1450 5665 1712 5733 Quomodo
1734 5667 1796 5723 sit
1818 5668 1968 5722 etiam
1980 5668 2118 5722 utilis

2235 5303 2494 5372 juventus.
2515 5331 2588 5343 —
2611 5301 2826 5362 Vidistis
2851 5317 3036 5361 senem
3065 5305 3312 5362 eumdem
3343 5316 3398 5364 et
3419 5307 3707 5382 juvenem;
3729 5322 3821 5362 se-

2242 5409 2364 5448 nem
2403 5407 2627 5463 corpore
2648 5435 2663 5458 ,
2699 5393 2948 5464 juvenem
2974 5397 3198 5453 animo?
3226 5397 3434 5455 vidistis
3463 5399 3717 5458 canitiem
3744 5402 3816 5453 vi-

2236 5497 2448 5556 gentem
2486 5496 2540 5540 et
2565 5497 2892 5543 senectutem
2936 5487 3131 5543 robore
3161 5490 3464 5559 vigentem?
3488 5489 3645 5546 Tales
3676 5490 3824 5542 enim

2237 5587 2357 5632 sunt
2371 5592 2456 5632 res
2472 5587 2870 5643 nostrze,contra
2883 5595 3041 5651 quam
3052 5580 3191 5652 apud
3206 5591 3476 5637 externos.
3491 5581 3642 5654 Apud
3655 5592 3821 5636 ester-

2234 5681 2332 5722 nos
2369 5669 2508 5724 enim
2538 5682 2784 5726 senectus
2811 5672 3016 5728 inutilis
3038 5686 3156 5742 est;
3189 5685 3245 5730 ut
3269 5677 3423 5731 miles
3455 5677 3544 5748 qui
3575 5674 3641 5731 ad
3677 5674 3823 5728 illam
