4092 6206
282 199 368 267 515

279 324 435 389 πόλις.
462 321 583 377 ὀτι
603 319 660 376 δέ
680 320 737 375 ἐν
761 320 880 384 ταῖς
906 317 1045 373 ἐπτά
1066 318 1321 391 ἡμέραις,
1342 315 1465 371 ὅθεν
1485 314 1552 370 ἀν
1575 311 1927 385 ποιησώμεθα

276 412 362 482 τὴν
388 408 600 483 ἀρχὴν,
634 406 848 479 ἀνάγκη
889 405 951 459 τὸ
1000 404 1272 459 σάϐϐατον
1319 403 1599 475 ἐμπεσεῖν,
1628 399 1792 454 παντί
1824 416 1928 452 που

277 497 436 569 δῆλον.
468 496 627 550 Ὅθεν
658 494 837 565 δῆλον,
870 494 954 547 ὅτι
976 492 1140 563 ἐλύθη
1164 491 1225 546 τδ
1261 490 1552 546 σάϐϐατον.
1579 488 1750 548 Πάλιν
1771 503 1930 557 περι-

275 583 552 656 τέμνεσθαι
581 580 829 635 ἐκέλευεν
865 578 1149 652 ἄνθρωπον
1178 580 1243 649 τῇ
1280 576 1444 651 ὀγδόῃ
1471 575 1685 647 ἡμέρα·
1717 572 1930 643 ἀνάγκη

279 673 361 726 καὶ
401 668 634 724 ἐνταῦθα
673 668 834 722 πάλιν
883 666 946 720 τδ
980 665 1249 720 σάϐϐατον
1292 663 1517 718 λύεσθαι
1541 681 1555 695 ο
1596 664 1689 717 τὸν
1727 661 1835 733 γάρ
1874 662 1932 714 ἐν

282 757 516 829 σαϐϐάτῳ
536 754 794 827 τεχθέντα
820 755 1034 826 ἀνάγκη
1062 752 1140 822 τῷ
1168 752 1340 825 ἐτέρῳ
1373 751 1631 823 σαϐϐάτῳ
1657 765 1932 822 περιτμη-

280 847 442 916 θῆναι.
472 846 534 898 οι
576 844 633 898 δέ
678 843 843 913 ἱερεῖς
878 843 972 896 καὶ
1014 839 1152 911 μετὰ
1197 839 1442 904 πλείονος
1477 838 1579 909 τῆς
1616 836 1935 910 περιουσίας

279 932 394 987 αὐτὸ
427 931 578 985 ἐλυον
600 970 615 995 ,
652 926 807 1002 [586]
842 928 935 982 καὶ
983 938 1009 967 ι
1049 926 1209 981 πάλιν
1238 926 1429 980 θυσίαν
1468 927 1526 978 ἐν
1558 924 1812 996 σαϐϐάτῳ
1845 940 1937 977 κε·-

279 1019 543 1091 λευόμενοι
589 1014 884 1086 ἀναφέρειν
905 1031 921 1045 ·
958 1014 1091 1067 ὅπου
1137 1013 1193 1066 δέ
1226 1012 1404 1076 θυσία,
1439 1012 1531 1066 καὶ
1570 1011 1811 1083 ἐκδέρειν
1842 1008 1936 1064 καὶ

278 1111 460 1170 καίειν,
500 1106 598 1161 καὶ¹
649 1103 950 1159 ἐπιτιθέναι
993 1101 1406 1174 θυσιαστηρίῳ,
1451 1102 1545 1155 καὶ
1588 1101 1934 1171 ὑδροφορεῖν,

274 1197 361 1251 καὶ
406 1195 538 1263 ξύλα
578 1193 825 1263 διακλᾷν,
878 1191 975 1244 καὶ
1034 1189 1247 1260 τέφραν
1293 1188 1569 1260 ἐκφέρειν,
1631 1188 1726 1242 καὶ
1770 1187 1938 1261 ἔτερα

273 1282 484 1337 πλείονα
531 1281 707 1333 ποιεῖν
739 1278 952 1349 ἀνάγκη
987 1273 1077 1348 ἦν,
1121 1277 1215 1330 καὶ
1255 1275 1344 1329 διά
1394 1275 1551 1329 τοῦτο
1580 1273 1641 1328 τδ
1670 1273 1938 1329 σάϐϐατον

273 1368 504 1424 λύεσθαι.
551 1366 708 1421 Μετά
735 1364 940 1421 τούτων
982 1366 1075 1419 καὶ
1123 1365 1158 1436 ἡ
1206 1363 1382 1427 κτίσις
1406 1362 1544 1434 αὐτὴ
1576 1361 1638 1417 τδ
1671 1361 1938 1417 σάϐϐατον

275 1458 388 1512 ῑλυε
407 1472 422 1486 ⁸
460 1456 557 1510 καὶ
581 1454 693 1526 γάρ
722 1453 870 1525 ἥλιος
899 1452 1192 1524 ἐργάζεται
1223 1453 1282 1505 ἐν
1312 1449 1587 1522 σαϐϐάτῳ,
1615 1449 1709 1504 κα⁶ι
1741 1450 1938 1519 σελήνη

273 1546 467 1618 τρέχει,
493 1542 591 1597 καὶ
642 1541 672 1593 6
720 1539 961 1605 ποικίλος
1005 1539 1115 1593 τῶν
1165 1540 1378 1610 ἄστρων
1416 1538 1596 1609 φαίνει
1633 1536 1813 1608 χορὸς,
1844 1536 1939 1590 καὶ

272 1634 454 1702 ἀνεμοι
482 1629 725 1689 πνέουσι,
756 1628 850 1682 καὶ
878 1625 1053 1697 πηγαὶ
1087 1625 1332 1700 βρύουσι,
1355 1626 1450 1680 καὶ
1479 1626 1713 1696 ποταμοὶ
1735 1623 1936 1696 ῥέουσι,

267 1719 362 1774 καὶ
389 1717 628 1772 θάλαττα
654 1717 904 1778 κινεῖται,
940 1714 1035 1768 καὶ
1067 1712 1355 1784 σπέρματα
1387 1710 1694 1775 ἀναδίδοται
1727 1712 1818 1764 καὶ
1838 1729 1940 1781 φυ-

266 1805 354 1868 τά,
388 1804 484 1857 καὶ
526 1804 561 1873 ἡ
604 1801 679 1871 γῆ
728 1799 902 1854 τίκτει
939 1799 1033 1853 καὶ
1065 1798 1136 1852 τά
1163 1798 1333 1867 άλογα
1367 1798 1606 1862 ἅπαντα,
1640 1795 1719 1850 ἐτι
1759 1796 1815 1850 δέ
1845 1798 1941 1850 καὶ

277 1890 327 1944 τὸ
355 1890 464 1943 τῶν
498 1886 800 1962 ἀνθρώπων
826 1886 1001 1956 γένος.
1039 1883 1308 1938 Οὐδέποτε
1335 1883 1465 1955 γάρ,
1494 1882 1751 1953 γυναικὸς
1777 1882 1939 1936 x306-

271 1994 369 2048 της
398 1978 457 2030 ἐν
491 1975 763 2046 σαϐϐάτῳ,
798 1976 831 2044 ἡ
863 1972 1025 2042 φύσις
1057 1972 1310 2043 ἀνέμεινε
1351 1973 1443 2026 τὸν
1487 1971 1670 2041 νόμον,
1710 1968 1806 2025 καὶ
1853 1970 1942 2037 ἐξ·

266 2063 483 2129 εδέξατο
532 2061 819 2134 παρελθεῖν
849 2061 910 2115 τὸ
945 2059 1231 2124 σάϐϐατον,
1265 2058 1358 2113 καὶ
1404 2058 1525 2112 τότε
1570 2058 1796 2129 λυθῆναι
1842 2057 1938 2122 τάς

267 2151 485 2216 ὠδῖνας,
510 2148 645 2204 ἀλλά
675 2148 959 2219 εἰργάζετο
993 2145 1055 2200 τδ
1101 2145 1298 2217 ἑαυτῆς
1336 2143 1495 2218 ἔργον
1542 2145 1636 2198 καὶ
1669 2141 1939 2198 σαϐϐάτου

267 2239 436 2302 ὄντος.
475 2236 589 2290 Kal
616 2236 673 2289 αί
702 2235 814 2291 ἀνω
850 2235 906 2288 δὲ
935 2234 1194 2305 δυνάμεις
1228 2231 1622 2304 ὐπηρετοῦνται
1650 2232 1708 2284 ἐν
1738 2230 1934 2285 σαϐϐά-

266 2341 365 2396 τερ,
398 2324 495 2378 καὶ
515 2323 579 2376 οὐ
599 2322 1014 2393 διαλιμπάνουσι
1037 2320 1136 2391 τὴν
1155 2318 1430 2374 διακονίαν
1451 2319 1550 2390 τὴν
1576 2319 1784 2372 ἑαυτῶν
1804 2316 1943 2389 πλη-

269 2411 480 2483 ροῦσαι.
513 2410 672 2473 Τίνος
700 2404 794 2462 οῦν
814 2408 1023 2473 ἐνεκεν,
1059 2406 1179 2460 εἰπέ
1212 2423 1322 2477 μοι,
1358 2404 1626 2472 τοσαύτας
1646 2404 1786 2475 ἔχων
1804 2405 1941 2458 ἀπο-

266 2498 453 2568 λογίας
486 2495 775 2567 ἀφορμάς,
812 2494 1037 2566 οὐδεμία
1067 2492 1270 2548 τούτων
1304 2493 1587 2563 κέχρηται,
1617 2491 1736 2545 οὐδέ
1772 2490 1942 2559 λέγει,

261 2584 331 2640 Τί
351 2603 445 2656 μοι
473 2584 773 2654 ἐγκαλεῖτε,
807 2582 890 2636 δτι
935 2581 1047 2635 λύω
1078 2580 1139 2633 τὸ
1173 2580 1476 2645 σάϐϐατον;
1507 2579 1600 2632 καὶ
1638 2579 1747 2649 γάρ
1775 2580 1823 2633 οί
1862 2578 1943 2632 ἱε-

267 2673 384 2743 ρεῖς
408 2672 472 2724 ἐν
509 2669 819 2741 Ἱεριχοῦντι
843 2667 1059 2734 ἔλυσαν,
1088 2667 1183 2721 καὶ
1214 2669 1263 2720 οί
1293 2668 1352 2719 ἐν
1379 2664 1456 2737 τῷ
1486 2665 1617 2738 ίερῷ
1648 2665 1832 2720 λύουσι
1852 2681 1865 2695 ·
1889 2665 1943 2720 τί

264 2776 362 2830 μοι
397 2757 709 2829 ἐγκαλεῖτε,
734 2757 817 2812 ὅτι
863 2756 977 2810 λύω
1023 2754 1325 2821 σάϐϐατον;
1356 2755 1453 2808 καὶ
1484 2754 1593 2826 γάρ
1633 2754 1786 2826 ἡλιος
1826 2752 1943 2808 λύει

260 2849 365 2901 καὶ
397 2847 602 2916 σελήνη
647 2846 742 2900 καὶ
779 2842 1011 2916 ἀστέρες
1040 2844 1137 2898 καὶ
1168 2844 1318 2897 πᾶσα
1350 2843 1384 2914 ἡ
1414 2841 1614 2907 κτίσις,
1646 2841 1740 2896 καὶ
1766 2845 1799 2916 ἡ
1831 2841 1945 2899 ἄνω

260 2936 364 2989 καὶ
392 2936 429 3006 ἡ
460 2934 649 2988 κάτω⁸
676 2931 813 2987 ἀλλά
841 2931 1019 2987 πάντα
1051 2929 1225 2986 ταῦτα
1261 2930 1441 3002 ἀφεὶς,
1469 2929 1564 2983 ἐπὶ
1591 2929 1685 2983 τὸν
1727 2929 1946 3001 Πατέρα

260 3017 454 3094 ἦλθεν,
476 3021 654 3090 λέγων
671 3036 688 3056 ο
732 3021 789 3073 Ὁ
819 3020 1023 3090 Πατήρ
1044 3036 1168 3089 μου
1194 3017 1512 3089 ἐργάζεται,
1534 3017 1694 3089 κάγὼ
1713 3016 1947 3088 ἐργάζο-

261 3127 392 3181 μαι.
414 3110 499 3164 οὐ
523 3108 637 3179 γὰρ
658 3107 728 3178 δὴ
759 3106 1202 3180 ἀπολογήσασθαι
1226 3106 1478 3161 ἐϐούλετο
1498 3105 1679 3178 μόνον,
1701 3104 1834 3161 ἀλλά
1854 3104 1950 3160 καὶ

258 3202 370 3275 τὴν
398 3200 673 3271 ἰσοτιμίαν
712 3199 903 3267 δεῖξαι.
934 3198 1032 3252 Διά
1074 3197 1234 3253 τοῦτο
1274 3196 1372 3253 οὐκ
1403 3191 1945 3268 εἷπεν,Ἐργάζομαι,

260 3289 363 3343 καὶ
398 3288 512 3359 γὰρ
540 3289 577 3359 ἡ
607 3286 787 3350 κτίσις
825 3283 1153 3357 ἐργάζεται·
1201 3283 1264 3337 οὐ
1311 3282 1419 3354 γάρ
1450 3277 1519 3354 ἦν
1549 3282 1648 3352 τῆς
1681 3280 1909 3345 κτίσεως
1931 3297 1945 3310 '

260 3373 787 3448 ἀλλ’,Ἑργάζομαι,
814 3374 911 3426 καὶ
941 3373 1053 3444 γὰρ
1076 3373 1105 3425 6
1128 3369 1318 3442 Πατὴρ
1356 3369 1665 3442 ἐργάζεται.
1700 3369 1812 3439 Τῆς
1840 3369 1950 3443 γὰρ

258 3462 463 3526 οὐσίας
490 3460 708 3532 ἐκείνης
731 3455 798 3531 ἦν
821 3458 915 3512 καὶ
940 3458 1040 3530 τῆς
1066 3457 1333 3524 ἐξουσίας.

338 3550 405 3607 δ’.
450 3549 553 3603 Διά
590 3547 745 3602 τοῦτο
781 3546 883 3619 οὐχ
918 3544 997 3609 ὡς
1041 3543 1144 3615 τῆς
1188 3545 1418 3610 κτίσεως
1462 3543 1538 3597 ῶν
1582 3543 1949 3613 ἀπολογεῖται,

263 3637 392 3692 ἀλλ’
423 3638 504 3701 ὡς
540 3635 747 3690 ἐκείνου
795 3633 1041 3705 γέννημα
1086 3634 1323 3702 γνήσιον.
1360 3632 1471 3686 Kal
1506 3631 1593 3686 ῖνα
1647 3630 1824 3703 μάθῃς
1868 3632 1951 3684 ὅτι

260 3725 335 3778 οὐ
369 3721 683 3795 στοχασμὸς
716 3721 784 3775 τά
810 3719 1094 3793 εἰρημένα,
1125 3718 1320 3774 ἔλυσάν
1353 3735 1481 3772 ποτε
1516 3718 1610 3773 καὶ
1636 3720 1684 3774 οἱ
1704 3717 1952 3790 μαθηταὶ

258 3814 334 3866 τὺ
362 3811 643 3866 σάϐϐατον
672 3809 939 3871 τίλλοντες
973 3807 1209 3879 στάχυας
1237 3807 1330 3860 καὶ
1354 3805 1642 3870 ἐσθίοντες,
1668 3806 1763 3861 καὶ
1790 3806 1954 3874 ἐγκα-

150 3908 163 3919 ‘
258 3899 519 3954 λούντων
549 3896 656 3950 τῶν
694 3895 959 3951 Ἰουδαίων
986 3896 1077 3949 καὶ
1117 3894 1411 3965 λέγοντων
1430 3893 1542 3964 Οὐχ
1569 3893 1699 3965 ὁρᾷς
1728 3893 1786 3945 ἐν
1821 3889 1953 3946 σαϐυ

255 3986 434 4057 ϐάτῳ
484 3984 541 4038 τί
582 3977 727 4039 οὗτοι
769 3980 1043 4050 ποιοῦσιν;
1070 3981 1308 4052 οὐδαμοῦ
1346 3977 1439 4032 τοῦ
1468 3978 1680 4050 Πατρὸς
1710 3975 1951 4050 ἐμνήσθη

254 4077 418 4139 ἐκεῖ,
452 4071 590 4128 ἀλλά
610 4072 664 4126 τί
690 4087 884 4141 φησινς
912 4070 1032 4124 Οὐκ
1059 4070 1354 4139 ἀνέγνωτε
1385 4068 1442 4121 τί
1466 4066 1717 4134 ἐποίησε
1748 4063 1950 4128 Δαυῒδ,

261 4165 378 4219 ὅτε
413 4164 735 4225 ἐπείνασες
769 4157 896 4226 πῶς
922 4157 1170 4227 εἰσῆλθε
1187 4157 1236 4223 δ,
1268 4157 1365 4211 καί
1403 4154 1546 4222 τοὺς
1578 4155 1799 4224 ἄρτους
1842 4152 1954 4222 τῆς

266 4250 620 4320 προθέσεως
661 4248 903 4318 ἔφαγεν,
943 4246 1051 4311 οὒς
1091 4247 1201 4300 οὐκ
1243 4243 1389 4310 ἐξὸν
1427 4242 1586 4309 αὐτῷ
1626 4238 1706 4314 ἦν
1742 4241 1954 4313 φαγεῖν

262 4339 381 4391 καὶ
402 4337 536 4403 τοῖς
553 4335 679 4406 μετ’
700 4332 917 4395 αὐτοῦς
939 4334 1049 4387 οὐκ
1070 4331 1363 4402 ἀνέγνωτε
1388 4330 1477 4385 ὅτι
1506 4332 1560 4384 οὶ
1578 4327 1754 4398 ἱερεῖς
1783 4329 1853 4382 ἐν
1876 4328 1955 4395 τῷ

268 4425 424 4495 ut";
461 4425 532 4479 τὸ
569 4423 873 4478 σάϐϐατον
902 4419 1239 4488 βεϐηλοῦσι
1262 4459 1278 4485 ,
1320 4417 1419 4473 καὶ
1462 4417 1721 4473 ἀναίτιοί
1755 4418 1955 4482 slew;

287 4513 463 4584 Ὁρᾷς
491 4510 632 4577 πῶς,
658 4511 746 4564 ὅτε
795 4509 893 4582 μέν
941 4506 1083 4580 ὑπὲρ
1116 4504 1228 4560 τῶν
1255 4504 1457 4559 δούλων
1486 4506 1718 4558 ποιεῖται
1743 4503 1835 4558 τὸν
1863 4501 1955 4555 λό-

350 4660 379 4688 ‘
407 4657 686 4709 Delendum
706 4654 787 4705 καί
809 4658 864 4703 ιιι
885 4655 1078 4716 legatur
1099 4653 1235 4716 ιλυον
1261 4651 1403 4716 πάλιν
1424 4650 1669 4716 θραύει...

349 4719 382 4761 ι
404 4720 527 4769 Bibl.
550 4720 651 4776 πῶς
671 4718 880 4776 εἰσῆλθεν
902 4710 967 4772 ei}
985 4715 1066 4764 τὸν
1088 4715 1218 4764 οἶκον
1235 4710 1321 4764 τοῦ
1342 4710 1488 4762 Θεοῦ.

994 201 1040 258 Χ
1078 198 1382 266 HOMlLlA,
1416 197 1483 255 IN
1523 197 1751 263 ILLUD,
1793 192 1944 251 MES:

2086 188 2350 262 QUIDEM
2418 190 2680 265 MULTA,
2716 192 2872 252 ETC.

3605 194 3713 256 5w

2029 328 2144 381 γον,
2174 312 2301 374 τοὺς
2336 310 2553 378 δούλους
2593 311 2675 375 είς
2705 310 2869 382 μέσον
2898 310 3077 382 φέρει,
3110 307 3201 364 τὸν
3237 310 3402 370 Δαυῒδ
3442 309 3536 367 καὶ
3582 314 3711 379 τούς

2030 399 2243 470 ἱερέας·
2274 398 2361 452 ὅτε
2391 397 2446 452 δέ
2479 397 2615 470 ὑπὲρ
2644 395 2863 462 ἐαυτοῦ,
2888 397 2981 451 τὸν
3020 397 3274 468 Πατέρας
3307 397 3367 451 Εἰ
3397 399 3454 453 δέ
3486 416 3587 453 που
3613 402 3709 455 καὶ

2030 486 2246 559 ἐτέραις
2276 486 2539 559 κέχρηται
2569 486 2905 559 ἀπολογίαις,
2938 486 3014 551 ὡς
3059 487 3186 541 ὅταν
3226 486 3364 561 λέγῃ
3385 503 3399 519 ⁸
3444 490 3511 547 EI
3543 504 3709 561 περι-

2031 572 2222 645 τομὴν
2262 573 2549 644 λαμϐάνει
2593 572 2901 643 ἄνθρωπος
2922 614 2938 639 ,
2976 573 3103 650 ἐμοὶ
3145 573 3364 645 χολᾶτε
3386 615 3401 641 ,
3436 574 3524 629 ὄτι
3563 576 3712 633 ϐλιν

2029 662 2349 730 ἄνθρωπον
2383 660 2520 731 ὑγιῆ
2546 660 2923 731 ἐποιησάμην
2951 661 3020 715 ἐν
3053 661 3364 730 σαϐϐάτῳε
3396 662 3490 718 καὶ
3518 662 3673 719 πάλιν
3690 681 3706 696 ο

2042 751 2136 815 Τίς
2179 748 2245 812 ἐξ
2288 747 2453 817 ὑμῶν
2479 748 2672 813 ἐστιν,
2709 747 2777 813 ὃς
2817 751 2890 803 οὐ
2931 750 3062 805 λύει
3106 750 3173 804 τὸ
3199 752 3497 820 πρόϐατον
3524 753 3712 809 αὑτοῦ

2033 836 2133 890 καί
2155 836 2259 890 τόν
2279 835 2476 902 ,βοῦν;
2499 835 2649 890 οὐδὲν
2671 834 2984 907 θαυμαστόν
3005 852 3018 866 ’
3050 837 3111 890 οὐ
3140 836 3248 908 γὰρ
3270 837 3445 893 πάντα
3461 838 3537 902 ὼς
3555 837 3709 903 Θεὸς,

2034 922 2149 978 ἀλλ’
2178 922 2326 976 ἐστιν
2354 923 2487 976 ὅπου
2515 922 2609 975 καὶ
2634 923 2711 977 ὼε
2740 922 3026 995 ἄνθρωπος
3057 922 3379 991 διαλέγεται,
3407 925 3594 995 ἐπειδὴ
3615 926 3712 980 καὶ

2035 1009 2167 1074 Θεὸς
2199 1010 2292 1064 καὶ
2329 1003 2742 1081 ἄνθρωπος’ἦν.
2761 1008 3023 1063 Ἐνταῦθα
3054 1009 3236 1081 μέντοι
3268 1011 3401 1082 πρὸς
3424 1011 3524 1083 τὴν
3555 1012 3712 1079 ἀξίαν

2035 1098 2132 1170 τὴν
2162 1096 2352 1152 ἐαυτοῦ
2389 1096 2680 1166 φθέγγεται
2705 1097 2908 1166 λέγων·
2955 1097 3008 1150 Ὀ
3039 1095 3238 1166 Πατήρ
3266 1115 3385 1169 μου
3431 1097 3543 1166 ἕως
3581 1099 3714 1168 ἄρτι

2034 1185 2329 1257 ἐργάζεται
2366 1184 2528 1255 κάγὼ
2549 1182 2878 1254 ἐργάζομαι.
2911 1183 3009 1240 Διά
3032 1183 3190 1238 τοῦτὸ
3226 1201 3390 1257 φησιν
3421 1187 3450 1240 6
3483 1186 3714 1258 εὐαγγε-

2035 1274 2517 1356 λιστὴς,⁴Εδίωκον
2546 1273 2708 1331 αὐτὸν
2738 1274 2788 1326 οί
2831 1273 3093 1337 Ἰουδαῖοι,
3122 1274 3183 1327 οὐ
3221 1274 3381 1348 μόνον
3407 1275 3490 1331 ὅτι
3512 1275 3634 1331 ἔλυε
3653 1277 3716 1331 τδ

2038 1362 2326 1428 σάϐϐατον,
2362 1359 2475 1416 ἀλλ’
2497 1359 2581 1417 ὅτι
2604 1362 2698 1415 καὶ
2725 1359 2947 1431 Πατέρα
2976 1361 3105 1415 ίδιον
3132 1359 3286 1432 ἔλεγε
3305 1362 3397 1415 τὸν
3422 1361 3577 1427 Θεὸν,
3603 1364 3715 1419 ίσον

2038 1450 2229 1505 ἐαυτὸν
2266 1447 2435 1503 ποιῶν
2467 1448 2547 1518 τῷ
2578 1447 2719 1519 Θεῷ.
2738 1446 2880 1518 Ἐγὼ
2910 1447 2966 1505 δὲ
3008 1449 3230 1504 κάκεῖνο
3262 1448 3433 1522 ἡδέως
3465 1449 3531 1505 ἂν
3574 1450 3718 1524 ἐροί-

2043 1553 2152 1608 μην
2183 1536 2275 1590 τὸν
2299 1536 2571 1610 αἰρετικόν
2589 1553 2603 1566 ·
2639 1534 2857 1608 Πατέρα
2895 1535 3026 1589 ῖδιον
3059 1535 3209 1604 ἔλεγε
3234 1535 3325 1589 τὸν
3353 1535 3507 1602 Θεὸν,
3548 1537 3580 1610 ἡ
3610 1538 3714 1594 οὐκ

2039 1623 2193 1694 ἐλεγε
2216 1640 2231 1689 ;
2255 1624 2354 1695 τῆς
2396 1623 2696 1693 Ἰουδαϊκῆς
2724 1621 2975 1686 ὑπονοίας
2999 1620 3155 1677 τοῦτο
3190 1618 3282 1695 ἦν,
3311 1622 3342 1694 ἢ
3372 1626 3471 1695 τῆς
3504 1624 3716 1694 ἀποφά-

2042 1729 2180 1775 σεως
2208 1710 2301 1765 τοῦ
2331 1710 2597 1783 Χριστοῦς
2630 1710 2736 1767 κᾶν
2767 1709 2876 1781 γάρ
2904 1710 3163 1782 μυριάκις
3191 1711 3542 1783 ἀναισχυντῇ.
3564 1713 3716 1786 παρά

2038 1799 2137 1871 τῆς
2163 1797 2421 1870 ἀληθείας
2442 1798 2741 1870 ἐλέγχεται.
2762 1797 2888 1872 [587
2898 1812 2914 1870 ι
2932 1798 3177 1866 Ἔλεγεν,
3194 1799 3274 1852 ὅτι
3299 1798 3352 1851 Ὀ
3377 1799 3577 1870 Πατήρ
3595 1819 3716 1871 μου

2039 1889 2149 1955 ἕως
2170 1888 2301 1959 ἄρτι
2321 1887 2638 1959 ἐργάζεται,
2661 1886 2824 1956 κάγὼ
2851 1885 3160 1956 ἐργάζομαι
3178 1904 3192 1918 ·
3218 1887 3339 1941 ἔλυε
3358 1887 3419 1941 τὸ
3445 1888 3715 1945 σάϐϐατον

2039 1975 2074 2046 ἡ
2091 1975 2190 2029 οὐκ
2215 1975 2365 2028 ἔλυεν
2385 1991 2401 2040 ;
2434 1973 2667 2046 Εὔδηλον
2685 1975 2767 2029 ὅτι
2788 1972 2940 2027 ἔλυεν
2957 1973 3503 2048 ·Ἐργάζομαι.φησὶ,
3524 1980 3715 2032 κάκεῦ

2041 2079 2131 2126 νος
2175 2060 2484 2133 ἐργάζεται.
2520 2061 2728 2116 Οὐκοῦν
2756 2061 3035 2133 οὐδέτερον
3064 2059 3268 2114 τούτων
3315 2061 3413 2131 τῆς
3456 2064 3714 2132 ὑπονοίας

2039 2143 2109 2221 ἦν
2150 2148 2254 2219 τῆς
2290 2148 2606 2220 Ἰουδαϊκῆς,
2631 2147 2767 2204 άλλά
2809 2146 2910 2217 τῆς
2940 2146 3035 2201 τοῦ
3083 2146 3322 2219 Χριστοῦ
3372 2154 3714 2223 κατασκευῆς

2040 2254 2101 2293 τε
2151 2237 2244 2292 καὶ
2289 2236 2636 2307 ἀποφάσεως,
2668 2235 2765 2291 καὶ
2797 2236 2858 2289 τὸ
2901 2233 3049 2289 λύειν
3095 2235 3154 2291 τὸ
3198 2236 3484 2303 σάϐϐατον,
3515 2241 3611 2293 καλ⁵
3654 2240 3716 2293 τὸ

2041 2323 2263 2398 Πατέρα
2291 2323 2421 2378 ἴδιον
2443 2322 2623 2393 λέγειν
2647 2322 2738 2377 τὸν
2755 2322 2909 2377 Θεόν.
2927 2323 3054 2386 Πῶς
3077 2320 3190 2389 οὖν,
3218 2322 3388 2377 ταῦτα
3416 2324 3588 2395 λέγων
3613 2326 3714 2397 τῆς

2042 2411 2372 2482 ἀποφάσεως
2407 2405 2546 2464 εῖναι
2574 2410 2668 2463 τοῦ
2697 2408 2950 2485 Χριστοῦ,
2978 2410 3154 2463 ἐκεῖνο
3179 2410 3278 2480 τῆς
3306 2410 3414 2465 τῶν
3447 2412 3716 2469 Ἰουδαίων

2044 2498 2299 2562 ὑπονοίας
2322 2497 2522 2566 λέγεις,
2544 2496 2741 2567 ἐφεξῆς
2765 2496 3013 2568 κείμενον
3039 2497 3134 2550 καὶ
3157 2498 3499 2569 συνημμένον
3520 2499 3713 2572 τούτῳ,

2042 2587 2139 2642 καὶ
2155 2585 2355 2659 ὁμοίως
2374 2584 2792 2656 ἀπηγγελμένον
2813 2582 2962 2655 παρά
2976 2584 3068 2638 τοῦ
3091 2583 3473 2653 εὐαγγελιστοῦ
3494 2603 3508 2652 ;
3533 2586 3717 2642 Πάντα

2042 2675 2153 2746 γάρ
2201 2671 2375 2727 ταῦτα
2422 2671 2732 2742 ἀπαγγελία
2778 2670 2873 2725 τοῦ
2916 2671 3301 2740 εὐαγγελιστοῦ
3346 2673 3512 2739 ἐστιν,
3545 2675 3717 2748 ἑρμη-

2044 2762 2290 2826 νεύοντος
2318 2760 2386 2819 τὰ
2424 2761 2575 2832 παρά
2601 2760 2694 2814 τοῦ
2730 2758 2968 2830 Χριστοῦ
3001 2760 3287 2833 εἰρημένα.
3322 2761 3414 2814 Διὸ
3453 2763 3548 2816 καὶ
3590 2764 3719 2817 Ἴου-

2045 2849 2209 2910 δαίων
2252 2849 2624 2919 ἐγκαλούντων
2657 2847 2859 2917 ἔλεγεν,
2893 2848 2977 2901 ὅτι
3005 2848 3227 2902 ἐδίωκον
3255 2849 3437 2915 αὐτὸν,
3460 2850 3522 2903 οὐ
3558 2851 3719 2923 μόνον

2044 2939 2129 2997 δτι
2152 2937 2275 2991 ἔλυε
2301 2937 2361 2992 τὸ
2392 2935 2681 3001 σάϐϐατον,
2716 2935 2834 2989 ἀλλ’
2858 2935 2941 2988 ὅτι
2968 2934 3061 2988 καὶ
3086 2935 3305 3008 Πατέρα
3337 2937 3531 2991 ἑαυτοῦ
3563 2939 3717 3009 ἔλεγε

2046 3025 2139 3078 τὸν
2183 3022 2336 3087 Θεὸν,
2365 3024 2477 3077 ἴσον
2521 3023 2616 3078 ἐαυ
2627 3022 2710 3078 τὸν
2756 3020 2925 3075 ποιῶν
2958 3021 3036 3092 τῷ
3071 3020 3209 3093 Θεῷ.
3227 3023 3366 3076 Ἀλλ’
3394 3024 3422 3077 6
3447 3026 3547 3095 μὲν
3575 3025 3719 3081 κατά

2046 3110 2155 3166 τῶν
2181 3108 2711 3182 αἱρετικῶν,ἒλεγχος
2732 3108 2934 3179 ἀρκοῦν
2971 3109 3084 3180 ἔχει
3126 3110 3188 3163 τὸ
3226 3109 3408 3173 τέλοςο
3444 3111 3574 3165 εἰδὲ
3600 3112 3719 3180 βού-

2047 3199 2203 3259 λεσθε
2234 3200 2327 3254 καὶ
2357 3198 2456 3270 τὴν
2484 3197 2748 3271 ἐργασίαν
2786 3197 2976 3267 μαθεῖν
3013 3197 3093 3261 τίς
3123 3196 3254 3250 ποτέ
3281 3199 3426 3251 ἐστιν
3455 3199 3520 3269 ἡν
3548 3201 3576 3252 6
3606 3201 3721 3257 Πα-

2046 3288 2152 3359 τὴρ
2189 3285 2499 3357 ἐργάζεται,
2532 3284 2626 3339 καὶ
2656 3284 2725 3356 ἡν
2755 3285 2784 3338 6
2811 3284 2958 3348 Υἱὸς,
2989 3285 3088 3355 τὴν
3128 3284 3380 3355 πρόνοιαν
3409 3283 3617 3356 είποιμι
3650 3287 3718 3341 ἂν

2047 3374 2156 3426 τῶν
2195 3372 2385 3439 ὄντων,
2414 3370 2513 3443 τὴν
2557 3370 2936 3443 διακράτησιν,
2979 3373 3080 3442 τὴν
3123 3371 3465 3443 κηδεμονίαν.
3503 3372 3583 3429 Τά
3618 3373 3720 3444 μὲν

2049 3460 2157 3531 γάρ
2187 3460 2483 3531 φαινόμενα
2510 3459 2687 3513 πάντα
2718 3460 2774 3512 ἐν
2803 3456 2862 3524 ἐξ
2890 3459 3125 3531 ἡμέραις
3156 3460 3347 3528 γέγονε
3367 3477 3380 3490 ·
3427 3461 3533 3514 Kal
3577 3477 3719 3517 κατ-

2049 3550 2322 3604 έπαυσεν
2354 3551 2387 3603 ὀ
2417 3548 2562 3616 Θεὸς
2592 3547 2662 3602 ἐν
2704 3546 2781 3617 τῇ
2804 3547 2991 3616 ἡμέρᾳ
3033 3546 3108 3616 τῇ
3145 3548 3362 3619 ἐϐὄιᾷιῃ
3383 3567 3397 3580 ·
3438 3549 3471 3619 ἡ
3503 3548 3561 3602 δὲ
3594 3546 3722 3621 πρό-

2050 3656 2171 3693 νοια
2207 3637 2388 3693 αὐτῶν
2420 3637 2521 3692 οὐκ
2551 3635 2845 3692 ἐπαύσατο.
2877 3635 3090 3707 Ταύτην
3117 3636 3296 3689 τοίνυν
3334 3637 3433 3708 τὴν
3463 3636 3720 3708 πρόνοιαν

2052 3725 2315 3799 ἐργασίαν
2342 3724 2499 3779 καλεῖ
2519 3725 2547 3778 6
2573 3723 2827 3795 Χριστὸς,
2851 3721 3028 3792 λέγων
3046 3740 3061 3756 ο
3095 3723 3151 3776 '0
3177 3723 3379 3791 Πατήρ
3400 3740 3520 3792 μου

2053 3798 2227 3876 ζεται,
2271 3811 2432 3881 κάγὼ
2478 3809 2804 3881 ἐργάζομαι,
2834 3811 3097 3881 προνοῶν,
3128 3810 3442 3881 κηδόμενος,
3491 3798 3722 3883 διάκρα..

2053 3905 2184 3971 τῶν,
2216 3906 2370 3977 φησὶ,
2396 3904 2659 3974 συνέχων,
2690 3901 2844 3956 οὐδὲν
2892 3902 3073 3972 ἀφιεὶς
3117 3901 3456 3975 διαρρυῆναι.
3486 3902 3724 3973 Δεξάμε-

2053 4010 2135 4048 νοι
2180 3991 2466 4064 τοιγαροῦν
2514 3989 2624 4044 τῶν
2666 3988 2841 4062 ὀρθῶν
2888 3988 3174 4060 δογμάτων
3201 3990 3298 4060 τὴν
3321 3987 3593 4054 ἀπόδειξιν
3629 3988 3724 4047 καὶ

2055 4082 2121 4135 ἐκ
2166 4078 2274 4135 τῶν
2320 4077 2642 4151 εἰρημένων,
2671 4075 2871 4150 ἀκριϐῆ
2901 4074 3174 4129 πολιτείαν
3202 4074 3297 4129 καὶ
3324 4074 3723 4145 συμϐαίνουσαν

2053 4170 2168 4232 τοῖς
2215 4165 2444 4237 δόγμασι
2489 4162 2844 4236 προσθῶμεν·
2889 4162 3186 4234 ἐπειδήπερ
3235 4161 3335 4214 οὐκ
3383 4163 3541 4232 ἀρκεῖ
3589 4160 3724 4233 πρὸς

2058 4252 2327 4327 σωτηρίαν
2383 4253 2513 4324 ἡμῖν
2564 4251 2699 4322 μόνη
2753 4251 2787 4318 ἡ
2831 4248 2939 4304 τῶν
2981 4247 3156 4322 ὀρθῶν
3182 4248 3463 4319 δογμάτων
3498 4246 3720 4315 γνῶσις,

2058 4341 2196 4399 ἀλλά
2238 4341 2319 4395 δεῖ
2361 4341 2457 4394 καὶ
2499 4334 2774 4407 πολιτείας
2802 4337 3048 4409 ἀρίστης,
3079 4334 3165 4388 ῖνα
3189 4334 3277 4388 διά
3319 4334 3535 4387 πάντων
3567 4333 3726 4398 δόξαν

2057 4429 2480 4501 ἀναπέμψαντες
2524 4427 2604 4499 τῷ
2647 4425 2766 4499 Θεῷ
2803 4424 3146 4495 ἐπιτύχωμεν
3171 4421 3281 4477 τῶν
3305 4419 3725 4493 ἐπηγγελμένων

2062 4517 2285 4587 ἀγαθῶν
2306 4533 2321 4549 ο
2369 4510 2414 4586 ᾧ
2446 4518 2482 4588 ἡ
2511 4515 2637 4584 δόξα
2666 4512 2844 4569 καὶτὸ
2876 4512 3075 4584 κράτος
3108 4514 3188 4577 είς
3219 4511 3342 4575 τοὺς
3370 4507 3572 4572 αἰῶνας
3616 4506 3727 4565 τῶν

2063 4605 2294 4661 αἰώνων.
2310 4605 2486 4676 Ἀμήν

458 4904 3665 4952 MM

1860 5084 2107 5140 ΟΜΙΔΙΑ
2144 5081 2199 5141 ι’.

292 5264 420 5323 Τοῦ
456 5259 642 5318 αὐτοῦ
666 5259 887 5330 ὁμιλία,
912 5254 1168 5330 ῥηθεῖσα
1202 5254 1272 5309 ἐν
1302 5252 1379 5330 τῇ
1395 5251 1704 5330 ἐκκλησίᾳ
1861 5246 1962 5305 ἐπὶ

364 5334 480 5389 τοῦ
522 5319 1282 5409 Ἆποσξόλοτξίέξτισλκόπουι
1308 5319 1483 5409 ὀλίγα
1516 5319 1964 5409 πρροέέιβὴονμντ

364 5423 499 5531 ἔρξ’,
546 5405 630 5469 είς
680 5402 747 5457 τὸ
769 5437 786 5467 ,
834 5391 897 5456 Ὁ
933 5400 1031 5474 μὲν
1067 5395 1324 5471 θερισμὸς
1352 5391 1618 5460 πολὺς,ὀί
1650 5391 1708 5445 δὲ
1737 5391 1967 5462 ἐργάται

457 5492 569 5545 γοι.

685 5560 782 5616 τὸν
803 5558 1036 5630 γέροντα
1069 5555 1161 5610 καὶ
1192 5554 1331 5618 νέον,
1361 5552 1592 5628 γέροντα
1624 5548 1720 5621 μὲν
1748 5545 1827 5619 τῷ
1860 5544 1969 5600 σώ-

299 5671 458 5725 ματι,
488 5651 605 5704 νέον
630 5651 686 5705 δὲ
716 5650 791 5720 τῷ
820 5647 1155 5721 φρονήματι;
1202 5642 1367 5699 εἴδετε
1398 5638 1590 5694 πολιὰν
1614 5634 1969 5709 ἀκμάζουσαν

2065 5246 2162 5303 καὶ
2193 5246 2377 5317 γὴρως
2396 5244 2548 5299 τόνον
2570 5241 2910 5315 σφριγῶντας
2936 5237 3176 5297 Τοιαῦτα
3204 5236 3315 5308 γάρ
3331 5240 3399 5292 τά
3420 5237 3555 5309 παρ’
3576 5236 3729 5308 ἡμῖν,

2067 5337 2160 5394 ἀπ’
2193 5336 2438 5398 ἐναντίας
2486 5337 2600 5399 τοῖς
2657 5332 2873 5398 ἔξωθεν.
2907 5331 3032 5386 Ἐπὶ
3078 5330 3177 5402 μιν
3223 5330 3333 5401 γάρ
3377 5327 3488 5382 τῶν
3534 5326 3733 5393 ἔξωθεν

2069 5434 2410 5509 πραγμάτων
2451 5432 2718 5504 τὸγῆρας
2741 5430 3041 5501 ἀχρηστοψ
3066 5422 3202 5494 οἷον,
3226 5428 3261 5481 6
3287 5423 3621 5497 στρατιώτης
3651 5424 3735 5489 είς

2069 5532 2273 5603 ταύτην
2312 5528 2481 5584 ἐλθὼν
2517 5530 2616 5601 τὴν
2659 5526 2892 5599 ἡλικίαν,
2919 5527 2979 5580 ού
3022 5526 3243 5581 δύναται
3267 5524 3438 5577 τεῖναι
3471 5519 3645 5586 τόξον,
3669 5520 3735 5574 οὐ

2075 5630 2226 5703 βέλος
2268 5628 2504 5700 ἀφεῖναι,
2533 5626 2656 5682 οὔτε
2686 5625 2812 5699 δόρυ
2845 5625 3039 5690 σεῖσαι,
3069 5620 3190 5678 οὐτε
3235 5621 3399 5675 ἵππον
3447 5615 3733 5691 ἀναϐἡναι,
