4092 6206
383 224 488 282 517

381 343 503 398 οὔτε
533 343 736 414 τείχεσι
766 342 1110 416 προσϐαλεῖν,
1133 341 1254 394 οὗτε
1289 341 1418 394 ἀλλο
1445 339 1681 395 τοιοῦτον
1709 342 1857 394 οὐδὲν
1881 343 2047 412 ἐργά-

383 433 579 488 σασθαι
628 431 883 486 δύναται·
921 431 1016 485 καὶ
1057 432 1086 483 6
1128 429 1467 500 κυϐερνήτης
1503 428 1582 495 δὲ,
1613 429 1740 482 ὅταν
1779 430 1927 499 αύτῷ
1959 431 2050 484 τὸν

379 520 531 574 τόνον
561 519 661 590 τῆς
693 519 892 590 σαρκὸς
925 517 1136 590 χαλάσῃ
1181 514 1244 568 τὸ
1289 515 1484 587 γῆρας,
1514 516 1573 568 ού
1617 516 1825 586 σχοινία
1857 519 2046 578 τεῖναι,

380 607 481 678 οὐχ
530 607 669 659 ίστία
713 605 1069 666 ἀναπετάσαι,
1105 603 1166 655 ού
1200 601 1680 674 μεταχειρίσασθαι
1728 601 1940 671 κώπην,
1985 603 2046 656 οὐ

383 693 691 764 μεταθεῖναι
717 691 926 756 οἴακας,
955 690 1017 744 ού
1060 689 1395 760 μαχέσασθαι
1423 689 1681 760 κύμασιν,
1709 689 1808 743 οὐκ
1834 683 2047 743 ἄλλο’τι

378 782 489 836 τῶν
518 781 771 835 τοιούτων
796 781 1097 850 δυνήσεται.
1133 777 1301 831 Πάλιν
1331 777 1360 829 6
1383 778 1620 848 γηπόνος
1657 778 1713 831 ἐν
1749 777 1918 848 τούτῳ
1953 778 2050 849 τῆς

380 870 594 940 ἡλικίας
638 867 732 930 ὣν,
767 867 826 920 ού
858 865 1039 933 ζεῦξαι
1076 865 1226 935 βοῦς,
1254 866 1352 918 οὐκ
1397 866 1625 937 ἄροτρον
1670 864 1913 930 ἑλκύσαι,
1947 867 2048 920 οὐκ

377 956 680 1028 ἀναρρῆξαι
709 958 803 1008 καὶ
833 954 1122 1023 ἀνατεμεῖν
1158 952 1418 1015 αῦλακας,
1451 953 1510 1005 ού
1549 950 1884 1023 θεραπεῦσαι
1928 952 2047 1004 δέν-

378 1044 524 1115 δρον,
559 1045 618 1095 ού
653 1043 796 1113 χορῴ
818 1041 1135 1112 θεριζόντων
1163 1040 1350 1092 ἐαυτὸν
1376 1039 1685 1108 ἐγκαθίσαι,
1719 1040 1819 1093 οὐκ
1849 1040 1974 1092 ἀλλο
1993 1056 2046 1092 τι

377 1131 486 1183 τῶν
521 1129 669 1200 [388}
698 1129 952 1181 τοιούτων
975 1129 1230 1199 πράττειν
1264 1125 1468 1196 ἰσχύσει
1487 1143 1501 1155 ·
1536 1127 1648 1180 ἀλλ’
1671 1129 1900 1190 ἕκαστος
1927 1127 2047 1181 τού-

380 1237 485 1272 των
513 1218 650 1271 οίκοι
684 1215 936 1285 κάθηται,
968 1215 1065 1284 τὴν
1099 1215 1207 1267 ἀπὸ
1241 1216 1338 1283 τῆς
1364 1213 1578 1284 ήλικίας
1613 1215 1856 1268 ἀτέλειαν
1885 1214 2043 1284 ἔχων,

379 1309 474 1362 καὶ
503 1306 714 1376 ἀνάγκῃ
745 1303 955 1374 μεγάλῃ
983 1303 1077 1356 καὶ⁹
1102 1301 1476 1374 ἀπαραιτήτῳ,
1505 1301 1580 1372 τῷ
1613 1303 1778 1372 γήρᾳ,
1811 1301 2047 1372 πεπεδη-

383 1397 562 1468 μένος.
599 1393 736 1444 Ἀλλ’
763 1392 861 1461 οὐχ
913 1393 941 1444 6
982 1390 1081 1463 τῆς
1098 1389 1426 1461 Ἐκκλησίας
1475 1389 1792 1452 διδάσκαλος
1837 1387 2005 1452 οὕτως
2030 1405 2044 1420 ’

380 1481 515 1536 ἀλλά
560 1479 675 1533 τότε
728 1479 961 1549 μάλιστα
1007 1477 1335 1544 ἀγωνιεῖται,
1370 1476 1462 1530 καὶ
1507 1475 1679 1544 λόγων
1710 1475 1924 1546 ἅψεται,
1954 1475 2049 1529 καὶ

380 1568 726 1622 διδασκαλίαν
776 1563 1177 1636 προθήσει,κα“ι
1223 1563 1348 1616 λαὸν
1399 1563 1660 1636 ῥυθμίσαι
1705 1563 2047 1634 πειράσεται.

379 1656 456 1709 T6
505 1655 612 1725 γάρ
661 1655 836 1722 γῆρας
881 1654 940 1705 ἐν
990 1652 1088 1722 μὲν
1137 1652 1248 1713 τοῖς
1281 1649 1457 1714 ἀλλοις
1485 1651 1775 1720 ἄχρηστον,
1813 1653 1869 1703 ἐν
1901 1651 1956 1705 δὲ
1984 1652 2047 1721 τῇ

378 1739 676 1813 Ἐκκλησία
697 1741 789 1792 καὶ
833 1743 944 1802 τοῖς
987 1739 1086 1808 τῆς
1135 1738 1334 1808 ἀρετῆς
1379 1736 1558 1801 πόνοις
1610 1738 2045 1809 χρησιμώτατον,

393 1830 548 1881 Ἐπεὶ
596 1827 688 1880 καὶ
713 1829 740 1878 ό
769 1826 1036 1896 μακάριος
1072 1823 1322 1894 Ἀϐραάμ
1351 1822 1411 1876 τὸ
1447 1824 1699 1895 μέγιστον
1730 1821 1888 1879 ἆθλον
1929 1826 2047 1882 τότε

381 1915 573 1986 ήρατο.
610 1914 695 1966 ὅτε
727 1911 927 1981 ταύτην
949 1907 1049 1982 ἦγε
1077 1909 1172 1980 τὴν
1199 1911 1413 1980 ἡλικίαν
1437 1927 1452 1942 ο
1485 1910 1606 1963 τότε
1637 1910 1763 1984 γὰρ,
1794 1913 1914 1965 τότε
1952 1916 2051 1984 τῆς

377 2001 597 2069 ’φύσεως
620 2001 718 2069 τὴν
743 1997 1026 2069 τυραννίδα
1053 1996 1338 2061 κατέλυσε,
1364 1997 1456 2049 καὶ
1480 1997 1568 2049 τὸν
1594 1999 1759 2051 παῖδα
1787 2000 2052 2068 κατέσφα-

384 2089 471 2152 ξεν
499 2105 512 2118 ο
553 2086 750 2155 ἔσφαξε
788 2084 918 2155 γάρ,
953 2086 1001 2137 εἱ
1027 2085 1120 2136 καὶ
1147 2083 1221 2154 μὴ
1247 2086 1312 2154 τῇ
1348 2083 1533 2156 πείρα,
1565 2083 1696 2136 ἀλλά
1723 2087 1788 2156 τῇ
1820 2084 2011 2158 γνώμῃ
2031 2102 2046 2117 ο

383 2177 431 2229 εί
481 2175 572 2228 καὶ
625 2177 700 2246 μὴ
745 2173 821 2244 τῷ
849 2171 1012 2232 τέλει,
1048 2171 1180 2224 ἀλλά
1222 2173 1288 2242 τῇ
1323 2171 1615 2241 προθέσει·
1669 2174 1716 2225 εί
1747 2173 1836 2226 καὶ
1867 2174 1941 2245 μή
1975 2173 2052 2244 τῷ

384 2264 551 2336 ἔργῳ,
587 2261 720 2316 ἀλλά
749 2263 816 2332 τῇ
844 2259 1076 2331 διανοίᾳο
1112 2259 1230 2312 τότε
1276 2258 1382 2311 τῶν
1438 2259 1580 2311 ἰδίων
1611 2259 1933 2330 σπλάγχνων
1960 2261 2052 2330 γέ-

383 2370 538 2422 γονεν
572 2352 769 2422 ἱερεὺς,
802 2352 892 2402 καὶ
938 2347 997 2414 ἐξ
1044 2349 1212 2418 αὐτῆς
1255 2347 1435 2418 σχεδὸν
1478 2349 1574 2418 τῆς
1626 2349 1838 2417 φύσεως
1863 2348 2052 2405 έαυτδν

389 2439 727 2510 μετοικίσας,
759 2437 852 2489 καὶ
889 2436 1022 2507 πρὸς
1069 2435 1160 2487 τὸν
1209 2435 1435 2504 οὐρανὸν
1466 2437 1956 2506 μεθορμισάμενος,
1992 2436 2052 2490 τὸ

385 2525 695 2596 θαυμαστὸν
730 2524 904 2574 ἐκεῖνο
926 2523 1018 2575 καὶ
1040 2521 1340 2593 παράδοξον
1374 2521 1533 2589 ἔργον
1562 2524 1745 2592 ήνυσε.
1780 2524 1885 2576 Καὶ
1909 2523 2053 2577 Παῦε

383 2613 496 2679 λος,
543 2615 572 2664 6
614 2611 710 2682 τῆς
759 2609 1084 2680 οἰκουμένης
1133 2609 1466 2672 διδάσκαλος,
1499 2610 1554 2663 ἐν
1589 2610 1859 2682 βαθυτάτῃ
1895 2611 2053 2684 πολιᾷ

387 2701 524 2771 πρὸς
550 2699 674 2762 τοῦς
704 2699 1049 2768 θαυμαστοὺς
1099 2697 1340 2758 ἐκείνους
1388 2696 1602 2764 ἀγῶνας
1648 2697 1930 2763 ἀπεδύετο,
1962 2700 2053 2752 καὶ

384 2786 557 2859 δεσμά
604 2788 698 2841 καὶ
744 2786 960 2848 ἁλύσεις
1009 2785 1102 2838 καὶ
1151 2785 1498 2854 δεσμωτήρια
1528 2786 1586 2837 ἐν
1614 2787 1945 2857 γεγηρακότι
1976 2787 2053 2858 τῷ

329 2918 332 2922 .
388 2875 599 2947 σώματι
628 2875 764 2946 μετά
798 2873 995 2942 πολλῆς
1029 2872 1188 2944 ἔφερε
1218 2871 1316 2940 τῆς
1346 2872 1583 2936 εὐτονίας
1603 2889 1616 2902 ⁸
1653 2872 1927 2927 καὶτοῦτο
1962 2873 2056 2944 δη-

381 2953 494 3014 λῶν
531 2963 690 3026 αὐτὸς
739 2961 954 3028 ἔλεγεν·
1001 2959 1094 3025 Ὡς
1141 2958 1379 3024 Παῦλος
1419 2960 1779 3028 πρεσϐύτης,
1813 2959 1949 3015 νυνί
1988 2961 2056 3014 δὲ

387 3049 486 3102 καί
523 3048 767 3118 δέσμιος
803 3049 872 3101 ἐν·
898 3045 1127 3116 Χριστῷ
1154 3045 1370 3114 Ἰησοῦ.
1399 3047 1508 3100 Καὶ
1535 3047 1710 3101 ταῦτα
1746 3047 1910 3117 λέγω,
1937 3049 2056 3120 οὐχὶ

385 3137 485 3207 τὴν
531 3137 754 3206 νεότητα
794 3136 1105 3205 ἀτιμάζων·
1141 3134 1263 3188 ἐπεὶ
1295 3134 1389 3188 καὶ
1416 3134 1466 3186 οἱ
1502 3134 1598 3206 τήν
1632 3135 1858 3206 κάμινον
1885 3154 2056 3189 κατα-

389 3224 730 3292 πατήσαντες
760 3223 964 3284 παῖδες,
994 3222 1101 3274 νέοι
1137 3221 1341 3292 σφόδρα
1371 3221 1464 3274 καὶ
1495 3222 1754 3292 μειράκια
1790 3217 1930 3292 ἦσαν
1961 3241 2053 3276 κο-

391 3308 538 3378 μιδῇ,
582 3309 675 3360 καὶ
711 3310 738 3360 6
766 3307 863 3378 τὴν
909 3309 1240 3378 προφητείαν
1293 3307 1582 3378 δεξάμενος
1623 3308 1888 3381 Ἱερεμίας
1912 3325 1927 3339 ⁸
1964 3311 2057 3364 καὶ

388 3394 584 3466 Δανιὴλ
633 3394 710 3459 δέ,
738 3395 826 3447 ὅτε
865 3397 990 3457 τοὺς
1016 3394 1234 3456 λέοντας
1263 3396 1530 3464 ἐχαλίνου,
1562 3397 1654 3450 καὶ
1681 3397 1768 3452 διά
1797 3398 1894 3470 τὴν
1925 3398 2061 3470 ἀφα-

387 3497 480 3534 τον
525 3481 689 3535 αύτοῦ
736 3481 1044 3552 παρρησίαν
1073 3481 1141 3533 τὰ
1169 3481 1452 3551 ἀπόρρητα
1491 3482 1672 3537 ἐκεῖνα
1699 3484 1805 3537 τῶν
1835 3484 1927 3538 τοῦ
1963 3486 2059 3558 βα-

390 3567 580 3631 σιλέως
612 3567 906 3637 ὀνειράτων
956 3569 1035 3631 είς
1069 3567 1235 3637 μέσον
1268 3567 1429 3636 ἐξῆγε
1470 3569 1564 3622 καὶ
1609 3570 1744 3642 δῆλα
1772 3571 1944 3626 ἐποίει
1980 3574 2059 3646 τῷ

388 3655 724 3724 θεασαμένῳ,
753 3654 956 3725 σφόδρα
981 3654 1096 3717 νέος
1121 3649 1216 3726 ἦν·
1252 3654 1344 3706 καὶ
1368 3654 1516 3708 οὐδὲν
1542 3657 1574 3726 ή
1596 3657 1778 3727 νεότης
1806 3660 2058 3730 ἐμπόδιον

387 3747 576 3815 γέγονε
613 3746 746 3817 πρὸς
792 3745 888 3817 τὴν
938 3745 1138 3817 ἀρετὴν
1176 3746 1268 3798 τοῦ
1301 3745 1510 3818 ἀνδρός.
1529 3747 1652 3801 Ἐπὶ
1683 3749 1780 3818 μὲν
1806 3751 1914 3822 γὰρ
1950 3751 2058 3805 τῶν

388 3833 607 3898 ἔξωθεν,
639 3835 775 3904 ὅπερ
821 3832 989 3903 ἔφθην
1036 3832 1227 3898 εἰπὼν,
1263 3835 1354 3888 καὶ
1385 3835 1562 3906 γῆρας
1588 3833 1788 3908 ἔξωρον
1817 3840 1909 3891 καὶ
1941 3840 2059 3893 νεό-

387 3937 488 3990 της
529 3921 704 3990 ἀωρος
755 3921 984 3991 μέγιστα
1032 3919 1329 3992 κωλύματα
1375 3921 1568 3990 γένοιτ’
1599 3924 1694 3975 ἀν’
1743 3925 1834 3978 ἐπὶ
1871 3925 1928 3980 δέ
1950 3927 2058 3982 τῶν

388 4007 779 4076 παλαισμάτων
804 4010 900 4076 τῆς
927 4008 1123 4078 ἀρετῆς
1161 4008 1259 4062 οῦκ
1289 4009 1389 4072 ἔτι,
1420 4010 1532 4061 ἀλλ’
1563 4010 1678 4073 ἐνδς
1711 4011 1886 4082 χρεία,
1917 4014 2057 4082 γνώ-

393 4109 501 4164 μης
533 4093 689 4163 μόνον
721 4094 812 4144 καὶ
835 4092 1010 4164 ψυχῆς
1033 4096 1576 4166 παρεσκευασμένης,
1608 4099 1699 4150 καὶ
1726 4097 1847 4152 οὔτε
1871 4101 2058 4173 νεότης

389 4180 677 4250 ἄχρηστος,
711 4178 831 4233 οὗτε
865 4181 1038 4252 γῆρας
1073 4183 1460 4252 ἀνεπιτήδειον,
1496 4183 1609 4236 ἀλλ’
1639 4185 1694 4236 ἐν
1724 4187 1957 4259 ἑκατέρα
1989 4193 2055 4261 τῇ

391 4265 576 4336 ἡλικίᾳ
618 4264 824 4336 ὧριμον
863 4267 959 4320 ἴδοι
999 4285 1084 4329 τις
1115 4268 1180 4322 ἂν
1211 4267 1442 4339 βρύοντα
1472 4269 1562 4323 τὸν
1593 4273 1822 4343 καρπὸν,
1875 4276 2053 4345 μόνον,

390 4351 526 4424 ὅπερ
547 4353 713 4423 ἕσθην
743 4353 931 4416 εἰπὼν,
962 4356 1010 4406 εί
1032 4354 1211 4426 ψυχήν
1249 4372 1331 4418 τις
1375 4355 1484 4408 ἀνα
1528 4358 1640 4429 ἔχοι
1672 4362 1944 4432 νήφουσαν
1966 4363 2057 4414 καὶ

391 4437 700 4506 φιλοσοφεῖν
730 4440 1114 4512 ἐπισταμένην,
1146 4442 1238 4494 καὶ
1261 4441 1350 4494 διὰ
1375 4443 1475 4512 τῆς
1504 4444 1699 4515 πολλῆς
1737 4448 1935 4518 ἀρετῆς
1961 4447 2054 4500 τοῦ

390 4525 525 4577 Θεοῦ
571 4528 666 4597 τὴν
696 4527 907 4579 εὔνοιαν
940 4529 1349 4602 ἐπισπωμένην.
1383 4530 1470 4602 Μὴ
1498 4531 1674 4585 τοίνυν
1710 4533 1894 4603 μηδεὶς
1924 4552 2056 4606 προ-

390 4612 636 4666 ϐαλέσθω
670 4615 807 4684 μήτε
835 4615 1059 4684 νεότητα
1087 4617 1223 4688 μήτε
1248 4618 1424 4688 γῆρας
1453 4620 1530 4682 εἰς
1563 4620 1855 4690 ἀπολογίαν
1890 4623 2054 4693 ρᾳθυ-

393 4700 552 4768 μίας·
593 4702 714 4753 ἐπεὶ
745 4702 837 4754 καὶ
873 4701 968 4754 νῦν
1000 4702 1182 4756 πολλοὶ
1209 4705 1336 4775 παρ’
1367 4707 1496 4777 ἡμῖν
1533 4707 1643 4760 νέοι
1675 4708 1734 4760 τὸ
1761 4726 2056 4780 πνευματι-

390 4787 484 4839 κδν
513 4787 668 4840 τοῦτο
699 4788 961 4860 πληροῦσι
996 4789 1240 4861 θέατρον,
1265 4793 1314 4845 οἱ
1345 4792 1400 4845 δὲ
1421 4794 1786 4865 γεγηρακότες
1812 4798 1868 4848 ἐν
1890 4799 2053 4851 ἱππο-

386 4873 636 4945 δρομίαις
665 4876 1029 4946 ἀσχημονοῦσι
1048 4894 1061 4907 ·
1086 4877 1260 4950 ἕτεροι
1282 4879 1325 4933 δ’
1349 4876 1414 4934 αὖ
1446 4880 1606 4934 πάλιν
1635 4882 1886 4952 γέροντες
1916 4885 2054 4956 μετά

386 4963 489 5033 τῆς
526 4961 714 5026 πολιᾶς
748 4965 886 5038 [καὶ]
918 4969 985 5037 τῇ
1016 4967 1274 5040 ἀκροάσει
1307 4968 1652 5040 κοσμοῦνται,
1698 4972 1805 5024 νέοι
1850 4971 1907 5026 δὲ
1955 4973 2052 5045 τὴν

389 5050 610 5120 νεότητα
650 5050 737 5104 διά
767 5051 866 5121 τῆς
896 5052 1128 5125 θεωρίας
1164 5055 1261 5124 τῆς
1307 5057 1481 5108 ἐκεῖσε
1512 5055 1853 5128 ἀλογωτέραν
1885 5076 2052 5114 κατα-

390 5136 760 5201 σκευάζουσιν.
796 5139 856 5190 Εί
884 5140 994 5210 γάρ
1025 5141 1119 5194 καὶ
1152 5142 1335 5194 πολλοὶ
1365 5144 1413 5195 οἱ
1445 5143 1706 5214 παρόντες
1752 5146 1905 5215 ἡμῖν,
1936 5147 2050 5200 ἀλλ’

384 5227 485 5281 οὐκ
514 5226 620 5296 ἔχω
654 5227 814 5298 κόρον
832 5245 846 5260 ο
875 5230 936 5282 ού
961 5229 1070 5301 γάρ
1103 5231 1327 5295 πολλοὺς
1357 5232 1658 5304 ἐϐουλόμην
1687 5239 1941 5304 παρεῖναι
1965 5239 2054 5308 μό-

384 5327 496 5375 νον,
525 5312 659 5366 ἀλλά
678 5314 905 5377 πάντας,
938 5317 1030 5368 καὶ
1059 5317 1258 5387 μηδένα
1281 5317 1382 5388 τῆς
1412 5319 1706 5391 ἐκκλησίας
1739 5321 2052 5392 ἀπολιμπά-

384 5401 570 5456 νεσθαι
597 5417 612 5431 ·
648 5401 807 5466 ὥστε,
841 5403 944 5465 ἕως
971 5402 1038 5456 ἀν
1070 5404 1300 5474 φάνηται
1331 5405 1434 5459 κᾶν
1472 5401 1554 5470 εἷς
1587 5406 2052 5481 ἀποϐουκολούμε-

387 5503 495 5549 νος,
529 5488 930 5560 διαρρήγνυμαι
963 5492 1056 5545 καὶ
1095 5492 1454 5563 διακόπτομαι
1487 5496 1608 5560 ταῖς
1649 5495 1878 5562 ὀδύναις.
1899 5499 2051 5553 Ἐπεὶ

449 5654 476 5684 ⁸
500 5653 640 5702 Tulle
671 5656 746 5702 ἀν.

1223 222 1281 278 8.
1318 220 1604 278 ιοΑΝΝςε
1638 222 2121 279 CHRYSOSTOMI
2160 224 2476 281 ARCHIEP.
2518 223 3064 282 CONSTANTl—NOP.

3716 224 3818 280 ιιεςι

2152 344 2248 396 καὶ
2272 345 2301 396 6
2330 345 2531 416 ποιμὴν
2557 345 2759 407 ἐκεῖνος
2784 343 2852 397 τὰ
2879 343 3352 413 ὲνενηκονταεννέα
3381 342 3626 414 πρόϐατα
3657 363 3827 402 κατα-

2153 429 2344 493 λιπὼν,
2377 432 2467 484 ἐπὶ
2495 430 2554 484 τὸ
2588 431 2645 484 ἒν
2685 431 2747 484 τὸ
2779 431 3188 502 πεπλανημένον
3225 431 3608 501 κατηπείγετο,
3635 435 3729 487 καὶ
3759 436 3824 489 οὗ

2155 517 2420 588 πρότερον
2444 518 2675 587 ἀπέστη,
2703 519 2810 580 ἕως
2844 519 2906 571 ἂν
2926 519 2954 557 ι’
2987 519 3116 572 αὐτὸ
3150 517 3285 585 πρὸς
3324 519 3424 589 τὴν
3469 517 3670 591 ἀγέλην
3723 522 3823 574 ἐπ-

2152 605 2415 674 ανήγαγε,
2448 605 2540 658 καὶ
2569 604 2768 674 πολλήν
2796 604 2935 675 ὑπὲρ
2965 605 3127 658 αὑτοῦ
3166 605 3400 676 σπουδὴν
3429 607 3662 661 ἐποιεῖτο
3687 625 3699 638 ο
3728 611 3827 678 καὶ

2154 690 2262 762 γάρ
2289 689 2548 761 ἐχώλευεν
2583 694 2612 744 6
2635 692 2741 744 τῶν
2770 693 2964 744 ἑκατὸν
2987 692 3237 762 ἀριθμὸς,
3259 693 3363 755 ἕως
3386 693 3625 747 ἀπέλαϐε
3653 695 3713 748 τὸ
3743 696 3821 761 ἒν,

2154 779 2247 832 καὶ
2279 779 2346 831 τά
2375 779 2566 832 ἑκατὸν
2597 778 2715 832 τότε
2742 779 2931 832 ἐκατὸν
2961 780 3194 847 ἐγένετο,
3217 779 3304 832 ὅτε
3335 779 3610 834 καὶτοῦτο
3633 781 3824 836 διεσώ-

2155 863 2246 928 θη.
2280 865 2370 936 Μὴ
2399 865 2461 935 δή
2502 882 2591 933 μοι
2615 864 2739 933 λέγε
2770 866 2850 917 ὅτι
2881 860 2960 928 εἷς
2988 863 3138 936 1589]
3169 866 3315 919 ἐστιν
3343 866 3372 918 6
3400 867 3625 935 ἀδελφὸς
3648 868 3678 919 6
3699 871 3831 924 ἀπο-

2151 950 2336 1014 λωλώς
2359 968 2372 982 ·
2424 953 2540 1005 ἀλλ’
2565 953 2814 1022 ἐννόησον
2847 952 2928 1006 ὅτι
2971 952 3218 1022 ἀδελφὸς,
3261 954 3321 1006 τὸ
3365 956 3828 1025 περισπούδαστον

2152 1037 2231 1108 τῷ
2262 1037 2379 1108 Θεῷ
2408 1038 2564 1101 ζῶον,
2600 1039 2740 1110 ὑπὲρ
2774 1033 2834 1093 οὗ
2870 1038 3110 1093 τοσαῦτα
3138 1039 3370 1108 ἐγένετο,
3402 1043 3542 1112 ὑπὲρ
3580 1036 3640 1096 οῦ
3667 1043 3727 1097 τὸ
3755 1046 3829 1098 τίς

2159 1143 2278 1195 μιον
2307 1122 2446 1196 αἷμα
2473 1125 2639 1196 ἐχύθη
2671 1127 2764 1179 καὶ
2787 1128 2918 1198 τιμὴ
2948 1127 3255 1198 κατεϐλήθη
3288 1129 3543 1200 τοσαύτη,
3570 1131 3636 1183 δι’
3659 1132 3717 1184 ὃν
3742 1133 3832 1185 ού-

2157 1213 2316 1284 ρανὸς
2361 1213 2548 1284 ἐτάθη,
2579 1214 2678 1266 καὶ
2707 1212 2852 1283 ἥλιος
2883 1214 3119 1285 ἀνήφθη,
3147 1216 3241 1267 καὶ
3274 1217 3470 1286 σελήνη
3499 1217 3701 1288 τρέχει,
3732 1220 3829 1272 κα).

2156 1303 2396 1367 ποικίλος
2441 1303 2684 1375 ἀστέρων
2731 1304 3075 1373 καταλάμπει
3109 1306 3286 1376 χορὸς,
3320 1308 3414 1360 καὶ
3443 1309 3550 1379 ἀὴρ
3575 1309 3825 1380 ήπλώθη,

2155 1391 2247 1444 καὶ
2281 1389 2521 1444 θάλασσα
2565 1390 2816 1461 ἐξεχύθη,
2850 1392 2943 1444 καὶ
2985 1391 3058 1462 γῆ
3114 1391 3470 1464 ἐθεμελιώθη,
3517 1397 3614 1450 καὶ
3654 1399 3829 1466 πηγαὶ

2156 1475 2401 1546 βρύουσι,
2449 1477 2544 1530 καὶ
2581 1479 2815 1548 ποταμοὶ
2849 1477 3052 1548 ῥέουσι,
3079 1479 3172 1532 καὶ
3221 1481 3321 1550 ὅρη
3373 1481 3585 1552 πέπηγε
3611 1500 3624 1514 ·
3676 1484 3742 1537 δι’
3767 1485 3829 1538 6v

2155 1562 2419 1631 λειμῶνες
2447 1566 2540 1617 καὶ
2575 1565 2909 1636 παράδεισοι,
2933 1565 3001 1617 δι’
3030 1565 3088 1619 ὃν
3117 1567 3405 1637 σπέρματα
3439 1570 3534 1622 καὶ
3572 1572 3732 1638 φυτά,
3757 1571 3828 1626 δι’

2155 1649 2212 1702 ὃν
2241 1650 2307 1704 τὰ
2338 1650 2554 1705 ποικίλα
2582 1651 2690 1704 τῶν
2723 1653 2904 1720 φυτῶν
2930 1652 3084 1723 γένη,
3116 1652 3180 1706 δι’
3207 1653 3264 1706 ὃν
3295 1654 3362 1708 τά
3383 1658 3441 1709 ἐν
3471 1657 3641 1728 ὄρεσι,
3666 1660 3734 1712 τά
3767 1660 3832 1712 ἐν

2155 1738 2430 1808 ἐρημίαις,
2466 1737 2533 1792 τά
2563 1739 2619 1789 ἐν
2653 1737 2860 1800 πόλεσι,
2901 1739 2969 1791 τά
2993 1739 3049 1792 ἐν
3077 1740 3300 1804 πεδίοις,
3329 1743 3398 1795 τὰ
3427 1743 3485 1796 ἐν
3517 1745 3735 1810 νάπαις,
3759 1745 3833 1813 τά

2165 1825 2224 1876 ἐν
2255 1823 2463 1892 βουνοῖς
2483 1841 2496 1854 ο
2526 1823 2593 1876 δι’
2623 1823 2680 1876 ὃν
2705 1824 2754 1876 οί
2785 1824 2965 1896 μυρίοι
2989 1824 3096 1878 τῶν
3136 1827 3330 1896 ἰχθύων
3369 1828 3549 1900 δῆμοι,
3579 1831 3644 1883 δι’
3663 1831 3720 1884 δν
3759 1833 3833 1885 τά

2157 1909 2374 1964 ποικίλα
2408 1909 2515 1962 τῶν
2543 1911 2882 1979 τετραπόδων
2914 1911 3064 1983 γένη,
3097 1913 3162 1965 δι’
3191 1913 3249 1967 ὅν
3280 1914 3347 1968 τά
3375 1917 3691 1972 παντοδαπά
3718 1919 3834 1972 τῶν

2155 1995 2382 2067 ὀρνίθων
2429 1995 2590 2065 σῦλα,
2619 1997 2685 2050 δι’
2713 1996 2771 2051 ὃν
2803 1998 2985 2069 νόμος,
3011 1999 3078 2052 δι’
3109 1999 3168 2053 ὃν
3203 2003 3496 2072 προφῆται,
3524 2004 3591 2057 δι’
3613 2005 3671 2058 ὃν
3695 2007 3838 2060 ἀπό-

2158 2084 2355 2145 στολοι,
2385 2085 2451 2137 δι’
2480 2083 2538 2136 ὃν
2571 2085 2637 2137 τά
2663 2085 2832 2155 μυρία
2859 2085 3112 2156 θαύματα
3139 2089 3326 2157 γέγονε
3346 2106 3360 2120 ο
3387 2091 3440 2142 τί
3462 2091 3631 2145 δεῖτά
3658 2095 3836 2148 πολλά

2156 2169 2364 2239 λέγειν;
2394 2171 2462 2226 δι’
2495 2171 2554 2224 δν
2585 2172 2614 2225 6
2649 2174 2940 2243 μονογενής
2967 2174 3093 2239 Υίδς
3129 2175 3222 2229 τοῦ
3258 2176 3393 2230 Θεοῦ
3432 2179 3714 2250 ἄνθρωπος
3741 2184 3833 2250 γέ-

2158 2275 2302 2326 γονε,
2333 2258 2429 2311 καὶ
2452 2258 2742 2328 γενόμενος
2770 2259 3002 2331 ἐσφάγη.

2230 2344 2295 2413 β’.
2342 2345 2620 2415 Ἐννόησον
2653 2346 2751 2415 ὅση
2780 2345 2856 2417 τῷ
2901 2346 3018 2417 Θεῴ
3046 2351 3397 2420 πραγματεία
3427 2352 3566 2425 ὑπὲρ
3596 2355 3699 2424 τῆς
3721 2356 3839 2413 τῶν

2158 2431 2459 2503 ἀνθρώπων
2491 2433 2778 2503 σωτηρίας,
2809 2435 2904 2487 καὶ
2931 2434 3005 2505 μὴ
3029 2429 3444 2510 καταφρονήσῃς
3477 2442 3703 2512 μηδενὸς
3731 2445 3834 2497 ἀν-

2160 2518 2401 2590 θρώπου,
2435 2517 2571 2570 ἀλλὰ
2594 2519 2928 2584 διαλυθέντος
2953 2521 3043 2574 τοῦ
3077 2521 3303 2593 θεάτρου
3329 2525 3518 2578 τούτου
3548 2527 3640 2580 τοῦ
3661 2546 3835 2583 πνευο

2167 2605 2419 2677 ματικοῦ,
2450 2605 2788 2676 ἀναζήτησον
2817 2607 2905 2660 τὸν
2927 2608 3319 2676 ἀπολειφθέντα
3341 2651 3356 2674 ,
3398 2615 3492 2667 καὶ
3520 2614 3596 2685 μὴ
3631 2616 3836 2686 πρότε-

2160 2708 2254 2764 ρον
2304 2692 2547 2763 ἀποστῇς
2579 2692 2682 2756 ἕως
2729 2693 2796 2746 ἀν
2847 2694 3009 2748 αὑτὸν
3055 2697 3364 2770 ἐπαγάγῃς,
3414 2701 3509 2753 καὶ
3565 2705 3632 2773 τῇ
3665 2704 3840 2774 μητρὶ

2162 2779 2434 2852 συνάψῃς,
2497 2780 2592 2834 κα)⁵
2657 2780 2757 2850 τῆς
2832 2784 3072 2852 πονηρᾶς
3145 2784 3440 2858 ἀπαγάγῃς
3510 2790 3836 2860 συνηθείας,

2161 2865 2257 2920 καὶ
2331 2865 2422 2918 τὸν
2505 2865 2845 2936 αἰχμάλωτον
2910 2867 3180 2943 διασώσῃς
3231 2873 3328 2924 καὶ
3379 2871 3472 2927 τὸν
3511 2891 3842 2932 καταποντι-

2164 2952 2358 3006 σθέντα
2405 2952 2645 3026 ἀνιμήσῃ
2668 2993 2684 3018 ,
2741 2955 2836 3007 καὶ
2888 2955 2979 3009 τὸν
3036 2955 3369 3028 θηριάλωτον
3422 2959 3532 3015 τῶν
3580 2963 3840 3033 χαλεπιῖιν

2162 3039 2474 3113 ἀπαλλάξῃς
2512 3041 2731 3112 θηρίων.
2772 3042 2904 3095 Τίνα
2964 3043 3071 3117 γάρ
3126 3046 3192 3100 ἀν
3241 3049 3425 3120 σχοίης
3482 3051 3836 3123 συγγνώμην,

2161 3126 2280 3178 τίνα
2351 3127 2670 3212 ἀπολογίαν;
2729 3129 2822 3192 EE;
2898 3131 3209 3187 ἀποστόλων
3267 3139 3676 3208 παραγινόμιθα
3729 3141 3838 3212 θή-

2164 3229 2294 3275 κας·
2341 3211 2554 3282 ὁρῶμεν
2597 3213 2776 3266 αὐτῶν
2831 3215 2900 3269 τά
2935 3218 3222 3290 τραύματα
3275 3222 3369 3275 καὶ
3415 3223 3484 3276 τά
3534 3211 3835 3296 στίγματα,

2163 3298 2223 3353 τὸ
2252 3294 2389 3369 αἷμα
2432 3301 2492 3353 τὸ
2539 3300 2658 3371 ῥέον
2689 3301 2748 3354 τὸ
2787 3305 3012 3374 χρυσίου
3059 3307 3419 3380 τιμιώτερον,
3449 3309 3546 3374 τάς
3575 3294 3794 3378 ἁλύσεις
3813 3354 3834 3380 ,

2163 3388 2256 3451 τὰς
2292 3388 2559 3458 μάστιγας
2581 3428 2596 3449 ,
2640 3389 2765 3452 τοὺς
2808 3389 3070 3458 θανάτους
3104 3397 3228 3460 τοὺς
3276 3396 3670 3470 καθημερινοὺς
3691 3442 3707 3467 ,
3734 3400 3838 3466 οὓς

2164 3473 2266 3526 ύπέ
2276 3490 2306 3542 ρ
2330 3472 2429 3542 τῆς
2464 3473 2787 3543 Ἐκκλησίας
2819 3476 3018 3532 ἔπαθον
3041 3494 3056 3509 ⁸
3081 3480 3171 3534 τὸν
3200 3483 3409 3536 Παύλου
3429 3484 3676 3557 μαθητήν
3693 3488 3844 3558 μετά

2164 3559 2376 3614 Παύλου
2397 3561 2669 3632 πανταχοῦ
2702 3565 3110 3636 περιτρέχοντα,
3145 3569 3239 3622 καὶ
3265 3570 3340 3641 τῷ
3359 3571 3660 3644 διδασκάλῳ
3686 3591 3839 3646 παρ-

2166 3646 2479 3717 ισούμενον,
2529 3649 2618 3701 καὶ
2656 3649 2746 3704 τὸν
2797 3652 2994 3723 μόσχον
3033 3654 3109 3726 τῷ
3141 3656 3324 3728 ταύρῳ
3357 3659 3837 3732 συμϐεϐλημένονο

2162 3735 2253 3787 τὸν
2274 3735 2366 3787 τοῦ
2395 3734 2610 3808 πρώτου
2652 3737 2757 3791 τῶν
2791 3740 3099 3795 ἀποστόλων
3125 3743 3350 3814 ἀδελφὸν
3369 3786 3384 3810 ,
3426 3747 3515 3800 τὸν
3556 3749 3710 3802 ἀλιέα
3737 3751 3840 3804 τὸν

2165 3821 2406 3891 σαγήνην
2436 3821 2768 3878 ἀπλώσαντα
2804 3825 2896 3877 καὶ
2925 3826 3240 3898 ἀνθρώπους
3271 3832 3392 3884 ἀντὶ
3429 3833 3624 3903 ἰχθύων
3655 3835 3842 3889 ἁλιεύ-

2165 3925 2353 3973 σαντα,
2383 3909 2475 3961 τὸν
2489 3904 2582 3958 τοῦ
2617 3910 2939 3980 Εὐαγγελίου
2971 3916 3216 3986 κήρυκαο
3242 3920 3336 3971 καὶ
3363 3920 3614 3992 καθάπερ
3642 3925 3700 3975 ἐν
3721 3924 3843 3976 λει-

2168 3995 2304 4067 μῶνι
2359 4000 2472 4062 τοῖς
2517 3999 2720 4053 τούτων
2771 4001 3125 4074 ὲντρυφῶμεν
3176 4007 3614 4080 κατορθώμασιν.
3671 4012 3733 4065 Οί
3775 4012 3840 4068 δὲ

2164 4085 2391 4152 ἀφέντες
2408 4088 2574 4158 ήμᾶς,
2595 4087 2775 4141 ἵππων
2791 4089 2996 4158 ἀλόγων
3017 4091 3281 4164 κάθηνται
3297 4097 3602 4167 γιγνόμενοι
3619 4097 3838 4164 θεαταὶ,

2163 4169 2451 4244 λοιδορίαις
2496 4175 2587 4227 καὶ
2617 4174 2837 4248 ὕϐρεσιν
2875 4177 3129 4248 ἀλλήλους
3170 4181 3492 4249 πλύνοντες,
3533 4185 3701 4255 θυμὸν
3733 4189 3842 4250 καὶ

2170 4261 2352 4330 μάχην
2382 4263 2479 4314 ούκ
2509 4261 2734 4332 ἔχουσαν
2759 4264 3026 4335 πρόφασιν
3055 4267 3402 4335 ἀνάπτοντες,
3425 4273 3703 4343 χαίροντες
3730 4292 3838 4344 χα-

2165 4347 2260 4414 ράν
2279 4346 2453 4417 λύπης
2473 4347 2826 4420 ἀθλιωτέραν,
2850 4352 2990 4423 ὑπὲρ
3016 4353 3242 4425 ἡνιόχων
3264 4357 3556 4423 νικώντων,
3581 4360 3722 4431 ὑπὲρ
3747 4361 3842 4414 ἰπ-

2162 4449 2277 4484 πων
2321 4434 2705 4506 διακλωμένων
2733 4453 2747 4468 ο
2791 4431 2852 4490 οὗ
2892 4439 2946 4491 τί
2998 4441 3191 4508 γένοιτ’
3236 4444 3302 4498 ἂν
3349 4446 3712 4520 ἀλογώτερονς
3760 4450 3836 4503 Τί

2292 4521 2518 4591 χαίρεις,
2543 4524 2662 4576 εἰπέ
2699 4542 2816 4595 μοι;
2850 4526 2900 4578 τί
2933 4527 2988 4579 δέ
3020 4533 3242 4601 σκιρτᾷς
3269 4534 3360 4584 καὶ
3382 4535 3556 4606 πηδᾷς
3582 4538 3672 4589 καί
3701 4555 3839 4604 σαι-

2159 4605 2282 4675 δρδς
2299 4609 2644 4674 καταϐαίνεις
2673 4611 2913 4675 ἐκεῖθενς
2941 4615 3012 4667 Συ
3035 4614 3090 4668 δὲ
3113 4616 3256 4680 τίνος
3302 4619 3486 4672 ἕνεκεν
3502 4605 3692 4688 ἀλγεῖς
3731 4627 3839 4678 καὶ
3919 4676 3936 4689 ,

2159 4693 2472 4767 ἐγκαλύπτῃ
2496 4698 2588 4750 καὶ
2612 4699 2760 4752 κάτω
2786 4699 3013 4765 κύπτεις
3043 4705 3135 4756 καὶ
3159 4705 3255 4774 την
3283 4707 3476 4760 σαυτοῦ
3506 4708 3682 4780 ψυχὴν
3712 4712 3842 4766 ὀδυ-

2158 4781 2275 4850 νᾷς,
2298 4782 2380 4834 ὅτι
2409 4785 2438 4836 6
2473 4784 2620 4837 δεῖνα
2646 4786 2937 4857 ἐκράτησε,
2962 4790 3054 4842 καὶ
3083 4791 3355 4864 ἐκρατήθη
3377 4794 3626 4867 θάτερος;
3656 4799 3750 4852 καὶ
3780 4800 3840 4855 τί

2159 4866 2331 4959 ταῦτα
2371 4871 2505 4939 πρὸς
2533 4872 2626 4934 σέ;
2667 4875 2818 4925 ποῖον
2851 4875 2883 4943 ή
2918 4874 3059 4946 λύπη
3104 4877 3276 4950 αὕτη,
3325 4883 3357 4952 ἢ
3389 4883 3421 4953 ή
3473 4866 3634 4954 ἡδονὴ
3684 4885 3836 4959 αῦτη

2157 4951 2313 5022 λόγον
2345 4955 2410 5007 ἀν
2442 4956 2589 5026 ἔχοις
2624 4959 2768 5022 τίνος
2815 4959 2872 5012 δὲ
2901 4961 2999 5013 ούκ
3032 4962 3096 5015 ἂν
3128 4965 3209 5035 εἴη
3261 4951 3531 5034 κολάσεως
3565 4951 3839 5044 ἑκάτερος

2335 5043 2502 5108 ἄξιος,
2527 5049 2624 5116 τῆς
2656 5047 2754 5116 μὲν
2783 5049 2976 5102 ἐαυτοῦ
2993 5051 3170 5121 ψυχῆς
3203 5056 3321 5108 καθ’
3345 5057 3581 5129 ἑκάστην
3607 5042 3835 5131 ἡμέραν

2159 5128 2264 5182 ὑπὸ
2293 5131 2401 5184 τῶν
2428 5132 2616 5185 παθῶν
2656 5139 3115 5209 παρασυρομένης
3142 5142 3329 5195 οὐδένα
3375 5128 3690 5216 ποιούμενος
3719 5128 3834 5202 16-

2157 5234 2272 5286 γον,
2303 5217 2437 5289 ὑπὲρ
2463 5219 2519 5272 δὲ
2549 5219 2758 5288 ἀλόγων
2777 5221 2929 5286 ζώων
2957 5227 3049 5278 καὶ
3072 5227 3167 5280 ἀνθ
3177 5228 3372 5299 ρώπων
3391 5232 3592 5304 ἐτέρων
3609 5235 3833 5301 ἀλόγων

2156 5304 2440 5393 χαίρων,ή
2473 5307 2842 5379 ὀδυνώμενος;
2900 5312 3039 5364 Ἀλλ’
3072 5315 3156 5368 ἵνα
3187 5318 3260 5388 μὴ
3301 5319 3459 5373 πάλιν
3484 5320 3581 5393 τήν
3607 5323 3834 5380 ἃπασαν

2156 5391 2385 5457 διάλεξιν
2429 5395 2508 5457 είς
2548 5394 2721 5450 ταῦτα
2760 5400 3259 5471 καταναλώσαντες,
3299 5391 3696 5480 δαπανήσωμεν
3731 5413 3835 5467 τὸν

2157 5481 2376 5550 καιρὸν,
2409 5481 2506 5552 τὴν
2554 5481 2837 5554 διόρθωσιν
2875 5488 3095 5542 ἐκείνων
3134 5492 3521 5566 ἐπιτρέψαντες
3565 5499 3715 5570 ὑμῶν
3757 5505 3830 5572 τῇ

2158 5567 2366 5640 ἀγάπῃ,
2398 5568 2505 5624 τῶν
2539 5572 2777 5643 σήμερον
2813 5574 3265 5643 ἀναγνωσθέντων
3297 5583 3582 5654 ἁψώμεθα,
3603 5567 3717 5642 νκαὶ
3743 5567 3834 5654 είς

2224 5676 2251 5713 ι’
2269 5674 2510 5738 Βοέοινιίι,
2532 5685 2584 5729 ιιι
2605 5681 2816 5742 videtur,
2843 5687 3072 5745 particula
3094 5688 3166 5738 ἀν.
3634 5665 3648 5672 ’
