4092 6206
303 356 392 412 517

301 476 494 521 tetatem
528 466 791 535 pervenit,
825 480 927 519 non
961 474 1136 534 potest
1159 478 1340 518 areum
1371 460 1611 527 tendere,
1646 473 1750 513 non
1782 465 1863 512 te-

301 559 397 614 lum
425 560 669 613 emittere
689 600 703 623 ,
737 573 842 612 non
872 558 1076 611 hastam
1106 556 1349 619 vibrare,
1380 567 1553 622 neque
1580 552 1632 606 in
1672 563 1865 620 equum

1006 352 1049 409 Χ
1091 349 1393 414 llOMlLlA,
1437 347 1499 402 IN
1542 344 1765 410 lLLUD,
1807 343 2047 400 MESSIS
2084 342 2345 411 QUIDEM
2389 343 2644 413 MULTA,
2688 344 2823 402 ETC
3447 353 3550 402 MS

1982 458 2268 527 nonaginta
2298 474 2487 512 novem
2514 461 2702 516 ovibus
2729 462 2928 517 relictis
2970 462 3037 517 ad
3084 479 3241 518 unam
3284 480 3548 523 erranti-tn

1977 549 2329 619 properabat,
2362 566 2533 621 nepte
2563 552 2709 621 prius
2732 554 2970 620 abstitit,
2998 570 3157 626 quam
3181 556 3327 612 illam
3349 559 3413 612 ad
3434 576 3551 628 gre-

299 649 675 712 eonscendere,
705 664 878 719 neque
904 664 1085 704 muros
1111 662 1418 718 oppugnare
1442 687 1457 711 ,
1509 659 1682 715 neque
1724 641 1867 696 aliud
1905 636 1936 660 “
1972 655 2092 710 gem
2112 642 2449 709 reduxisset;
2479 645 2807 717 multamque
2823 662 2885 702 ea
2910 648 2961 702 in
2989 664 3049 705 re
3068 664 3251 706 curam
3270 650 3555 722 impendit.

300 740 561 811 quidpiam
587 740 846 809 ejusmodi
876 739 1050 794 facere
1079 755 1093 791 :
1124 749 1179 794 et
1203 738 1530 808 gubernator
1553 776 1569 803 ,
1618 749 1738 789 cum
1783 747 1869 787 se-

301 844 475 888 nectus
504 832 645 886 vires
663 832 979 897 attenuavit,
1002 845 1108 885 non
1138 839 1311 899 potest
1328 828 1480 883 funes
1500 826 1734 892 tendere,
1762 838 1866 879 non

301 928 407 982 vela
437 926 748 995 extendere,
770 940 877 981 non
908 923 1319 992 gubernaculum
1353 931 1602 987 tractare,
1627 934 1731 973 non
1761 917 1869 971 cla-

300 1034 389 1074 vos
412 1017 721 1084 transferre,
754 1034 860 1074 non
888 1032 1012 1074 cum
1038 1015 1285 1071 ﬂuctibus
1322 1027 1580 1085 pugnare,
1618 1025 1717 1065 nec
1741 1006 1867 1080 quid

302 1113 463 1167 simile
505 1110 698 1165 facere.
734 1110 940 1175 Rursus
987 1108 1219 1179 agricola
1269 1107 1323 1161 in
1369 1114 1526 1160 astate
1569 1103 1723 1158 senili
1763 1116 1869 1156 non

304 1205 454 1261 boves
480 1204 723 1274 jungere,
758 1218 863 1257 non
892 1210 1127 1257 aratrum
1156 1200 1391 1262 trahere,
1420 1214 1526 1253 non
1552 1211 1737 1253 secare
1764 1204 1874 1251 ter-

304 1312 404 1350 ram
434 1305 524 1349 aut
544 1295 724 1350 sulcos
752 1293 999 1349 scindere
1018 1334 1031 1359 ,
1060 1308 1167 1346 non
1211 1291 1461 1346 arborem
1500 1289 1679 1344 colere
1703 1327 1718 1353 ,
1762 1301 1868 1340 non

304 1389 615 1444 metentibus
644 1403 702 1443 se
728 1387 1056 1457 adjungere,
1091 1400 1194 1438 non
1235 1382 1435 1453 aliquid
1478 1381 1651 1436 simile
1696 1378 1871 1433 facere

306 1480 486 1549 poterit
518 1496 530 1533 :
565 1478 658 1533 sed
688 1493 874 1533 eorum
908 1477 1101 1547 singuli
1119 1474 1263 1529 domi
1286 1474 1492 1537 sedent,
1518 1471 1688 1525 anatis
1718 1469 1875 1525 debi-

306 1570 442 1625 litate
480 1570 706 1637 detenti,
742 1584 806 1624 ac
856 1568 1177 1624 necessitate
1216 1579 1406 1636 magna
1434 1572 1490 1619 et
1515 1563 1643 1617 nihil
1666 1561 1874 1615 valente

302 1673 566 1719 senectute
595 1662 902 1734 compediti.
922 1660 1117 1716 Verum
1142 1676 1246 1714 non
1274 1659 1351 1714 sic
1382 1658 1631 1713 Ecclesia:
1651 1656 1871 1720 doetor;

301 1759 388 1810 sed
415 1766 535 1810 tunc
560 1755 799 1810 maxime
841 1752 1210 1817 concertabit,
1256 1750 1609 1819 concionique
1656 1760 1872 1816 Operam

300 1847 470 1914 dabit,
507 1848 804 1903 doctrinam
834 1854 1130 1917 proponet,
1154 1854 1205 1899 et
1237 1842 1416 1914 populi
1446 1855 1623 1896 mores
1652 1852 1875 1908 compo-

302 1958 427 1996 nere
456 1941 757 1996 conabitur.
790 1941 1051 1995 Senectus
1082 1939 1225 1992 enim
1252 1937 1304 1990 in
1331 1935 1449 1990 aliis
1492 1931 1706 2003 quidem
1746 1944 1876 1984 con-

302 2033 589 2089 ditionibus
619 2033 819 2087 inutilis
849 2042 952 2097 est,
979 2033 1030 2085 in
1054 2028 1293 2085 Ecclesia
1324 2036 1501 2082 autem
1541 2006 1678 2079 et‘iu
1710 2022 1878 2076 virtu-

304 2127 367 2179 tis
434 2122 708 2178 laboribus
755 2123 1060 2177 utilissima.
1107 2120 1318 2176 Etenim
1364 2117 1553 2172 beatus
1604 2114 1877 2170 Abraham

303 2227 422 2270 tunc
464 2217 753 2269 maximum
782 2224 1056 2269 certamen
1099 2210 1215 2266 iniit
1256 2224 1377 2267 cum
1411 2204 1713 2277 hujusmodi
1744 2217 1873 2259 aeta-

302 2311 366 2363 tis
403 2318 566 2363 esset.
599 2308 747 2363 Tunc
789 2307 956 2375 enim,
1009 2315 1135 2360 tune
1178 2313 1384 2359 natura:
1438 2297 1769 2374 tyrannidem
1799 2296 1877 2351 vi-

300 2404 391 2469 cit,
420 2412 475 2458 et
498 2401 662 2455 lilium
691 2401 939 2455 mactavit
968 2417 983 2455 :
1019 2397 1270 2453 mactavit
1289 2394 1430 2450 enim
1455 2394 1501 2448 si
1530 2408 1634 2446 non
1663 2404 1742 2453 re,
1774 2386 1879 2442 sal-

304 2507 408 2550 tem
435 2495 734 2560 voluntate;
767 2494 935 2549 sinon
958 2507 1076 2547 cum
1095 2491 1170 2546 rei
1194 2490 1321 2557 line,
1344 2495 1398 2542 at
1419 2502 1539 2543 eum
1564 2482 1873 2556 proposito;

302 2589 343 2641 si
367 2603 474 2641 non
505 2601 689 2656 opere,
722 2593 775 2639 at
804 2594 984 2639 mente
1016 2602 1028 2637 :
1059 2594 1185 2637 tunc
1222 2594 1439 2635 suorum
1474 2578 1587 2647 ipse
1613 2577 1878 2630 viscerum

298 2676 552 2732 sacerdos
580 2674 748 2730 factus
774 2683 876 2739 est,
905 2683 957 2729 et
987 2689 1051 2728 ex
1080 2672 1195 2743 ipsa
1221 2670 1332 2726 fere
1362 2679 1549 2724 natura
1566 2681 1685 2723 sese
1705 2675 1880 2720 trans-

298 2770 507 2832 ferens,
540 2768 677 2822 etin
723 2766 913 2820 etelum
957 2764 1237 2834 appellens
1265 2803 1281 2828 ,
1332 2757 1705 2814 admirandum
1748 2754 1879 2810 illud

294 2877 347 2918 et
376 2861 698 2932 stupendum
727 2874 861 2930 opus
887 2857 1129 2929 perfecit.
1155 2855 1223 2910 Et
1244 2854 1459 2919 Paulus,
1490 2852 1638 2907 orbis
1664 2849 1877 2915 doctor,

298 2958 348 3011 in
368 2954 627 3027 profunda
645 2962 917 3009 senectute
935 2951 1001 3007 ad
1026 2949 1297 3006 mirabiles
1316 2947 1437 3003 illos
1448 2961 1646 3019 agones
1659 2958 1882 3014 appara-

297 3062 383 3104 tus
412 3057 548 3115 erat,
577 3055 631 3102 et
656 3045 886 3110 vincula,
933 3052 1151 3098 catenas
1191 3049 1247 3096 et
1287 3052 1534 3095 carceres
1566 3038 1619 3092 in
1667 3035 1883 3090 seniore

295 3154 532 3209 corpore
560 3152 682 3192 cum
726 3136 894 3190 multa
935 3132 1235 3188 constantia
1279 3128 1523 3185 ferebat:
1551 3134 1606 3182 et
1642 3125 1746 3180 hoc
1793 3124 1885 3180 ille

296 3233 581 3287 declarans
609 3228 821 3284 dicebat
846 3244 857 3279 :
885 3224 953 3281 Ut
978 3224 1176 3279 Paulus
1198 3239 1350 3279 senex
1372 3263 1387 3287 ,
1433 3237 1567 3275 nunc
1593 3227 1646 3273 et
1688 3219 1885 3271 vinctus

294 3327 348 3378 in
378 3324 582 3378 Christo
601 3320 727 3375 Jesu
753 3318 1013 3392 (Philem.
1043 3318 1128 3387 9).
1161 3318 1229 3372 Et
1269 3316 1387 3370 btee
1420 3314 1567 3379 dico,
1610 3327 1716 3367 non
1741 3310 1912 3395 quod.

297 3415 633 3485 juventutem
660 3426 907 3483 spernam
941 3426 958 3469 :
1002 3424 1123 3464 nam
1153 3417 1207 3464 ct
1226 3407 1304 3462 illi
1326 3406 1416 3478 qui
1463 3406 1731 3459 fornacem
1779 3402 1887 3457 cal-

303 3494 531 3570 earunt,
563 3505 786 3574 juvenes
826 3501 1114 3557 admodum
1167 3510 1221 3554 et
1267 3499 1419 3569 pueri
1470 3506 1659 3561 erant;
1702 3506 1755 3550 et
1799 3495 1889 3565 qui

306 3600 606 3671 prephetite
635 3599 833 3652 donum
862 3595 1068 3665 accepit
1110 3593 1406 3658 Jeremias;
1447 3591 1629 3646 Daniel
1680 3603 1891 3659 quoque

301 3710 428 3749 cum
458 3694 641 3748 leones
664 3689 937 3753 frenabat,
970 3695 1025 3743 et
1055 3695 1272 3757 prepter
1299 3683 1615 3740 ineffabilem
1645 3680 1890 3735 fiduciam

300 3801 501 3841 arcana
558 3784 645 3837 illa
680 3782 1010 3837 somniorum
1056 3779 1199 3850 regis
1246 3778 1300 3832 in
1348 3775 1582 3831 medium
1628 3773 1886 3838 adduxit,

301 3881 468 3947 eique
494 3876 583 3947 qui
613 3875 822 3930 viderat
848 3871 1165 3937 declaravit,
1201 3868 1487 3925 admodum
1509 3866 1720 3937 juvenis
1748 3874 1890 3930 erat;

302 3981 362 4025 et
382 3968 520 4025 nihil
547 3964 916 4037 impedimenti
937 3964 1184 4035 juventus
1207 3960 1385 4016 attulit
1409 3959 1476 4014 ad
1502 3960 1751 4013 virtutem
1774 3956 1891 4010 viri.

302 4063 361 4117 ln
383 4060 623 4116 externis
644 4058 787 4114 enim
807 4056 990 4122 rebus,
1009 4065 1068 4110 ut
1087 4054 1219 4120 dixi,
1245 4062 1298 4109 et
1313 4060 1561 4107 senectus
1577 4057 1822 4121 provecta
1842 4056 1897 4102 et

295 4155 566 4223 juventus
598 4151 878 4204 immatura
909 4147 1134 4202 multum
1161 4144 1543 4215 impedimento
1572 4139 1768 4195 fuerint
1795 4155 1808 4192 :
1844 4140 1895 4193 in

300 4245 527 4300 virtutis
550 4259 680 4297 vero
701 4240 1085 4297 certaminibus
1114 4254 1219 4294 non
1249 4239 1398 4301 item,
1433 4234 1525 4290 sed
1554 4247 1660 4288 uno
1688 4240 1892 4287 tantum

299 4338 477 4392 animi
521 4336 793 4406 proposito
836 4341 921 4388 est
956 4346 1093 4401 opus
1135 4330 1419 4397 animaque
1463 4332 1787 4396 praeparata;
1835 4336 1899 4378 ac

302 4444 492 4497 neque
516 4427 768 4496 juventus
797 4431 880 4479 est
907 4422 1109 4477 inutilis
1128 4463 1142 4486 ,
1170 4435 1344 4489 neque
1370 4417 1576 4472 senium
1622 4415 1856 4483 ineptum
1880 4430 1895 4477 ;

302 4521 411 4576 sed
431 4521 482 4574 in
496 4528 720 4589 utraque
735 4526 890 4572 actate
903 4514 1029 4570 oriri
1041 4512 1241 4567 videris
1258 4522 1493 4565 maturos
1512 4507 1711 4562 fructus
1729 4506 1899 4575 pullu-

307 4616 494 4669 lantes
518 4653 533 4678 ,
560 4608 870 4674 dummodo,
895 4616 953 4662 ut
980 4605 1220 4661 dicebam
1246 4644 1260 4668 ,
1288 4601 1518 4655 animam
1545 4598 1664 4669 quis
1706 4596 1902 4651 habeat

305 4705 565 4774 vigilem,
592 4711 645 4756 et
667 4716 787 4773 quae
813 4700 945 4755 sciat
974 4693 1356 4769 philosophari,
1406 4701 1564 4760 atque
1598 4706 1662 4746 ex
1710 4702 1900 4758 magna

306 4800 523 4850 virtute
550 4794 681 4850 ’Dei
736 4790 1161 4849 benevolentiam
1192 4785 1442 4841 attrahat.
1489 4782 1568 4839 Ne
1608 4783 1727 4854 quis
1774 4796 1903 4851 ergo

302 4888 541 4953 obiiciat
567 4886 632 4940 ad
656 4884 904 4956 segnitiei
929 4882 1328 4937 excusationem
1359 4876 1440 4931 vel
1460 4875 1795 4946 juventutem
1819 4871 1901 4926 vel

302 4986 651 5035 senectutem
674 4993 688 5040 ;
716 4971 1143 5047 quandoquidem
1162 4971 1323 5025 etiam
1341 4982 1483 5023 nunc
1498 4965 1648 5021 multi
1670 4964 1903 5035 juvenes

307 5076 427 5126 huc
456 5070 730 5140 spirituale
771 5068 1040 5123 theatrum
1070 5064 1276 5135 replent
1297 5078 1312 5127 ;
1331 5075 1488 5117 senes
1507 5068 1685 5115 autem
1717 5058 1769 5113 in
1788 5056 1903 5127 hip-

310 5166 600 5235 podromis
629 5163 878 5218 indecore
900 5176 958 5215 se
984 5167 1196 5230 gerunt.
1227 5155 1331 5211 Alii
1363 5170 1489 5211 vero
1509 5167 1668 5209 senes
1692 5165 1903 5207 rursum

304 5258 575 5314 canitiem
598 5257 910 5310 concionem
939 5252 1216 5306 audientes
1236 5257 1427 5303 ornant
1452 5264 1468 5312 ;
1506 5245 1729 5317 juvenes
1777 5256 1906 5299 vero

304 5350 411 5404 alii
442 5364 536 5418 per
562 5348 649 5401 illa
675 5344 976 5415 spectacula
1013 5342 1345 5413 juventutem
1388 5352 1539 5392 suam
1567 5333 1785 5390 rationis
1802 5344 1900 5418 ex-

306 5449 530 5512 pertem
563 5443 1001 5493 commonstrant.
1038 5431 1255 5486 Etiamsi
1288 5429 1431 5484 enim
1462 5426 1614 5481 multi
1641 5426 1728 5480 hic
1757 5410 1908 5480 corr-

304 5539 627 5603 pareant,at
652 5544 756 5584 non
786 5528 952 5582 satior
985 5541 998 5577 :
1025 5522 1354 5594 nequeenim
1377 5519 1568 5574 multos
1594 5528 1793 5571 tantum
1822 5516 1908 5570 hic

305 5625 515 5678 adesse
556 5620 772 5685 vellem,
801 5617 896 5673 sed
942 5630 1149 5678 omnes,
1180 5624 1232 5668 et
1259 5612 1523 5667 neminem
1567 5609 1634 5662 ab
1680 5606 1906 5662 ecclesia

306 5717 535 5770 abesse.
568 5712 905 5781 Quapmpter
930 5706 1181 5780 quamdiu
1212 5714 1361 5760 extra
1387 5702 1593 5757 caulam
1640 5698 1714 5754 illi
1760 5709 1902 5759 sunt.

308 5808 604 5872 dirumpor
628 5813 679 5856 ct
703 5799 974 5854 doloribus
1001 5798 1289 5851 diseindor.
1320 5796 1447 5849 Nam
1475 5806 1654 5866 pastor
1696 5792 1782 5847 ille
1813 5788 1902 5860 qui

648 5899 920 5960 Parnon.
968 5895 1085 5957 Gn.
1134 5893 1356 5955 LXlll.

1974 731 2323 788 Centenarius
2349 736 2490 789 enim
2522 752 2773 792 numerus
2801 739 3149 810 claudicabat,
3187 744 3360 801 donec
3389 761 3551 801 unam

1975 826 2207 892 accepit,
2232 834 2284 879 et
2308 835 2432 880 tunc
2452 838 2664 882 centum
2694 844 2818 885 vere
2838 842 3050 886 centum
3081 832 3231 891 fuere
3255 878 3269 902 ,
3309 853 3429 892 cum
3464 838 3553 892 illa

1976 913 2191 969 reducta
2225 925 2279 969 et
2302 925 2513 971 servata
2541 917 2659 971 fuit.
2690 919 2764 973 Ne
2792 935 2920 991 ergo
2957 923 3086 977 mihi
3136 924 3335 982 dixeris
3383 945 3549 982 unum

1975 1018 2095 1059 esse
2109 1004 2324 1060 fratrem
2341 1009 2428 1077 qui
2457 1010 2630 1077 periit;
2655 1010 2746 1064 sed
2768 1012 2940 1082 cogita
2954 1013 3095 1083 quod
3115 1016 3183 1069 sit
3204 1016 3388 1083 frater,
3410 1020 3554 1088 quod

1976 1098 2107 1153 illud
2130 1100 2218 1165 sit,
2254 1102 2452 1157 animal
2481 1104 2634 1173 cujus
2664 1105 2803 1159 Deus
2836 1115 3035 1161 tantam
3073 1122 3255 1164 curam
3278 1113 3432 1181 gerit.
3457 1129 3557 1182 pro

1976 1204 2082 1259 quo
2101 1198 2243 1244 tanta
2262 1189 2398 1246 facta
2421 1192 2591 1260 fuere,
2610 1209 2705 1263 pro
2722 1210 2829 1264 quo
2849 1199 3113 1265 pretiosus
3133 1203 3347 1271 sanguis
3359 1202 3558 1260 effusus

1975 1289 2029 1335 et
2052 1290 2253 1336 tantum
2277 1284 2505 1353 pretium
2528 1286 2761 1341 solutum
2792 1287 2889 1343 fuit
2910 1306 2922 1341 :
2946 1300 3164 1359 propter
3184 1309 3340 1363 quem
3364 1297 3554 1350 ca‘lum

1977 1384 2256 1429 extensum
2277 1385 2378 1443 est,
2404 1379 2481 1431 sol
2510 1393 2766 1435 accensus
2793 1391 2893 1447 est,
2913 1383 3031 1436 luna
3056 1386 3244 1451 currit,
3270 1389 3445 1441 varius
3470 1389 3558 1444 ille

1978 1467 2249 1523 stellarum
2278 1469 2476 1526 chorus
2508 1471 2692 1543 fulget,
2721 1489 2816 1528 aer
2844 1486 3096 1531 extensus
3119 1488 3221 1545 est,
3252 1497 3397 1536 mare
3423 1482 3556 1537 effu-

1978 1574 2117 1623 sum,
2160 1568 2298 1614 terra
2343 1561 2561 1617 fundata
2591 1576 2694 1629 est,
2742 1566 2917 1621 fontes
2961 1570 3279 1636 scaturiunt,
3337 1573 3555 1630 flumina

1981 1662 2217 1721 manant,
2246 1669 2457 1711 montes
2480 1657 2673 1712 firmati
2711 1669 2835 1715 sunt
2861 1679 2874 1715 :
2899 1672 3115 1732 propter
3141 1680 3297 1735 quem
3327 1675 3473 1736 prata
3505 1678 3560 1723 et

1983 1743 2143 1811 horti,
2178 1758 2396 1816 propter
2416 1766 2573 1820 quem
2604 1753 2810 1807 semina
2831 1764 2882 1808 et
2899 1755 3142 1820 arbores,
3163 1767 3381 1829 propter
3398 1776 3555 1829 quem

1979 1834 2187 1891 diversa
2213 1838 2509 1908 plantarum
2556 1858 2773 1912 genera,
2818 1857 3037 1916 propter
3076 1864 3233 1917 quem
3275 1866 3335 1904 ea
3362 1867 3480 1921 quae
3506 1854 3558 1905 in

1981 1930 2271 1998 montibus,
2312 1948 2429 2002 qua:
2474 1933 2804 2019 indesertis,
2850 1953 2970 2007 qntr.
2998 1939 3049 1992 in
3082 1940 3321 2008 urbibus,
3362 1958 3479 2010 qua:
3505 1944 3555 1997 in

1980 2019 2218 2090 planitie,
2247 2037 2365 2092 qua:
2395 2024 2448 2078 in
2487 2025 2742 2091 saltibus,
2774 2043 2893 2097 qua:
2922 2029 2973 2082 in
3006 2030 3233 2086 collibus
3283 2050 3295 2086 :
3346 2044 3560 2102 prOpIer

1980 2128 2138 2182 quem
2161 2113 2435 2169 innumera
2452 2116 2674 2186 piscium
2693 2119 3225 2191 multitudo,propter
3237 2140 3394 2193 quem
3418 2125 3559 2179 varia

1981 2204 2384 2275 quadrupedum
2414 2223 2636 2277 genera,
2683 2219 2787 2265 tam
2829 2210 3056 2267 diversae
3103 2216 3278 2268 avium
3317 2216 3559 2285 species;

1982 2307 2201 2367 propter
2222 2315 2380 2369 quem
2407 2301 2512 2368 lex,
2535 2302 2833 2373 prophetae,
2857 2306 3086 2373 apostoli
3113 2324 3127 2371 ;
3154 2319 3373 2377 prepter
3402 2325 3559 2378 quem

1983 2388 2262 2445 innumera
2303 2393 2559 2448 miracula
2608 2394 2745 2449 facta
2788 2405 2956 2451 sunt:
2986 2398 3112 2468 quid
3150 2415 3284 2468 opus
3322 2412 3405 2456 est
3456 2411 3562 2455 tam

1986 2484 2149 2537 multa
2180 2485 2398 2540 dicere?
2428 2497 2647 2557 propter
2692 2504 2852 2557 quem
2893 2490 3198 2561 unigenitus
3250 2493 3342 2549 Dei
3397 2494 3566 2552 Filius

1985 2575 2145 2630 homo
2175 2575 2345 2631 factus
2375 2588 2478 2641 est,
2507 2588 2561 2632 et
2590 2580 2818 2635 occisus.

2051 2672 2106 2728 2.
2134 2670 2332 2727 Caritas
2361 2689 2479 2742 ergo
2521 2673 2806 2744 proximum
2855 2678 3263 2733 commendatur.
3301 2678 3487 2734 Thecte
3522 2693 3567 2734 et

1982 2766 2206 2837 reliquiis
2240 2767 2614 2837 apostolorum.
2635 2799 2701 2809 —
2728 2766 2911 2841 Cogita
2939 2778 3135 2842 quanta
3155 2770 3295 2827 Deus
3316 2783 3568 2841 operatus

1984 2857 2054 2910 sit
2070 2873 2166 2927 pro
2178 2859 2350 2914 salute
2366 2859 2663 2926 hominum,
2682 2870 2735 2916 et
2757 2862 2960 2917 nullum
2981 2864 3247 2935 despicias
3266 2864 3566 2932 hominem;

1986 2949 2080 3005 sed
2107 2961 2391 3021 postquam
2422 2951 2527 3007 hoc
2551 2954 2831 3023 spirituale
2860 2954 3127 3011 theatrum
3176 2958 3409 3013 solutum
3453 2962 3566 3016 fue-

1988 3041 2075 3105 rit,
2098 3057 2279 3111 quacre
2299 3042 2445 3096 illum
2463 3044 2553 3113 qui
2583 3043 2773 3108 abfuit,
2806 3053 2860 3100 et
2885 3060 2952 3100 ne
2984 3048 3129 3116 prius
3159 3048 3387 3103 desistas
3408 3068 3590 3121 quam

1987 3132 2137 3188 illum
2167 3133 2454 3187 adduxeris
2481 3142 2537 3187 et
2562 3135 2716 3189 matri
2744 3135 3087 3205 conjunxeris
3106 3179 3121 3204 ,
3150 3146 3309 3208 atque
3353 3155 3381 3192 a
3431 3141 3571 3194 mala

1986 3225 2374 3280 consuetudine
2400 3225 2708 3290 abduxeris,
2732 3236 2785 3281 et
2810 3228 3077 3297 captivum
3110 3230 3406 3285 servaveris
3426 3270 3441 3295 ,
3486 3242 3567 3285 at-

1989 3334 2093 3389 que
2119 3320 2455 3373 submersum
2481 3318 2532 3372 in
2561 3334 2708 3374 mare
2734 3321 3054 3387 extraxeris,
3075 3330 3175 3377 eta
3204 3321 3334 3377 feris
3354 3332 3568 3393 captum

1989 3411 2057 3463 ab
2085 3410 2403 3465 immanibus
2436 3410 2627 3466 belluis
2648 3411 2981 3468 liberaveris.
2996 3414 3165 3481 Quam
3181 3415 3324 3469 enim
3338 3417 3567 3483 veniam,

1992 3518 2150 3573 quam
2186 3501 2555 3559 defensionem
2579 3503 2873 3560 habueris?
2897 3505 2976 3560 Ad
3004 3507 3368 3576 apostolorum
3394 3507 3575 3562 thecas

1993 3597 2238 3650 venimus
2263 3613 2279 3651 :
2312 3595 2554 3651 videmus
2593 3597 2667 3669 (α)
2709 3598 2947 3668 ipsorum
2974 3599 3191 3655 vulnera
3214 3609 3268 3655 et
3290 3600 3535 3670 stigmata
3557 3643 3572 3665 ,

1995 3691 2305 3759 sanguinem
2359 3689 2613 3743 ﬂuentem
2667 3703 2800 3744 auro
2853 3690 3267 3760 pretiosiorem,
3315 3701 3571 3754 catenas,

1998 3779 2226 3849 ﬂagella,
2260 3791 2458 3835 mortes
2485 3778 2845 3849 quotidianas,
2878 3796 3011 3851 quas
3041 3797 3136 3850 pro
3167 3780 3407 3836 Ecclesia
3437 3784 3576 3852 passi

1998 3880 2122 3927 sunt
2152 3892 2164 3926 :
2200 3871 2347 3925 Pauli
2377 3871 2696 3941 discipulum
2726 3871 2922 3940 ubique
2962 3887 3082 3925 cum
3132 3872 3301 3927 Paulo
3346 3873 3579 3927 circnm-

1997 3972 2324 4029 cnrrentem,
2356 3975 2409 4019 et
2437 3965 2692 4033 magistro
2720 3963 3061 4034 atquandum,
3095 3965 3427 4035 vitulumque
3455 3980 3579 4019 cum

2002 4068 2152 4112 tauro
2175 4059 2449 4129 jugatum;
2481 4058 2635 4127 pritui
2680 4057 3040 4127 apostolorum
3069 4059 3307 4124 fratrem,
3353 4059 3583 4128 piscato-

2001 4167 2145 4217 rem,
2201 4152 2288 4222 qui
2334 4165 2584 4221 sagenam
2611 4151 2923 4220 explicavit,
2978 4161 3030 4206 et
3072 4151 3320 4207 homines
3361 4166 3459 4220 pro
3503 4153 3583 4221 pi-

2010 4242 2186 4298 scibus
2212 4244 2446 4314 piscatus
2471 4253 2553 4299 est
2573 4262 2586 4312 ;
2607 4243 2876 4315 Evangelii
2896 4256 3199 4315 praeconem
3224 4264 3237 4300 :
3260 4253 3314 4297 et
3343 4243 3494 4313 quasi
3528 4245 3581 4296 in

2007 4347 2161 4406 prato
2190 4335 2255 4391 de
2282 4322 2701 4407 ejus-praeclaris
2728 4336 2891 4405 gestis
2916 4337 3173 4391 la:temur.
3207 4334 3307 4403 Qui
3334 4351 3460 4391 vero
3485 4351 3583 4390 nos

2006 4428 2392 4493 deseruerunt,
2449 4443 2709 4499 equorum
2767 4429 3210 4485 irrationabilium
3257 4437 3583 4499 spectatores

2004 4523 2211 4588 sedent,
2233 4522 2491 4577 conviciis
2517 4532 2570 4576 ct
2586 4521 2924 4576 contumeliis
2946 4536 3005 4575 se
3033 4529 3219 4576 mutuo
3243 4521 3582 4593 impetentes,

2008 4615 2242 4671 furorem
2293 4624 2347 4670 et
2391 4628 2643 4684 pugnam,
2700 4629 2819 4683 qua:
2865 4613 3064 4667 nullam
3092 4627 3308 4668 causam
3358 4612 3584 4679 habeat,

2010 4706 2390 4771 incendentes,
2430 4704 2622 4776 gaudio
2668 4702 2905 4759 fruentes
2943 4703 3083 4773 quod
3116 4702 3473 4758 miserabilius
3501 4711 3586 4759 est

2010 4801 2125 4870 ipso
2150 4798 2334 4853 dolore
2355 4842 2368 4863 ,
2405 4797 2472 4853 de
2516 4797 2715 4867 aurigis
2756 4797 3046 4851 victoribus
3072 4796 3160 4861 ,de
3184 4795 3432 4865 equismw
3476 4794 3586 4850 fra-

2009 4894 2107 4949 ctis
2139 4908 2276 4963 :quo
2307 4891 2431 4961 quid
2463 4889 2880 4944 irrationabilius
2903 4888 3093 4943 fuerit?
3112 4887 3220 4942 Cur
3244 4903 3428 4959 quaeso
3450 4903 3583 4959 gau.

2010 4984 2145 5041 des?
2171 4999 2266 5039 cur
2282 4982 2540 5045 exsultas,
2583 4996 2678 5035 cur
2695 4979 2875 5035 exsilis
2896 5019 2911 5045 ,
2944 4988 2997 5033 et
3019 4978 3144 5034 inde
3174 4978 3326 5033 lautus
3358 4977 3582 5033 descen-

2010 5077 2126 5133 dis?
2148 5076 2226 5131 Tu
2239 5091 2367 5131 vero
2379 5089 2472 5128 cur
2483 5072 2650 5137 doles,
2673 5081 2721 5127 et
2742 5088 2850 5142 prae
2874 5071 3077 5140 pudore
3098 5079 3151 5125 te
3172 5070 3412 5126 occultas
3427 5078 3587 5140 caput

2012 5171 2295 5237 inclinans,
2324 5169 2664 5237 animumque
2696 5175 2842 5220 tuum
2865 5166 3126 5229 lacerans,
3156 5164 3299 5234 quod
3328 5164 3418 5219 ille
3440 5164 3586 5228 vicit,

2011 5263 2218 5318 etalter
2246 5261 2414 5316 victus
2453 5258 2573 5313 est?
2603 5268 2656 5312 et
2684 5256 2811 5328 quid
2858 5257 2971 5310 haec
2998 5255 3062 5309 ad
3097 5255 3191 5311 te?
3233 5270 3391 5325 quam
3428 5256 3594 5309 ratio.

2015 5370 2138 5410 nem
2169 5352 2365 5408 habere
2386 5348 2554 5420 possit
2580 5347 2693 5402 haec
2715 5362 2811 5402 seu
2839 5346 3075 5412 tristitia,
3107 5360 3201 5400 seu
3232 5344 3455 5399 laetitia?
3483 5360 3591 5415 quo

2015 5446 2277 5516 supplicio
2321 5452 2542 5510 uterque
2571 5440 2713 5510 digni
2743 5454 2851 5493 non
2877 5436 3082 5492 fueritis
3104 5478 3118 5503 ,
3148 5450 3270 5490 eum
3296 5435 3472 5490 anima
3505 5444 3593 5489 tua

2014 5536 2253 5609 quotidie
2297 5533 2348 5587 in
2390 5531 2530 5585 vitiis
2580 5530 2863 5594 volutetur,
2910 5527 2962 5581 id
3004 5527 3133 5581 nihil
3195 5539 3323 5579 cura
3352 5565 3367 5589 ,
3419 5523 3597 5592 deque

2016 5628 2333 5695 animalibus
2383 5622 2866 5687 irrationabilibus,
2917 5618 3091 5691 deque
3117 5616 3425 5673 hominibus
3464 5615 3594 5686 ipsis

2081 5792 2154 5856 (α)
2179 5790 2270 5843 Vel
2297 5791 2345 5840 in
2371 5788 2555 5852 pictura
2582 5785 2661 5839 vel
2686 5797 2773 5850 per
2799 5782 3211 5847 tmagmationem.

3109 5855 3184 5922 ‘26
