4092 6206
561 344 666 402 519

560 461 721 513 etiam
770 454 981 511 ratione
1030 452 1373 515 carentibus,
1406 448 1607 523 gaudes
1654 446 1739 503 vel
1780 446 1974 505 doles?
2024 443 2130 501 Sed

560 564 625 603 ne
657 561 842 602 rursus
872 553 1034 602 totam
1066 539 1376 601 concionem
1410 542 1461 599 in
1493 540 1609 598 hmc
1635 538 1964 595 insumentes
1995 545 2131 591 tem-

560 654 657 708 pus
712 647 986 701 teramus,
1040 634 1253 689 illorum
1301 631 1639 701 correptione
1682 638 1875 685 vestrm
1923 625 2132 683 caritati

558 726 951 788 commendata,
980 724 1043 783 iis
1071 740 1192 795 qua:
1229 722 1397 779 hodie
1444 722 1578 776 lecta
1627 730 1752 774 sunt
1775 720 1965 774 demus
1994 732 2130 787 ope-

560 838 694 883 ram,
722 819 850 874 etin
881 816 1277 886 Scripturarum
1296 814 1594 868 divinarum
1618 820 1823 883 pratum
1844 824 1938 864 vos
1973 807 2130 863 indu-

551 927 675 966 cere
707 907 1024 966 conabimur
1052 923 1065 960 :
1098 922 1221 961 nam
1254 906 1340 960 illa
1390 913 1540 973 prato
1580 910 1704 958 sunt
1728 901 1946 955 similia.
1978 898 2129 955 Sicut

548 1005 690 1059 enim
723 1004 777 1058 in
807 1010 960 1075 prato
990 999 1188 1057 divorsi
1217 997 1378 1053 tiores
1401 1006 1542 1059 sunt,
1573 1008 1761 1051 omnes
1798 1001 1973 1047 autem
2004 990 2124 1061 pul-

547 1093 799 1149 cherrimi
824 1092 1141 1165 spectatoris
1170 1088 1355 1143 oculos
1372 1087 1647 1141 attrahunt
1675 1101 1688 1136 :
1718 1083 1788 1137 ita
1816 1092 1870 1137 et
1899 1083 1950 1143 in
1981 1079 2125 1135 Scri-

546 1189 716 1259 pturis
748 1186 944 1242 divinis
991 1183 1175 1240 videre
1213 1190 1315 1236 est.
1347 1179 1477 1234 Nam
1525 1177 1711 1232 beatus
1740 1175 1904 1235 David
1954 1173 2019 1227 ad
2063 1187 2124 1227 se

543 1291 779 1335 mentem
799 1287 1035 1333 nostram
1052 1272 1289 1337 attrahit,
1312 1281 1365 1326 et
1382 1268 1736 1340 apostolicum
1758 1266 1958 1322 dictum
1978 1265 2120 1323 circa

542 1370 916 1432 Timotheum;
946 1366 1272 1435 insuperque
1289 1360 1462 1416 audax
1494 1360 1585 1415 ille
1615 1359 1778 1413 lsnias
1799 1357 1866 1412 de
1887 1357 2117 1413 humana

541 1472 728 1516 natura
759 1455 1166 1533 philosopharis,
1202 1452 1520 1523 illornmque
1550 1449 1806 1505 Dominus
1830 1447 1988 1503 Jesus
2032 1446 2118 1501 di-

540 1552 776 1622 scipulos
803 1550 1103 1619 alloquens,
1134 1560 1197 1600 ac
1225 1545 1410 1599 dicens
1441 1560 1456 1594 :
1490 1540 1670 1597 Messi:
1696 1539 1897 1611 quidem
1929 1539 2108 1603 multa,

538 1642 762 1713 aperarii
809 1649 977 1693 autem
1020 1637 1173 1709 pauci
1217 1633 1448 1708 (Matth.
1493 1631 1546 1688 9.
1576 1633 1643 1687 37
1665 1633 1707 1703 ).
1742 1633 1851 1701 Age
1885 1630 2115 1700 igitur,si

539 1737 734 1803 placet,
762 1732 862 1786 hoc
886 1729 1084 1785 dictum
1111 1730 1161 1782 in
1186 1726 1419 1782 medium
1447 1723 1791 1789 adducentes,
1818 1721 1931 1791 ejus
1958 1735 2114 1776 sensa

535 1827 864 1895 explicemus
898 1821 1039 1877 :etsi
1091 1821 1233 1876 enim
1284 1820 1444 1874 breve
1490 1816 1690 1872 dictum
1732 1814 1861 1871 illud
1906 1825 2009 1879 est,
2061 1821 2117 1870 at

537 1922 751 1986 pelagus
794 1915 1114 1969 immensum
1143 1909 1527 1964 sententiarum
1573 1906 1727 1961 nobis
1763 1905 1939 1960 otl'ert.
1971 1904 2113 1973 Qua-

535 2017 753 2085 propter
802 2006 871 2061 ad
916 2005 1091 2076 ipsum
1147 2019 1266 2057 cum
1321 2017 1513 2070 magno
1561 1999 1738 2054 studio
1766 1997 2110 2054 accedamus.

532 2102 665 2174 Quia
695 2102 838 2157 enim
870 2100 1020 2163 vidit,
1052 2097 1246 2168 inquit,
1279 2093 1673 2149 multitudinem
1701 2092 1964 2147 divulsam
1985 2135 2000 2159 ,
2030 2090 2113 2146 di-

531 2200 602 2251 cit
631 2194 909 2267 discipulis
936 2209 950 2246 :
984 2191 1165 2247 Messi:
1194 2189 1398 2265 quidem
1426 2190 1585 2243 multa
1609 2230 1624 2256 ,
1671 2186 1893 2256 operarii
1944 2196 2111 2241 autem

534 2288 702 2356 pauci.
736 2287 866 2352 Qua:
894 2284 1103 2345 messis,
1138 2282 1224 2336 dic
1255 2281 1407 2347 mihi,
1438 2287 1493 2335 et
1520 2294 1616 2334 cur
1645 2278 1722 2334 sic
1744 2277 1883 2333 hanc
1911 2276 2112 2333 doctri-

530 2396 651 2433 nam
680 2375 929 2433 vocavit?
969 2373 1115 2443 atqui
1148 2372 1337 2428 messis
1386 2371 1462 2425 rei
1505 2370 1629 2425 ﬁnis
1668 2379 1771 2425 est.
1821 2368 2109 2439 Postquam

526 2474 669 2529 enim
694 2485 877 2527 semen
902 2469 952 2523 in
967 2468 1139 2523 sinum
1161 2475 1315 2520 terrm
1331 2465 1530 2534 jactum
1557 2462 1872 2517 humiditatc
1892 2462 2109 2518 fruitum

523 2571 627 2628 cst,
646 2561 840 2616 deinde
855 2560 1218 2613 humectatum
1235 2564 1289 2611 et
1307 2554 1545 2609 inﬂatum
1558 2553 1886 2623 adjacentem
1912 2563 2106 2608 terram

523 2651 838 2722 occupavit;
882 2658 1075 2721 postea
1128 2648 1183 2702 in
1233 2646 1528 2701 divisiones
1576 2644 1773 2700 multas
1811 2658 2104 2715 expansum

528 2749 580 2797 in
610 2739 928 2813 profundum
956 2736 1164 2793 radices
1194 2751 1319 2791 suas
1343 2735 1486 2791 misit
1510 2751 1524 2790 :
1568 2734 1795 2806 primum
1818 2733 2107 2805 prospicitc

532 2831 852 2905 superficie;
881 2828 1075 2886 deinde
1101 2827 1375 2903 paulatim,
1405 2827 1539 2894 sole,
1571 2826 1749 2899 pluvia
1775 2834 1830 2882 et
1849 2840 1975 2881 aere
2000 2841 2104 2881 nu-

526 2928 708 2981 tritum
738 2921 1129 2997 germinatione
1160 2929 1317 2976 terrae
1348 2928 1604 2991 augetur,
1642 2927 1697 2975 et
1723 2918 1956 2975 efﬁcitur
1982 2919 2103 2991 qui-

518 3018 641 3073 dem
663 3015 891 3087 primum
920 3012 1086 3069 herba
1107 3012 1289 3068 virens
1308 3053 1325 3080 ,
1354 3021 1409 3067 et
1454 3020 1639 3066 tenera
1684 3009 1811 3066 folia
1861 3010 2097 3077 emittit;

518 3107 714 3165 deinde
740 3106 1080 3162 immaturam
1108 3103 1311 3174 spicam
1359 3101 1557 3171 effert,
1602 3110 1658 3158 et
1698 3101 1931 3169 instante
1977 3116 2103 3158 vere

513 3215 705 3258 rursus
738 3198 996 3271 paulatim
1021 3205 1346 3252 maturatum
1371 3195 1442 3251 ad
1483 3195 1731 3267 stipulam
1769 3205 1829 3252 et
1868 3196 2098 3264 aristas,

510 3293 730 3365 plenum
757 3290 987 3346 fructum
1014 3288 1211 3345 reddit.
1241 3287 1392 3344 Tunc
1420 3286 1635 3343 demum
1679 3285 1912 3358 agricola
1934 3328 1949 3353 ,
1998 3285 2097 3341 fal-

512 3398 636 3439 cem
666 3397 889 3450 acuens,
917 3393 1187 3435 messores
1215 3386 1524 3448 congregat,
1571 3387 1625 3432 et
1667 3376 1952 3432 collectum
1983 3376 2098 3433 fru-

522 3488 670 3534 ctum
711 3476 762 3530 in
790 3475 952 3530 domo
977 3470 1217 3542 deponit.
1249 3470 1437 3526 Messis
1466 3478 1547 3524 est
1574 3469 1735 3540 igitur
1775 3469 1894 3524 linis
1922 3470 2097 3525 omnis

519 3571 720 3627 laboris
746 3576 803 3625 et
844 3566 1201 3638 agriculturae.
1248 3561 1529 3629 Quomodo
1567 3576 1730 3630 ergo,
1777 3575 1995 3630 quaeso,
2042 3559 2096 3615 id

514 3675 753 3717 messem
779 3666 954 3726 vocat,
979 3671 1097 3711 cum
1125 3668 1214 3710 res
1241 3653 1416 3709 adhuc
1437 3653 1487 3706 in
1516 3652 1791 3722 prommiis
1838 3659 1892 3707 et
1932 3650 2097 3706 mitiis

516 3756 698 3811 esset?
721 3754 971 3823 Impietas
988 3751 1130 3805 enim
1162 3748 1358 3818 ubique
1383 3756 1647 3801 terrarum
1673 3744 2049 3799 dominabatur
2078 3760 2092 3799 :

517 3863 625 3901 ara:
647 3845 939 3904 ardebant.
969 3850 1022 3897 et
1048 3840 1188 3896 idola
1206 3838 1600 3902 adorabuntur,
1645 3835 1802 3892 Jesus
1827 3835 2095 3907 despicie-

520 3939 697 4001 batur,
720 3945 775 3990 et
800 3933 1061 4005 profunda
1080 3948 1183 3987 nox
1211 3931 1389 3986 omnia
1410 3928 1720 3985 continebat
1746 3945 1760 3983 :
1791 3928 1962 3984 hiems
1981 3936 2098 3984 erat

520 4027 732 4088 acerba,
764 4040 915 4080 mare
962 4025 1374 4095 tempestatibus
1401 4023 1656 4093 agitatum
1678 4064 1693 4087 ,
1725 4024 1901 4078 ventis
1929 4023 2096 4078 vehe-

518 4119 785 4174 mentibus
812 4119 1095 4172 humanam
1128 4118 1289 4172 vitam
1322 4115 1660 4170 turbantibus
1683 4155 1697 4179 ,
1725 4116 1868 4171 vitiis
1914 4124 2096 4187 tyran-

520 4212 697 4268 nidem
728 4212 1100 4267 exercentibus
1122 4252 1137 4275 ,
1169 4209 1542 4279 immersisque
1569 4209 1839 4265 omnibus.
1886 4208 2095 4280 Ubique

519 4305 662 4360 enim
686 4302 986 4368 fornicatio,
1009 4302 1326 4357 adulterium
1354 4308 1407 4355 et
1425 4300 1641 4354 lascivia
1663 4317 1676 4354 :
1697 4299 1892 4370 ubique
1920 4300 2095 4354 avari-

519 4397 612 4460 tia,
643 4394 863 4465 rapinre,
890 4393 1032 4448 bella
1066 4409 1078 4446 :
1111 4391 1326 4462 sanguis
1352 4390 1403 4445 in
1429 4400 1590 4456 terra,
1615 4391 1830 4461 sanguis
1858 4391 1908 4445 in
1935 4390 2092 4461 mari,

519 4486 736 4555 sanguis
757 4499 944 4541 eorum
975 4484 1065 4553 qui
1107 4482 1345 4538 immersi
1392 4481 1622 4549 fuerant,
1656 4491 1711 4537 et
1733 4482 1910 4538 caedes
1957 4483 2095 4539 istuc

518 4579 808 4631 intulerant
836 4575 975 4630 bella
1003 4574 1299 4644 frequentia
1328 4582 1381 4628 et
1404 4590 1590 4644 pugnae
1609 4616 1623 4641 ,
1657 4576 1945 4646 civilesque
1984 4591 2093 4631 ca:-

513 4668 630 4732 dcs,
677 4666 855 4723 cmdes
899 4666 1114 4736 inquam
1164 4663 1413 4720 omnibus
1465 4666 2094 4722 exsecrabilioresmam

524 4760 686 4812 etiam
710 4757 805 4812 filii
843 4756 1002 4814 idolis
1017 4756 1467 4827 immolabantur;
1496 4766 1683 4810 natura
1728 4757 2092 4827 ignorabatur,

516 4850 767 4919 cognatio
796 4849 1167 4905 invertebatur
1199 4866 1212 4902 :
1248 4848 1441 4919 ubique
1488 4849 1781 4920 praecipitia
1812 4862 1864 4906 et
1888 4851 2093 4920 scopuli

513 4950 574 4996 et
600 4955 727 4995 saxa
758 4940 975 4996 latentia
1002 4939 1220 5013 gratia;
1251 4948 1306 4997 et
1336 4940 1513 4995 nullus
1561 4940 1723 4996 homo
1769 4939 2094 5010 gubernator

516 5043 632 5089 erat
667 5050 679 5087 :
713 5033 824 5089 imo
851 5033 1236 5104 gubernatores
1267 5032 1417 5103 pauci
1466 5032 1519 5087 in
1550 5031 1859 5089 Judzeorum
1897 5044 2090 5104 gente;

518 5141 679 5182 nemo
710 5139 840 5180 vero
861 5134 974 5180 erat
1010 5124 1099 5195 qui
1140 5124 1380 5191 audiret,
1427 5125 1602 5179 nautis
1640 5124 1780 5179 inter
1823 5140 1882 5179 se
1911 5135 2094 5181 mutuo

516 5215 963 5287 disceptantibus,
995 5226 1050 5269 et
1075 5215 1246 5271 altero
1272 5216 1497 5270 alterum
1522 5215 1930 5272 concidentibus
1951 5226 2003 5271 et
2040 5218 2093 5272 in

515 5324 664 5364 mare
721 5306 1198 5379 prmcipitantibus.
1252 5308 1463 5362 Etenim
1523 5306 1770 5378 Scythae,
1816 5307 2091 5372 Thraces,

515 5400 706 5463 Mauri,
737 5398 869 5465 Indi,
899 5398 1099 5463 Persze,
1126 5398 1408 5463 Sarmata),
1437 5406 1491 5453 et
1514 5399 1601 5468 qui
1632 5397 1893 5454 Gneciam
1924 5408 1978 5455 et
2003 5399 2094 5469 qui

515 5491 737 5562 Epirum
765 5488 1087 5557 incolebant,
1126 5498 1179 5545 et
1203 5489 1379 5544 omnis
1407 5488 1518 5545 fere
1561 5505 1678 5559 quae
1708 5490 1808 5544 sub
1845 5491 1978 5545 caelo
2012 5499 2096 5546 est

515 5593 677 5652 terra,
707 5583 983 5639 dmmones
1011 5581 1262 5647 colebat,
1293 5590 1346 5637 et
1372 5581 1439 5637 ab
1465 5582 1810 5638 exsecrandis
1841 5581 1947 5637 illis
1981 5582 2093 5652 spi-

513 5674 705 5729 ritibus
736 5675 912 5730 omnia
955 5673 1459 5746 pessumdabantur,
1504 5673 1651 5744 regio
1692 5674 1916 5745 quaevis,
1969 5675 2095 5730 urbs

510 5776 563 5820 et
583 5767 877 5836 desertum,
903 5776 1043 5823 terra
1076 5774 1127 5822 et
1151 5779 1317 5833 mare,
1347 5764 1589 5821 barbaria
1616 5773 1669 5820 et
1689 5763 1915 5834 Grcecia,
1938 5781 2092 5822 mon-

1299 336 1357 393 S.
1395 331 1670 403 JOAXNlS
1706 328 2184 387 CIIRYSOSTOMI
2222 329 2534 386 ARCHIEP.
2577 329 3111 388 CONSTANTINOP.

3717 329 3824 387 520

2246 452 2346 507 tes,
2398 443 2567 501 saltus
2615 456 2668 500 et
2719 446 3058 503 colles:una
3112 446 3417 504 Judteorum
3475 447 3652 513 natio,
3702 464 3819 519 qum

2239 532 2490 609 pietatem
2537 537 2730 590 sectari
2787 536 3103 603 videbatur,
3156 537 3447 611 prophetas
3492 537 3724 593 habebat
3766 550 3820 597 et

2237 622 2432 679 divinae
2462 627 2785 697 cognitionis
2813 643 2975 697 parva
3012 628 3260 696 semina;
3304 644 3489 684 verum
3537 630 3623 684 illa
3668 631 3818 702 lapsu

2236 716 2492 786 temporis
2520 717 2708 772 obruta
2736 730 2911 788 erant,
2936 730 2992 775 et
3017 719 3269 777 doctores
3298 722 3472 793 gentis
3495 721 3637 777 illius
3662 737 3821 777 arcu-

2232 815 2439 864 satores
2463 810 2641 865 acerbi
2673 822 3011 884 peccatorum
3043 812 3148 868 illis
3172 812 3295 869 facti
3322 823 3481 879 sunt;
3509 829 3574 869 ac
3617 815 3815 871 nedum

2232 900 2367 956 alios
2420 902 2699 959 erudirent
2755 913 2810 959 et
2863 904 2931 960 ad
2994 905 3248 976 pietatem
3312 906 3696 972 instituerent,
3759 918 3818 962 ιιι

2232 992 2395 1051 etiam
2447 993 2567 1048 aliis
2614 994 2937 1053 oﬂ‘endiculo
2969 1005 3094 1051 tunc
3138 1006 3313 1052 erant.
3361 996 3428 1053 Et
3474 998 3576 1053 hoc
3629 998 3814 1055 decla-

2229 1097 2359 1137 rans
2404 1084 2666 1155 propheta
2713 1085 2970 1143 dicebat:
3006 1087 3227 1161 Pmpter
3277 1106 3364 1147 vos
3424 1107 3608 1148 nomen
3647 1108 3813 1146 utnon

2229 1170 2609 1244 blasphematur
2669 1178 2724 1232 in
2784 1180 3018 1251 gentibus
3078 1180 3249 1255 (Isai.
3308 1180 3396 1239 52.
3439 1183 3494 1239 5.
3544 1183 3695 1238 Rom.
3751 1184 3809 1240 2.

2223 1266 2293 1322 at
2313 1269 2355 1341 ).

2292 1357 2347 1413 3.
2388 1359 2668 1429 Quomodo
2711 1378 2874 1434 ergo,
2907 1378 3030 1419 cum
3069 1373 3150 1421 tot
3175 1365 3313 1420 mala
3343 1366 3530 1422 orbem
3560 1382 3805 1438 occupa~

2220 1460 2370 1518 rent,
2400 1467 2462 1508 ac
2484 1454 2721 1510 nondum
2750 1457 2953 1512 semina
2968 1458 3117 1531 .jacta
3149 1456 3370 1514 fuissent
3397 1457 3635 1531 (ubique
3659 1461 3806 1516 enim

2220 1543 2410 1613 spinze,
2445 1545 2649 1611 tribuli.
2696 1546 2879 1603 herhm
2921 1548 3143 1620 noxizn),
3192 1549 3430 1606 nondqu
3510 1562 3800 1623 expurgat:

2221 1644 2396 1703 terra,
2429 1652 2602 1708 neque
2644 1648 2824 1694 aratro
2872 1640 3109 1696 admisso
3138 1640 3393 1714 nulloque
3420 1642 3571 1698 sulco
3618 1643 3759 1699 facto
3783 1661 3802 1697 :

2217 1726 2521 1798 quomodo,
2552 1728 2767 1800 inquam
2790 1771 2805 1796 ,
2834 1731 2902 1786 de
2929 1746 3105 1787 messe
3130 1732 3367 1807 loquitur
3395 1743 3449 1787 et
3474 1733 3623 1796 dicit,
3659 1732 3801 1787 He:-

2215 1819 2286 1872 eis
2310 1820 2466 1873 multa
2487 1820 2513 1874 7
2534 1828 2590 1876 et
2619 1836 2718 1875 cur
2747 1823 2824 1877 sic
2839 1823 3186 1893 Evangeliunt
3234 1826 3432 1879 vocat?
3461 1824 3612 1880 (Zur?
3655 1823 3805 1893 Quo-

2217 1910 2358 1965 niam
2386 1927 2475 1968 res
2513 1913 2585 1967 ita
2607 1913 2885 1985 disposita:
2914 1926 3099 1982 erant,
3147 1926 3200 1972 et
3242 1917 3506 1971 missurus
3560 1927 3676 1973 erat
3731 1919 3798 1972 il-

2216 2002 2443 2075 los-per
2501 2014 2671 2061 totum
2713 2008 2930 2075 orbem;
2962 2009 3251 2065 verisimile
3288 2020 3466 2066 autem
3510 2021 3627 2067 erat
3674 2010 3802 2066 illos

2218 2094 2459 2153 turbatos
2498 2097 2707 2167 fuisse,
2756 2110 2810 2154 et
2852 2115 3034 2157 secum
3079 2103 3411 2173 reputavisse
3456 2118 3519 2158 ac
3554 2102 3799 2159 dixisse:

2214 2183 2494 2265 Quomodo
2515 2204 2645 2244 vero
2674 2190 2786 2245 fieri
2829 2199 3042 2262 potest,
3072 2207 3194 2248 cum
3216 2193 3462 2250 undecim
3495 2203 3698 2249 tantum
3724 2198 3801 2251 si-

2212 2290 2334 2330 mus
2361 2278 2379 2347 (
2407 2293 2545 2333 unus
2581 2280 2726 2334 enim
2757 2296 2786 2333 a
2816 2281 3030 2336 diabolo
3061 2292 3250 2353 captus
3278 2284 3433 2356 est),
3469 2284 3661 2341 idiotas
3682 2326 3700 2354 ,
3734 2288 3801 2341 il-

2212 2366 2450 2423 literatus
2472 2411 2487 2439 ,
2512 2386 2795 2441 pauperes,
2824 2373 3105 2443 obscuros,
3137 2375 3311 2431 nudos
3330 2416 3345 2440 ,
3375 2391 3534 2431 unam
3561 2380 3797 2435 tunicam

2213 2458 2469 2516 habentes
2489 2503 2504 2527 ,
2539 2461 2832 2534 nudipedes
2854 2506 2869 2529 ,
2907 2480 3015 2520 non
3048 2482 3236 2521 zonam
3257 2508 3272 2534 ,
3302 2483 3407 2522 non
3435 2468 3661 2539 virgam,
3687 2487 3797 2525 non

2210 2549 2426 2606 obuium
2487 2553 2754 2620 ferentes,
2809 2565 2869 2610 ut
2930 2565 3099 2611 totum
3162 2558 3421 2614 mundum
3479 2575 3797 2631 percurrere

2208 2644 2482 2698 valeamus
2522 2646 2600 2701 sic
2629 2646 2945 2721 dispositum
2972 2689 2987 2714 ,
3036 2648 3317 2720 ipsumque
3362 2666 3391 2704 a
3434 2652 3608 2707 veteri
3657 2669 3795 2709 con-

2208 2733 2491 2790 suetudine
2551 2736 2815 2802 avellere,
2877 2747 2932 2793 et
2974 2738 3042 2794 ad
3087 2740 3214 2795 novi
3271 2739 3602 2799 Testamenti
3654 2742 3795 2815 dog—

2208 2833 2350 2881 mata
2380 2826 2631 2883 inducere
2650 2869 2665 2896 ,
2710 2837 2765 2884 et
2806 2830 3140 2903 peregrinam
3169 2832 3455 2903 quamdam
3486 2833 3791 2893 doctrinam

2208 2920 2478 2975 inculcare
2497 2921 2521 2974 ἳ
2539 2921 2878 2991 quandonam
2900 2915 3082 2996 Spinas
3103 2926 3396 2983 avellemus
3412 2928 3435 2982 ?
3452 2930 3793 2999 quandonam

2205 3011 2408 3067 semina
2445 3012 2743 3081 jaciemus?
2768 3014 2982 3086 quando
3017 3026 3249 3071 mentem
3281 3033 3467 3075 eorum
3513 3030 3571 3075 ut
3600 3037 3794 3094 agrum

2202 3102 2480 3158 colemus?
2504 3102 2717 3174 quando
2742 3105 2993 3164 reddetur
3010 3108 3368 3180 semen?quis
3393 3125 3493 3165 nos
3515 3128 3620 3168 non
3646 3113 3793 3168 abri-

2203 3194 2351 3264 piet?
2370 3193 2491 3265 quis
2517 3209 2621 3249 non
2651 3211 2744 3266 per
2769 3197 3057 3271 prmcipitia
3086 3199 3276 3257 dabit?
3295 3202 3565 3274 quomodo
3589 3205 3794 3275 poteri-

2204 3298 2322 3339 mus
2348 3283 2431 3339 vel
2454 3299 2514 3339 os
2542 3285 2775 3355 aperire,
2804 3296 2971 3353 stare,
2991 3287 3289 3361 disputare,
3320 3307 3637 3366 comparere
3661 3307 3792 3352 ante

2203 3384 2283 3430 tot
2321 3375 2491 3431 millia
2522 3376 2833 3435 hominum?
2872 3382 3142 3450 quomodo
3172 3390 3521 3455 tyrannorum
3550 3386 3788 3443 furorem

2202 3466 2650 3535 comprimemus,
2678 3470 3011 3540 populorum
3049 3474 3498 3542 insurrectiones,
3532 3476 3789 3549 philoso-

2202 3552 2438 3622 phorum
2471 3558 3010 3625 argumentationes,
3046 3562 3326 3618 rhetorum
3370 3565 3743 3635 eloquentiam
3764 3608 3789 3635 ,

2201 3645 2542 3716 praejudicati
2576 3648 2741 3702 animi
2764 3652 3127 3721 tyrannidem,
3148 3657 3349 3715 veteris
3369 3659 3794 3715 consuetudinis

2202 3735 2655 3800 vitandaemonum
2671 3740 3135 3806 insidias,animas
3148 3747 3295 3801 mille
3314 3749 3520 3806 morbis
3531 3751 3793 3806 aﬂ‘ectas?

2201 3844 2301 3885 nos
2330 3830 2489 3901 igitur
2518 3831 2802 3899 undecim,
2830 3834 3099 3908 quomodo
3128 3852 3318 3893 omnes
3349 3839 3438 3909 qui
3472 3853 3567 3910 per
3594 3841 3791 3899 orbem

2199 3930 2324 3976 sunt
2369 3920 2732 3992 corrigemus,
2778 3922 2959 3979 idiota:
3000 3927 3305 3996 sapientes,
3342 3930 3467 3983 nudi
3512 3941 3790 4002 armatos,

2199 4015 2399 4070 subditi
2432 4015 2722 4086 principes.
2747 4017 2837 4087 qui
2868 4033 3030 4073 unam
3063 4029 3308 4076 tenemus
3328 4021 3563 4093 linguam
3590 4023 3796 4079 advero

2199 4122 2291 4163 sus
2317 4108 2624 4163 innumeras
2652 4109 2859 4179 linguas
2885 4110 3219 4182 disputantes
3239 4157 3254 4179 ,
3287 4125 3339 4171 et
3372 4116 3631 4173 adversus
3654 4135 3796 4193 gen-

2200 4210 2280 4256 tes
2312 4200 2563 4255 barharas
2593 4199 2924 4273 diversaeque
2952 4202 3146 4273 linguze
3162 4205 3318 4276 iquis
3341 4222 3443 4261 non
3469 4207 3626 4276 feret,
3649 4227 3799 4283 quo-

2199 4309 2317 4348 rum
2355 4309 2422 4349 ne
2465 4293 2679 4361 quidem
2712 4293 2949 4364 linguam
2980 4295 3282 4368 intelligere
3311 4300 3525 4370 possit?
3568 4318 3637 4358 ne
3681 4303 3795 4362 hoc

2197 4401 2379 4441 secum
2428 4395 2739 4456 reputantes
2778 4389 3139 4457 turbarentur,
3175 4392 3519 4463 Evangelium
3551 4411 3794 4454 messem

2197 4476 2519 4546 appellavit;
2552 4491 2616 4532 ac
2643 4478 2687 4531 si
2722 4476 2930 4533 diceret
2960 4479 3189 4536 :Omnia
3214 4492 3467 4554 apparata
3488 4497 3631 4554 sunt,
3661 4503 3797 4545 om-

2200 4571 2285 4624 nia
2315 4570 2556 4627 ordinata
2582 4586 2598 4625 :
2623 4569 2688 4625 ad
2717 4580 2956 4642 paratam
2980 4588 3078 4627 vos
3105 4572 3374 4635 fruetuum
3404 4577 3796 4638 collectionem

2199 4663 2353 4716 mitto
2382 4679 2396 4714 :
2430 4659 2621 4715 eodem
2666 4660 2782 4733 ipso
2809 4662 2898 4719 die
2923 4672 2977 4719 et
3003 4664 3272 4721 seminare
3300 4676 3354 4722 et
3393 4676 3599 4726 metere
3630 4679 3800 4741 pote-

2198 4752 2336 4808 ritis.
2360 4751 2510 4808 Sicut
2540 4752 2700 4824 igitur
2739 4754 2975 4825 agricola
3003 4755 3071 4812 ad
3099 4772 3330 4813 messem
3372 4761 3560 4817 exiens
3586 4762 3798 4832 gaudet

2200 4854 2256 4903 ct
2281 4845 2434 4900 laetus
2463 4845 2729 4911 exsultat,
2762 4845 2977 4903 labores
3009 4856 3063 4903 et
3095 4848 3441 4907 difﬁcultates
3467 4867 3574 4907 non
3605 4857 3796 4910 consi-

2200 4936 2396 4992 derans
2419 4977 2436 5001 ,
2463 4934 2556 4992 sed
2587 4936 2739 5007 quasi
2768 4936 2834 4992 ad
2861 4947 3177 5010 proventum
3208 4951 3456 5013 paratum
3480 4943 3744 5001 festinans
3773 4990 3791 5013 ,

2198 5040 2254 5085 et
2281 5028 2347 5087 ad
2375 5043 2582 5083 annuos
2637 5029 2839 5086 fructus
2881 5046 3138 5099 currens,
3169 5042 3223 5090 et
3269 5036 3404 5093 nihil
3431 5045 3515 5093 est
3546 5039 3645 5109 ipsi
3689 5040 3793 5095 im~

2199 5121 2491 5193 pedimenti
2540 5120 2618 5175 vel
2655 5121 2845 5191 obicis,
2884 5123 3026 5178 nulla
3075 5124 3239 5181 futuri
3286 5126 3640 5196 incertitudo;
3674 5147 3791 5188 non

2202 5213 2435 5278 imbres,
2463 5212 2784 5284 grandines,
2815 5214 3030 5271 siccitas
3054 5258 3068 5283 ,
3098 5232 3204 5274 non
3234 5219 3406 5276 malus
3433 5221 3523 5294 ille
3548 5221 3789 5278 locusta-

2200 5325 2315 5364 rum
2366 5306 2640 5362 excrcitus
2671 5324 2684 5359 :
2712 5323 2831 5362 nam
2864 5310 2955 5381 qui
3001 5312 3165 5366 messi
3209 5310 3301 5367 dat
3353 5328 3603 5386 operam,
3649 5316 3790 5373 nihil

2202 5397 2308 5452 tale
2358 5398 2692 5468 suspicatur;
2747 5398 2868 5455 ideo
2928 5400 3154 5459 choreas
3199 5414 3455 5477 agentes,
3513 5408 3790 5463 exsultano

2204 5496 2284 5543 tes
2312 5530 2325 5553 ,
2382 5489 2654 5547 laboribus
2709 5491 3024 5549 incumbunt
3067 5512 3080 5550 :
3133 5494 3205 5551 ita
3249 5504 3304 5552 et
3346 5513 3462 5567 vos,
3506 5500 3613 5554 imo
3657 5516 3787 5559 cum

2203 5579 2392 5650 majori
2418 5579 2691 5649 voluptate
2733 5581 2785 5637 in
2817 5584 3002 5639 orbem
3030 5587 3179 5642 exire
3206 5602 3425 5644 necesse
3458 5599 3563 5647 est.
3597 5591 3791 5651 Messis

2202 5672 2346 5727 enim
2372 5682 2456 5730 est
2483 5691 2570 5729 res
2609 5674 2789 5741 istaec,
2820 5677 3012 5733 messis
3053 5679 3273 5734 multam
3314 5680 3521 5738 habens
3563 5685 3790 5741 facilita-

2205 5778 2343 5836 tem,
2393 5772 2580 5826 messis
2606 5786 2725 5843 qua:
2767 5781 2975 5842 paratas
3023 5770 3175 5828 vobis
3216 5784 3478 5832 monstrat
3519 5790 3736 5849 segetes
3771 5801 3785 5838 :
