4092 6206
312 344 423 401 5m

306 468 407 520 τὸν
432 465 671 536 λειμῶνα
701 465 844 535 ὑμᾶς
876 465 1085 529 εἰσάξαι
1120 462 1492 535 πειρασόμεθα
1529 462 1635 515 τῶν
1669 462 1828 515 θείων
1848 460 1989 529 Γρα-

308 555 434 624 φῶν
456 571 470 583 ·
507 556 603 606 καὶ
635 553 746 624 γάρ
780 551 1003 623 λειμῶνι
1029 552 1170 605 ἔοικε
1191 552 1260 605 τά
1293 551 1517 606 ἐκεῖθεν.
1563 551 1773 620 Ὥσπερ
1799 547 1907 616 γάρ
1931 548 1988 600 ὲν

307 641 391 711 τῷ
422 640 647 707 λειμῶνι
678 639 908 711 διάφορα
938 639 1036 710 μὲν
1059 640 1128 693 τὰ
1161 639 1318 709 ἄνθη,
1337 637 1515 691 πάντα
1543 636 1598 690 δὲ
1636 636 1832 705 ἑφεξῆς
1855 635 1987 690 κάλ-

305 728 469 782 λιστα
489 727 819 783 ἀνθέλκοντα
838 726 987 799 [590]
1012 726 1146 798 πρὸς
1167 726 1336 780 ἑαυτὰ
1349 725 1458 780 τῶν
1477 725 1770 797 ὁρωμένων
1783 725 1989 777 ἕκαστα

306 819 409 872 τοῦ
432 816 628 872 θεατοῦ
657 817 755 887 τὴν
801 815 923 886 ὕψιν
942 837 954 850 -
979 816 1124 873 οὓτω
1153 817 1220 887 δὴ
1271 817 1366 870 καὶ
1409 817 1467 869 ἐν
1492 818 1611 877 ταῖς
1649 814 1823 878 θείαις
1850 814 1989 884 Γραο

309 909 441 975 φαῖς
473 908 618 959 εστιν
642 905 790 959 ἰδεῖν.
821 905 932 958 Καὶ
965 905 1074 975 γὰρ
1094 905 1123 958 6
1150 903 1414 975 μακάριος
1445 902 1606 955 Δαυίδ
1631 902 1770 973 πρὸς
1796 902 1988 955 ἑαυτὸν

308 992 563 1047 ἀνθέλκει
588 993 687 1063 τὴν
715 990 956 1046 διάνοιαν
983 992 1082 1063 τὴν
1107 992 1382 1062 ἡμετέραν
1402 1029 1418 1052 ,
1456 991 1551 1045 καὶ
1586 992 1619 1061 ἠ
1660 988 1987 1060 ἀποστολικὴ

312 1079 475 1149 ῥῆσις
512 1080 546 1148 ἡ
582 1078 712 1149 περὶ
745 1076 1012 1149 Τιμοθέου
1045 1077 1330 1147 λεχθεῖσα·
1360 1075 1441 1129 έτι
1479 1076 1583 1148 μὴν
1608 1075 1702 1131 καὶ
1736 1078 1766 1128 6
1790 1075 1991 1146 τολμη-

307 1168 413 1238 τὴς
449 1166 679 1228 Ἡσαΐας
715 1164 973 1236 περὶτῆς
1012 1163 1364 1235 ἀνθρωπίνης
1403 1162 1619 1235 φύσεως
1660 1163 1987 1232 φιλοσοφῶν,

311 1260 409 1314 καὶ
431 1260 460 1312 6
490 1257 698 1311 τούτων
731 1255 1008 1328 Δεσπότης
1051 1255 1261 1327 Ἰησοῦς
1287 1257 1402 1320 τοῖς
1446 1255 1716 1327 μαθηταῖς
1742 1254 1987 1322 διαλεγό-

316 1363 476 1419 μενος
509 1346 604 1400 καὶ
633 1344 835 1414 λέγων·
895 1344 950 1397 ’0
979 1343 1097 1413 μὲν
1132 1343 1413 1413 θερισμὸς
1439 1343 1669 1410 πολὺς,
1707 1346 1760 1402 οἱ
1791 1342 1860 1395 δὲ
1895 1343 1989 1411 ἐρ-

311 1440 484 1508 γάται
521 1438 735 1508 ὀλίγοι.
770 1437 906 1509 Φέρε
939 1432 1056 1501 οὖν,
1084 1437 1136 1489 εἰ
1165 1435 1330 1500 δοκεῖ,
1358 1433 1563 1505 ταύτην
1590 1436 1669 1497 εἰς
1698 1434 1863 1505 μέσον
1890 1433 1990 1505 τὴν

316 1530 478 1600 ῥῆσιν
515 1528 847 1596 ἀγαγόντες,
898 1525 1296 1601 ἀναπτύξωμεν
1340 1524 1510 1597 αὐτῆς
1534 1524 1604 1579 τά
1629 1526 1903 1596 νοήματα·
1939 1524 1989 1577 εί

314 1618 424 1693 γάρ
463 1616 557 1670 καὶ
577 1615 803 1687 βραχεῖά
828 1614 913 1677 τίς
934 1614 1050 1667 ἐστι
1082 1612 1161 1686 τῷ
1195 1613 1397 1687 μέτρῳ,
1437 1612 1573 1668 ἀλλά
1598 1612 1832 1683 πέλαγος
1859 1613 1990 1684 ἡμῖν

312 1706 605 1777 νοημάτων
638 1704 911 1758 δείκνυσιν
940 1702 1159 1775 ἀχανές.
1193 1702 1282 1756 Διὸ
1308 1701 1370 1774 δὴ
1416 1703 1509 1757 καί
1540 1703 1628 1757 ἐπ’
1655 1703 1825 1774 αὐτὴν
1853 1700 1991 1774 μετὰ

316 1790 520 1861 πολλῆς
545 1790 875 1861 βαδιούμεθα
892 1791 992 1861 τῆς
1014 1788 1268 1861 σπουδῆς.
1302 1788 1519 1860 Ἐπειδὴ
1543 1788 1653 1863 γάρ
1676 1784 1804 1855 εἶδε,
1832 1788 1987 1858 φησί,

314 1880 385 1932 τά
415 1879 597 1951 πλήθη
621 1878 946 1949 ἐσκυλμένα,
976 1877 1124 1947 λέγει
1158 1881 1269 1941 τοῖς
1298 1877 1596 1949 μαθηταῖςο
1633 1876 1687 1929 '0
1707 1876 1825 1948 μὲν
1848 1878 1991 1944 θερι-

316 1967 472 2036 σμὸς
498 1966 724 2033 πολὺς,
762 1969 817 2020 al
844 1965 912 2019 δὲ
952 1964 1191 2035 ἐργάται
1223 1966 1436 2035 ὀλίγοι.
1489 1966 1648 2028 Ποῖος
1691 1964 1947 2036 θερισμὸς
1968 2003 1986 2030 ,

313 2054 437 2106 εἰπέ
470 2072 584 2125 μοι,
620 2054 713 2106 καὶ
733 2053 876 2116 τίνος
917 2052 1101 2107 ένεκεν
1134 2051 1305 2116 οὕτως
1335 2052 1582 2123 ὠνόμασε
1611 2050 1708 2122 τὴν
1736 2051 1989 2105 διδασκα-

314 2140 438 2193 λίαν
465 2139 670 2211 ταύτην
693 2156 708 2204 ;
736 2138 912 2192 καίτοι
938 2156 1000 2208 γε
1031 2141 1059 2193 6
1084 2139 1138 2193 ὃς
1151 2139 1344 2211 ρισμδς
1374 2139 1525 2204 τέλος
1552 2139 1668 2193 ἐστὶ
1698 2137 1837 2211 [τοῦ]
1857 2138 1990 2210 πράο

312 2245 549 2300 γματος.
581 2228 751 2282 Ὅταν
788 2228 896 2300 γάρ
919 2228 981 2282 τδ
1020 2228 1242 2303 σπέρμα
1274 2229 1352 2291 εἰς
1379 2228 1479 2293 τὰς
1500 2226 1730 2297 λαγόνας
1761 2228 1861 2297 τῆς
1888 2226 1991 2298 γῆς

314 2317 663 2389 καταϐληθὲν
685 2316 972 2389 ἀπολαύσῃ
996 2316 1220 2384 νοτίδος,
1241 2310 1359 2370 εἶτα
1390 2316 1680 2388 γενόμενον
1706 2314 1990 2386 διάϐροχον

312 2406 412 2459 καὶ
442 2403 773 2475 διαφυσηθέν
804 2404 1068 2477 δράξηται
1094 2403 1196 2475 τῆς
1220 2402 1627 2475 παρακειμένης
1643 2401 1768 2473 γῆς,
1791 2403 1885 2455 καὶ
1909 2402 1988 2465 εἰς

310 2488 438 2556 ἵνας
464 2492 665 2556 πολλάς
691 2492 1004 2547 ἀναπλωθέν
1042 2493 1181 2566 πρὸς
1219 2492 1282 2546 τὸ
1325 2492 1487 2563 βάθος
1532 2490 1865 2562 καταπέμψῃ
1890 2491 1989 2554 τάς

314 2580 496 2652 ῥίζας,
536 2578 838 2651 προκύπτει
887 2580 989 2651 τῆς
1039 2580 1355 2649 ἐπιφανείας
1392 2580 1640 2651 πρῶτον,
1686 2575 1803 2633 εἶτα
1846 2578 1990 2633 κατά

316 2666 516 2738 μικρὸν
546 2666 684 2738 ἡλίῳ
707 2683 767 2720 τε
797 2667 891 2721 καὶ
924 2666 1063 2738 ὐετῷ
1105 2667 1201 2722 καί
1235 2666 1357 2738 ἀέρι
1409 2666 1770 2739 τρεφόμενον,
1802 2669 1868 2738 τῇ
1894 2668 1989 2720 ἐκ·

314 2754 479 2824 φύσει
501 2753 603 2823 τῆς
627 2754 731 2825 γῆς
755 2753 996 2819 αὔξεται,
1019 2754 1115 2807 καὶ
1140 2753 1347 2822 γίνεται
1377 2753 1644 2826 πρότερον
1679 2755 1778 2825 μὲν
1794 2753 1992 2827 χλοερά

311 2870 399 2919 τις
421 2854 622 2927 βοτάνη
648 2855 742 2908 καὶ
761 2853 944 2908 ἁπαλὰ
958 2853 1029 2907 τά
1056 2852 1228 2928 φύλλα
1252 2852 1568 2925 προδάλλει,
1588 2849 1705 2907 εἶτα
1726 2854 1817 2909 τὸν
1835 2854 1991 2909 ἄστα-

315 2960 419 3014 χυν
448 2942 629 3014 ἄωρόν
668 2959 789 2995 τινα
842 2941 1064 3013 ἐκφέρει
1093 2981 1109 3003 ,
1144 2940 1241 2995 καὶ
1278 2939 1374 2994 τοῦ
1419 2941 1578 3016 ἔαρος
1633 2941 1987 3007 ἐπιστάντος,

317 3031 487 3085 πάλιν
516 3030 657 3084 κατά
687 3029 879 3105 μικρὸν
910 3029 1306 3101 πεπαινόμενος
1331 3032 1411 3096 είς
1443 3031 1694 3103 καλάμην
1719 3032 1812 3085 καὶ
1835 3029 1991 3085 ἀνθέι

318 3135 504 3190 ρικας,
534 3115 721 3189 πλήρη
755 3117 849 3170 τὸν
883 3117 1094 3189 καρπὸν
1131 3117 1443 3175 ἀποδίδωσι.
1481 3118 1611 3172 Τότε
1649 3119 1714 3190 δὴ
1753 3118 1936 3173 λοιπὸν
1962 3121 1991 3174 6

314 3206 556 3275 γηπόνος
576 3245 590 3268 ν
620 3203 895 3275 δρεπάνην
922 3204 1224 3279 ἀκονήσας,
1248 3204 1505 3278 θεριστάς
1537 3205 1859 3274 καταλέγει,
1896 3208 1991 3261 κα)⁸

316 3292 644 3362 συναγαγὼν
681 3295 774 3347 τὸν
799 3293 1011 3368 καρπὸν
1039 3292 1353 3351 ἀποτίθεται
1376 3294 1535 3350 οίκοι.
1565 3295 1725 3348 Ὅθεν
1753 3294 1818 3366 δὴ
1840 3294 1991 3361 τέλος

315 3382 518 3445 παντὸς
550 3382 714 3435 πόνου
751 3382 843 3437 καὶ
886 3382 985 3454 τῆς
1018 3382 1290 3454 γεωργίας
1320 3382 1467 3437 ἐστὶν
1499 3385 1527 3435 6
1562 3383 1835 3455 θερισμός.
1866 3382 1991 3451 Πῶς

314 3464 431 3533 οὖν,
456 3467 580 3521 εἰπέ
606 3483 717 3537 μοι,
752 3467 1009 3539 θερισμὸν
1036 3467 1208 3535 καλεῖ,
1231 3468 1339 3523 τῶν
1364 3470 1701 3544 πραγμάτων
1722 3473 1778 3525 ὲν
1805 3488 1990 3542 προοι-

318 3573 467 3646 μίοις
500 3571 668 3626 όντων
696 3572 812 3637 ἕεις
848 3571 952 3629 Καὶ
980 3572 1093 3645 γὰρ
1117 3573 1339 3629 ἀσέϐεια
1376 3575 1648 3647 πανταχοῦ
1680 3576 1779 3647 τῆς
1813 3577 1991 3630 οἰκου-

318 3663 493 3737 μένης
526 3661 767 3734 ἐκράτει,
802 3663 894 3718 καὶ
926 3663 1099 3735 βωμοὶ
1124 3663 1455 3727 ἀνεκαίοντο,
1477 3666 1570 3718 καὶ
1597 3663 1790 3719 εἴδωλα
1823 3682 1992 3739 προσ-

314 3752 583 3816 εκυνεῖτο,
611 3752 704 3804 καὶ
743 3748 950 3822 Ἰησοῦς
981 3751 1297 3825 ὴτιμάζετο,
1350 3753 1443 3805 καὶ
1478 3751 1666 3821 βαθεῖα
1692 3752 1789 3818 νὺξ
1812 3752 1992 3809 πάντα

316 3843 561 3909 κατεῖχε,
586 3839 678 3912 καὶ
707 3837 911 3909 χειμὼν
943 3835 1010 3909 ἦν
1041 3839 1295 3909 χαλεπὸς,
1312 3840 1412 3909 τῆς
1435 3839 1707 3915 θαλάσσης
1731 3858 1991 3914 κυμαινο-

314 3928 514 4000 μένης,
541 3924 649 3980 τῶν
675 3925 881 3997 ἀγρίων
906 3926 1229 3997 πνευμάτων
1255 3928 1649 3982 διακοπτόντων
1673 3929 1761 3983 τὸν
1783 3929 1992 4003 ἀνθρὼ-

314 4033 477 4073 πινον
510 4014 645 4086 βίον,
673 4013 782 4068 τῶν
823 4013 1012 4069 παθῶν
1049 4015 1483 4087 τυραννούντων,
1512 4017 1608 4069 καὶ
1646 4016 1990 4089 ὑποϐρυχίων

313 4103 577 4157 ἁπάντων
605 4101 928 4177 γινομένων.
961 4101 1246 4173 Πανταχοῦ
1273 4104 1383 4173 γὰρ
1409 4103 1633 4175 πορνεία
1653 4103 1748 4157 καὶ
1777 4104 1990 4176 μοιχεία

312 4190 417 4244 καὶ
474 4188 730 4258 ἀσέλγεια
751 4203 765 4216 ·
805 4188 1074 4260 πανταχοῦ
1121 4190 1424 4255 πλεονεξίαι
1462 4190 1558 4244 καὶ
1605 4192 1852 4263 ἁρπαγαὶ
1897 4191 1991 4245 καὶ

313 4276 550 4347 πόλεμοι
576 4294 590 4307 °
622 4278 716 4332 καί
733 4277 941 4346 αἵματα
975 4277 1071 4351 μὲν
1108 4278 1166 4332 ἐν
1194 4281 1288 4350 γῇ,
1320 4279 1527 4349 αἵματα
1557 4278 1613 4332 δὲ
1636 4281 1694 4332 ἐν
1723 4279 1988 4352 θαλάττῃ,

310 4361 430 4417 τῶν
459 4362 901 4421 καταποντιστῶν
942 4364 1034 4418 καί
1088 4365 1203 4419 ἐκεῖ
1234 4366 1359 4429 τοὺς
1404 4365 1598 4435 φόνους
1639 4365 1988 4434 εἰσαγόντων,

314 4451 417 4504 καὶ
467 4450 694 4521 πόλεμοι
724 4454 968 4521 συνεχεῖς
1003 4453 1097 4508 καὶ
1141 4453 1312 4524 μάχαι
1353 4454 1447 4508 καὶ
1492 4453 1744 4524 ἐμφύλιοι
1785 4456 1990 4524 σφαγαὶ

313 4538 416 4590 καὶ
448 4537 599 4607 φόνοι
629 4538 805 4610 φόνων
849 4539 1103 4594 ἁπάντων
1136 4539 1511 4613 ἐναγέστεροι·
1555 4542 1648 4596 καὶ
1685 4542 1794 4613 γὰρ
1825 4542 1991 4598 τέκνα

313 4626 590 4695 ἐσφάζετο
616 4630 729 4691 τοῖς
759 4627 997 4691 εἰδώλοις
1017 4646 1029 4658 ·
1056 4629 1149 4683 καὶ
1174 4630 1205 4701 ἡ
1237 4628 1396 4698 φύσις
1420 4630 1664 4701 ἠγνοεῖτο
1686 4631 1778 4685 καὶ
1807 4633 1839 4703 ἡ
1863 4648 1989 4702 συγ-

308 4714 508 4784 γένεια
523 4715 874 4787 ἀνετρέπετο,
910 4717 1003 4771 καὶ
1032 4716 1304 4788 πανταχοῦ
1345 4719 1578 4789 κρημνοὶ
1604 4720 1697 4772 καὶ
1737 4721 1989 4775 σκόπελοι

309 4814 416 4869 καὶ
448 4813 643 4882 ὕφαλοι
673 4815 870 4887 πέτραι
912 4817 1005 4869 καὶ
1042 4816 1293 4879 σπιλάδες
1321 4816 1555 4887 βαρεῖαι,
1591 4819 1684 4873 καί
1723 4820 1990 4893 κυϐερνή-

308 4918 422 4971 της
452 4902 628 4969 οὐδεὶς
668 4902 955 4974 ἄνθρωπος
976 4920 989 4934 ·
1034 4903 1233 4973 μᾶλλον
1260 4904 1316 4957 δὲ
1350 4903 1677 4976 κυϐερνῆται
1715 4907 1883 4975 ὀλίγοι
1929 4909 1987 4964 ἐν

310 4983 400 5053 τῷ
448 4985 717 5043 Ἰουδαίων
759 4986 935 5054 ἔθνει,
985 4990 1014 5042 6
1049 4988 1105 5042 δὲ
1139 4988 1351 5042 ἀκούων
1395 4989 1586 5054 οὐδεὶς,
1632 4990 1738 5043 τῶν
1776 4994 1986 5047 ναυτῶν

315 5072 462 5143 πρδς
490 5075 687 5138 αὐτοὺς
704 5074 1212 5141 διαστασιαζόντων,
1231 5076 1322 5130 καὶ
1343 5075 1601 5147 ἀλλήλους
1630 5081 1989 5136 κατακοπτόν-

311 5179 429 5214 των
473 5162 565 5216 καὶ
591 5163 1113 5226 καταποντιζόντων.
1141 5163 1343 5217 Σκύθαι
1370 5163 1471 5234 μὲν
1508 5164 1614 5238 γὰρ
1652 5168 1744 5221 καὶ
1774 5167 1985 5239 Θρᾷκες

313 5249 415 5303 καὶ
441 5248 656 5320 Μαῦροι
700 5251 795 5304 καὶ
824 5250 973 5303 Ἰνδοὶ
1007 5250 1102 5304 καὶ
1130 5251 1336 5321 Πέρσαι
1361 5252 1453 5304 καὶ
1478 5252 1825 5324 Σαυρομάται
1844 5295 1860 5319 ,
1894 5257 1985 5311 καὶ

313 5337 369 5389 οῖ
392 5337 497 5407 τὴν
532 5336 756 5393 Ἐλλάδα
777 5337 869 5391 καί
889 5338 939 5390 οἰ
971 5337 1069 5410 τὴν
1089 5337 1353 5409 Ἤπειρον
1369 5336 1661 5404 οἰκοῦντες,
1693 5342 1788 5397 καὶ
1814 5344 1983 5408 πᾶσα,

313 5424 394 5487 ὡς
438 5424 612 5477 εἰπεῖν
636 5465 651 5488 ,
682 5426 716 5494 ἡ
747 5425 836 5493 ὐφ’
868 5423 1005 5496 ἡλίῳ
1027 5427 1138 5487 τοῖς
1173 5424 1419 5494 δαίμοσιν
1461 5426 1726 5494 ἐτελεῖτο,
1758 5432 1854 5486 καὶ
1882 5432 1986 5486 ὑπὸ

314 5511 427 5563 τῶν
470 5511 786 5582 ἀλαστόρων
842 5511 1064 5567 ἐκείνων
1106 5510 1498 5581 ὲξεῦακχεύετο
1545 5515 1640 5568 καὶ
1698 5515 1851 5587 χώρα
1891 5519 1987 5575 καὶ

313 5599 473 5661 πόλις
512 5600 607 5653 καὶ
636 5600 859 5671 ἕρημος,
898 5602 990 5655 καὶ
1027 5601 1097 5669 γῆ
1138 5601 1232 5654 καὶ
1274 5600 1512 5656 θάλαττα
1534 5642 1548 5666 ,
1586 5604 1679 5658 καὶ
1714 5604 1989 5680 βάρϐαρος

316 5692 411 5741 καὶ
442 5689 658 5752 Ἕλλας,
694 5690 788 5743 καὶ
825 5692 924 5761 όρη
959 5691 1054 5743 καλ⁵
1082 5691 1249 5744 νάπαι
1281 5690 1376 5743 καὶ
1407 5690 1585 5760 βουνοί
1608 5709 1620 5722 ·
1654 5693 1811 5762 μόνον
1834 5697 1890 5750 δὲ
1924 5698 1987 5751 τὸ

330 5777 599 5831 Ἰουδαίων
621 5777 773 5841 ἔθνος
800 5779 859 5834 τδ
889 5777 1079 5835 δοκοῦν
1100 5778 1341 5833 εὐσεϐεῖν
1377 5781 1658 5852 προφήτας
1689 5781 1838 5856 [391]
1868 5781 1983 5855 εἶχε

1059 342 1105 397 Χ
1148 340 1451 408 ιιοΜιιιΑ,
1494 340 1561 395 ΙΝ
1602 337 1827 403 ILLUD,
1870 336 1988 391 ME!

2090 334 2403 402 SQUIDEM
2442 334 2702 401 MULTA,
2745 330 2902 388 ETC.
3659 330 3761 389 ξιεο

2088 458 2184 511 καὶ
2208 456 2538 525 θεογνωσίας
2564 455 2854 526 σπέρματα
2879 451 3056 524 μικρά
3075 468 3089 483 ·
3118 450 3256 506 ἀλλά
3274 451 3366 505 καλ
3391 451 3561 507 ταῦτα
3588 454 3764 525 χρόνῳ

2089 543 2478 615 κατεχώννυτο,
2516 544 2613 596 καὶ
2642 543 2693 594 οἱ
2713 539 3023 595 διδάσκαλοι
3055 538 3151 593 τοῦ
3180 539 3373 608 γένους
3394 540 3604 596 ἐκείνου
3632 559 3766 597 κατο

2088 633 2277 705 ἠγοροι
2328 630 2519 702 πικροὶ
2558 628 2668 683 τῶν
2705 627 3168 701 ἁμαρτανομένων
3237 627 3422 691 αὐτοῖς
3479 628 3721 697 ἐγίνοντο
3743 644 3764 665 ⁸

2090 722 2185 775 καὶ
2233 719 2487 774 τοσοῦτον
2510 720 2736 789 ἀπεῖχον
2774 719 2901 781 τοὺς
2936 716 3128 784 άλλους
3167 715 3449 771 παιδεύειν
3495 716 3589 770 καὶ
3624 716 3767 788 πρὸς

2089 807 2370 862 εὐσέϐειαν
2398 808 2780 878 χειραγωγεῖν,
2803 806 2885 858 ὅτι
2907 804 2970 875 δὴ
2993 804 3087 859 καὶ
3104 806 3215 868 τοῖς
3240 803 3423 868 ἄλλοις
3447 803 3767 859 σκανδάλων

2091 898 2253 950 αίτιοι
2279 895 2399 949 τότε
2432 896 2675 963 ἐγίνοντο
2693 908 2706 923 ’
2730 891 3003 946 καὶτοῦτο
3019 891 3193 962 δηλῶν
3215 894 3245 946 ό
3268 893 3554 965 προφήτης
3577 892 3763 962 ελεγι·

2091 985 2171 1038 Δι’
2198 982 2355 1053 ὑμᾶς
2381 983 2449 1036 τὸ
2479 980 2667 1052 ὄνομὰ
2700 998 2820 1052 μου
2834 979 3279 1050 ,βλασφημεῖται
3301 981 3373 1033 ἐν
3396 981 3522 1047 τοῖς
3539 980 3765 1036 ἔθνεσι.

2160 1078 2234 1139 7'.
2262 1072 2387 1135 Πῶς
2420 1065 2512 1124 οῦν
2536 1070 2807 1123 τοσούτων
2831 1067 3168 1137 κατεχόντων
3190 1067 3291 1137 τὴν
3318 1067 3642 1139 οἰκουμένην
3667 1084 3770 1122 κα-

2091 1161 2222 1226 κῶν,
2255 1160 2350 1215 καὶ
2376 1159 2589 1214 οὐδέπω
2610 1158 2719 1213 τῶν
2753 1158 3085 1230 σπερμάτων
3118 1156 3568 1227 καταϐληθέντων
3601 1158 3770 1227 (παν-

2088 1248 2256 1319 ταχοῦ
2283 1248 2394 1318 γάρ
2420 1246 2651 1301 ἄκανθαι
2684 1248 2777 1301 καὶ
2808 1245 3046 1318 τρίϐολοι
3081 1246 3174 1299 καὶ
3210 1244 3432 1315 βοτάναι
3470 1245 3727 1317 πονηραὶ)
3746 1285 3765 1309 ,

2090 1336 2302 1391 οὐδέπω
2334 1337 2432 1407 τῆς
2481 1335 2665 1407 χώρας
2703 1333 3161 1405 ἐκκαθαρθείσης,
3194 1332 3318 1387 οὐδὲ
3349 1332 3584 1407 ἀρότρου
3608 1332 3771 1387 έλκυε

2093 1424 2350 1491 σθέντος,
2403 1424 2524 1480 οὐδὲ
2569 1422 2807 1486 αὖλακος
2847 1423 3274 1494 ἀνατμηθείσης,
3321 1424 3450 1495 περὶ
3502 1421 3766 1496 θερισμοῦ

2089 1512 2392 1582 διαλέγεται
2429 1511 2520 1565 καί
2564 1527 2727 1583 φησιν
2748 1526 2763 1541 ο
2809 1510 2863 1563 '0
2896 1510 3179 1579 θερισμὸς
3216 1511 3446 1577 .qu;
3489 1512 3583 1565 καὶ
3623 1509 3769 1573 τίνος

2090 1601 2276 1656 ένεκεν
2313 1602 2456 1655 οὕτω
2484 1600 2639 1654 καλεῖ
2669 1599 2730 1653 τὸ
2753 1597 3107 1667 Εὐαγγέλιονς
3145 1598 3302 1661 Τίνος
3330 1598 3549 1664 ένεκεν;
3577 1597 3766 1671 ἐπειδὴ

2089 1689 2159 1744 τά
2186 1688 2489 1761 πράγματα
2535 1688 2677 1744 οὕτω
2698 1687 2960 1751 διέκειτο,
2999 1686 3191 1759 ἔμελλε
3225 1686 3282 1741 δὲ
3324 1687 3523 1752 αὐτοὺς
3559 1704 3767 1742 παντα-

2090 1775 2187 1846 χοῦ
2220 1777 2318 1849 τῆς
2346 1776 2673 1848 οἰκουμένης
2719 1776 3055 1846 ἐκπέμπειν,
3096 1774 3244 1836 εἰκὸς
3282 1774 3340 1828 δὲ
3382 1775 3577 1839 αὐτοὺς
3606 1773 3768 1847 θορυο

2091 1862 2304 1918 δεῖσθαι
2341 1865 2437 1918 καὶ
2457 1863 2841 1935 ταράττεσθαι,
2875 1863 2970 1917 καλ⁸
3013 1863 3150 1935 πρὸς
3180 1863 3405 1926 ἑαυτοὺς
3449 1862 3766 1932 ἀναλογίζε-

2092 1952 2217 2008 σθαι
2236 1952 2343 2015 Καί
2372 1951 2552 2024 λέγειν
2570 1952 2711 2013 ’Καὶ
2741 1951 2857 2015 πῶς
2880 1951 2946 2007 ἂν
2979 1951 3189 2019 γένοιτο
3217 1948 3440 2005 δυνατὸν
3461 1950 3652 2004 ῑνδεκα
3672 1950 3765 2004 6v-

2088 2056 2190 2104 τας
2223 2042 2273 2111 (ό
2303 2040 2412 2113 γὰρ
2460 2036 2541 2104 εἷς
2576 2039 2909 2112 θηριάλωτος
2950 2038 3231 2107 γέγονεν),
3269 2036 3503 2101 ἰδιώτας,
3542 2038 3764 2110 ἀγραμ-

2093 2129 2296 2200 μάτους
2316 2168 2332 2193 ,
2398 2127 2635 2200 πένητας
2656 2167 2671 2192 ,
2720 2126 2965 2198 ἀσήμους
2987 2165 3000 2185 .
3064 2126 3305 2197 γυμνοὺς
3324 2165 3339 2189 ,
3376 2124 3757 2196 μονοχίτωνας,

2090 2216 2464 2280 ἀνυποδέτους,
2488 2215 2561 2287 μὴ
2583 2213 2777 2286 ζώνην,
2804 2215 2879 2285 μὴ
2902 2213 3117 2285 ράδδον,
3141 2212 3216 2285 μὴ
3231 2212 3414 2267 όδολὸν
3435 2214 3766 2285 ἐπιφερομέ-

2089 2320 2235 2368 νους,
2272 2301 2466 2356 διιέναι
2493 2303 2592 2374 τὴν
2644 2301 2969 2372 οἰκουμένην
2996 2300 3216 2355 ἃπασαν
3250 2300 3353 2371 τὴν
3378 2299 3523 2354 οὕτω
3551 2300 3765 2355 διακει-

2092 2390 2282 2461 μένην,
2312 2389 2525 2460 καὶτῆς
2570 2388 2671 2460 μὲν
2703 2387 2940 2453 παλαιᾶς
2973 2387 3227 2460 ἀποσπᾷν
3254 2387 3560 2459 συνηθείας,
3586 2389 3668 2454 είς
3692 2389 3768 2445 τὰ

2088 2477 2190 2548 τῆς
2212 2477 2339 2541 νέας
2362 2477 2419 2531 δὲ
2471 2478 2717 2549 δόγματα
2766 2475 3008 2543 εἰσάγειν
3060 2475 3280 2541 αὐτοὺς,
3332 2476 3427 2530 καὶ
3458 2474 3615 2548 ξένην
3639 2478 3765 2533 τινὰ

2088 2564 2437 2619 διδασκαλίαν
2473 2565 2658 2627 αὐτοῖς
2674 2565 2923 2635 ὲνηχεῖνς
2955 2563 3087 2617 πότε
3111 2563 3221 2633 γὰρ
3246 2562 3637 2635 ἀνασπάσομεν
3663 2566 3766 2630 τὰς

2090 2653 2361 2717 ἁκάνθαςς
2413 2652 2543 2707 πότε
2598 2651 3044 2723 κατασπείρομεν
3088 2661 3116 2692 ι
3143 2650 3211 2704 τὰ
3257 2651 3581 2723 σπέρματα;
3632 2652 3765 2708 πότε

2090 2740 2482 2810 γεωργήσομεν
2514 2739 2695 2794 αὐτῶν
2734 2739 2833 2811 τὴν
2855 2738 3133 2801 διάνοιαν;
3160 2737 3289 2791 πότε
3318 2738 3706 2810 ἁναδοθήσεται
3732 2740 3764 2793 6

2092 2826 2324 2898 σπόροςς
2353 2827 2437 2891 τίς
2468 2826 2526 2880 δὲ
2545 2828 2694 2899 ἡμᾶς
2715 2828 2776 2882 οὐ
2795 2826 3152 2881 διασπάσεται
3171 2843 3187 2893 ;
3209 2826 3293 2892 τίς
3313 2826 3370 2881 δὲ
3400 2827 3461 2882 06
3484 2843 3766 2900 κατακρη-

2093 2916 2303 2985 μνίσει;
2343 2914 2463 2979 πῶς
2504 2915 2641 2979 ὅλως
2680 2914 3022 2987 δυνησόμεθα
3059 2915 3244 2987 διᾶραι
3280 2915 3492 2986 στόμα,
3533 2916 3721 2987 στῆναι
3744 2957 3763 2983 ,

2088 3002 2457 3075 διαλεχθῆναι,
2503 3003 2739 3074 φανῆναι
2779 3003 3006 3074 μυριάσι
3035 3002 3361 3070 τοσαύταις;
3394 3003 3514 3067 πῶς
3534 3003 3769 3059 καταλύ·

2092 3108 2257 3162 σομεν
2276 3091 2556 3163 τυράννων
2578 3090 2769 3162 θυμὸν,
2798 3091 2986 3162 δήμων
3015 3091 3434 3155 ἐπαναστάσεις,
3458 3090 3765 3162 φιλοσόφων

2089 3178 2457 3243 κατασκευάς,
2500 3179 2745 3251 ῥητόρων
2771 3178 3045 3249 δεινότητα
3061 3216 3076 3243 ,
3103 3178 3421 3250 προλήψεως
3446 3180 3767 3252 τυραννίδα,

2092 3266 2381 3339 συνηθείας
2428 3267 2664 3331 παλαιᾶς
2706 3267 2892 3337 ἰσχὺν,
2921 3265 3192 3338 δαιμόνων
3237 3266 3549 3333 ἐπιϐουλὰς,
3579 3267 3765 3340 ψυχάς

2094 3355 2309 3427 μυρίοις
2371 3356 2640 3427 νοσήμασι
2710 3354 3290 3426 προκατειλημμένας;
3337 3357 3503 3427 ἡμεῖς
3553 3352 3647 3411 οῦν
3706 3356 3761 3411 οί

2089 3444 2281 3497 ’ένδεκα
2300 3444 2425 3508 τοὺς
2451 3445 2531 3507 εἰς
2565 3444 2666 3516 τὴν
2699 3444 3022 3517 οἰκουμένην
3057 3444 3306 3508 ἅπαντας
3331 3443 3448 3508 πῶς
3471 3443 3762 3515 διορθώσο-

2095 3549 2213 3603 μεν,
2235 3533 2283 3585 οἰ
2310 3532 2517 3586 ἰδιῶται
2539 3533 2666 3597 τοὺς
2687 3533 2903 3602 σοφοὺς,
2927 3534 2976 3586 οἰ
2996 3532 3193 3605 γυμνοὶ
3209 3533 3336 3597 τοὺς
3360 3531 3759 3602 ὡπλισμένους,

2090 3620 2139 3671 οἰ
2172 3618 2462 3691 ἀρχόμενοι
2513 3620 2640 3682 τοὺς
2668 3619 2955 3690 ἄρχοντας,
3006 3621 3055 3673 οί
3113 3618 3241 3688 μίαν
3286 3617 3529 3687 γλῶτταν
3559 3636 3762 3692 κεκτη-

2095 3705 2245 3776 μένοι
2278 3705 2423 3775 πρδς
2462 3705 2662 3778 μυρίας
2694 3706 2877 3776 φωνάς
2917 3706 3310 3778 διαλεγόμενοι,
3341 3708 3435 3761 καὶ
3468 3706 3593 3780 έθνη
3627 3707 3763 3780 βάρι-

2090 3790 2235 3863 δαρα
2267 3792 2361 3845 καὶ
2391 3792 2776 3861 ἁλλόγλωσσα;
2812 3793 2896 3857 τίς
2928 3792 2985 3846 δὲ
3013 3796 3045 3863 ἡ
3056 3793 3171 3863 μῶν
3200 3793 3476 3860 ἀνέξεται,
3512 3788 3588 3849 ὧν
3622 3795 3763 3867 μηδὲ

2089 3881 2188 3951 τῆς
2223 3879 2407 3949 φωνῆς
2440 3878 2730 3933 ἐπακούειν
2762 3878 2964 3933 δύναιτ’
2992 3880 3093 3946 ἀν;
3129 3880 3215 3933 ἴνα
3251 3880 3326 3954 μὴ
3350 3880 3524 3937 ταῦτα
3547 3882 3761 3952 λογιξόα

2094 3983 2245 4038 μενοι
2288 3966 2654 4039 θορυϐῶνται,
2713 3965 2973 4038 θερισμὸν
3035 3967 3095 4021 τὺ
3122 3967 3454 4040 Εὐαγγέλιον
3493 3972 3755 4041 ἐκάλεσε,

2094 4056 2374 4127 μονονουχὶ
2397 4056 2569 4125 λέγων
2588 4073 2599 4085 ο
2614 4055 2798 4109 Πάντα
2820 4056 3201 4128 ηὐτρέπισται,
3226 4059 3401 4115 πάντα
3422 4062 3761 4134 παρεσκεύα-

2093 4163 2213 4199 σται
2230 4160 2246 4175 ·
2280 4144 2416 4216 πρὸς
2440 4144 2662 4215 ἐτοίμην
2691 4145 2835 4216 ὑμᾶς
2859 4145 2965 4199 τῶν
2988 4147 3215 4218 καρπῶν
3238 4150 3439 4220 πέμπω
3463 4149 3757 4224 συλλογήν⁶

2090 4233 2145 4285 ἐν
2174 4235 2242 4304 τῇ
2263 4233 2398 4303 αὐτῇ
2429 4231 2613 4304 ἡμέρᾳ
2640 4233 2735 4285 καὶ
2764 4232 3007 4304 σπείρειν
3048 4235 3142 4287 καὶ
3168 4235 3405 4307 θερίζειν
3440 4234 3756 4311 δυνήσεάθε.

2091 4319 2302 4390 Ὠσπερ
2331 4315 2421 4373 οὖν
2437 4319 2465 4371 6
2482 4318 2719 4389 γηπόνος
2738 4319 2873 4390 πρὸς
2902 4321 3111 4391 ἄμητον
3131 4321 3291 4387 ἐξιὼν
3315 4323 3493 4394 χαίρει
3517 4326 3610 4379 καί
3633 4344 3760 4396 φαι-

2090 4406 2216 4477 δρός
2233 4408 2350 4459 ἐστι
2373 4408 2465 4460 καὶ
2488 4405 2740 4477 γέγηθεν,
2762 4407 2863 4461 οὐκ
2888 4406 3337 4481 ἀναλογιζόμενος
3380 4406 3599 4476 πόνους,
3626 4411 3755 4467 οὔτε

2087 4494 2373 4548 δυσκολίαν
2386 4494 2526 4558 τινὰ,
2543 4494 2659 4549 ἁλλ’
2674 4495 2750 4560 ὡς
2770 4495 2859 4549 ἐπὶ
2876 4496 3132 4568 πρόσοδον
3148 4498 3366 4570 ἑτοίμην
3382 4486 3752 4572 ἐπειγόμενος,

2088 4582 2183 4636 καί
2206 4583 2298 4636 ἐπὶ
2322 4582 2432 4636 τῶν
2465 4582 2749 4637 ἐνιαυσίων
2777 4584 3006 4656 καρπῶν
3031 4583 3259 4657 τρέχων,
3292 4586 3387 4641 καὶ
3411 4586 3565 4642 οὐδὲν
3591 4587 3756 4643 οὐδα-

2090 4670 2192 4741 μοῦ
2237 4669 2464 4741 κώλυμα
2487 4710 2502 4736 ,
2549 4671 2704 4725 οὐδὲν
2735 4670 2990 4742 ἐμπόδιον
3014 4712 3030 4738 ,
3064 4673 3291 4744 οὐδεμία
3334 4673 3429 4728 τοῦ
3469 4674 3754 4746 μέλλοντος

2085 4757 2299 4830 ἀδηλία,
2327 4758 2642 4830 ἐπομϐρίαι,
2680 4757 2912 4829 χάλαζαι
2944 4761 3037 4814 καὶ
3062 4761 3282 4833 αὐχμοὶ,
3315 4762 3407 4815 καὶ
3436 4762 3753 4836 τδπονηρδν

2086 4844 2192 4898 τῶν
2218 4845 2453 4916 ἀκρίδων
2487 4847 2881 4913 στρατόπεδον
2912 4850 2940 4902 6
2971 4847 3080 4920 γάρ
3103 4849 3196 4902 τοῦ
3236 4848 3469 4921 θερίζειν
3510 4851 3773 4922 ἀπτόμευ

2085 4947 2173 4995 νος
2191 4972 2204 4992 .
2237 4931 2387 4985 οὐδὲν
2416 4932 2680 5005 ὑφορᾶται
2698 4934 2936 4989 τοιοῦτον
2955 4951 2971 4967 ’
3000 4935 3087 4989 διὰ
3111 4935 3175 5008 δὴ
3205 4935 3366 4991 τοῦτο
3382 4938 3478 4991 καὶ
3498 4939 3754 5011 χορεύον-

2083 5037 2173 5084 τες
2200 5021 2296 5075 καὶ
2336 5022 2664 5094 σκιρτῶντες
2694 5022 2803 5077 τῶν
2832 5022 3007 5077 πόνων
3048 5023 3305 5081 ἅπτονται
3327 5042 3342 5057 ο
3375 5025 3521 5080 οὕτω
3551 5024 3616 5100 δὴ
3653 5027 3751 5081 καὶ

2085 5108 2260 5178 ὑμᾶς,
2291 5110 2385 5163 καὶ
2414 5109 2593 5182 πολλῷ
2644 5110 2837 5175 πλέον,
2871 5111 3010 5182 μετὰ
3055 5110 3257 5181 πολλῆς
3302 5113 3402 5183 τῆς
3447 5113 3638 5193 ἡδονῆς
3670 5115 3752 5177 εἰς

2081 5194 2180 5265 τὴν
2209 5196 2531 5268 οἰκουμένην
2576 5196 2775 5262 ἐξιέναι
2827 5197 3137 5267 ἀναγκαῖον.
3172 5197 3442 5272 Θερισμδς
3473 5201 3581 5272 γάρ
3629 5202 3747 5256 ἐστι

2082 5281 2142 5334 τὸ
2171 5284 2399 5353 πρᾶγμα
2423 5324 2438 5351 ,
2475 5283 2733 5355 θερισμὸς
2772 5284 2969 5356 πολλὴν
2997 5285 3245 5340 εὐκολίαν
3280 5285 3417 5358 ἔχων
3440 5328 3457 5354 ,
3488 5287 3748 5359 θερισμὸς

2085 5372 2573 5440 παρεσκευασμένα
2613 5372 2869 5441 παρέχων
2893 5372 3019 5442 ὑμῖν
3040 5373 3108 5427 τὰ
3144 5373 3300 5446 λήῖα·
3334 5376 3506 5429 εἰπεῖν
3541 5374 3623 5429 δεῖ
3652 5375 3766 5448 μόοι

2082 5473 2192 5519 νον,
2225 5458 2284 5510 οὐ
2316 5461 2529 5528 καμεῖν.
2565 5459 2853 5513 Δανείσατέ
2883 5477 2991 5529 μοι,
3022 5461 3172 5530 φησί,
3203 5462 3304 5532 τὴν
3335 5459 3578 5531 γλῶτταν
3604 5503 3620 5528 ,
3654 5467 3751 5520 καὶ

2082 5543 2276 5613 ὄψεσθε
2316 5545 2407 5601 τὸν
2436 5547 2648 5618 καρτὼν
2682 5546 2833 5620 [592]
2868 5547 3075 5619 ῶριμον
3110 5549 3190 5613 εἰς
3226 5548 3295 5602 τὰ
3328 5548 3581 5619 βασιλικά
3613 5570 3750 5607 11:0-

2148 5798 2175 5828 “
2205 5799 2483 5863 Logcmlum
2512 5808 2710 5857 \‘idclur
2734 5806 3136 5873 κατασπεροῦμιν.
