4092 6206
336 374 431 429 521

329 478 507 549 δοχεῑα
540 476 908 546 εἰσαγόμενον.
941 471 1039 526 Διά
1071 472 1135 543 δὴ
1169 473 1331 526 τοῦτο
1364 473 1457 526 καὶ
1486 472 1624 543 μετᾶ
1660 469 1831 526 ταῦτα
1862 471 2002 541 πέμ-

331 586 449 621 πων
479 567 673 628 αὑτοὺς
707 564 925 633 ἔλεγεν
962 561 1108 617 Ἰδοὺ
1148 562 1263 632 ἐγὼ
1289 563 1419 631 μεθ’
1447 560 1612 630 ὑμῶν
1650 563 1764 629 ειμι
1806 560 2010 625 πάσας

328 658 435 720 τὰς
467 636 692 722 ἡμέρας
722 650 836 717 ἕως
878 649 986 718 τῆς
1021 649 1381 713 συντελείας
1418 647 1523 701 τοῦ
1556 644 1794 712 αἰῶνος.
1833 645 2009 709 Αὐτὸς

328 743 436 813 γὰρ
464 737 532 811 ἦν
558 742 586 793 6
612 738 681 792 16
707 738 940 793 δύσκολα
979 737 1136 809 ῥᾴδια
1169 735 1356 803 ποιῶν,
1380 736 1474 790 καὶ
1502 736 1636 806 ὅπερ
1654 735 1697 788 ’ὀ
1727 735 2010 805 προφήτης

328 830 532 895 ἔλεγεν,
557 829 638 881 ὅτι
680 826 828 897 Ἐγὼ
853 824 1194 896 ἔμπροσθέν
1217 840 1335 879 σου
1364 823 1687 893 πορεύομαι
1719 835 1745 864 ι
1771 823 1867 876 καὶ
1901 822 2008 890 ὄρη

329 913 592 985 ὁμαλιῶ’
646 915 817 969 ταῦτα
870 914 962 966 ἐπὶ
1008 910 1116 965 τῶν
1199 910 1510 964 ἀποστόλων
1559 908 1832 981 αἰσθητῶς
1882 924 2011 961 συν-

328 1004 544 1057 έϐαινεο
599 998 961 1074 προωδοποίει
1003 998 1112 1069 γὰρ
1138 997 1320 1061 αὐτοῖς
1359 998 1391 1050 6
1418 996 1651 1069 Χριστὸς
1691 997 1786 1051 καὶ
1824 995 2013 1067 ῥᾳδίαν

328 1090 503 1143 ἐποίει
530 1090 630 1159 τὴν
659 1089 795 1143 ὀδόν.
837 1084 1009 1139 Τοῦτο
1043 1084 1137 1138 καὶ
1169 1085 1197 1137 6
1229 1084 1740 1155 μεγαλοφωνότατος
1779 1082 2011 1146 Ἡσαΐας

327 1176 501 1247 δηλῶν
525 1176 675 1243 ἐλεγε
695 1190 710 1205 ·
740 1172 916 1228 Πᾶσα
957 1170 1193 1241 φάραγξ
1224 1169 1684 1239 πληρωθήσεται
1707 1209 1723 1232 ,
1752 1168 1851 1223 καὶ
1883 1166 2010 1226 πᾶν

329 1264 468 1331 ὅρος
497 1262 592 1315 καὶ
622 1259 854 1325 βουνὸς
887 1256 1394 1323 ταπεινωθήσεται
1417 1271 1432 1287 ο
1468 1255 1528 1309 06
1578 1256 1704 1327 περὶ
1746 1254 1888 1326 όρῶν
1929 1253 2015 1307 λέ-

329 1367 441 1417 γων
469 1350 559 1403 καί
588 1347 818 1418 βωνῶν·
848 1347 969 1400 ούδέ
995 1346 1102 1416 γὰρ
1134 1344 1331 1414 συνέϐη
1352 1343 1540 1397 τοῦτο*
1568 1334 1702 1397 6116
1727 1344 1852 1406 τοὺς
1880 1342 2013 1395 6110-

329 1437 685 1507 νενοημένους
716 1435 808 1488 καὶ
851 1434 1203 1503 φυσωμένους
1239 1433 1334 1485 καὶ
1364 1431 1894 1503 μεγαλοφρονοῦντας
1934 1428 2011 1500 τῷ

329 1522 437 1574 τῶν
487 1520 627 1590 ὀρῶν
659 1521 882 1591 ὀνόματι
932 1518 1134 1576 καλῶν.
1178 1518 1317 1572 Ἀλλ’
1344 1519 1680 1573 ἐταπείνωσε
1723 1518 1930 1580 πάντας
1978 1518 2009 1570 6

329 1608 567 1680 Χριστὸς
593 1610 954 1677 ταπεινότητα
987 1605 1154 1676 ὕψους
1180 1606 1476 1678 γέμουσαν,
1507 1607 1602 1661 καὶ
1625 1605 1692 1660 16
1716 1607 1819 1677 ὅρη
1847 1605 2006 1658 πεδία

280 1750 285 1753 _
330 1695 584 1765 ἐποίησεν
610 1708 624 1722 ’
659 1692 802 1747 οὑτω
849 1694 905 1746 δὲ
960 1692 1119 1747 καλεῖ
1144 1693 1268 1752 τοὺς
1304 1691 1800 1763 ἀπονενοημένους,
1834 1691 1895 1744 06
1926 1689 2014 1745 διὰ

330 1788 393 1842 τὸ
434 1787 565 1857 ὕψος
597 1784 778 1839 αὐτῶν
812 1785 911 1855 τῆς
948 1783 1184 1847 διανοίας
1207 1823 1222 1846 ,
1264 1782 1399 1837 ἀλλά
1425 1781 1516 1837 διά
1544 1783 1607 1836 τὸ
1638 1782 1885 1853 ἄκαρπον
1915 1780 2015 1850 τῆς

329 1874 591 1938 ἀπονοίας
610 1913 625 1937 ,
658 1872 753 1927 καὶ
783 1872 845 1925 16
877 1871 1068 1940 ἄγονον
1092 1871 1189 1942 τῆς
1214 1870 1392 1942 ψυχῆς
1414 1911 1429 1936 ,
1458 1869 1554 1923 καὶ
1592 1869 1653 1922 16
1687 1868 2013 1945 ἀναίσθητον

329 1963 436 2016 τῶν
465 1961 658 2029 λόγων.
690 1960 901 2031 Ὠσπερ
931 1958 1039 2031 γάρ
1074 1958 1134 2012 16
1173 1958 1298 2030 690;
1330 1959 1432 2012 οὑκ
1463 1956 1530 2012 ἂν
1577 1956 1775 2027 ἐνέγκῃ
1801 1956 1830 1996 δ
1876 1972 2014 2024 καρ-

333 2050 435 2102 116v
460 2087 475 2110 ,
510 2048 688 2112 οὑτως
716 2046 838 2101 οὑδὲ
883 2046 1110 2100 ἀπόνοια
1131 2060 1147 2077 ⁸
1190 2044 1388 2116 μᾶλλον
1413 2043 1470 2097 δὲ
1495 2044 1594 2115 οὑχ
1629 2043 1802 2106 οὑτως
1825 2083 1840 2106 ,
1878 2040 2016 2095 ἀλλά

330 2138 427 2191 καὶ
450 2134 629 2205 πολλῷ
653 2133 1052 2205 χαλεπώτερον.
1081 2132 1157 2186 Τὸ
1184 2133 1282 2204 μὲν
1310 2131 1419 2204 γάρ
1444 2131 1568 2204 690;
1597 2132 1698 2185 οὑκ
1727 2129 1790 2184 ἂν
1815 2128 2013 2201 ἐνέγκῃ

338 2225 561 2296 καρπὸν,
595 2225 629 2293 ἡ
658 2223 715 2276 δέ
742 2223 967 2275 ἀπόνοια
1005 2221 1066 2274 οὑ
1118 2220 1277 2291 μόνον
1323 2219 1384 2273 o6
1418 2218 1599 2272 δίδωσί
1626 2235 1747 2271 τινα
1780 2218 2011 2287 καρπὸν,

336 2311 468 2364 ἀλλὰ
521 2309 734 2363 καὶτὸν
779 2308 908 2361 ὅντα
941 2306 1339 2378 καταμαραίνει
1376 2306 1469 2360 καὶ
1505 2305 1595 2358 τὸν
1635 2303 2014 2375 βλαστήσαντα

337 2398 577 2466 ξηραίνει
605 2412 619 2426 ’
647 2395 837 2467 ὥσπερ
860 2390 951 2448 οὖν
984 2396 1018 2466 ἡ
1046 2393 1512 2464 ταπεινοφροσύνη
1541 2392 1601 2445 06
1636 2390 1795 2462 μόνον
1818 2390 2014 2444 θάλπει

338 2487 423 2539 16v
445 2486 594 2549 ὄντα,
624 2482 763 2538 ἀλλά
797 2483 892 2537 καὶ
916 2481 1008 2535 16v
1035 2482 1135 2534 οὑκ
1161 2481 1291 2535 ὄντα
1317 2480 1519 2533 τίκτειν
1553 2478 1732 2532 εῐωθε.

403 2573 466 2625 δ’.
514 2573 620 2625 Καὶ
648 2570 754 2623 τῶν
800 2569 1106 2640 εἰρημένων
1152 2569 1382 2637 μέγιστα
1423 2566 1841 2638 παραδείγματα
1887 2565 1917 2618 ὃ
1954 2581 2013 2617 τε

336 2662 620 2732 φαρισαῖος
645 2659 738 2713 καὶ
767 2660 796 2712 6
827 2655 1085 2727 τελώνης.
1113 2656 1171 2709 ’0
1202 2656 1300 2726 μὲν
1324 2655 1431 2725 γάρ
1452 2652 1688 2707 ἀνελθὼν
1716 2652 1855 2723 μετά
1879 2647 2017 2706 ἀπο-

338 2748 483 2810 νοίας
505 2786 520 2811 ,
552 2746 612 2799 06
656 2745 815 2815 μόνον
852 2743 952 2797 οὑκ
982 2742 1136 2796 ἔτεκέ
1180 2760 1301 2797 τινα
1339 2742 1580 2814 καρπὸν,
1616 2740 1752 2796 ἀλλά
1795 2740 1886 2794 καὶ
1924 2739 2016 2794 τὸν

337 2836 467 2889 ὖντα
495 2832 745 2889 ἀπώλεσε
767 2849 782 2862 ·
815 2832 844 2885 6
878 2830 935 2884 δὲ
963 2829 1200 2899 τελώνης
1226 2829 1430 2901 ἔρημος
1459 2827 1534 2883 ὢν
1565 2829 1661 2883 καὶ
1693 2827 1846 2883 οὐδὲν
1875 2828 2013 2898 ἀγα-

337 2921 430 2975 θὸν
459 2921 598 2991 έχων
622 2958 639 2985 ,
687 2920 832 2973 ποιεῖ
879 2915 1058 2989 ἐαυτῷ
1086 2916 1418 2989 κατόρθωμα
1436 2931 1448 2946 ο
1497 2914 1686 2987 ἐπειδὴ
1715 2914 1824 2987 γὰρ
1853 2915 2015 2986 μόνον

336 3006 590 3073 ἐστέναξε
622 3005 716 3060 καὶ
754 3004 905 3059 κάτω
952 3002 1130 3074 κύψας
1167 3002 1359 3057 ἐαυτὸν
1407 3001 1725 3066 ἐταλάνισε,
1779 3001 2014 3072 κατῆλθε

338 3095 509 3165 πολλῇ
538 3092 717 3165 βρύων
742 3094 807 3163 τῇ
833 3089 1149 3163 δικαιοσύνῃ
1177 3088 1270 3143 καὶ
1289 3087 1668 3161 παραδραμὼν
1693 3088 1835 3143 κατὰ
1860 3087 2016 3142 τοῦτο

336 3183 428 3236 16v
460 3182 764 3254 φαρισαῖον.
799 3181 915 3233 Ἵνα
945 3178 1002 3231 δὲ
1031 3180 1124 3232 καὶ
1168 3178 1263 3231 ἀπ’
1296 3177 1476 3232 αὑτῶν
1507 3177 1653 3248 ἴδητε
1679 3175 1788 3230 τῶν
1830 3193 2013 3247 πραγ-

339 3271 543 3341 μάτων.
562 3334 571 3339 _
589 3268 682 3323 καὶ
728 3265 820 3320 ἐπὶ
850 3263 1168 3338 ὡρισμένων
1190 3263 1497 3337 προσώπων
1521 3264 1730 3336 μάθητε
1758 3263 1860 3319 ποῦ
1890 3264 2013 3336 ὅρος

338 3358 433 3427 καὶ
483 3356 670 3427 βουνὸν
718 3355 1081 3409 ἐταπείνωσεν
1135 3354 1163 3406 6
1211 3354 1444 3425 X91616;
1470 3392 1485 3418 ,
1532 3354 1797 3423 εἰσαγέτω
1851 3354 2012 3408 πάλιν

335 3448 468 3517 ημῖν
521 3444 610 3497 τὸν
666 3442 875 3497 Παῦλον
934 3443 963 3496 6
1011 3440 1188 3510 λόγος.
1229 3436 1396 3504 Οὗτος
1443 3440 1551 3512 γάρ
1603 3442 1631 3494 6
1692 3441 2013 3512 σκηνοποιὺς

339 3532 550 3604 (ἡδέως
583 3531 691 3603 γάρ
726 3530 825 3601 τὴν
855 3529 1049 3601 τέχνην
1097 3526 1263 3582 αὑτοῦ
1300 3527 1649 3600 περιστρέφω
1670 3566 1686 3590 ,
1719 3528 1805 3581 ἴνα
1837 3527 2014 3599 μάθῃς

337 3621 419 3673 ὃτι
453 3619 554 3672 οὑκ
592 3617 788 3682 ὄνειδος
841 3618 875 3688 ἡ
917 3617 1112 3688 τέχνη,
1151 3613 1265 3668 ἀλλ’
1301 3616 1334 3686 ἠ
1391 3614 1558 3686 ἀργία
1587 3615 1889 3686 κατηγορία
1922 3615 2016 3669 καὶ

339 3706 628 3778 ἔγκλημα)
656 3720 671 3735 ·
703 3697 855 3768 οὗτος
883 3705 1061 3758 τοίνυν
1092 3705 1121 3757 6
1157 3701 1366 3766 Παῦλος
1390 3744 1404 3768 ,
1430 3703 1718 3773 γενόμενος
1756 3704 1814 3756 ἐν
1846 3702 2016 3755 Σαλα-

343 3799 455 3867 μῖνι
478 3836 493 3862 ,
545 3792 804 3864 συνέτυχέ
833 3808 939 3845 τινι
980 3789 1273 3859 ἀνθυπάτῳ
1302 3790 1396 3843 καί
1431 3789 1590 3861 μάγῳ
1634 3791 1748 3861 μετ’
1782 3790 2013 3845 ἐκείνου.

340 3881 573 3948 Διπλοῦς
602 3882 632 3935 6
664 3880 908 3953 κρημνὸς
931 3879 1013 3950 ,ἥ
1056 3896 1114 3933 τε
1140 3879 1251 3933 ἀπὺ
1278 3880 1378 3950 τῆς
1398 3879 1571 3953 ἀρχῆς
1597 3880 1849 3940 ἀπόνοια.
1880 3880 1915 3950 ἥ
1956 3896 2016 3932 τε

340 3972 451 4024 61:6
478 3971 571 4022 τοῦ
614 3968 789 4039 μάγου
820 3966 1159 4021 διδασκαλία.
1190 3966 1299 4020 Καὶ
1333 3965 1519 4038 ἐπειδὴ
1551 3964 1698 4037 ἐώρα
1724 3965 1784 4019 16
1821 3964 2017 4038 μιαρὸν

340 4060 516 4111 ἐκεῖνο
548 4056 643 4107 καὶ
672 4053 1026 4123 ἀναίσχυντον
1068 4052 1255 4124 θηρίον
1295 4052 1582 4123 ἐμποδίζον
1620 4053 1698 4123 τῷ
1727 4052 2016 4123 ἀνθυπάτῳ

341 4145 436 4200 καὶ
462 4141 752 4196 διακόπτον
783 4139 949 4194 αὑτοῦ
991 4141 1091 4212 τὴν
1120 4140 1469 4195 διδασκαλίαν
1488 4181 1507 4203 ,
1543 4142 1772 4200 ἄκουσον
1800 4140 1851 4194 τί
1883 4158 2014 4210 φησι

343 4230 605 4301 πλησθεὶς
633 4227 950 4300 Πνεύματος
997 4229 1152 4298 ἁγίου
1181 4247 1194 4261 ο
1223 4231 1283 4281 Ὢ
1304 4226 1540 4293 ..παντὸς
1565 4228 1750 4280 δόλου
1782 4228 1876 4280 καί
1906 4227 2018 4281 ,πάι

341 4337 462 4386 (της
509 4317 896 4387 ῥᾳδιουργίας
941 4316 1167 4388 γέμων,
1210 4317 1305 4371 υἱὲ
1347 4315 1652 4369 διαϐόλου.
1687 4315 1761 4368 O6
1809 4313 1915 4387 γὰρ
1955 4315 2018 4368 16

342 4406 582 4479 ὑϐρίζειν
612 4403 887 4476 πανταχοῦ
919 4405 1109 4469 κακὸν,
1142 4403 1278 4458 ἀλλὰ
1306 4403 1366 4456 τὸ
1388 4401 1513 4472 εἰκῆ
1541 4400 1810 4473 ὑϐρίζειν·
1842 4402 2016 4474 τούτῳ

341 4498 450 4567 γὰρ
488 4495 583 4549 καὶ
611 4494 828 4548 κόλασιν
874 4494 902 4545 6
926 4491 1161 4564 Χριστὸς
1193 4491 1387 4564 έθηκεν
1411 4508 1425 4523 ·
1456 4491 1531 4555 ὼς
1558 4492 1587 4544 ὃ
1625 4507 1690 4559 γε
1723 4489 1861 4561 μετά
1892 4507 2016 4544 καιο

344 4572 441 4653 ροῦ
490 4582 583 4652 τοῦ
638 4583 1009 4654 προσήκοντος
1062 4579 1219 4634 τοῦτο
1274 4579 1440 4634 ποιῶν
1465 4620 1479 4644 ,
1538 4578 1716 4649 ἰατρὸν
1773 4580 2017 4649 μιμεῖται

341 4670 606 4740 τέμνοντα
648 4668 787 4739 μετά
819 4666 913 4722 τοῦ
963 4666 1156 4737 καιροῦ
1208 4666 1301 4720 τοῦ
1356 4669 1754 4738 προσήκοντος,
1804 4665 1899 4719 καὶ
1948 4668 2014 4737 τῇ

342 4760 484 4828 τομῇ
522 4757 619 4828 τὴν
651 4755 920 4828 σηπεδόνα
947 4754 1298 4808 ἐκϐάλλοντα.
1330 4753 1500 4807 Τοῦτο
1529 4754 1593 4826 δὴ
1635 4754 1726 4808 καὶ
1752 4756 1781 4808 6
1807 4753 2016 4817 Παῦλος

346 4847 490 4913 ποιεῖ
511 4860 525 4876 ·
556 4845 638 4897 Οὐ
677 4844 883 4911 παύσῃ
919 4842 1296 4911 διαστρέφων
1327 4841 1434 4907 τὰς
1462 4840 1640 4908 ὀδοὺς
1668 4840 1774 4895 τοῦ
1795 4841 2016 4910 Κιιρίου

344 4934 452 5001 τὰς
472 4933 737 4999 εὐθείιις;
779 4933 918 4987 Ἀλλ’
943 4932 1043 4988 οὑκ
1082 4931 1330 5004 ἀνέχεται
1362 4949 1454 4986 σου
1500 4933 1607 4985 τῶν
1651 4933 1940 5002 ῥημάτων,
1972 4926 2018 4986 ὦ

348 5020 560 5077 Παῦλεο
593 5019 838 5090 ἐπάγαγέ
869 5037 989 5075 τινα
1048 5018 1403 5090 συλλογισμὸν
1449 5017 1832 5081 ἀποστολικὸν,
1879 5019 2017 5071 ἀπό-

348 5108 577 5181 619326011
600 5109 699 5178 τὴν
726 5107 994 5177 γλῶτταν.
1014 5107 1292 5180 ἔμφραξον
1325 5105 1490 5161 αὑτοῦ
1518 5104 1578 5159 16
1613 5104 1806 5175 στόμα,
1827 5108 2018 5176 στῆσον

347 5199 414 5252 τὰ
444 5194 650 5268 πονηρά
688 5194 955 5266 ῥεύματα.
983 5195 1048 5248 Τί
1087 5191 1180 5249 οὖν
1216 5195 1393 5258 ποιεῖς
1423 5193 1649 5258 Δεικνὺς
1683 5193 1765 5247 ὅτι
1789 5192 1848 5247 06
1884 5192 2020 5264 1196;

346 5268 472 5347 τοὺς
511 5280 833 5355 ἀνθρώπους
872 5283 900 5336 6
936 5282 1173 5352 πόλεμος
1205 5280 1373 5353 αὐτῷ.
1407 5281 1574 5353 φησί’
1604 5280 1712 5336 Καὶ
1738 5280 1852 5335 νῦν
1886 5279 2018 5334 ίδοὺ

349 5374 475 5443 χεὶρ
508 5371 726 5440 Κυρίου
752 5368 851 5423 ἐπὶ
884 5369 976 5424 σέ.
1012 5370 1181 5435 A616;
1227 5370 1335 5442 γὰρ
1383 5371 1411 5425 6
1447 5367 1650 5431 εἰπὼν,
1688 5369 1825 5423 Μεθ’
1854 5365 2021 5436 ὑμῶν

350 5459 640 5531 159518ἱμι
667 5455 866 5523 πάσας
904 5456 1008 5524 τὰς
1032 5457 1287 5527 ἡμέρας,
1334 5457 1515 5528 παρῆν
1560 5455 1667 5509 καὶ.
1703 5455 1781 5525 τῷ
1824 5453 2021 5525 Παύλῳ

347 5548 493 5611 τότε,
517 5547 608 5600 καὶ
629 5544 831 5618 ταύτην
864 5544 1001 5616 ἔχων
1148 5545 1439 5616 ὑπόσχεσιν
1470 5543 1626 5598 καλεῖ
1646 5559 1705 5596 τε
1733 5541 1897 5597 αὑτὸν
1927 5543 2016 5596 καὶ

413 5698 436 5724 ⁸
470 5693 518 5743 In
545 5690 715 5742 Bibﬁis
734 5692 1048 5802 πορεύσομαι,
1082 5694 1285 5742 reclim.
1893 5751 1907 5766 ἱ

416 5756 443 5797 ιι
468 5756 556 5802 Hic
582 5762 629 5802 et
653 5758 795 5802 mulo
819 5761 927 5802 nosl
969 5755 1216 5802 mendum
1229 5755 1317 5802 οὐκ
1345 5754 1401 5802 ἂν
1425 5753 1621 5802 ἐνέγκοι.
1648 5757 1702 5802 el
1722 5763 1835 5802 mox
1859 5768 1907 5801 ου

351 5819 382 5869 ἀ
416 5756 443 5797 ιι
468 5756 556 5804 Hic.
582 5762 629 5805 et
653 5750 927 5820 puulu'posl
947 5750 1216 5817 legendum
1229 5755 1317 5804 οὐκ
1345 5754 1401 5803 ἂν
1425 5753 1621 5816 ἐνέγκοι,
1648 5757 1702 5803 el
1722 5763 1835 5803 mox
1859 5750 1966 5801 οὑδέ
1985 5753 2017 5810 ἡ

384 5835 570 5869 ποιοί-κ.

1121 356 1178 413 S.
1217 354 1506 413 10.515le
1542 352 2027 410 CIIRYSOSTOMI
2054 350 2372 409 ARCHIEP.
2399 348 2940 408 CONSTANTINOP.

3666 344 3768 399 ,ϐἓὲ

2112 470 2255 536 ἀξιοῖ
2280 469 2531 538 γενέσθαι
2558 468 2819 539 τιμωρὸν,
2853 468 2947 521 καὶ
2973 466 3377 537 συνεφάψασθαι
3407 465 3514 521 τῶν
3550 484 3774 539 1190x21-

2114 559 2290 628 μένων
2314 598 2329 621 ,
2385 559 2477 611 καὶ
2534 559 2602 611 16
2640 556 2939 627 κωλύματα
2967 556 3299 610 ἀνασπάσαι.
3336 556 3443 610 Καὶ
3486 556 3603 610 νῦν
3649 557 3778 613 ἰδοὺ

2110 645 2238 714 χείρ
2267 646 2486 714 Κυρίου
2515 645 2611 698 ἐπὶ
2646 644 2739 700 σέ.
2778 644 2925 713 Πόση
2958 643 3057 697 τοῦ
3075 643 3312 715 Χριστοῦ
3355 645 3390 715 ἡ
3435 646 3756 711 συγκατάϐα

2113 750 2228 795 σις’
2281 732 2421 804 πόση
2450 731 2545 785 τοῦ
2583 731 2790 785 Παύλου
2832 733 2865 802 ἡ
2910 731 3189 803 παρρησία
3215 747 3230 762 ⁸
3268 731 3387 795 πῶς
3424 734 3482 786 ἐν
3506 734 3780 802 ἀποφάσει

2111 820 2209 890 τὴν
2242 820 2456 892 πληγὴν
2488 819 2716 888 ἐπάγει,
2753 821 2845 874 καὶ
2882 821 2909 872 6
2934 819 3169 891 Χριστὸς
3204 818 3406 883 εὑθέως
3434 821 3671 874 ἐπινεύει
3700 821 3782 891 τῷ

2110 907 2406 979 λεγομένῳ.
2444 910 2508 962 Τί
2540 910 2657 961 ἐστι
2689 908 2826 977 Χεὶρ
2850 908 3109 975 Kvplov;
3140 906 3376 978 Δύναμις
3394 908 3622 962 ἐναντία
3646 910 3783 979 πλη-

2113 997 2295 1067 κτική.
2315 999 2502 1067 Παρῆν
2536 997 2645 1067 γὰρ
2670 996 2851 1059 αὑτοῖς
2880 994 3176 1066 πανταχοῦ,
3201 995 3436 1066 ἑτοίμως
3465 996 3779 1060 ὑπακούων,

2112 1083 2206 1136 καὶ
2239 1083 2495 1155 θερισμὸν
2534 1082 2595 1136 τὸ
2626 1085 2857 1154 πρᾶγμα
2881 1083 3072 1148 ποιῶν,
3110 1083 3215 1136 οὑκ
3245 1083 3426 1151 ἀφιεὶς
3451 1088 3632 1138 πονεῖν
3658 1086 3780 1138 οὐδὲ

2113 1170 2597 1243 ταλαιπωρεῖσθαι,
2635 1171 2774 1225 6116
2798 1173 2867 1224 16
2889 1170 3019 1242 παρ’
3050 1168 3243 1223 ἐαυτοῦ
3272 1171 3626 1241 συνεισάγων.
3670 1172 3781 1226 Καὶ

2111 1261 2261 1324 ἔστη
2291 1260 2518 1328 τυφλὸς
2538 1298 2553 1320 ,
2581 1257 2668 1330 μὴ
2690 1258 2940 1322 ,ϐλέπων
2967 1257 3078 1325 ἕως
3102 1257 3333 1325 καιροῦ.
3371 1254 3526 1323 Εἶδες
3550 1260 3644 1313 καὶ
3679 1260 3783 1329 τὴν

2110 1344 2381 1417 τιμωρίαν
2414 1344 2554 1415 μετά
2595 1344 3005 1414 φιλανθρωπίας
3031 1361 3048 1411 ;
3081 1345 3329 1399 νουθεσία
3354 1345 3463 1416 γὰρ
3482 1386 3495 1407 ,
3526 1346 3588 1399 οὑ
3618 1347 3783 1399 κόλα-

2115 1450 2200 1497 σις
2252 1434 2287 1503 ἡ
2312 1496 2315 1497 ν
2341 1432 2653 1502 ἀπόφασις,
2701 1431 3021 1502 διόρθωσις,
3064 1433 3165 1487 οὑκ
3218 1433 3544 1504 ἀφανισμός.
3584 1434 3681 1488 Διά
3715 1434 3781 1507 δὴ

2112 1520 2268 1575 τοῦτο
2295 1522 2356 1575 06
2386 1524 2541 1593 χεῖρα
2569 1520 2852 1592 ἐξήρανεν,
2873 1521 2934 1574 o6
2959 1519 3206 1590 γλῶτταν
3235 1520 3305 1574 τὰ
3328 1522 3538 1594 πονηρά
3563 1523 3787 1594 ῥήματα

2114 1609 2491 1679 φθεγγομένην
2524 1607 2807 1679 ἐξέκαμεν,
2847 1608 2908 1661 06
2948 1607 3114 1680 σκέλη
3146 1609 3462 1680 ἐπήρωσεν,
3492 1608 3626 1663 ἀλλά
3659 1611 3788 1674 τοὺς

2113 1696 2424 1768 ὀφθαλμοὺς
2459 1696 2678 1760 66106;.
2730 1695 2948 1767 Ἐπειδὴ
2996 1695 3104 1767 γὰρ
3158 1696 3321 1759 6616;
3359 1695 3608 1751 ἐντεῦθεν
3659 1697 3785 1770 ἰάθη

2114 1786 2211 1838 καὶ
2247 1785 2345 1855 τῆς
2383 1784 2805 1856 πεπλανημένης
2833 1783 2951 1839 όδοῦ
2985 1784 3081 1838 καὶ
3107 1783 3217 1838 τῶν
3242 1783 3459 1857 δρόμων
3492 1784 3789 1858 ἀπηλλάγη

2114 1873 2223 1929 τῶν
2258 1872 2556 1945 βλαϐερῶν,
2586 1873 2681 1927 καὶ
2704 1872 2879 1944 τούτῳ
2907 1871 2968 1926 16
3002 1871 3136 1926 6616
3166 1872 3459 1944 φάρμακον
3486 1872 3788 1946 ἐπιτίθησι,

2118 1961 2401 2033 μονονουχὶ
2437 1959 2610 2029 λέγων
2633 1960 2915 2031 ’Ἕτρεχον
2964 1959 3121 2029 κάγὼ
3157 1960 3344 2025 κακῶς
3369 1999 3385 2024 ,
3416 1962 3512 2014 καὶ
3560 1960 3793 2017 ἔϐλεπον

2117 2046 2423 2119 θανάσιμαο
2458 2047 2547 2102 διὰ
2576 2045 2731 2100 τοῦτο
2780 2045 3073 2120 ἐπηρώθην
3118 2044 3334 2113 καλῶς,
3370 2047 3457 2101 ἵνα
3496 2048 3791 2118 ἀνσϐλέιίω

2115 2134 2368 2204 ἄμεινον’
2409 2134 2565 2187 τοῦτο
2607 2132 2701 2187 καὶ
2757 2132 2840 2186 σοὶ
2881 2133 2943 2186 16
2993 2134 3285 2205 φάρμακον
3338 2134 3654 2205 ἐπιτίθημι,
3690 2137 3793 2190 καὶ

2116 2221 2276 2293 πηρῶ
2307 2223 2433 2287 τοὺς
2458 2220 2667 2286 ἔξωθεν
2713 2220 3025 2291 ὀφθαλμοὺς
3050 2261 3066 2284 ,
3101 2221 3188 2274 ἵνα
3221 2222 3419 2288 ἀνοίξω
3456 2222 3524 2275 16
3574 2223 3790 2277 ἔνδοθεν

2116 2308 2358 2379 όμματα.
2398 2308 2529 2362 Τότε
2573 2306 2695 2362 ἰδὼν
2737 2309 2766 2361 6
2793 2308 3107 2372 ,ἀνθύπατος
3136 2308 3198 2362 16
3226 2310 3622 2379 γεγενημένον,
3658 2312 3789 2368 ἐπί-

2117 2411 2359 2449 στευσεν.
2388 2391 2541 2458 Εἶδες
2566 2394 2625 2448 16
2652 2394 2778 2467 690;
2812 2395 3054 2450 ἰσόπεδον
3082 2395 3394 2466 γενόμενον,
3424 2397 3517 2450 καὶ
3545 2397 3637 2451 τὸν
3659 2396 3789 2468 βου-

2114 2481 2205 2534 νὸν
2241 2479 2664 2544 ταπεινωθέντα,
2696 2480 2798 2535 οκαὶ
2825 2481 2916 2535 16v
2945 2481 3202 2553 θερισμὸν
3234 2483 3658 2553 ἀπαρτισθέντα,
3690 2486 3791 2539 καὶ

2113 2566 2204 2620 τὸν
2232 2567 2440 2638 ἄμητον
2474 2567 3021 2644 παρεσκευασμένον,
3064 2575 3159 2623 καὶ
3192 2569 3282 2623 τὸν
3330 2570 3541 2641 καρπὸν
3577 2570 3790 2642 ὦριμον

2118 2654 2502 2725 συναγόμενον,
2526 2654 2623 2708 καὶ
2651 2654 2743 2707 τὸν
2757 2654 2976 2709 Παῦλον
3006 2655 3157 2710 οὐδὲν
3187 2656 3432 2727 καμόντα
3453 2657 3573 2711 οὑδὲ
3597 2658 3790 2712 ταλαι-

2117 2741 2471 2814 πωρηθέντα,
2500 2742 2639 2796 ἀλλὰ
2672 2743 2877 2813 ῥήματι
2902 2742 3042 2813 ψιλῷ
3068 2743 3480 2816 σαγηνεύσαντα
3533 2745 3626 2798 τὸν
3657 2745 3791 2799 ἀνθ-

2117 2827 2338 2895 ύπατον;
2357 2827 2455 2882 Διά
2483 2826 2641 2882 τοῦτο
2662 2825 2920 2900 θερισμὸν
2943 2828 3005 2882 16
3019 2828 3346 2898 Εὑαγγέλιον
3373 2830 3544 2895 καλεῖ,
3572 2830 3660 2885 διὰ
3688 2830 3792 2903 τὴν

2115 2914 2391 2987 ταχυτῆτα
2417 2914 2512 2968 καί⁵
2542 2914 2644 2986 τὴν
2672 2914 2942 2982 εὐκολίαν,
2968 2918 3034 2987 ἢν
3064 2917 3244 2980 αὑτοῖς
3272 2921 3548 2989 παρεῖχεν.

2186 3003 2341 3058 Οῦτω
2372 3003 2466 3057 καὶ
2499 3005 2527 3058 6
2558 3003 2810 3075 εὐνοῦχος
2848 3006 3055 3070 ἐκεῖνος
3087 3008 3117 3060 6
3166 3006 3443 3079 βάρϐαρος
3495 3008 3589 3063 καὶ
3626 3008 3771 3063 ἀλλό-

2116 3090 2280 3159 φυλος
2310 3091 2402 3144 καὶ
2423 3091 2481 3143 ἐν
2504 3090 2787 3163 δυναστεία
2824 3091 3036 3165 μεγάλῃ
3060 3092 3339 3158 καθεστὼς
3357 3136 3373 3161 ,
3403 3095 3789 3166 ἐσαγηνεύετο,

2114 3177 2234 3231 οὐδὲ
2276 3178 2394 3243 ἐκεῖ
2424 3178 2614 3250 χρόνου
2646 3176 2790 3243 τινὸς
2828 3178 2862 3250 ἢ
2899 3178 3061 3235 πόνου
3087 3179 3486 3253 δαπανηθέντος
3510 3198 3527 3215 ο
3558 3181 3695 3253 ὁμοῦ
3724 3199 3791 3238 τε

2115 3264 2224 3337 γάρ
2256 3265 2426 3337 ἐπέϐη
2460 3264 2552 3319 τοῦ
2604 3265 2847 3338 ἅρματος
2890 3267 2981 3321 καί⁸
3018 3271 3276 3339 κατηχεῖν
3306 3267 3509 3339 ἤρξατο
3532 3285 3548 3299 ο
3588 3269 3791 3340 μᾶλλον

2114 3351 2172 3406 δὲ
2204 3352 2309 3425 1196
2338 3353 2436 3424 τῆς
2462 3353 2767 3417 ἐπιϐάσεως
2792 3354 2968 3409 ἐκεῖνο
2994 3355 3293 3424 θαύμασον,
3322 3355 3438 3419 πῶς
3461 3358 3491 3409 6
3512 3354 3792 3428 βάρϐαρκ

2115 3440 2209 3494 καὶ
2242 3438 2539 3508 ἀλλόφυλος
2578 3440 2672 3493 καὶ
2699 3440 3046 3513 φλεγμαίνων
3076 3440 3183 3494 6116
3212 3442 3309 3513 τῆς
3343 3441 3660 3509 δυναστείας
3688 3444 3790 3508 (οὑ

2115 3528 2224 3600 γὰρ
2257 3527 2456 3600 μικρὰν
2479 3527 2653 3600 ἀρχὴν
2689 3526 3048 3600 μετεχείριζε)
3072 3568 3088 3594 ,
3121 3528 3212 3582 τὸν
3246 3529 3473 3602 πένητα,
3513 3530 3604 3587 τὸν
3643 3547 3797 3585 11116-

2115 3617 2230 3688 χον,
2260 3615 2352 3669 16v
2382 3615 2626 3685 ἀγνῶτα,
2665 3617 2750 3671 τὸν
2777 3617 3030 3671 οὐδέποτε
3059 3616 3208 3688 αύτῷ
3233 3616 3357 3671 οὑτε
3387 3621 3468 3683 είς
3496 3619 3616 3689 ὄψιν
3661 3619 3796 3674 0616

2116 3705 2196 3769 εἰς
2223 3704 2507 3759 συνουσίαν
2538 3704 2779 3768 ἐλθόντα,
2799 3704 2920 3759 τότε
2953 3704 3168 3777 πρῶτον
3192 3706 3449 3775 φανέντα,
3480 3704 3667 3760 τοῦτον
3693 3708 3795 3763 καὶ

2115 3792 2340 3846 ἐκάλεσε
2372 3792 2465 3846 καὶ
2493 3791 2782 3846 ἀνεϐίϐασε
2815 3792 2910 3846 καὶ
2939 3790 3115 3863 ἐαυτῷ
3146 3792 3484 3847 συνεκάθισε.
3499 3792 3595 3858 Τίς
3614 3795 3794 3850 ταῦτα

2116 3880 2448 3952 είργάσατο;
2494 3879 2730 3943 Ἐκεῖνος
2783 3880 2813 3933 6
2852 3877 3045 3945 εἰπὼν,
3089 3880 3238 3949 Ἐγὼ
3278 3879 3408 3949 μεθ’
3452 3879 3624 3950 ὑμῶν
3670 3884 3797 3952 ειμι

2117 3969 2322 4036 πάσας
2348 3968 2452 4035 τὰς
2484 3967 2709 4037 ἡμέρας
2739 3966 2851 4033 ἓως
2889 3966 3001 4035 τῆς
3029 3969 3388 4035 συντελείας
3415 3967 3521 4022 τοῦ
3550 3967 3797 4036 αιῶνοςο

2118 4056 2322 4118 ἐκεῖνος
2345 4054 2701 4126 ἡμερωτέραν
2729 4054 2827 4124 τὴν
2862 4053 3119 4124 πρόσοδον
3168 4054 3419 4126 ἐποίησε,
3451 4055 3546 4109 καὶ
3585 4055 3799 4126 βάρϐα-

2122 4161 2211 4216 ρον
2237 4143 2546 4213 φιλοσοφεῖν
2583 4141 2995 4215 παρεσκεύασε,
3045 4143 3139 4196 καὶ
3179 4141 3241 4195 16
3278 4142 3403 4214 ὅρος
3432 4144 3793 4208 ἐταπείνωσε,

2118 4231 2211 4285 καὶ
2235 4230 2323 4285 τὸν
2352 4230 2568 4299 ἀγνῶτα
2594 4230 2871 4301 γνωρίμου
2894 4229 3092 4293 παντὸς
3112 4229 3439 4301 οἰκειότερον
3461 4218 3796 4302 κατέστησε.

2116 4321 2206 4392 Μὴ
2244 4320 2308 4392 δὴ
2340 4318 2703 4392 παραδράμῃς
2756 4317 2977 4381 ἁπλῶς,
3011 4318 3149 4389 μηδὲ
3181 4318 3420 4390 ἱστορίαν
3449 4317 3510 4371 16
3556 4319 3800 4390 πρᾶγμα

2116 4407 2345 4479 νομίσῃς
2367 4406 2528 4476 ψιλὴν
2551 4446 2566 4469 ,
2598 4406 2712 4460 ἀλλ’
2742 4405 2992 4476 ἐννόησον
3027 4404 3089 4459 τὸ
3130 4404 3357 4477 μέγεθος
3386 4404 3480 4460 τοῦ
3515 4407 3799 4478 κατορθώ-

2121 4492 2308 4564 ματος.
2340 4495 2403 4547 Ei
2440 4494 2548 4566 γάρ
2601 4494 2650 4547 οἱ
2702 4492 2796 4546 νῦν
2851 4493 3143 4565 ἄρχοντες,
3186 4492 3366 4547 πιστοί
3401 4510 3461 4546 τε
3505 4493 3658 4558 ὄντες
3696 4499 3803 4551 καὶ

2117 4583 2563 4652 ταπεινοφρονεῖν
2612 4579 2990 4650 παιδευόμενοι
3029 4580 3124 4633 καὶ
3150 4576 3298 4633 οὐδὲν
3331 4578 3605 4652 βάρϐαρον
3637 4582 3804 4653 ἐχου-

2117 4683 2206 4731 τες
2226 4709 2241 4732 ,
2274 4669 2374 4721 οὑκ
2403 4667 2467 4721 ἂν
2500 4668 2704 4721 ἐλοιντο
2725 4708 2743 4734 ,
2781 4668 2841 4721 06
2875 4666 3018 4736 λέγω
3053 4666 3272 4736 ἀγνῶτα
3310 4668 3406 4722 καὶ
3439 4668 3587 4732 ξένον
3611 4710 3626 4734 ,
3656 4669 3803 4725 6116

2118 4756 2226 4810 τῶν
2273 4755 2563 4826 γνωρίμων
2618 4753 2741 4807 τινὰ
2783 4754 2992 4824 ταχέως
3047 4753 3135 4808 ἐπ’
3189 4754 3395 4827 ἀγορᾶς
3451 4755 3637 4819 αὑτοῖς
3699 4774 3803 4809 συ-

2117 4843 2394 4912 γκαθίσαιο
2421 4841 2537 4906 πῶς
2562 4841 2766 4905 ἐκεῖνος
2785 4840 2878 4894 τὸν
2900 4840 3079 4908 ξένον;
3103 4841 3162 4894 οὑ
3185 4842 3297 4912 γὰρ
3317 4841 3595 4913 παύσομαι
3619 4842 3803 4898 ταῦτα

2118 4931 2290 4998 λέγων
2318 4949 2330 4962 σ
2366 4931 2456 4984 τὸν
2500 4930 2648 4995 ξένον
2675 4968 2692 4991 ,
2719 4929 2810 4982 τὸν
2837 4928 3093 4982 οὐδέποτε
3143 4928 3378 4998 φανέντα
3404 4970 3420 4994 ,
3454 4930 3545 4983 τὸν
3576 4931 3800 5003 εὐτελῆ,

2118 5017 2208 5072 τὸν
2242 5016 2712 5087 εὐκαταφρόνητον
2750 5015 2858 5069 6116
2889 5015 2986 5086 τῆς
3019 5015 3198 5088 ὅψεως
3218 5058 3233 5082 ,
3275 5015 3464 5071 τοῦτον
3490 5019 3584 5072 καὶ
3613 5020 3798 5073 ἀνεϐί-

2120 5105 2251 5158 ϐασε
2281 5105 2372 5157 καὶ
2399 5102 2640 5161 ἐκάθισε.
2673 5104 2767 5156 καί⁵
2793 5105 2858 5174 τῇ
2894 5102 3109 5177 γλώττῃ
3133 5106 3200 5176 τῇ
3229 5104 3442 5159 ἐκείνου
3467 5106 3566 5177 τὴν
3595 5107 3799 5162 ἐαυτοῦ

2121 5192 2390 5263 σωτηρίαν
2419 5191 2646 5255 ἐξέδωκε
2668 5233 2683 5257 ,
2716 5193 2808 5245 καὶ
2850 5192 3097 5264 μαθητὴς
3132 5192 3381 5261 γενέσθαι
3408 5194 3670 5265 ἠνέσχετο
3702 5198 3800 5249 καὶ

2120 5278 2427 5349 παρακαλεί
2460 5278 2554 5331 καὶ
2579 5278 2748 5332 δεῖται
2781 5280 2875 5332 καὶ
2915 5278 3177 5347 ἱκετεύει,
3212 5279 3364 5355 [596]
3409 5281 3625 5351 Δέομαί
3654 5300 3797 5345 σου,

2117 5367 2312 5435 λέγων,
2351 5365 2485 5434 περὶ
2518 5364 2683 5432 τίνος
2724 5370 2756 5421 ό
2786 5366 3097 5436 προφήτης
3131 5369 3293 5439 λέγει
3333 5367 3551 5436 τοῦτο;
3589 5372 3683 5424 καὶ
3712 5370 3794 5423 δέ-

2120 5468 2271 5522 χεται
2296 5454 2432 5524 μετὰ
2464 5452 2664 5524 πολλῆς
2695 5456 2966 5525 προσοχῆς
2997 5456 3066 5511 τά
3089 5455 3379 5527 λεγόμενα.
3412 5458 3523 5511 Καὶ
3551 5459 3611 5513 06
3636 5457 3796 5513 τοῦτο

2124 5542 2283 5611 μόνον
2310 5582 2325 5606 ,
2357 5540 2493 5594 6116
2535 5540 2826 5610 δεξάμενος
2858 5543 2958 5596 οὑκ
2992 5544 3268 5615 ἠμέλησεν
3290 5584 3306 5611 ,
3344 5545 3444 5600 οὑκ
3478 5546 3793 5605 ἀνεϐάλετο,

2092 5662 2097 5667 η
2122 5626 2220 5679 οὐκ
2244 5619 2419 5689 εἶπεν,
2447 5624 2541 5688 Εἰς
2569 5625 2670 5695 τὴν
2701 5625 2936 5697 πατρίδα
2961 5626 3238 5682 ἐπανέλθω
3268 5627 3368 5700 τὴν
3393 5630 3638 5700 ἐμαυτοῦ
3661 5671 3673 5689 ,
3700 5631 3798 5685 ίξω

2119 5714 2245 5777 τοὺς
2278 5712 2465 5783 φίλους
2487 5754 2501 5776 ,
2531 5714 2657 5777 τοὺς
2691 5714 2928 5778 οἰκείους
2949 5717 3042 5770 καὶ
3063 5721 3346 5787 συγγενεῖς
3363 5757 3378 5781 ,
3407 5718 3437 5771 ὃ
3465 5718 3648 5773 πολλοὶ
3685 5720 3780 5774 τῶν

2125 5799 2467 5876 Χριστιανῶν
2487 5799 2703 5870 λέγουσι
2729 5800 2824 5859 νῦν
2845 5802 2937 5856 ἐπὶ
2951 5798 3230 5872 βάπτισμα
3245 5798 3585 5872 καλούμενοι·
3599 5798 3774 5853 Ἐπαν
