4092 6206
380 332 483 395 δὲ»

383 453 526 520 Ιυςιυὶ
573 450 749 505 solum
797 454 1042 516 oportet,
1109 459 1218 498 non
1259 443 1524 498 laborare.
1566 441 1786 497 anori
1846 438 1970 494 date

382 545 511 599 ltttlti
571 542 848 612 linguam,
911 538 1119 607 inquit,
1174 545 1229 591 et
1280 535 1526 591 videbitis
1572 532 1801 589 fructum
1855 546 1966 585 ma-

383 647 561 689 turum
593 634 646 687 in
686 632 828 702 regia
861 631 1055 685 horrea
1108 627 1401 684 inductum.
1450 626 1573 681 Ideo
1605 626 1820 680 mittens
1849 623 1969 677 illos

384 736 567 797 postea
594 764 610 790 ,
652 722 867 779 dicebat
908 740 921 777 :
964 721 1097 775 Ecce
1144 737 1236 793 ego
1284 721 1537 775 uobiscum
1582 735 1693 772 sum
1737 717 1968 771 omnibus

383 822 561 873 diebus
584 834 743 888 usque
768 817 834 870 ad
865 814 1347 870 consummationem
1385 813 1561 867 seculi
1613 810 1844 884 (Matth.
1873 808 1965 864 28.

381 909 495 979 20).
527 909 646 979 ipse
673 908 817 964 enim
848 916 963 963 erat
987 906 1075 976 qui
1107 905 1342 962 difficilia
1371 903 1544 958 facilia
1589 902 1881 966 reddebat,
1915 909 1970 954 et

383 1003 527 1074 quod
559 999 821 1073 propheta
862 999 1104 1066 dicebat,
1139 998 1248 1070 Ego
1282 1005 1401 1052 ante
1427 1006 1473 1051 te
1505 997 1665 1061 vado,
1695 1004 1745 1049 et
1780 1002 1970 1047 montes

384 1094 721 1164 complanabo
744 1091 794 1160 (ι
801 1092 877 1146 sai
885 1131 897 1144 .
922 1093 1011 1147 45.
1030 1090 1118 1161 2);
1139 1090 1254 1145 haec
1275 1088 1531 1160 apostolis
1550 1086 1790 1142 sensibili
1811 1084 1970 1138 modo

384 1187 728 1256 contigerunt
756 1202 768 1237 :
798 1184 1019 1253 przcibat
1048 1182 1150 1237 illis
1193 1181 1436 1236 Christus
1456 1221 1471 1247 ,
1502 1187 1557 1234 et
1585 1180 1725 1231 viam
1760 1176 1969 1230 facilem

384 1277 666 1333 reddebat.
696 1276 810 1331 Hoc
834 1285 888 1331 et
910 1288 1135 1343 magnus
1161 1274 1252 1328 ille
1278 1287 1457 1343 praeco
1479 1270 1643 1326 lsaias
1664 1267 1971 1339 significans

383 1370 596 1425 dicebat
630 1388 644 1423 :
689 1369 869 1423 Omnis
906 1367 1052 1422 caflis
1095 1365 1405 1434 impl’ebitur,
1446 1373 1492 1419 et
1533 1364 1695 1418 omnis
1739 1378 1883 1415 mons
1924 1371 1972 1417 et

383 1462 532 1516 tollis
564 1460 915 1514 lmmiiiabitur
942 1458 1099 1528 (Isai.
1130 1459 1219 1513 40.
1251 1458 1309 1527 4)
1334 1474 1347 1510 :
1373 1472 1479 1510 non
1512 1455 1581 1510 de
1620 1454 1891 1508 montibus
1918 1460 1972 1508 et

383 1556 613 1611 COIllblIS
639 1554 899 1623 loquens;
933 1567 1103 1621 neque
1130 1550 1271 1606 enim
1295 1548 1396 1604 hoc
1424 1548 1675 1617 contigit;
1699 1546 1792 1603 sed
1817 1561 1971 1599 arro-

384 1657 573 1718 gantes
593 1689 608 1712 ,
640 1644 854 1700 inﬂatos
883 1653 937 1699 et
963 1643 1129 1697 altum
1173 1641 1442 1712 sapientes
1470 1638 1730 1694 montium
1756 1636 1971 1693 nomine

384 1740 606 1795 indicat.
625 1736 823 1792 Verum
846 1749 1033 1790 omnes
1054 1734 1297 1789 Christus
1316 1731 1640 1795 humiliavit,
1672 1728 1972 1782 humilitate

385 1847 503 1901 mne
520 1827 848 1884 sublimitate
877 1826 1027 1896 plena
1041 1832 1146 1891 est,
1163 1831 1449 1879 et'montes
1476 1819 1747 1891 planitiem
1763 1817 1967 1873 eﬁ‘ceit:

386 1923 464 1976 sic
489 1929 676 1974 autem
692 1927 846 1972 vocat
867 1925 1202 1985 arrogantes,
1221 1930 1329 1969 non
1355 1921 1569 1983 prOptcr
1591 1911 1968 1966 sublimitatem

386 2015 584 2069 mentis
617 2013 862 2078 illorum,
896 2010 990 2065 sed
1024 2017 1242 2081 propter
1283 2008 1679 2063 infructuosam
1710 2020 1971 2075 arrogan-

387 2110 550 2169 tiam,
583 2115 643 2161 et:
685 2105 1021 2161 sterilitatem
1056 2102 1285 2167 animm,
1333 2109 1491 2170 atque
1539 2113 1847 2153 sermonum
1891 2097 1971 2151 in-

387 2201 816 2256 sensibilitatem.
858 2195 1318 2265 Quemadmodum
1364 2194 1505 2249 enim
1543 2206 1698 2247 mons
1741 2193 1969 2246 fructum

386 2312 494 2350 non
525 2292 730 2356 tulerit,
756 2292 839 2346 sic
865 2305 1039 2360 neque
1069 2286 1405 2358 arrogantia:
1431 2286 1538 2340 imo
1562 2299 1691 2339 vero
1718 2298 1826 2338 non
1851 2282 1929 2337 sic
1954 2323 1968 2347 ,

386 2389 482 2444 sed
518 2386 687 2441 multo
712 2383 947 2455 gravius.
980 2382 1132 2437 Mons
1158 2380 1301 2435 enim
1335 2394 1437 2434 non
1480 2377 1711 2432 fructum
1756 2376 1970 2440 tulerit;

388 2479 701 2551 arrogantia
727 2492 854 2532 vero
886 2492 992 2531 non
1019 2474 1195 2530 solum
1228 2488 1333 2527 non
1358 2471 1450 2526 dat
1486 2470 1717 2524 fructum
1737 2508 1751 2531 ,
1787 2467 1882 2522 sed
1909 2467 1976 2520 il-

390 2572 503 2628 lum
541 2573 628 2642 qui
656 2569 864 2626 exsistit
894 2577 948 2622 ut
976 2573 1270 2621 marcescat
1297 2562 1480 2627 efﬁcit,
1509 2572 1560 2616 et
1583 2559 1972 2631 germinantem

389 2665 628 2720 exsiccat
652 2680 665 2716 :
687 2663 824 2716 sicut
853 2676 884 2715 e
911 2657 1181 2715 contrario
1207 2656 1480 2710 humilitas
1510 2670 1614 2707 non
1644 2652 1803 2709 modo
1826 2651 1973 2706 illum

391 2757 482 2825 qui
513 2762 686 2809 exstat
717 2753 945 2808 fructum
976 2750 1141 2818 fovet,
1169 2750 1262 2805 sed
1281 2749 1440 2803 etiam
1465 2761 1586 2801 eum
1618 2745 1705 2815 qui
1732 2760 1835 2797 non
1858 2750 1981 2798 erat

388 2850 609 2919 gignere
630 2847 787 2901 solet.

463 2942 518 2994 Δ.
561 2939 761 2993 Eorum
828 2951 955 2991 vero
998 2949 1118 3005 quae
1185 2933 1420 2989 diximus
1483 2928 1729 2999 exempla
1782 2940 1972 2996 magna

391 3041 518 3088 sunt
548 3031 847 3101 pharismus
879 3036 933 3082 et
963 3026 1295 3097 publicanus.
1346 3024 1439 3079 ille
1482 3021 1625 3078 enim
1672 3035 1794 3076 cum
1825 3034 1976 3072 arro-

392 3124 571 3195 gantia
615 3119 950 3181 ascendens,
1012 3133 1119 3172 non
1174 3116 1332 3171 modo
1369 3130 1476 3170 non
1532 3114 1758 3168 fructum
1815 3124 1977 3180 pepe—

395 3220 499 3281 rit,
531 3213 624 3269 sed
647 3213 808 3268 etiam
835 3210 977 3283 quod
1007 3210 1140 3281 frugi
1165 3210 1338 3264 inerat
1363 3206 1598 3277 perdidit
1621 3223 1634 3260 :
1661 3204 1977 3277 publicanus

398 3326 566 3376 vero,
593 3321 797 3362 vacuus
820 3322 939 3360 cum
980 3314 1123 3360 esset
1163 3312 1220 3358 et
1243 3302 1376 3357 nihil
1406 3301 1528 3357 boui
1557 3300 1806 3363 haberet,
1842 3313 1978 3367 pra:-

394 3403 600 3458 clarum
640 3414 774 3472 Opus
798 3399 899 3455 sibi
929 3398 1243 3468 fecitzquia
1289 3398 1431 3452 enim
1481 3395 1654 3449 solum
1699 3390 1976 3463 ingemuit,

396 3504 456 3551 et
481 3493 734 3550 inclinato
763 3493 936 3562 capite
962 3506 1022 3547 se
1052 3491 1308 3545 miserum
1338 3488 1669 3558 prmdicavit,
1700 3484 1980 3541 descendit

397 3587 565 3642 multa
596 3585 787 3655 plenus
825 3583 1067 3653 justitia,
1116 3591 1172 3636 et
1214 3583 1265 3636 in
1299 3580 1401 3635 hoc
1445 3578 1765 3650 pharismum
1815 3591 1977 3648 supe-

398 3694 546 3733 rans.
578 3676 647 3733 Ut
670 3687 847 3731 autem
882 3675 934 3728 id
959 3690 1025 3729 ex
1061 3673 1192 3744 ipsis
1222 3672 1382 3728 rebus
1403 3670 1660 3733 videatis,
1692 3678 1747 3724 et
1778 3669 1827 3723 in
1856 3683 1979 3722 cer-

400 3772 469 3825 tis
520 3768 766 3838 personis
812 3765 1159 3836 conspiciatis
1201 3764 1289 3819 ubi
1330 3773 1598 3825 montem,
1646 3760 1736 3815 ubi
1786 3760 1978 3815 collem

398 3860 647 3914 Christus
679 3857 1013 3921 humiliavit,
1061 3856 1285 3911 Paulum
1323 3869 1509 3908 rursus
1536 3854 1750 3907 inducat
1778 3865 1979 3907 sermo.

402 3953 499 4008 llic
525 3953 668 4006 enim
702 3950 1057 4007 tentoriorum
1089 3949 1280 4004 artifex
1311 3950 1459 4019 (nam
1493 3947 1719 4003 libenter
1746 3945 1863 4014 ejus
1891 3959 1981 3998 ar-

403 4054 511 4099 tem
541 4058 687 4112 smpe
734 4057 1005 4109 memoro,
1050 4050 1108 4096 ut
1146 4041 1323 4095 discas
1373 4048 1545 4093 artem
1577 4053 1683 4093 non
1728 4036 1979 4092 dedecori

400 4150 523 4190 esse
546 4175 560 4196 ,
590 4133 682 4189 sed
711 4134 879 4187 otium
924 4140 979 4187 et
1018 4133 1413 4187 accusationem
1447 4139 1499 4185 et
1527 4130 1730 4185 crimen
1772 4126 1937 4198 esse)
1965 4143 1981 4183 :

404 4226 489 4281 hic
516 4226 694 4295 itaque
724 4224 917 4280 Paulus
943 4240 1064 4278 cum
1093 4223 1361 4278 Salamine
1393 4231 1567 4286 esset,
1601 4235 1721 4275 cum
1756 4233 1986 4289 procon-

402 4319 518 4374 sule
544 4317 776 4388 quodam
813 4326 871 4372 et
914 4317 1071 4372 simul
1117 4332 1238 4372 cum
1278 4330 1434 4386 mago
1476 4315 1739 4385 colloquia
1774 4312 1975 4368 habuit.

405 4412 607 4482 Duplex
635 4420 750 4465 erat
784 4410 1157 4480 praecipitium,
1217 4407 1521 4478 arrogantia
1571 4423 1603 4461 a
1659 4405 1982 4478 principatu,

402 4514 457 4559 et
480 4503 721 4557 doctrina
752 4516 783 4557 a
808 4516 981 4571 mago.
1013 4501 1083 4556 Et
1108 4501 1229 4571 quia
1262 4499 1476 4554 videbat
1503 4497 1893 4564 exsecrandam
1923 4496 1985 4550 il-

404 4595 505 4648 iam
544 4603 600 4649 et
629 4594 995 4663 impudentem
1046 4593 1218 4646 feram
1270 4591 1571 4661 proconsuli
1604 4590 1987 4659 impedimento

401 4701 523 4741 esse
543 4726 559 4750 ,
588 4694 641 4740 et
666 4685 963 4740 doctrinam
992 4699 1145 4739 suam
1170 4684 1511 4753 intercipere,
1540 4684 1660 4738 audi
1691 4683 1817 4752 quid
1842 4682 1986 4737 dicat

406 4778 594 4843 plenus
622 4777 825 4846 Spiritu
850 4785 1039 4832 sancto
1063 4794 1076 4829 :
1110 4776 1155 4831 0
1176 4778 1323 4848 plene
1348 4776 1486 4831 omni
1512 4776 1629 4829 dolo
1659 4785 1704 4829 et
1727 4775 1863 4828 omni
1885 4773 1989 4845 fal-

404 4871 555 4937 lacia,
580 4872 654 4939 ﬁli
672 4870 862 4925 diaboli
893 4870 1030 4943 (Act.
1056 4872 1142 4926 l5.
1163 4871 1216 4927 9.
1237 4871 1344 4943 10).
1366 4870 1479 4925 Non
1497 4872 1636 4924 enim
1663 4870 1984 4925 contumelia

404 4961 623 5016 afﬁcere
645 4976 859 5032 semper
888 4962 1084 5016 malum
1115 4971 1216 5025 est,
1242 4963 1334 5018 sed
1357 4962 1471 5017 sine
1487 4976 1645 5016 causa
1665 4961 1985 5015 contumelia

402 5051 620 5108 afﬁcere
644 5071 657 5108 :
677 5052 801 5108 huic
829 5053 971 5108 enim
997 5063 1217 5125 peccato
1254 5054 1573 5124 supplicium
1600 5052 1804 5108 addixit
1823 5051 1982 5109 Chri-

401 5157 516 5202 stus
546 5164 559 5200 :
592 5162 715 5202 cum
736 5157 953 5214 contra,
978 5148 1022 5202 si
1046 5148 1165 5218 quis
1194 5158 1370 5203 autem
1396 5148 1711 5218 cengruenti
1741 5155 1985 5219 tempore

403 5240 506 5294 hoc
536 5241 681 5307 facit,
720 5239 984 5296 medicum
1016 5240 1275 5306 imitatur,
1308 5241 1395 5310 qui
1418 5250 1719 5308 opportuno
1746 5248 1986 5309 tempore

400 5341 572 5399 secat,
605 5341 659 5388 et
703 5334 941 5389 sectione
983 5334 1187 5389 saniem
1227 5332 1393 5403 ejicit.
1443 5333 1555 5389 lloc
1580 5334 1738 5404 igitur
1783 5334 1983 5391 Paulus

401 5442 613 5496 quoque
635 5426 759 5482 facit
787 5445 799 5482 :
823 5426 875 5481 Ν
879 5444 943 5482 an
970 5427 1157 5482 desinis
1182 5439 1397 5484 evertere
1419 5428 1523 5481 vias
1545 5426 1754 5483 Domini
1777 5438 1938 5484 rectas
1957 5428 1984 5483 .9

399 5520 504 5574 Sed
526 5520 684 5576 verba
716 5530 799 5574 tua
824 5535 930 5575 non
952 5521 1223 5586 sustinuit,
1242 5536 1274 5575 ο
1294 5522 1453 5576 Paule
1486 5538 1499 5574 :
1529 5522 1667 5577 infer
1694 5521 1981 5595 quemdam

400 5610 767 5681 sjllogismum
811 5614 1163 5683 apostolicum
1186 5654 1200 5679 ,
1233 5624 1416 5669 averte
1461 5614 1691 5684 linguam
1714 5655 1729 5678 ,
1772 5630 1833 5671 os
1860 5615 1981 5686 ejus

404 5703 643 5767 ohstrue,
678 5704 845 5759 malos
873 5703 1047 5759 fluxus
1075 5708 1223 5761 siste.
1250 5705 1386 5773 Quid
1410 5706 1569 5777 igitur
1598 5707 1720 5763 facit
1744 5707 1767 5761 ’ἔ
1793 5710 1983 5764 Osten-

403 5797 538 5850 dcns
572 5812 675 5851 non
709 5808 890 5853 contra
938 5797 1179 5855 homines
1226 5799 1325 5870 ipsi
1355 5798 1549 5856 bellum
1582 5816 1700 5858 esse
1724 5846 1737 5872 ,
1768 5802 1876 5873 ait,
1912 5804 1979 5859 Et

1090 326 1137 383 Χ
1176 324 1478 391 llOMlLlA,
1520 322 1586 379 1N
1628 320 1855 389 ILLUD,
1898 318 2138 377 MESSIS
2176 319 2438 391 QUiDEil
2476 323 2735 394 MULTA,
2777 325 2929 384 ETC.

3548 333 3653 391 se:

2076 454 2209 492 nunc
2245 450 2356 493 ecce
2383 456 2561 494 manus
2592 441 2808 497 Domini
2888 460 3040 514 super
3081 454 3135 500 te
3173 445 3416 516 (Achilli.
3446 468 3499 505 νδ
3534 454 3590 506 ll
3611 476 3646 516 ).

2075 524 2190 599 Ipse
2221 532 2361 585 enint
2389 532 2477 588 ille
2502 534 2591 604 qui
2615 535 2765 603 dixit,
2802 535 3069 593 Vobiscum
3088 557 3201 595 sum
3224 544 3453 599 omnibus
3474 546 3649 600 diebus

2076 622 2289 692 (Matth.
2313 625 2401 680 28.
2435 626 2563 694 ΞΟ),
2593 638 2718 684 tunc
2736 630 2914 685 Paulo
2941 631 3159 699 aderat,
3192 635 3655 705 et‘hancAposto—

2072 714 2155 770 lus
2184 716 2386 772 habens
2416 720 2824 788 promissionem
2844 764 2859 789 ,
2894 724 3112 779 invocat
3137 724 3285 779 illum
3319 735 3373 780 et
3402 739 3650 796 precatur

2074 818 2131 863 ut
2160 809 2350 864 vindex
2402 810 2500 877 sit,
2531 819 2590 865 ut
2620 812 2756 867 ferat
2783 828 2937 882 Opem
2967 824 3021 870 et
3064 817 3439 886 impedimenta
3479 821 3650 877 tollat.

2074 900 2141 955 Et
2172 920 2308 957 nunc
2336 920 2447 958 ecce
2490 922 2668 959 manus
2700 904 2903 960 Domini
2937 925 3089 977 super
3119 920 3185 963 te.
3213 910 3417 978 Quanta
3447 913 3652 970 Christi

2072 996 2451 1064 attemperatio
2478 996 2491 1048 !
2523 1005 2718 1066 quanta
2762 997 2905 1052 Pauli
2948 998 3138 1056 fiducia
3169 1000 3182 1053 l
3215 1004 3483 1070 quomodo
3522 1020 3650 1059 scn-

2075 1090 2293 1143 teutiam
2313 1089 2531 1143 ferendo
2548 1090 2753 1160 plagam
2779 1091 2958 1157 infert,
2978 1102 3031 1144 ct
3047 1091 3291 1148 Christus
3307 1098 3482 1149 statim
3507 1098 3653 1151 dicto

2074 1180 2305 1234 annuit?
2332 1180 2467 1245 Quid
2498 1190 2600 1246 c.~t,
2629 1180 2816 1235 Manus
2849 1182 3094 1235 Domini?
3122 1183 3212 1237 Vis
3236 1189 3507 1241 contraria
3530 1205 3655 1255 per-

2072 1275 2298 1329 cutiens.
2334 1272 2466 1344 Ipsis
2507 1276 2649 1328 enint
2682 1275 2876 1345 ubique
2904 1278 3087 1331 aderat
3112 1320 3125 1341 ,
3170 1289 3387 1349 paratus
3438 1281 3503 1336 ad
3554 1282 3657 1336 ob-

2072 1366 2424 1437 sequendum,
2476 1377 2529 1420 et
2569 1381 2797 1420 messem
2830 1367 2933 1422 illis
2980 1371 3251 1439 negotium
3285 1372 3519 1439 faciens,
3550 1390 3655 1428 non
3692 1416 3693 1419 η

2073 1460 2256 1515 sinens
2288 1474 2383 1514 eos
2434 1458 2680 1513 laborare
2723 1469 2815 1512 aut
2861 1462 3078 1524 vexari,
3124 1462 3219 1516 sed
3265 1478 3356 1517 sua
3403 1463 3654 1519 affert-ns.

2074 1550 2141 1605 Et
2171 1552 2301 1605 stetit
2325 1566 2489 1605 caecus
2508 1591 2523 1617 ,
2552 1567 2652 1604 non
2674 1551 2847 1604 videns
2893 1552 2972 1604 ad‘
3000 1563 3214 1624 tempus.
3261 1554 3506 1611 Vidistin‘
3529 1573 3658 1628 sup-

2073 1642 2290 1715 plicium
2320 1658 2440 1696 cum
2488 1642 2812 1711 benignitate
2832 1644 3179 1700 ?‘admouitio
3209 1646 3353 1701 enim
3377 1690 3390 1714 ,
3422 1664 3526 1703 non
3563 1669 3657 1719 pu-

2075 1735 2207 1790 nitio
2253 1746 2369 1792 erat
2395 1736 2485 1790 illa
2529 1736 2829 1801 sententia;
2859 1737 3130 1791 correctio
3155 1779 3169 1801 ,
3202 1754 3311 1793 non
3340 1739 3654 1796 destructio.

2077 1824 2201 1881 Ideo
2233 1842 2339 1881 non
2383 1842 2600 1882 manum
2647 1826 2849 1881 aridam
2884 1827 3047 1895 fecit,
3096 1844 3201 1884 non
3242 1831 3475 1901 linguam
3523 1836 3656 1886 mala

2074 1917 2235 1973 verba
2268 1917 2573 1988 [equentem
2601 1920 2850 1983 exscidit,
2880 1936 2984 1974 non
3012 1923 3370 1977 eruraanutila‘
3390 1923 3535 1990 fecit,
3565 1927 3656 1979 sed

2073 2011 2260 2066 oculos
2291 2010 2456 2081 ipsos.
2486 2009 2619 2078 Quia
2648 2012 2792 2065 enim
2843 2012 2932 2066 ilic
2960 2012 3084 2068 inde
3126 2023 3349 2071 sanatus
3387 2025 3469 2070 est
3509 2018 3660 2070 etab

2074 2102 2277 2157 erroris
2328 2082 2426 2156 vi;
2469 2114 2522 2156 et
2602 2103 2907 2171 pernicioso
2981 2120 3141 2159 cursu
3202 2106 3499 2168 liberatus.
3558 2106 3659 2161 hoc

2076 2194 2249 2265 ipsum
2299 2193 2643 2265 pharmacum
2692 2196 2949 2265 apponit,
2999 2210 3063 2251 ac
3101 2197 3145 2250 si
3198 2196 3659 2259 diceret:Curre-

2074 2286 2194 2341 ham
2227 2294 2281 2341 et
2306 2301 2408 2356 ego
2440 2285 2579 2341 male
2599 2326 2616 2353 ,
2661 2293 2715 2341 et
2744 2296 2970 2341 mortem
3013 2287 3259 2342 minabar
3300 2290 3509 2343 oculis:
3540 2288 3660 2344 ideo

2074 2386 2219 2433 recte
2247 2387 2547 2433 exemeatus
2585 2393 2702 2433 sum
2723 2419 2738 2443 ,
2767 2388 2823 2431 ut
2853 2377 3044 2433 melius
3071 2378 3331 2435 viderem.
3365 2378 3476 2434 lloc
3497 2380 3657 2435 etiam

2077 2470 2168 2526 tibi
2199 2470 2542 2541 pharmacum
2573 2486 2805 2543 appono,
2826 2472 3133 2543 etexternis
3162 2479 3211 2527 te
3228 2472 3397 2527 oculis
3423 2489 3654 2538 excmco,

2076 2572 2133 2617 ut
2161 2563 2401 2618 internos
2413 2563 2598 2618 oculos
2623 2564 2881 2634 aperiam.
2904 2562 3057 2619 Tunc
3076 2563 3126 2618 id
3156 2564 3297 2634 quod
3326 2563 3524 2619 factum
3550 2565 3661 2619 fue-

2080 2664 2165 2710 rat
2191 2655 2380 2711 videns
2425 2655 2734 2725 proconsul,
2764 2655 3014 2711 credidit.
3055 2656 3311 2711 Vidistiu‘.
3336 2666 3573 2711 montem
3608 2656 3658 2708 iu

2079 2747 2355 2818 planitiem
2399 2764 2650 2815 versum,
2696 2758 2750 2804 et
2774 2748 2967 2804 collem
3022 2747 3395 2813 humiliatum,
3429 2762 3658 2802 messem

2079 2841 2391 2909 perfectam,
2448 2849 2504 2895 et
2554 2839 2759 2911 frugem
2807 2850 3072 2910 paratam,
3122 2841 3351 2896 fructum
3392 2850 3659 2895 maturum

2075 2935 2385 2997 collectum.
2412 2943 2466 2989 et
2497 2934 2716 2990 Paulum
2737 2933 2865 2988 nihil
2894 2934 3227 2990 laborantem
3251 2950 3349 2989 nec
3369 2934 3660 2999 defessum,

2077 3026 2172 3083 sed
2199 3027 2427 3097 simplici
2458 3027 2626 3083 verbo
2652 3028 3026 3097 proconsulem
3069 3043 3269 3099 sagena
3312 3028 3667 3099 capientem?

2081 3116 2207 3173 Ideo
2236 3132 2464 3173 messem
2489 3119 3029 3188 vocatEvangelium,
3058 3118 3129 3173 oh
3155 3120 3485 3174 celeritatem
3517 3127 3571 3175 et
3595 3119 3663 3173 fa-

2078 3211 2332 3266 cilitatem
2362 3225 2519 3280 quam
2552 3210 2684 3279 ipsis
2712 3210 3015 3279 prtebebatc

2150 3304 2206 3360 5.
2233 3301 2466 3356 Eunuchi
2492 3300 2743 3358 Candacis
2763 3301 3163 3357 historia.—Sic
3189 3310 3244 3357 et
3272 3302 3551 3357 eunuchus
3573 3303 3667 3359 ille

2081 3395 2338 3452 barbarus
2355 3404 2409 3450 et
2429 3393 2748 3465 alienigena,
2767 3392 2857 3464 qui
2880 3394 2931 3447 in
2959 3401 3224 3464 potestate
3246 3407 3434 3463 magna
3456 3393 3660 3447 consti-

2085 3497 2231 3544 tutus
2275 3496 2415 3553 erat,
2446 3503 2641 3558 sagena
2675 3494 2861 3557 captus
2891 3485 3009 3541 fuit.
3055 3485 3179 3542 Non
3208 3486 3315 3541 illic
3343 3486 3427 3540 vel
3457 3494 3666 3554 tempus

2081 3583 2165 3637 vel
2180 3582 2330 3637 labor
2352 3583 2650 3652 insuutptus
2671 3581 2767 3637 fuit
2784 3599 2799 3637 :
2816 3582 2908 3638 ubi
2926 3581 3068 3637 enim
3088 3581 3363 3652 Philippus
3380 3581 3432 3635 in
3450 3596 3662 3635 currum

2082 3676 2356 3741 ascendit,
2392 3676 2673 3747 ipsumque
2700 3675 2984 3732 instituere
3010 3677 3208 3745 coepit;
3242 3676 3351 3731 imo
3379 3686 3663 3744 antequam

2084 3767 2437 3832 ascenderet,
2481 3765 2614 3821 illud
2658 3765 2957 3832 admirare,
3006 3766 3279 3835 quomodo
3317 3766 3668 3821 b‘arbaruset

2083 3860 2380 3930 alienigena
2404 3901 2419 3927 ,
2454 3874 2483 3914 a
2525 3858 2760 3929 potentia
2788 3874 2881 3913 sua
2927 3857 3141 3914 inflatus
3172 3860 3301 3929 (non
3334 3860 3475 3913 enim
3505 3874 3669 3928 parva

2083 3951 2186 4020 ipsi
2203 3958 2436 4020 potestas
2464 3949 2584 4004 data
2609 3948 2828 4022 fuerat),
2844 3964 3154 4020 pauperem,
3173 3950 3500 4018 mendicum,
3520 3950 3669 4020 igno-

2087 4052 2221 4110 tum,
2259 4057 2415 4114 quem
2454 4057 2555 4098 nec
2581 4043 2785 4097 viderat
2814 4058 3065 4113 umquam
3087 4083 3103 4109 ,
3132 4057 3233 4097 nec
3261 4044 3312 4098 in
3340 4043 3670 4099 consortium

2086 4134 2410 4201 admiserat,
2458 4134 2639 4189 statim
2695 4145 2858 4205 atque
2899 4134 3071 4200 vidit,
3126 4135 3338 4191 vocavit
3388 4152 3534 4204 eum,
3585 4153 3672 4193 se-

2086 4242 2317 4297 cumque
2354 4226 2645 4283 ascendere
2687 4243 2753 4284 ae
2804 4227 2997 4283 sedere
3032 4227 3191 4299 jussit
3218 4232 3417 4305 (Act.c.
3440 4232 3512 4303 8).
3538 4228 3671 4299 Quis

2088 4320 2204 4376 haec
2228 4320 2393 4376 fecit?
2425 4320 2519 4376 Ille
2548 4322 2636 4391 qui
2665 4320 2882 4377 dixerat
2910 4362 2924 4387 ,
2960 4321 3070 4393 Ego
3092 4321 3345 4377 vobiscum
3373 4340 3485 4377 sum
3506 4324 3672 4377 omni-

2089 4414 2179 4469 bus
2197 4414 2370 4469 diebus
2390 4430 2547 4485 usque
2566 4414 2639 4467 ad
2652 4415 3133 4469 consummationem
3150 4413 3548 4485 sateuli(Hattlt.
3575 4413 3668 4469 28.

2087 4505 2181 4577 20)
2213 4524 2225 4559 :
2260 4506 2350 4562 ille
2392 4506 2684 4576 gratiorem
2721 4522 2998 4562 accessum
3043 4506 3239 4572 efﬁcit,
3274 4505 3556 4561 barbarum
3601 4505 3670 4560 ad

2090 4600 2575 4672 philoSOphandum
2626 4602 2927 4671 apparavit,
2971 4612 3208 4657 montem
3237 4599 3575 4667 humiliavit,
3616 4610 3672 4655 et

2092 4695 2331 4762 ignotum
2384 4702 2513 4747 noto
2551 4692 2743 4762 quovis
2796 4693 3193 4747 familiariorem
3248 4693 3545 4747 constituit.
3593 4690 3673 4747 Ne

2091 4796 2377 4856 utrumque
2426 4798 2845 4856 praetercurras,
2912 4802 3087 4857 neque
3140 4786 3437 4856 simplicem
3504 4785 3675 4840 histo-

2090 4880 2222 4932 riam
2274 4893 2386 4933 rem
2440 4892 2561 4932 esse
2616 4888 2769 4948 putes
2791 4919 2805 4942 ,
2838 4877 2933 4931 sed
2970 4877 3144 4947 cogita
3172 4879 3247 4931 rei
3280 4885 3440 4931 tanta!
3467 4878 3673 4947 magni-

2090 4971 2349 5027 tudinem.
2399 4970 2531 5025 Nam
2582 4971 2741 5041 siqui
2788 4985 2931 5025 nunc
2968 4978 3094 5025 sunt
3134 4970 3439 5041 principes,
3488 4970 3675 5026 ﬁdeles

2089 5080 2211 5120 cum
2239 5065 2347 5118 sint
2377 5073 2431 5119 et
2451 5063 2518 5118 ad
2560 5064 2916 5118 humilitatem
2944 5063 3175 5119 instituti
3211 5062 3451 5134 nihilque
3481 5062 3672 5119 barba-

2091 5172 2208 5211 rum
2238 5156 2494 5211 habentes
2516 5197 2529 5218 ,
2563 5154 2851 5221 noluerint,
2885 5169 2989 5211 non
3023 5155 3144 5210 dico
3170 5155 3408 5225 ignotum
3436 5164 3491 5210 et
3511 5170 3669 5225 pere-

2090 5249 2301 5320 grinum
2331 5290 2346 5313 ,
2376 5247 2475 5302 sed
2503 5262 2601 5303 nec
2626 5262 2688 5300 ex
2717 5245 3072 5301 familiaribus
3112 5247 3415 5318 quempiam
3444 5246 3596 5301 facile
3619 5246 3672 5301 in

2092 5342 2208 5397 foro
2244 5355 2425 5397 secum
2460 5339 2649 5395 sedere
2679 5357 2693 5394 :
2723 5338 2994 5409 quomodo
3026 5338 3113 5393 ille
3159 5340 3543 5412 peregrinum?
3573 5357 3671 5394 ne-

2089 5449 2194 5504 que
2224 5433 2366 5489 enim
2386 5432 2545 5487 ﬁnem
2570 5427 2756 5489 faciam
2786 5430 2901 5486 hmc
2919 5431 3163 5497 dicendi;
3195 5432 3558 5503 peregrinum,
3588 5432 3671 5485 in-

2088 5541 2288 5597 quam,
2337 5539 2496 5595 quem
2552 5539 2840 5595 numquam
2895 5522 3138 5590 viderat,
3193 5524 3392 5590 vilem,
3445 5533 3672 5593 aspectu

2088 5616 2515 5688 despiciendum,
2548 5616 2693 5671 hunc
2731 5624 2786 5670 ct
2830 5617 3122 5673 ascendere
3171 5626 3226 5672 et
3262 5632 3443 5673 secum
3486 5618 3677 5673 sedero

2085 5709 2266 5781 jussit,
2299 5718 2354 5765 et
2378 5708 2495 5778 ejus
2525 5710 2715 5779 lingum
2739 5707 2966 5763 salutem
2999 5724 3149 5763 suout
3174 5707 3480 5775 commisit,
3512 5708 3675 5762 disci-

2094 5807 2245 5879 pulus
2273 5804 2386 5861 fieri
2418 5819 2606 5875 passus
2631 5814 2705 5861 est
2731 5844 2742 5867 ,
2773 5812 2825 5856 cl
2854 5811 2998 5872 rugat
3024 5840 3038 5867 ,
3062 5803 3338 5869 obsecrat,
3373 5809 3656 5871 precatur:
