4092 6206
407 369 524 424 ιὸἓῦ

425 481 638 537 Obsecro
685 489 766 546 te,
807 476 1016 550 inquit,
1059 476 1124 532 de
1161 493 1263 546 quo
1311 477 1556 546 propheta
1603 476 1711 529 hac
1764 473 1982 542 loquitur

423 572 560 640 (Act.
588 572 642 627 8.
670 570 804 641 3t)?
832 579 888 624 et
912 569 1054 624 dicta
1083 583 1205 623 cum
1233 567 1524 621 attentione
1550 566 1713 620 multa
1741 563 1977 634 percipit.

421 662 602 733 Neque
633 661 733 716 hoc
762 669 966 715 tantum
987 701 1004 724 ,
1048 657 1141 713 sed
1170 667 1450 727 acceptum
1479 670 1584 709 non
1629 653 1983 724 procrastina-

423 757 518 820 vit,
548 769 654 808 non
683 751 910 816 distulit,
943 765 1050 803 non
1079 749 1236 815 dixit,
1262 747 1320 802 In
1350 747 1578 816 patriam
1611 760 1782 801 meam
1803 759 1985 799 rever-

422 855 523 910 ωε,
549 845 738 900 videbo
759 843 1106 914 philosophos
1148 855 1296 897 meos
1329 849 1384 896 et
1402 839 1687 895 familiares
1707 849 1762 894 et
1795 853 1990 906 cogna-

422 945 504 990 tos
546 933 728 1004 :quod
759 933 908 988 multi
947 932 1366 987 Christianorum
1404 945 1545 985 nunc
1579 929 1763 984 dicunt
1799 927 1866 981 ad
1895 928 1989 981 ba-

424 1025 618 1093 ptisma
649 1023 823 1079 vocati
856 1042 868 1079 :
900 1024 1156 1080 Revertar
1176 1025 1228 1078 in
1259 1022 1504 1093 patriam,
1521 1021 1713 1076 videbo
1745 1034 1987 1084 uxorem,

425 1117 614 1173 videbo
645 1117 784 1170 ﬁlios
809 1130 928 1171 cum
959 1115 1198 1185 cognatis
1226 1114 1359 1169 meis
1389 1131 1403 1168 :
1434 1113 1536 1166 illis
1561 1109 1908 1181 praesentibus
1937 1117 1990 1164 et

425 1225 635 1264 mecum
667 1208 858 1262 festum
894 1205 1286 1262 celebrantibus
1307 1247 1323 1272 ,
1375 1203 1454 1259 sic
1479 1203 1795 1274 baptismate
1823 1201 1987 1267 fruar,

421 1305 500 1358 sic
537 1301 722 1374 gratia:
748 1301 1017 1371 particeps
1037 1314 1152 1354 ero.
1207 1299 1404 1352 Atnon
1451 1295 1540 1350 ille
1571 1293 1829 1349 barbarus
1865 1300 1992 1348 tunc

425 1393 539 1448 haec
567 1391 723 1458 dixit,
755 1391 971 1446 tametsi
998 1389 1211 1446 Judaeus
1240 1395 1403 1454 esset,
1433 1396 1489 1442 et
1507 1384 1574 1439 ad
1599 1383 1820 1439 multant
1845 1381 1991 1436 loco-

422 1501 539 1538 rum
568 1481 967 1538 observantiam
995 1487 1050 1534 et
1075 1478 1276 1534 cultum
1298 1475 1594 1540 institutus,
1623 1487 1743 1527 cum
1762 1472 1991 1526 maxime

429 1575 738 1647 frequenter
786 1573 887 1645 ipsi
914 1570 1241 1628 insonuisset
1280 1569 1454 1623 locum
1499 1565 1645 1620 illurn
1696 1564 1989 1618 observan-

423 1666 550 1721 dum
588 1680 730 1733 esse,
758 1663 985 1734 ideoque
1014 1675 1258 1731 magnam
1293 1654 1771 1729 peregrinationem
1812 1667 1991 1708 susce-

427 1761 594 1831 pisset
616 1798 632 1825 ,
664 1766 722 1811 ut
743 1757 796 1811 in
824 1771 929 1826 quo
957 1754 1075 1809 loco
1097 1753 1328 1823 jusserat
1359 1750 1496 1803 Deus
1516 1787 1532 1814 ,
1563 1745 1811 1801 adoraret
1839 1762 1852 1798 ε
1900 1741 1994 1799 sed

431 1850 610 1904 statim
635 1846 796 1902 talem
809 1843 1251 1916 consuetudinem
1269 1839 1545 1910 abjicicns,
1570 1845 1623 1892 et
1638 1853 1667 1890 a
1691 1835 1780 1891 tali
1806 1836 1993 1891 obser-

426 1939 638 1992 vatione
667 1930 924 1991 recedens
945 1949 959 1994 ;
979 1947 1098 1986 cum
1117 1946 1294 1986 sermo
1311 1927 1582 1984 absolutus
1594 1934 1757 1995 esset,
1778 1925 1994 1995 etjuxta

425 2029 562 2082 viam
593 2028 793 2083 fontem
817 2026 1064 2088 videret,
1111 2022 1243 2077 dixit
1270 2041 1282 2075 :
1321 2021 1448 2074 Ecce
1471 2024 1654 2090 aquam
1685 2036 1704 2074 :
1727 2019 1849 2090 quid
1879 2035 1997 2088 pro-

430 2119 558 2173 hibet
587 2135 662 2172 me
713 2116 964 2188 baptizari
1017 2115 1156 2186 (Act.
1199 2113 1251 2167 8.
1309 2110 1438 2181 56)?
1486 2110 1728 2165 Vidistin‘
1767 2124 1995 2164 messem

427 2226 610 2267 rursus
640 2207 973 2264 confectam?
1000 2204 1234 2261 vidistin’
1258 2203 1457 2258 nullum
1482 2203 1807 2273 insumptum
1836 2202 1999 2256 fuisse

429 2314 640 2372 tempus
685 2299 778 2358 sed
822 2309 1053 2367 terram,
1095 2294 1274 2354 statim
1326 2305 1483 2367 atque
1524 2312 1708 2353 semen
1752 2295 1995 2363 admisit,

426 2405 481 2450 et
527 2395 728 2468 spicam
770 2402 1072 2450 comantem
1117 2389 1361 2446 emisisse
1414 2397 1466 2443 et
1529 2399 1790 2443 maturam
1843 2403 1996 2442 uvam

427 2488 635 2543 fuisse?
664 2485 799 2542 Ecce
838 2500 1022 2557 aquam
1046 2525 1062 2552 ,
1113 2483 1302 2553 inquit.
1329 2477 1448 2535 Nun
1496 2495 1678 2534 muros
1716 2480 1994 2550 quaesivit,

432 2595 539 2633 non
569 2585 765 2633 tectum
815 2590 1068 2639 aureum,
1122 2589 1228 2628 non
1277 2571 1713 2626 vestimentorum
1771 2585 1999 2640 appara-

431 2680 541 2724 tum
565 2709 582 2736 ,
622 2683 726 2722 non
751 2667 995 2730 calceos;
1037 2664 1134 2720 sed
1157 2663 1277 2735 quia
1303 2663 1537 2718 animum
1565 2673 1806 2733 paratum
1838 2662 2002 2717 liabe-

432 2760 523 2814 bat
550 2768 600 2813 et
627 2756 850 2812 ardebat
873 2754 1140 2811 desiderio
1166 2754 1542 2822 alacritateque
1559 2767 1813 2808 accensus
1843 2765 1958 2808 erat
1981 2794 1997 2818 ,

428 2849 495 2906 ad
525 2849 744 2920 gratiam
777 2847 956 2902 statim
996 2845 1256 2909 accurrit,
1297 2853 1351 2900 et
1376 2844 1649 2899 doctorem
1682 2841 1903 2914 urgebat
1943 2850 2002 2898 ut

429 2939 495 2995 ad
527 2937 848 3010 baptismum
897 2937 1067 3007 ipsum
1105 2935 1430 3002 adduceret,
1459 2944 1618 3004 atque
1657 2934 1748 2989 illa
1777 2933 1998 2987 immor-

433 3031 553 3084 talia
589 3039 645 3086 et
696 3028 972 3084 tremenda
1015 3026 1264 3100 mysteria
1301 3025 1398 3080 sibi
1439 3024 1727 3081 conferret.
1768 3024 1890 3081 Ideo
1913 3024 2000 3080 ille

431 3135 642 3192 quoque
669 3121 849 3176 statim
875 3108 1084 3186 annuit,
1113 3117 1440 3173 alacritatem
1467 3116 1802 3186 approbatis,
1829 3123 1883 3170 et
1910 3115 2002 3170 ba-

435 3213 650 3282 ptizavit
682 3211 852 3268 illum.
875 3207 1078 3266 Idcirco
1110 3223 1338 3265 messem
1366 3217 1520 3264 vocat
1541 3207 1900 3279 Evangelium,
1932 3207 2000 3261 ob

431 3305 731 3358 facilitatem
772 3316 931 3373 quam
969 3301 1097 3372 ipsis
1125 3300 1410 3371 praebebat.
1442 3297 1574 3354 Nam
1611 3308 1664 3354 et
1695 3299 1820 3354 alibi
1852 3313 1996 3369 quo—

432 3409 535 3464 que
588 3393 718 3448 dicit
754 3391 894 3464 quod
947 3391 1103 3448 dictis
1153 3389 1303 3446 Pauli
1349 3389 1688 3446 attenderem
1732 3407 1744 3442 :
1795 3391 1991 3446 etenim

1123 366 1181 424 S.
1218 363 1492 422 NANNIS
1535 358 1999 417 CIIRYSOSTOMI

2104 358 2351 412 'iCiIlEP.
2391 357 2918 412 CONSTANTINOP.
3556 355 3657 412 δίη

2095 469 2348 522 Dominus
2388 465 2594 538 aperuit
2623 483 2717 523 eor
2753 483 2934 523 eorum
2986 477 3041 521 ut
3073 469 3406 524 attenderem
3452 471 3518 525 iis
3543 490 3656 542 qum

2091 556 2399 612 dicebantur
2445 558 2654 612 abillo.
2705 557 2844 613 Cum
2871 570 3048 613 autem
3078 560 3228 614 audis
3270 561 3410 630 quod
3454 573 3662 618 montes

2093 651 2330 706 burniliet
2350 694 2364 715 ,
2405 667 2631 708 messem
2658 653 2844 717 faciat,
2874 662 3140 708 maturum
3171 654 3400 708 fructum
3432 657 3658 722 reddat,

2091 753 2144 798 et
2187 744 2408 796 multam
2449 752 2600 812 paret
2644 744 2943 799 facilitatem
2969 785 2985 811 ,
3038 761 3106 800 ne
3153 745 3435 802 credentes
3489 749 3666 816 prives

2093 833 2336 888 maximis
2361 834 2614 901 oneribus
2643 851 2658 888 :
2695 850 2870 904 neque
2897 836 3040 889 enim
3072 836 3179 889 vim
3209 836 3473 890 inferebat
3503 837 3664 892 liber-

2094 922 2228 987 tati,
2279 938 2451 993 neque
2511 923 2735 978 libertam
2797 925 3073 980 arbitrium
3127 926 3525 994 labefactabat,
3569 930 3662 983 sed

2091 1013 2514 1083 coeperabatur,
2553 1013 2809 1082 juvabat,
2857 1030 3074 1069 manum
3120 1017 3392 1072 tendebat.
3438 1017 3568 1071 Nam
3619 1021 3664 1073 si

2088 1109 2262 1178 totum
2294 1103 2434 1157 illius
2460 1114 2626 1169 esset,
2655 1105 2787 1158 nihil
2813 1106 3093 1176 impediret
3145 1108 3429 1176 quominus
3475 1125 3663 1164 omnes

2093 1194 2229 1249 salvi
2269 1194 2460 1251 ﬁerent
2490 1215 2502 1250 :
2535 1212 2675 1252 nunc
2719 1207 2893 1252 autem
2955 1197 3101 1252 aliud
3129 1199 3270 1254 illius
3310 1210 3426 1254 erat
3455 1240 3474 1264 ,
3520 1201 3662 1255 aliud

2094 1299 2277 1340 eorum
2328 1288 2415 1356 qui
2463 1287 2788 1343 accedebant
2826 1308 2840 1344 :
2887 1289 3250 1344 accedentium
3308 1305 3502 1360 nempe
3548 1293 3664 1346 vel-

2095 1375 2203 1431 lent
2227 1385 2281 1431 et
2307 1376 2564 1448 eligerent
2587 1394 2649 1433 ac
2689 1380 2913 1434 multam
2953 1381 3296 1436 ostenderent
3338 1384 3663 1438 alacritatem

2093 1476 2473 1537 etgencrosam
2503 1471 2700 1537 fidem;
2735 1472 2825 1527 Dei
2843 1481 3042 1538 autem,
3059 1473 3200 1543 quod
3223 1474 3359 1528 bona
3381 1476 3666 1545 praeberet,

2096 1566 2150 1612 et
2175 1558 2515 1614 manifestum
2544 1560 2795 1617 redderet
2819 1577 3124 1618 sermonem
3144 1565 3446 1636 claramque
3467 1566 3664 1621 doctri-

2096 1664 2238 1713 nam,
2258 1652 2564 1721 seminaque
2581 1653 2802 1722 jaceret,
2821 1664 2877 1708 et
2897 1653 3362 1725 auditumjuvaret
3378 1657 3443 1711 ad
3463 1656 3666 1712 fructus

2097 1741 2480 1798 maturitatem.
2535 1742 2656 1800 lliec
2679 1745 2838 1816 igitur
2867 1748 3048 1801 omnia
3079 1749 3378 1818 cogitantes
3403 1789 3420 1814 ,
3469 1750 3534 1812 ad
3565 1752 3667 1805 vir-

2098 1835 2222 1886 tutis
2272 1832 2507 1888 laborem
2557 1835 2730 1905 ipsum
2783 1839 3107 1906 accipiamus
3151 1839 3490 1908 adiutorem,
3548 1857 3668 1910 quae

2099 1934 2278 1978 nostra
2325 1935 2451 1980 sunt
2516 1925 2826 1983 inferentes.
2878 1928 3100 1992 Νίκιμεί
3157 1947 3270 1986 rem
3315 1943 3422 1986 tam
3478 1933 3668 1986 dit'tici-

2100 2014 2204 2069 lem
2259 2017 2328 2070 ita
2380 2015 2537 2074 facile
2591 2017 2852 2088 perfecit,
2903 2035 3009 2076 non
3070 2023 3122 2076 in
3178 2038 3286 2078 una
3335 2024 3416 2078 vel
3463 2023 3669 2080 duabus

2099 2106 2182 2160 vei
2212 2107 2393 2176 viginti
2421 2109 2721 2166 civitatibus
2741 2151 2756 2178 ,
2787 2111 2880 2167 sed
2921 2128 3014 2182 per
3046 2122 3210 2169 totum
3235 2116 3444 2180 orbem,
3479 2116 3670 2184 prmdi-

2103 2197 2368 2253 cntionem
2394 2201 2598 2256 scilicet
2641 2210 2695 2257 et
2745 2202 3068 2269 doctrinam,
3099 2215 3154 2260 et
3197 2205 3308 2274 ipsa
3343 2223 3436 2274 per
3479 2217 3667 2271 totam,

2102 2308 2261 2361 quem
2280 2295 2357 2348 sol
2375 2296 2613 2364 respicit,
2640 2305 2836 2351 terram
2862 2311 3065 2367 sparsa,
3087 2299 3502 2370 pulcherrimum
3529 2303 3671 2357 hunc

2104 2383 2304 2451 profert
2334 2384 2560 2440 fructum
2593 2405 2606 2441 :
2640 2387 2811 2457 palam
2837 2398 2916 2442 est
2938 2405 3058 2443 eum
3085 2391 3151 2443 ad
3178 2392 3389 2445 virtutis
3421 2392 3669 2447 ferendos

2103 2475 2325 2530 sudores
2371 2477 2526 2532 nobis
2551 2493 2706 2548 opem
2736 2480 2960 2534 laturum
2988 2497 3130 2548 esse,
3158 2483 3444 2536 dummodo
3481 2500 3548 2538 ne
3578 2500 3670 2538 su-

2105 2565 2211 2635 pini
2245 2566 2328 2621 vel
2360 2567 2612 2623 socordes
2637 2569 2802 2624 simus
2822 2587 2939 2638 nos,
2960 2572 3051 2627 scd
3081 2574 3124 2627 si
3150 2581 3326 2628 nostra
3355 2575 3512 2629 simul
3539 2591 3670 2630 con-

2105 2656 2332 2711 feramus
2354 2696 2371 2722 ,
2421 2673 2610 2727 nempe
2647 2660 2973 2716 aiacritatem
2994 2704 3009 2728 ,
3040 2679 3220 2717 curatn
3252 2706 3268 2730 ,
3321 2665 3670 2733 voluntatem,

2103 2747 2503 2815 cogitationem,
2518 2751 2742 2822 vigilias,
2767 2753 3197 2820 sollicitudinem,
3219 2755 3304 2811 sia
3324 2760 3674 2814 saecularibus

2106 2837 2267 2892 rebus
2287 2853 2382 2893 nos
2403 2838 2793 2907 abstrahamus,
2819 2843 2860 2896 si
2885 2860 3181 2914 quaeramus
3213 2844 3408 2911 futura,
3431 2848 3476 2902 si
3495 2851 3672 2919 quoti-

2105 2928 2190 2984 die
2203 2929 2315 3000 ipsa
2329 2941 2666 3002 appetamus.
2687 2934 2742 2990 Si
2760 2937 2901 2990 enim
2919 2939 3030 2993 haec
3043 2949 3286 2994 accurate
3307 2940 3671 3005 exhibeamus,

2105 3024 2262 3078 etiam
2287 3041 2403 3095 quae
2429 3025 2571 3080 illius
2602 3037 2727 3082 sunt
2750 3041 3076 3098 sequentur;
3101 3041 3156 3086 et.
3171 3031 3276 3087 illis
3304 3048 3459 3102 opem
3494 3034 3673 3092 feren-

2107 3116 2246 3170 tibus
2287 3116 2424 3172 bona
2468 3119 2697 3174 cmlcsxia
2749 3135 3176 3191 consequemur:
3206 3141 3324 3196 qure
3354 3129 3552 3182 utinam
3579 3146 3676 3184 nos

2106 3224 2293 3264 omnes
2339 3211 2730 3280 nanciscamur,
2783 3217 2949 3284 gratia
2999 3228 3054 3272 et
3099 3217 3423 3289 benignitate
3469 3221 3674 3277 Domini

2107 3301 2274 3355 nostri
2299 3298 2425 3358 Jcsu
2450 3301 2670 3371 Christi,
2694 3306 2779 3360 cui
2805 3305 2973 3375 gloria
3004 3317 3058 3362 et
3075 3309 3378 3378 imperium,
3409 3315 3457 3366 in
3485 3314 3678 3368 smcnla

2107 3395 2443 3451 sreculorutn.
2477 3399 2668 3454 Amen.

431 3533 3670 3560 μαψ-Μ

1755 3635 2097 3700 nomen
2147 3639 2241 3702 x1
2284 3639 2392 3724 (a).

442 3797 686 3869 Ejusdem
730 3795 939 3852 Itomilia
981 3793 1188 3856 habita,
1235 3799 1501 3862 postquam
1552 3789 1686 3842 alius
1731 3786 2004 3839 admodum

514 3904 666 3945 senex
684 3887 1006 3944 concionatus
1037 3885 1200 3956 fuerat
1229 3898 1246 3936 :
1284 3883 1345 3935 de
1374 3879 1624 3934 Eleazaro
1657 3888 1701 3933 et
1732 3878 1794 3932 de
1821 3887 2006 3948 reptent

511 3981 699 4048 pueris.

511 4072 564 4124 1.
603 4070 773 4136 Quam
807 4066 1044 4138 speciosa
1091 4074 1174 4121 est
1212 4065 1326 4120 haec
1363 4062 1650 4134 spiritualis
1697 4059 1813 4115 olea
1847 4077 1859 4112 :
1889 4074 2008 4113 cum

440 4160 572 4217 rami
589 4159 705 4230 ejus
720 4157 1114 4222 consenuerint.
1134 4163 1398 4211 maturum
1418 4162 1593 4208 tamen
1612 4152 1764 4207 nobis
1783 4147 2007 4204 fructum

442 4252 582 4306 tulit!
601 4251 714 4306 Non
739 4249 878 4306 enim
897 4249 1029 4305 tales
1043 4256 1164 4303 sunt
1183 4247 1374 4318 planta:
1394 4254 1572 4308 terrai,
1589 4244 1774 4313 quales
1792 4245 2010 4298 arbores

446 4341 703 4398 Ecclesire
731 4358 744 4394 :
775 4340 878 4396 illae
905 4354 1133 4412 namque
1177 4353 1298 4393 cum
1325 4335 1391 4390 ad
1418 4344 1729 4391 vetustatem
1754 4348 2010 4403 pervene-

448 4443 600 4499 runt,
629 4441 754 4488 tunc
786 4431 1031 4488 foliorum
1071 4428 1296 4500 plurima
1344 4426 1612 4492 amittunt,
1646 4425 2010 4479 immaturum-

445 4543 550 4598 quc
593 4537 648 4582 et
675 4541 847 4581 tarum
878 4521 1110 4580 offerunt
1130 4521 1382 4577 fructum.
1411 4519 1520 4575 Illa:
1560 4528 1760 4584 autem,
1793 4533 1914 4572 cum
1942 4516 2008 4571 ad

446 4628 773 4676 senectutem
796 4614 1057 4680 venerint,
1101 4622 1225 4668 tunc
1265 4612 1495 4667 maxime
1520 4609 1744 4666 fructum
1783 4607 2007 4663 ubertim

451 4715 647 4770 ferunt.
697 4709 848 4778 Quod
895 4719 1041 4766 certe
1092 4707 1271 4762 videre
1322 4715 1404 4761 est
1452 4705 1503 4759 in
1551 4704 1644 4758 illo
1699 4703 1786 4773 qui
1841 4703 1998 4756 ltodie

449 4808 700 4876 loquutus
753 4811 836 4858 est
888 4820 902 4857 :
951 4800 1177 4871 ideoque
1232 4809 1406 4854 tacere
1461 4798 1588 4852 mihi
1643 4797 1810 4851 visum
1866 4805 1946 4850 est
1993 4815 2004 4848 :

447 4895 729 4965 oportebat
769 4894 947 4962 enim,
987 4900 1066 4947 tot
1099 4890 1316 4947 senibus
1357 4887 1708 4959 prmsentibus
1737 4886 1824 4957 qui
1866 4886 2008 4954 loqui

446 4986 679 5049 scirent,
705 4984 968 5055 iuniorem
990 4983 1287 5055 quiescere.
1336 4982 1408 5036 ita
1438 4995 1536 5036 nos
1581 4979 1828 5034 erudiunt
1869 4979 2012 5032 Scri-
2062 4985 2079 5000 ‘

445 5087 616 5146 plura:
665 5077 900 5132 divinae:
946 5091 1070 5132 nam
1115 5089 1234 5130 cum
1270 5072 1538 5144 juniorem
1566 5071 1907 5140 alloquuntur
1933 5069 2012 5122 di-

445 5181 574 5227 cunt
605 5187 618 5224 :
653 5169 898 5240 Loquere,
916 5169 1147 5240 juvenis,
1178 5167 1229 5222 in
1255 5175 1343 5220 tua
1366 5181 1519 5220 causa
1541 5207 1553 5230 ,
1579 5165 1661 5218 vix
1688 5163 1761 5216 bis
1783 5163 1826 5216 si
1851 5165 2007 5216 intrr-

443 5273 653 5334 rogatus
704 5261 862 5334 [ueris
891 5277 910 5315 :
956 5261 1115 5316 multa
1164 5258 1334 5331 paucis
1375 5257 1528 5310 dicito
1561 5254 1744 5326 (Eccti.
1783 5253 1870 5308 59..
1922 5253 2007 5308 10.

447 5355 564 5426 Η).
612 5351 821 5410 Seniori
867 5360 1042 5406 autem
1087 5365 1195 5405 non
1239 5363 1358 5404 cum
1403 5347 1496 5402 tali
1540 5346 1878 5402 distinctione
1935 5344 2008 5395 l0-

445 5445 646 5514 quitur,
689 5443 785 5499 sed
813 5442 960 5496 illum
1007 5441 1221 5496 dimittit
1249 5452 1304 5496 ut
1342 5441 1456 5515 sin;
1491 5438 1577 5495 bis
1606 5437 1843 5492 terminis
1890 5451 2012 5488 cur-

446 5545 529 5592 rat
554 5553 567 5592 :
600 5545 656 5593 et
680 5533 940 5592 dictorum
967 5533 1129 5592 etiam
1155 5533 1477 5605 voluptatem
1501 5573 1516 5600 ,
1550 5532 1594 5587 si
1624 5546 1743 5586 cum
1774 5529 2008 5600 pruden~

507 5692 580 5752 (a)
602 5693 779 5744 Habtta
812 5700 887 5743 est
910 5693 1062 5756 pridie
1085 5692 1197 5756 festi
1215 5690 1595 5742 Machabeorum
1617 5689 1743 5754 quod
1774 5687 1928 5753 primo
1941 5690 2022 5740 die.

447 5765 627 5805 mensis
651 5757 854 5818 Augusti
877 5753 1103 5806 a'Gmcis
1127 5753 1418 5806 celebratur.

2112 3786 2182 3839 tia
2209 3787 2484 3860 loquatur,
2517 3795 2785 3852 admirans
2807 3837 2824 3864 ,
2850 3798 2929 3854 sic
2949 3799 3124 3854 aiebat
3156 3818 3169 3854 :
3203 3800 3434 3871 Loquere
3453 3843 3470 3868 ,
3495 3819 3678 3870 senex,

2113 3881 2201 3935 tibi
2230 3899 2441 3953 namque
2468 3887 2694 3941 convenit
2713 3928 2727 3951 ,
2751 3889 2808 3941 in
2834 3903 3071 3944 “curata
3087 3892 3298 3946 scientia
3328 3909 3347 3946 :
3377 3903 3423 3947 et
3444 3895 3685 3964 impudica

2112 3976 2304 4030 musica
2335 3977 2520 4046 (Eccli.
2558 3978 2646 4032 52.
2672 3979 2723 4034 4.
2749 3979 2828 4051 5).
2866 3981 3001 4048 Quid
3031 3982 3132 4036 sibi
3165 3984 3276 4038 vult
3301 3984 3453 4051 illud,
3486 3984 3558 4038 Et
3584 3988 3680 4039 im-

2115 4067 2284 4136 pedias
2325 4068 2553 4122 musica?
2602 4069 2774 4134 Tibia,
2804 4071 3008 4126 cithara
3061 4081 3118 4128 et
3169 4074 3381 4140 ﬁstula,
3446 4091 3552 4130 non
3609 4077 3682 4131 ita

2123 4173 2314 4213 suaves
2339 4158 2673 4216 audientibus
2717 4171 2870 4229 sunt,
2914 4171 2974 4217 ut
3017 4164 3244 4220 senioris
3297 4165 3539 4222 doctrina
3560 4182 3684 4222 cum

2111 4262 2358 4306 accurata
2408 4252 2628 4306 scientia
2678 4254 2904 4322 prolata.
2936 4253 3212 4325 Scriptura
3249 4258 3391 4312 enim
3441 4259 3682 4329 votique-

2117 4350 2220 4394 tem
2271 4356 2588 4410 comparans
2638 4343 2934 4412 voluptati,
2987 4345 3122 4399 hanc
3172 4347 3263 4401 illa
3312 4347 3469 4418 longe
3517 4352 3683 4419 majo-

2115 4447 2227 4500 rem
2271 4433 2374 4501 vim
2403 4448 2654 4489 exercere
2693 4433 2856 4500 dicit;
2906 4435 3043 4491 hanc
3083 4439 3334 4506 vincere,
3391 4441 3545 4496 illam.
3585 4441 3680 4512 ipsi

2114 4524 2324 4580 cedere.
2406 4525 2528 4579 ideo
2580 4525 2742 4591 dicit,
2802 4525 3056 4595 Impedies
3124 4531 3356 4594 musica;
3420 4531 3522 4587 hoc
3568 4543 3680 4599 est,

2115 4633 2219 4672 non
2251 4619 2394 4674 sines
2437 4619 2527 4672 illa
2575 4633 2908 4689 comparere,
2935 4618 3313 4676 obtenebrabis
3342 4624 3457 4691 iila,
3491 4623 3683 4679 obum-

2116 4709 2316 4763 brabis.

2187 4802 2448 4857 Auditores
2489 4804 2901 4873 Chrysostomum
2943 4805 3106 4874 ipsum
3163 4805 3342 4858 audire
3390 4806 3678 4875 cupiebant.

2116 4893 2524 4950 Machabceorum
2549 4899 2704 4967 festus
2731 4897 2858 4950 dies.
2881 4925 2952 4936 --
2969 4896 3094 4951 ideo
3118 4911 3214 4951 nos
3239 4912 3449 4966 quoque
3473 4909 3685 4968 oporte-

2115 4992 2206 5046 bat
2244 5001 2416 5046 tacere
2435 5002 2489 5046 et
2531 4991 2716 5046 audire
2742 5033 2756 5056 ,
2804 4991 2948 5045 hunc
2976 5001 3153 5044 autem
3189 4991 3331 5061 loqui
3359 5001 3416 5046 et
3443 4991 3637 5048 docere
3665 5011 3679 5046 :

2115 5083 2230 5148 sed,
2259 5083 2398 5152 quod
2429 5096 2571 5151 smpe
2597 5081 2704 5137 dixi
2737 5123 2751 5145 ,
2783 5082 2882 5135 hoc
2913 5097 3051 5136 nunc
3079 5081 3237 5136 etiam
3261 5082 3432 5136 dicam
3467 5101 3482 5136 :
3514 5099 3682 5152 neque

2115 5184 2352 5230 vestram
2398 5173 2510 5228 fero
2541 5172 2910 5242 tyrannidem,
2956 5187 3127 5241 neque
3156 5172 3346 5226 horum
3393 5175 3678 5227 necessita-

2117 5272 2221 5316 tem
2250 5283 2262 5316 :
2299 5264 2419 5317 ideo
2447 5277 2633 5317 rursus
2661 5262 2728 5317 ad
2757 5271 3045 5317 consuetos
3076 5277 3268 5315 cursus
3295 5278 3378 5316 me
3405 5276 3678 5330 comparo,

2115 5371 2230 5410 rem
2273 5355 2539 5410 difficilem
2561 5395 2577 5421 ,
2610 5355 2864 5424 loquendi
2891 5369 3115 5423 nempe,
3154 5369 3274 5408 cum
3322 5353 3486 5406 multa
3519 5354 3681 5408 facili-

2118 5456 2223 5502 tate
2279 5457 2549 5513 tractans,
2607 5462 2713 5500 non
2761 5455 2976 5515 propter
3027 5458 3172 5498 meas
3227 5442 3544 5506 facultates.
3590 5442 3680 5498 sed

2117 5551 2330 5611 propter
2380 5551 2610 5594 vestram
2661 5539 2986 5593 audientium
3043 5537 3390 5591 aiacritatem.
3459 5536 3589 5590 Nam
3631 5544 3674 5589 et

2116 5649 2286 5703 nuper
2310 5633 2373 5687 ad
2407 5642 2604 5688 tantum
2629 5631 3038 5702 profunditatem
3069 5629 3328 5684 deductus
3359 5645 3539 5684 sermo
3567 5627 3673 5697 (ιι),

2181 5748 2254 5812 (a)
2280 5746 2398 5809 Quae
2419 5747 2498 5798 hic
2523 5747 2760 5798 indicetur
2783 5743 2974 5796 homilia
2994 5757 3091 5794 non
3112 5746 3228 5794 satis
3250 5745 3562 5806 perSplcuum
3587 5748 3677 5794 cst.
