4092 6206
397 209 505 266 325

394 332 802 404 παρεπέμπετο.
849 325 1015 398 Ὀμοῦ
1061 342 1120 378 τε
1151 323 1260 394 γάρ
1289 322 1546 394 ⁸ἐξεπήδα
1578 320 1728 393 [596]
1761 321 1859 390 τῆς
1889 318 2060 389 γλώτ-

392 439 492 490 της
519 420 617 487 τῆς
643 419 940 489 ἡμετέρας,
969 415 1063 468 καὶ
1094 413 1291 474 πάντες
1313 411 1532 474 ὑπτίαις
1557 409 1717 464 αὑτὸν
1743 409 2060 479 ὑπεδέχοντο

393 511 570 581 χερσὶ,
596 509 774 561 καίτοι
801 523 862 574 γε
891 503 1175 558 δυσκολίαν
1211 500 1411 570 πολλὴν
1436 499 1627 570 ἔχοντα
1650 515 1664 529 ·
1699 497 1923 565 τοιαύτη
1953 495 2059 567 γάρ

392 595 460 668 ἢν
494 598 599 652 τῶν
625 597 908 667 νοημάτων
930 593 1038 646 τῶν
1057 591 1248 662 πρῴην
1270 592 1303 660 ἡ
1326 588 1487 658 φύσις
1510 605 1523 618 ο
1543 587 1656 640 ἀλλ’
1683 588 1832 656 ὅμως
1851 585 2060 654 καὶτῆς

393 685 701 756 προθυμίας
735 685 768 753 ἡ
799 678 1091 752 ὑπερϐολὴ,
1116 679 1209 732 καὶ
1238 676 1301 730 τὸ
1321 689 1346 718 ει
1393 677 1659 729 συντεῖναι
1691 672 1788 743 τὴν
1824 673 2060 727 διάνοιαν

395 775 534 844 μετά
556 771 840 844 ἀκριϐείας
870 769 1107 837 ἀπάσης,
1140 765 1231 819 τὸν
1259 765 1415 819 πόνον
1442 765 1570 834 ἡμῖν
1601 760 2058 833 παρεμυθήσασθε

392 862 488 915 καὶ
530 859 600 914 τά
648 858 883 913 δύσκολα
920 855 1078 929 ῥᾴδια
1137 853 1599 907 κατεσκευάσατε.
1630 850 1764 904 Οὐδὲ
1817 849 1925 920 γὰρ
1979 849 2058 911 εἰς

392 951 621 1020 πέτραν,
649 947 768 1001 οὑδὲ
792 947 871 1008 εἰς
899 943 1158 1006 ἀκάνθας,
1194 941 1314 994 οὑδέ
1348 940 1426 1003 εἰς
1447 939 1547 1010 τήν
1583 937 1700 990 666v
1731 937 2058 1008 κατενεχθῆ-

390 1053 479 1090 ναι
509 1035 940 1105 συνεχωρήσατε,
971 1029 1107 1083 ἀλλὰ
1146 1029 1324 1082 πάντα
1356 1029 1434 1090 εἰς
1467 1026 1626 1079 πίονα
1652 1025 1742 1078 καὶ
1773 1023 2056 1094 βαθύγειον

392 1126 631 1194 ἄρουραν
662 1116 1008 1183 ὑπεδέξασθε,
1051 1117 1130 1179 εἰς
1169 1115 1229 1168 τὸ
1273 1114 1372 1184 τῆς
1406 1113 1643 1176 διανοίας
1684 1113 1837 1183 ὑμῶν
1873 1111 2052 1182 βάθος.

395 1214 486 1265 Διὸ
518 1212 610 1265 καὶ
635 1210 755 1264 καθ’
797 1207 1034 1277 ἑκάστην
1067 1205 1278 1276 ἡμέραν
1331 1203 1584 1273 κομῶντα
1613 1202 1681 1254 τά
1710 1201 1835 1272 λήῖα
1864 1200 2056 1270 βλέπο-

396 1316 516 1369 μεν,
545 1297 666 1352 ἀντὶ
703 1295 936 1366 ζεφύρου
975 1294 1092 1356 ταῖς
1145 1291 1238 1344 τοῦ
1285 1289 1596 1358 Πνεύματος
1632 1287 1826 1358 αὖραις
1862 1287 2055 1357 τρεφό-

396 1403 568 1456 μενα,
613 1382 708 1437 καὶ
762 1381 824 1434 τὸ
881 1380 1106 1449 θέατρον
1153 1376 1277 1430 καθ’
1332 1377 1568 1446 ἑκάστην
1627 1372 1878 1444 λαμπρὸν
1925 1375 2056 1444 ἡμῖν

391 1472 700 1542 γενόμενον.
727 1467 829 1521 Διά
867 1467 930 1538 δή
968 1464 1126 1518 τοῦτο
1158 1463 1254 1517 καῖ¹
1288 1464 1524 1534 σήμερον
1569 1461 1678 1514 τῶν
1723 1460 2056 1530 λειπομένων

391 1558 634 1628 ἅψασθαι
661 1555 981 1624 ἐϐουλόμην.
1025 1551 1186 1604 Ἀλλά
1227 1549 1279 1602 τί
1309 1549 1497 1617 πάθω;
1531 1549 1636 1601 τῶν
1683 1546 2056 1601 Μακκαϐαίων

390 1651 420 1702 6
454 1645 611 1719 χορὸς
647 1644 771 1719 πρὸ-
785 1642 891 1696 τῶν
922 1639 1216 1710 ὀφθαλμῶν
1251 1639 1462 1691 ἵσταται
1508 1635 1616 1690 τῶν
1663 1635 1833 1706 ἐμῶν,
1860 1635 1954 1688 καὶ
1986 1637 2053 1706 τῇ

390 1715 699 1804 λαμπηδόνι
717 1715 824 1784 τῶν
855 1727 1067 1782 οἰκείων
1092 1725 1420 1797 τραυμάτων
1451 1719 1808 1791 καταυγάζων
1837 1738 1936 1792 μου
1957 1721 2055 1794 τὴν

389 1823 649 1884 διάνοιαν,
684 1819 819 1891 πρὸς
850 1816 948 1887 τὴν
980 1814 1186 1869 οἰκείαν
1215 1813 1518 1885 εὐμορφίαν
1557 1810 1712 1864 καλεῖ
1745 1811 1844 1882 τὴν
1882 1809 2055 1879 γλῶτ-

388 1927 488 1962 ταν
519 1909 618 1980 τὴν
665 1905 958 1979 ἡμετέραν.
1005 1902 1166 1956 Ἀλλά
1215 1901 1403 1973 μηδεὶς
1457 1900 1710 1971 ἀκαιρίαν
1748 1916 2055 1967 καταγινω-

390 1994 566 2049 σκέτω
609 1992 702 2046 τοῦ
759 1991 941 2060 λόγου,
974 1990 1055 2043 ὅτι
1107 1989 1206 2060 τῆς
1244 1987 1455 2059 ἡμέρας
1504 1987 1612 2041 τῶν
1667 1984 2056 2056 παλαισμάτων

385 2080 575 2155 αὔριον
600 2080 786 2151 οὖσης,
834 2080 1073 2150 σήμερον
1119 2077 1246 2139 τοὺς
1295 2075 1589 2144 στεφάνους
1624 2073 1913 2144 πλέκομεν,
1962 2074 2056 2126 καὶ

388 2173 496 2242 πρὸ
526 2170 620 2224 τοῦ
651 2167 846 2242 καιροῦ
876 2166 983 2220 τῶν
1017 2165 1273 2236 πολέμων
1301 2166 1362 2217 τὸ
1388 2164 1647 2236 τρόπαιον
1686 2161 2054 2233 ἀνακηρύττο-

392 2275 512 2329 μεν.
536 2258 600 2312 Εί
631 2256 740 2327 γάρ
776 2256 840 2326 δὴ
866 2255 1060 2325 γάμων
1101 2251 1534 2323 ἐπιτελουμένων
1564 2252 1614 2304 οἱ
1648 2251 1920 2313 συνιόντες
1958 2249 2054 2301 καὶ

389 2345 496 2416 πρὸ
519 2345 615 2414 τῆς
635 2343 830 2414 κυρίας
849 2343 946 2396 καὶ
982 2340 1260 2403 παστάδας
1293 2339 1576 2409 ὑφαίνουσι
1619 2339 1713 2391 καὶ
1769 2337 2054 2406 στεφάνοις

388 2437 488 2497 τας
505 2433 680 2495 οἰκίας
703 2427 1111 2498 κατακοσμοῦσι
1137 2428 1231 2481 καὶ
1258 2427 1720 2498 παραπετάσμασι
1748 2441 1761 2454 °
1794 2423 1971 2494 πολλῷ
1988 2423 2050 2476 δὶ-

391 2519 593 2590 μᾶλλον
619 2519 780 2590 ἡμεῖς
813 2516 970 2569 τοῦτο
1003 2514 1368 2586 ἐργασόμεθα,
1389 2515 1499 2584 ὅσῳ
1527 2514 1623 2567 καὶ
1672 2509 2053 2581 πνευματικῶς

386 2623 543 2677 τερος
566 2600 720 2667 οὗτος
752 2606 781 2656 6
803 2603 1001 2672 γάμος,
1027 2602 1127 2654 οὐκ
1151 2599 1436 2671 ἀνθρώπου
1467 2603 1722 2669 γυναῖκα,
1750 2599 1886 2652 ἀλλά
1916 2597 2050 2650 Θεοῦ

385 2696 486 2756 τὰς
505 2692 679 2762 ψυχὰς
711 2689 818 2743 τῶν
842 2688 1143 2761 ἀνθρώπων
1175 2686 1574 2758 ἁρμοζομένου.
1614 2686 1814 2759 Διόπερ
1850 2687 1950 2740 οὑκ
1987 2687 2051 2740 ἀν

385 2798 470 2842 τις
489 2779 723 2850 ἁμάρτοι
742 2775 848 2829 τῶν
867 2775 1159 2846 μαρτύρων
1172 2773 1270 2846 τὴν
1284 2773 1460 2845 ψυχὴν
1480 2773 1696 2845 νύμφην
1717 2772 2048 2843 προσειπὼν,

386 2867 605 2937 νύμφην
645 2865 1016 2934 πνευματικήν
1041 2879 1055 2892 ο
1103 2863 1226 2914 ἐπεῖ⁵
1269 2862 1362 2916 καὶ
1419 2865 1619 2935 προῖκα
1654 2861 1712 2915 τὺ
1755 2857 1896 2932 αἷμα
1939 2863 2052 2914 εἰσ-

387 2951 650 3021 φέρουσι,
694 2950 894 3021 προῖκα
933 2946 1201 3018 μηδέποτε
1245 2947 1657 3019 δαπανωμένην.
1695 2949 1836 3002 Ἀλλ’
1875 2950 1904 3002 6
1953 2949 2051 3019 μὲν

384 3039 493 3090 τῶν
548 3036 838 3106 ἐγκωμίων
887 3034 1076 3106 καιρὸς
1140 3037 1219 3099 εἰς
1268 3036 1367 3104 τὴν
1409 3035 1595 3109 αὔριον
1650 3039 1797 3108 ἡμᾶς
1837 3038 2050 3109 ἡμέραν

384 3125 699 3194 άναμενέτω
723 3139 737 3154 ·
775 3123 1013 3194 σήμερον
1039 3123 1095 3176 δὲ
1117 3123 1244 3186 τοὺς
1285 3124 1706 3194 ἀσθενεστέρους
1746 3125 1856 3178 τῶν
1898 3125 2051 3179 ἁδελ-

385 3215 501 3282 φῶν
525 3212 678 3284 ήμῶν
697 3211 1081 3282 διορθώσομεν.
1110 3212 1330 3284 Ἐπειδὴ
1353 3213 1460 3282 γὰρ
1503 3214 1688 3268 πολλοὶ
1715 3214 1824 3268 τῶν
1858 3215 2050 3284 ἀφελε-

387 3303 593 3372 στέρων
626 3300 764 3353 κατά
790 3299 885 3370 τὴν
910 3300 1144 3352 διάνοιαν
1177 3299 1523 3370 χωλεύοντες,
1553 3301 1656 3354 ὑπὸ
1691 3302 1800 3356 τῶν
1840 3301 2050 3372 ἐχθρῶν

383 3387 484 3458 τῆς
547 3385 872 3456 Ἐκκλησίας
921 3385 1402 3456 παρασυρόμενοι,
1443 3387 1504 3440 οὑ
1539 3387 1639 3458 τὴν
1665 3389 2050 3459 προσήκουσαν

383 3472 643 3544 περὶτῶν
683 3471 852 3541 ἁγίων
872 3469 1074 3524 τούτων
1104 3470 1258 3536 δόξαν
1291 3471 1523 3542 ἔχουσιν,
1567 3472 1688 3525 οὐδὲ
1735 3475 1934 3544 ὁμοίως
1968 3477 2048 3540 εἰς

381 3562 475 3614 τὴν
520 3559 704 3612 λοιπὸν
749 3559 858 3611 τῶν
894 3556 1185 3630 μαρτύρων
1225 3558 1421 3623 αὑτοὺς
1465 3559 1824 3630 καταλέγουσι
1865 3563 2044 3634 χορὸν,

383 3649 632 3716 λέγοντες
653 3647 734 3700 δτι
759 3647 859 3716 οὑχ
900 3646 1038 3716 ὑπὲρ
1072 3644 1309 3717 Χριστοῦ
1359 3646 1421 3699 τὸ
1467 3642 1605 3719 αἷμα
1642 3648 1880 3719 ἐξέχεαν,
1932 3651 2046 3704 ἀλλ’

388 3735 532 3805 ὑπὲρ
581 3733 672 3787 τοῦ
704 3733 870 3804 νόμου
900 3732 994 3786 καὶ
1020 3732 1128 3786 τῶν
1151 3733 1209 3786 ἐν
1232 3732 1311 3804 τῷ
1337 3734 1482 3805 νόμῳ
1509 3737 1872 3806 γραμμάτων,
1908 3738 2046 3811 ὑπὲρ

384 3821 634 3892 χοιρείων
675 3819 973 3889 σφαγέντες
999 3819 1175 3892 κρεῶν
1197 3837 1212 3849 ·
1247 3821 1378 3893 φέρε
1416 3822 1479 3894 δὴ
1526 3823 1624 3894 τὴν
1650 3825 1872 3878 ἐκείνων
1900 3826 2048 3898 διορ-

385 3907 647 3978 θὼσωμεν
690 3907 927 3960 διάνοιαν
961 3923 977 3940 ο
1026 3908 1121 3962 καὶ
1157 3908 1268 3980 γὰρ
1288 3909 1510 3981 αἰσχρὸν
1538 3909 1604 3964 ἂν
1631 3912 1714 3982 εἴη
1743 3913 2047 3984 πανήγυριν

383 3993 764 4056 ἐπιτελοῦντας
787 3995 1000 4062 ἀγνοεῖν
1029 3995 1130 4066 τῆς
1161 3997 1522 4068 πανηγύρεως
1541 4001 1641 4069 τήν
1664 4000 1937 4056 ὑπόθεσιν.

455 4081 522 4150 β’.
554 4081 651 4132 "Iv'
675 4074 768 4133 οῦν
793 4081 867 4150 μὴ
889 4082 948 4134 ἐν
975 4083 1040 4152 τῇ
1066 4084 1217 4154 κοινῇ
1252 4083 1466 4136 πάντων
1499 4085 1658 4157 ήδονῇ
1701 4087 1851 4158 μόνοι
1889 4090 1939 4142 οί
1979 4090 2047 4144 τά

381 4167 608 4221 τοιαῦτα
637 4167 918 4231 νοσοῦντες
954 4168 1216 4238 ἀλγῶσιν,
1243 4171 1357 4224 ἀλλ’
1385 4171 1664 4243 εἰλικρινεῖ
1691 4176 1897 4247 διανοίᾳ
1922 4179 2048 4241 τοὺς

382 4255 686 4323 ἀγωνιστὰς
709 4253 1164 4327 περιπτύξωνται,
1190 4258 1283 4311 καὶ
1311 4258 1571 4330 καθαροῖς
1591 4260 1832 4331 ὄμμασιν
1852 4266 2048 4329 αὑτοὺς

384 4341 555 4404 ῑδωσι,
578 4340 639 4394 τὸ
666 4341 944 4412 ὑφορμοῦν
971 4343 1150 4396 αὐτῶν
1174 4347 1294 4407 ταῖς
1322 4345 1581 4410 διανοίαις
1626 4350 1862 4420 σήμερον
1913 4354 2046 4406 ὑπο-

384 4427 664 4502 σύραντες,
693 4429 976 4501 εἰλικρινεῖ
1006 4433 1072 4502 τῇ
1106 4430 1296 4502 γνώμῃ
1346 4432 1438 4486 καὶ
1487 4434 1701 4507 καθαρᾷ
1735 4441 1800 4508 τῇ
1843 4440 2050 4514 διανοίᾳ

383 4518 874 4588 παρασκευάσομεν
926 4515 1112 4590 αὔριον
1152 4518 1348 4581 αὐτοὺς
1396 4522 1701 4593 ἀπαντῆσαι
1755 4527 1891 4597 πρὸς
1948 4529 2048 4601 τὴν

381 4605 688 4676 πανήγυριν
712 4605 811 4676 τήν
845 4607 1236 4677 πνευματικήν.
1268 4607 1405 4676 Ἐγὼ
1425 4609 1532 4681 γὰρ
1553 4612 1804 4669 τοσοῦτον
1825 4617 1885 4669 ού
1909 4634 2049 4688 παρ-

387 4691 645 4761 αιτοῦμαι
683 4692 821 4763 μετά
851 4691 960 4746 τῶν
977 4693 1149 4746 ἄλλων
1173 4696 1492 4766 καταλέγειν
1510 4700 1704 4766 αὑτοὺς
1733 4704 2043 4779 μαρτύρων,

380 4781 463 4832 ὅτι
495 4779 558 4845 δὴ
592 4780 686 4833 καὶ
717 4781 1126 4854 λαμπροτέρους
1146 4785 1368 4868 τούτους
1399 4781 1537 4840 εἷναί
1581 4806 1744 4860 φημι.
1779 4793 1911 4846 Τότε
1939 4795 2046 4868 γὰρ

378 4866 736 4936 ἠγωνίσαντο,
799 4869 886 4922 ὅτε
937 4869 1147 4923 οὐδέπω
1189 4867 1328 4942 ἦσαν
1379 4875 1434 4927 αἱ
1489 4877 1685 4946 χαλκαῖ
1732 4866 2046 4937 κλασθεῖσα-ι

381 4953 567 5017 πύλαι,
599 4952 722 5007 οὔτε
755 4957 782 5008 6
805 4957 1000 5027 μοχλὸς
1031 4960 1059 5012 6
1103 4959 1352 5031 σιδηροῦς
1398 4966 1784 5034 περιαιρεθεὶς,
1834 4970 1923 5023 ὅτε
1967 4972 2048 5025 ἔτι

379 5044 414 5110 ή
435 5043 676 5113 ἁμαρτία
711 5044 950 5114 ἐκράτει,
985 5047 1077 5099 καὶ
1112 5049 1380 5122 ήκατάρα
1410 5051 1558 5122 ήνθει
1583 5065 1610 5117 ,’
1634 5056 1727 5108 καὶ
1785 5058 1877 5111 τοῦ
1929 5059 2045 5114 δια-

381 5131 537 5183 ϐόλου
566 5133 598 5202 ή
635 5132 928 5201 ἀκρόπολις
964 5137 1326 5206 συνειστήκει,
1357 5139 1448 5191 καὶ
1471 5141 1699 5214 ἁτριϐὴς
1743 5140 1810 5215 ἦν
1843 5146 1922 5200 έτι
1948 5149 2047 5218 τῆς

381 5217 636 5289 τοιαύτης
665 5220 866 5290 ἀρετῆς
893 5222 925 5292 ή
960 5221 1093 5284 ὁδός.
1121 5223 1234 5277 Νῦν
1271 5225 1368 5296 μὲν
1401 5227 1507 5300 γὰρ
1540 5229 1632 5282 καὶ
1662 5233 1922 5304 μειράκια
1955 5217 2047 5290 κο-

384 5307 509 5376 μιδῇ
536 5306 630 5360 καὶ
659 5307 915 5378 παρθένοι
943 5309 1134 5364 πολλαὶ
1154 5313 1419 5386 πολλαχοῦ
1441 5316 1538 5386 τῆς
1555 5319 1877 5394 οἰκουμένης
1902 5325 2045 5378 ἀπα-

379 5391 471 5482 λαὶ
500 5394 596 5482 καὶ
624 5394 984 5467 ἀπειρόγαμοι
1014 5400 1152 5454 κατά
1178 5402 1273 5472 τῆς
1325 5403 1416 5456 τοῦ
1465 5403 1696 5460 θανάτου
1736 5391 2046 5482 τυραννίδος

383 5479 721 5535 ἀπεδύσαντο
747 5497 762 5512 ο
791 5483 913 5538 τότε
956 5484 1013 5540 δὲ
1046 5487 1151 5558 πρὸ
1191 5490 1292 5561 τῆς
1327 5491 1419 5546 τοῦ
1463 5495 1698 5566 Χριστοῦ
1746 5479 2046 5572 παρουσίας

447 5623 474 5654 ⁸
495 5620 782 5686 Legcndum
805 5634 860 5693 τῇ
891 5631 1124 5698 ὑπερῧοὶῇ
1149 5637 1326 5700 καὶτῷ.

1175 204 1233 257 S.
1270 198 1557 258 JOANNIS
1599 197 2077 255 CHBYSOSTOMI
2119 198 2440 256 ARCHIEP.
2480 199 3032 256 CONSTANTINOP.

3719 200 3833 261 ϐὶϐ

2166 322 2261 375 καὶ
2282 322 2480 376 δίκαιοι
2503 324 2706 395 σφόδρα
2730 321 2890 377 αὑτὸν
2907 323 3148 394 ἔτρεμον.
3173 322 3325 395 [597]
3356 323 3415 376 Ὀ
3442 324 3571 393 γοῦν
3585 326 3839 398 Μωῢσῆς

2162 406 2250 460 διὰ
2293 409 2480 463 τοῦτον
2523 410 2690 479 ἔφυγε
2721 410 2813 464 τὸν
2845 412 3028 480 φόϐοψ
3069 411 3164 464 καῖ
3203 411 3384 474 Ἠλίας
3418 415 3837 483 τεσσαράκοντα.

2161 494 2384 566 ἡμερῶν
2448 495 2567 550 ὁδὸν
2610 496 2858 550 ἐντεῦθεν
2927 496 3134 569 ἀπέδρα
3177 514 3192 528 ·
3242 498 3337 551 καὶ
3395 499 3424 550 6
3481 501 3833 571 nazptdp‘m;

2174 579 2424 652 Ἀϐραὰμ
2443 582 2532 637 διὰ
2544 583 2701 636 τοῦτο
2725 587 2789 655 τῇ
2818 585 3035 652 γυναικὶ
3064 585 3297 656 παρῄνει
3332 582 3618 653 λέγειν,δτι
3645 581 3832 640 Ἀδελ-

2161 667 2236 739 φὴ
2267 669 2432 723 αὑτοῦ
2488 672 2604 742 εἰμι
2636 671 2730 724 καὶ¹
2760 673 2819 724 οὐ
2843 673 2999 742 γυνή.
3032 673 3141 726 Καὶ
3162 672 3215 724 τί
3243 672 3323 725 δεῖ
3349 673 3472 736 τοὺς
3499 672 3688 736 ἄλλους
3733 674 3826 726 λέ.

2159 771 2278 822 γειν
2301 775 2314 823 ;
2338 758 2497 821 αὑτὸς
2516 760 2623 830 γάρ
2649 760 2676 812 6
2709 760 2910 831 Πέτρος
2938 758 3110 823 οὕτως
3139 759 3394 812 ἐδεδοίκει
3437 761 3528 812 τὸν
3573 760 3827 822 θάνατον,

2161 843 2237 907 ὡς
2275 845 2407 916 μηδὲ
2433 845 2676 917 θυρωροῦ
2711 846 2939 918 ἀπειλήν
2961 849 3203 914 ἐνεγκεῖν
3237 865 3250 876 ·
3296 848 3390 900 καὶ
3432 848 3540 919 γάρ
3594 849 3830 922 φοϐερὸς

2157 926 2226 1002 ἦν
2255 933 2349 985 καὶ
2372 934 2683 1004 ἀπρόσιτος,
2705 935 2914 989 οὑδέπω
2945 933 3109 988 αὑτοῦ
3127 933 3232 988 τῶν
3249 935 3455 1006 νεύρων
3482 937 3834 1007 ἐκκεκομμέ-

2158 1037 2284 1083 νων,
2302 1021 2420 1075 οὑδέ
2448 1022 2547 1092 τῆς
2565 1022 2844 1093 δυνάμεως
2871 1022 3337 1094 καταλελυμένης.
3370 1025 3511 1077 Ἀλλ’
3550 1025 3700 1095 ὅμως
3727 1020 3831 1080 οὗ-

2155 1119 2238 1158 τοι
2263 1107 2407 1170 τότε,
2438 1109 2526 1162 ὅτε
2559 1107 2700 1162 οὕτω
2722 1108 2951 1180 φοϐερὸν
2981 1109 3153 1172 ἔπνει,
3177 1110 3618 1180 κατηγωνίσαντο
3657 1113 3832 1166 αὑτὸν

2158 1195 2252 1247 καὶ
2277 1196 2706 1251 κατεπάλαισαν.
2747 1197 2961 1270 Ἐπειδὴ
2986 1201 3096 1271 γάρ
3127 1198 3317 1268 ἔμελλε
3338 1199 3523 1252 λοιπὸν
3547 1200 3575 1250 6
3600 1200 3698 1271 τῆς
3739 1201 3792 1254 δι
3813 1229 3832 1240 ο

2156 1281 2450 1354 καιοσύνης
2474 1284 2715 1354 ἀνίσχειν
2734 1285 2904 1356 ἥλιος,
2928 1286 3064 1358 ὅπερ
3092 1286 3185 1338 ἐπὶ
3215 1288 3314 1357 τῆς
3341 1288 3555 1358 ἡμέρας
3590 1289 3830 1355 γίνεται,

2158 1369 2252 1423 καὶ
2291 1370 2410 1423 τότε
2451 1372 2669 1442 συνέϐη.
2714 1372 2980 1444 Καθάπερ
3019 1374 3126 1444 γὰρ
3159 1375 3254 1427 καὶ
3295 1377 3518 1446 μηδέπω
3565 1379 3832 1446 φανέντος

2155 1456 2328 1527 ήλίου,
2360 1459 2582 1530 φαιδρὸς
2610 1461 2743 1530 ήμῖν
2769 1462 2796 1513 6
2815 1460 3009 1531 ὄρθρος
3040 1462 3305 1531 φαίνεται,
3341 1463 3448 1517 τῶν
3469 1464 3567 1534 μὲν
3589 1466 3834 1521 ἀκτίνων

2156 1546 2367 1600 οὐδέπω
2393 1549 2728 1618 γιγνομένων
2781 1549 2976 1620 δήλων,
3027 1550 3121 1604 τοῦ
3151 1553 3207 1605 δὲ
3242 1553 3417 1620 φωτὸς
3446 1554 3553 1606 τῶν
3591 1556 3832 1609 ἀκτίνων

2155 1636 2254 1707 τὴν
2277 1637 2600 1706 οἰκουμένην
2623 1638 2716 1692 καὶ
2745 1639 3028 1710 πόρρωθεν
3069 1640 3518 1710 καταλάμποντος
3539 1659 3554 1673 ο
3578 1643 3718 1696 οὓτω
3754 1645 3830 1714 δὴ

2157 1724 2252 1776 καὶ
2281 1723 2402 1776 τότε
2427 1724 2645 1796 συνέϐη.
2705 1727 2922 1796 Ἐπειδὴ
2961 1727 3072 1800 γάρ
3105 1731 3501 1800 παραγίνεσθαι
3536 1732 3755 1801 ἔμελλεν
3797 1734 3833 1785 6

2155 1811 2254 1881 τῆς
2285 1811 2630 1883 δικαιοσύνης
2649 1813 2818 1883 ἥλιος,
2851 1814 3036 1869 λοιπὸν
3056 1816 3120 1888 δὴ
3156 1818 3215 1870 τὸ
3248 1820 3437 1882 σκότος
3481 1821 3595 1889 τῆς·
3623 1822 3833 1885 δειλίας

2156 1898 2359 1965 ἐλύετο,
2388 1899 2484 1953 καὶ
2513 1901 2725 1954 οὑδέπω
2763 1902 3029 1972 παρόντος
3073 1905 3237 1958 αὑτοῦ
3275 1906 3417 1960 κατὰ
3460 1908 3668 1978 σάρκα,
3705 1909 3831 1961 ἀλλ’

2155 1986 2321 2054 ἐγγὺς
2349 1987 2510 2041 αὑτοῦ
2551 1988 2643 2040 καὶ
2680 1989 2740 2042 ἐν
2777 1991 3080 2061 προοιμίοις
3106 1991 3277 2056 ὄντος,
3310 1993 3404 2045 καὶ
3431 1995 3610 2048 αὐτῶν
3639 1994 3832 2049 λοιπὸν

2157 2073 2462 2144 ἁπτομένου
2485 2075 2592 2128 τῶν
2615 2077 2973 2147 πραγμάτων.

2227 2160 2348 2214 Ὅτι
2409 2161 2508 2232 μὲν
2557 2157 2649 2215 οῦν
2695 2163 2889 2234 πολλὴν
2932 2164 3183 2236 ἀνδρείαν
3216 2167 3561 2233 ἐπεδείξαντο
3597 2171 3654 2222 ἐν
3708 2175 3832 2236 τοῖς

2154 2251 2366 2320 καιροῖς
2391 2250 2787 2322 ἀγωνισάμενοι
2825 2254 2935 2313 τοῖς
2983 2252 3262 2317 τοιούτοις,
3315 2258 3474 2310 παντί
3518 2276 3620 2311 που
3665 2259 3831 2330 δῆλόν

2155 2337 2300 2389 ἐστιν
2325 2354 2337 2366 ·
2366 2338 2447 2390 ὅτι
2478 2338 2534 2391 δὲ
2566 2339 2659 2391 καὶ
2685 2337 2824 2408 ὑπὲρ
2852 2338 3088 2409 Χριστοῦ
3146 2341 3214 2395 τά
3260 2342 3548 2413 τραύματα
3606 2345 3828 2412 ἔλαϐον,

2153 2423 2308 2478 τοῦτο
2351 2425 2450 2496 ήδη
2500 2426 2666 2492 δεῖξαι
2708 2427 3060 2498 πειράσομαι.
3116 2429 3270 2492 Τίνος
3321 2431 3428 2501 γὰρ
3465 2432 3653 2486 ἐνεκεν
3687 2435 3829 2487 ἐπα-

2153 2511 2281 2577 θον,
2338 2512 2460 2566 εἰπέ
2509 2531 2639 2584 μοι;
2681 2514 2785 2567 Τοῦ
2835 2515 3020 2585 νόμου,
3068 2517 3261 2585 φησὶν,
3311 2517 3536 2583 ἕνεκεν,
3577 2521 3670 2574 καὶ
3714 2522 3828 2577 τῶν

2153 2598 2211 2650 ἐν
2245 2595 2321 2667 τῷ
2364 2597 2513 2668 νόμῳ
2557 2596 2827 2666 κειμένων
2881 2600 3243 2669 γραμμάτων.
3297 2603 3393 2654 Ἀν
3447 2604 3624 2657 τοίνυν
3676 2611 3825 2679 φανῇ

2152 2684 2385 2756 Χριστὸς
2411 2685 2438 2737 6
2471 2688 2487 2707 '
2521 2683 2612 2738 τὸν
2641 2684 2802 2754 νόμον
2823 2685 3030 2739 ἐκεῖνον
3054 2686 3323 2753 δεδωκὼς,
3353 2689 3454 2744 οὑκ
3477 2690 3701 2764 εὔδηλον
3737 2697 3826 2748 ὃτι

2153 2771 2293 2841 ὑπὲρ
2316 2769 2410 2823 τοῦ
2433 2770 2596 2841 νόμου
2629 2770 2908 2839 παθόντες,
2934 2773 3072 2844 ὑπὲρ
3100 2773 3194 2827 τοῦ
3237 2776 3525 2846 νομοθέτου
3549 2781 3653 2849 τήν
3679 2798 3824 2852 καρ-

2150 2857 2336 2930 τερίαν
2383 2857 2724 2922 ἐπεδείξαντο
2766 2861 2949 2914 πᾶσαν
2965 2861 3214 2932 ἐκείνην;
3262 2864 3396 2934 Φέρε
3423 2864 3489 2937 δή
3525 2862 3618 2920 οῦν
3665 2868 3826 2924 τοῦτο

2151 2943 2522 3014 ἀποδείξωμεν
2573 2947 2833 3018 σήμερον,
2881 2947 2962 3000 ὅτι
3009 2948 3243 3019 Χριστός
3275 2951 3423 3004 ἐστιν
3455 2954 3483 3006 6
3529 2953 3621 3007 τὸν
3658 2957 3825 3027 νόμον

2148 3030 2412 3095 δεδωκώς.
2445 3032 2541 3096 Τίς
2565 3029 2656 3086 οὖν
2684 3032 2856 3087 ταῦτά
2879 3051 3077 3104 φησιν;
3113 3036 3171 3088 '0
3188 3036 3357 3090 ταῦτα
3386 3039 3573 3109 σαφῶς
3597 3042 3824 3097 ἐπιστά-

2153 3137 2331 3191 μενος,
2365 3119 2435 3174 τά
2471 3137 2529 3174 τε
2569 3120 2775 3174 παλαιά
2792 3122 2886 3175 καὶ
2911 3122 2981 3175 τά
3013 3123 3127 3189 νέα,
3175 3124 3409 3190 Παῦλος,
3440 3128 3470 3180 6
3503 3129 3601 3199 τῆς
3642 3133 3825 3186 οἰκον-

2153 3208 2321 3279 μένης
2372 3207 2688 3272 διδάσκαλος
2715 3224 2727 3236 ·
2781 3209 3087 3280 Κορινθίοις
3139 3211 3247 3284 γὰρ
3283 3214 3632 3283 ἐπιστέλλων,
3677 3221 3824 3276 οῦτω

2151 3295 2268 3359 πῶς
2296 3312 2459 3367 φησιν
2483 3313 2500 3330 ο
2532 3298 2615 3350 Οὐ
2643 3297 2796 3350 θέλω
2822 3295 2890 3349 δὲ
2909 3296 3064 3366 ὑμᾶς
3102 3299 3371 3368 ἀγνοεῖν,
3404 3303 3685 3375 ἀδελφοί,
3731 3309 3824 3363 ὅτι

2149 3386 2203 3438 οἰ
2228 3382 2477 3452 πατέρες
2501 3383 2670 3453 ἡμῶν
2691 3383 2916 3450 πάντες
2939 3386 3056 3439 ὐπὸ
3087 3386 3202 3454 τὴν
3222 3388 3489 3459 νεφέλην
3508 3390 3693 3463 ἦσαν,
3718 3400 3819 3451 καί

2149 3469 2371 3536 πάντες
2400 3471 2498 3526 διὰ
2524 3469 2632 3550 τῆς
2655 3470 2974 3540 θαλάσσης
3009 3471 3280 3540 διῆλθον,
3322 3477 3422 3531 καί
3462 3479 3688 3550 πάντες
3731 3487 3823 3551 εἰς

2149 3557 2256 3612 τὸν
2290 3547 2558 3627 Μωῦσῆν
2589 3559 2986 3616 ἐϐαπτίσαντο
3013 3559 3084 3613 ἐν
3115 3559 3191 3630 τῇ
3223 3563 3449 3634 νεφέλῃ
3499 3569 3598 3622 καὶ
3743 3547 3822 3643 τῆ

2150 3645 2436 3714 θαλάττῃ,
2469 3645 2569 3702 καί
2604 3645 2828 3712 πάντες
2869 3647 2933 3701 τὸ
2977 3647 3124 3702 αὐτὸ
3157 3648 3371 3722 ,βρῶμα
3412 3661 3824 3725 πνευματικὸν

2149 3733 2398 3804 ἔφαγον,
2437 3734 2499 3787 τὸ
2523 3733 2700 3804 μάννα
2727 3733 2923 3803 λέγων,
2951 3735 3050 3788 καί
3105 3737 3328 3805 πάντες
3358 3740 3426 3794 τὸ
3471 3745 3619 3798 αὐτὸ
3657 3749 3824 3817 πόμα

2149 3820 2556 3891 πνευματικὸν
2575 3820 2766 3887 ἔπιον,
2800 3821 2862 3873 τὸ
2884 3820 3027 3893 ὕδωρ
3046 3822 3219 3892 λέγων
3245 3824 3306 3878 τὸ
3333 3827 3442 3880 ἀπὸ
3469 3829 3567 3900 τῆς
3585 3832 3823 3904 πέτρας.

2151 3905 2283 3961 Εἶτα
2311 3907 2521 3971 δεικνὺς
2551 3908 2634 3960 ὅτι
2667 3909 2696 3961 6
2723 3908 2957 3981 Χριστὸς
3005 3909 3179 3964 ταῦτα
3215 3913 3386 3968 ἐποίει
3433 3916 3498 3969 τά
3539 3917 3820 3992 θαύματα,

2149 3997 2429 4068 ἐπήγαγεν
2460 4012 2475 4027 ο
2516 3997 2762 4050 Ἐπινον
2791 3997 2898 4069 γὰρ
2923 3999 2991 4052 ἐκ
3021 4002 3430 4072 πνευματικῆς
3457 4005 3825 4068 ἀκολουθού-

2149 4101 2266 4152 σης
2290 4085 2508 4152 πέτρας
2533 4102 2548 4117 ο
2581 4084 2620 4152 ἡ
2656 4083 2724 4138 δὲ
2762 4085 2947 4154 πέτρα
2973 4082 3051 4157 ἦν
3072 4090 3104 4142 ὁ
3126 4089 3400 4157 Χριστός.
3428 4093 3536 4146 Καὶ
3560 4097 3821 4164 εἰκότωςο

2149 4173 2208 4225 οὑ
2243 4173 2351 4246 γὰρ
2381 4174 2412 4241 ή
2440 4171 2599 4240 φύσις
2629 4172 2727 4242 τῆς
2760 4172 2964 4242 πέτρας
2990 4174 3137 4243 ήφίει
3158 4176 3218 4227 τὸ
3242 4175 3384 4251 ὓδωρ
3409 4181 3501 4233 καὶ
3545 4185 3671 4249 τοὺς
3725 4204 3823 4240 πο-

2149 4262 2356 4331 ταμοὺς
2387 4261 2647 4325 ἐκείνους,
2679 4261 2793 4314 ἀλλ’
2817 4263 2849 4331 ή
2874 4261 2967 4315 τοῦ
2999 4263 3235 4334 Χριστοῦ
3258 4265 3506 4336 ἐνέργεια
3538 4269 3826 4331 τύπτουσα

2148 4347 2240 4400 τὸν
2291 4348 2458 4414 λίθον,
2503 4347 2842 4402 ἀναδίδοσθαι
2898 4349 2999 4413 τὰς
3050 4351 3232 4421 πηγὰς
3281 4359 3682 4426 παρεσκεύαζε.
3721 4365 3826 4418 Διὰ

2148 4435 2306 4489 τοῦτο
2327 4436 2418 4490 καὶ
2449 4435 2822 4507 πνευματικὴν
2852 4437 3058 4508 πέτραν
3091 4439 3334 4508 ἐκάλεσε,
3371 4446 3463 4498 καὶ
3503 4447 3826 4506 ἀκολουθεῖν

2149 4521 2254 4592 ἔφη
2283 4540 2294 4553 ·
2320 4525 2352 4594 ή
2383 4522 2438 4575 δέ
2464 4523 2696 4594 αἰσθητή
2717 4523 2818 4576 οὑκ
2858 4523 3160 4587 ἀκολουθεῖ,
3212 4527 3328 4580 ἀλλ’
3371 4531 3428 4583 ἐν
3481 4533 3560 4586 ἐνί
3609 4535 3825 4606 ἵδρυται

2149 4611 2332 4680 χωρίῳ
2358 4626 2372 4641 ο
2422 4610 2583 4681 ἀλλ’ἢ
2631 4610 2905 4682 πανταχοῦ
2943 4613 3189 4683 παροῦσα
3232 4615 3458 4689 δύναμις
3505 4623 3598 4675 καὶ
3640 4625 3826 4681 πάντα

2149 4693 2663 4766 θαυματουργοῦσα,
2689 4696 2872 4766 ἐκείνη
2894 4697 2986 4749 καὶ
3012 4697 3111 4769 τὴν
3140 4699 3346 4771 πέτραν
3378 4705 3698 4777 ἀνέρρηξεν.
3759 4713 3824 4766 Εἰ

2147 4776 2204 4829 δὲ
2237 4778 2335 4830 οὑκ
2367 4778 2612 4847 ἀνέχοιτο
2638 4778 2744 4831 τῶν
2778 4779 3038 4848 ῥημάτων
3074 4782 3276 4836 τούτων
3304 4787 3332 4838 ό
3380 4776 3650 4857 Ἰουδαῖος,
3683 4794 3820 4865 φέρε

2147 4863 2210 4934 δὴ
2233 4866 2341 4928 τοῖς
2368 4864 2589 4929 οἰκείοις
2619 4865 2780 4918 αὑτὸν
2806 4865 2989 4928 ὅπλοις
3018 4868 3248 4938 ἕλωμεν,
3271 4872 3423 4927 οὐδὲν
3453 4875 3560 4929 ἀπὸ
3596 4863 3818 4933 Παύλου

2149 4949 2243 5003 καὶ
2268 4951 2470 5021 Πέτρου
2501 4952 2596 5005 καὶ
2641 4952 2908 5016 Ἰωάννου,
2943 4954 3057 5007 ἀλλ’
3087 4957 3196 5010 ἀπὸ
3217 4959 3326 5012 τῶν
3350 4963 3643 5031 προφητῶν
3665 4968 3816 5038 αὐτῷ

2147 5034 2537 5105 διαλεγόμενοι,
2570 5036 2654 5088 ἴνα
2682 5035 2826 5110 μάθῃ
2854 5038 2934 5090 ὅτι
2970 5038 3038 5092 τά
3066 5041 3364 5112 πράγματα
3395 5047 3525 5118 παρ’
3545 5048 3710 5119 αὐτῷ,
3747 5034 3815 5104 τά

2148 5120 2204 5173 δέ
2233 5124 2475 5190 νοήματα
2503 5123 2632 5191 παρ’
2658 5124 2806 5193 ἡμῖν.

2219 5209 2286 5270 γ’.
2325 5204 2419 5266 Τίς
2445 5199 2537 5256 οὖν
2565 5204 2672 5257 τῶν
2702 5207 2993 5277 προφητῶν
3022 5207 3198 5262 ταῦτά
3238 5229 3421 5284 φησιν,
3457 5215 3538 5269 ὅτι
3579 5217 3676 5288 τὴν
3702 5223 3809 5274 ﬂa-

2148 5289 2303 5344 λαιάν
2345 5291 2506 5354 αὐτὸς
2539 5291 2704 5345 ἔδωκε
2741 5293 3044 5365 Διαθήκην;
3099 5298 3156 5350 Ὀ
3188 5300 3252 5352 ἐκ
3286 5302 3491 5367 κοιλίας
3535 5305 3813 5374 ἀγιασθεὶς

2161 5377 2447 5450 Ἱερεμίας,
2475 5378 2504 5430 6
2531 5380 2588 5432 ἐν
2619 5380 2828 5451 νεότητι
2862 5383 3101 5454 λάμψας.
3138 5386 3248 5441 Ποῦ
3288 5391 3378 5443 καὶ
3417 5392 3580 5460 πότε;
3615 5395 3811 5448 ’Δκουε

2146 5468 2256 5521 τῶι
2282 5468 2542 5540 ῥημάτων
2579 5470 2778 5536 αὑτῶν,
2813 5473 2907 5526 καὶ
2947 5475 3198 5532 παιδεύου
3226 5481 3411 5549 σαφῶς
3442 5484 3508 5538 ἐκ
3537 5486 3642 5540 τῶν
3664 5493 3812 5556 λεγοα

2149 5555 2344 5628 μένων.
2397 5555 2527 5608 Τίνα
2581 5557 2758 5612 τοίνυν
2815 5560 2931 5614 ἐστὶ
2987 5564 3054 5617 τά
3099 5565 3353 5638 ῥήματα;
3404 5571 3550 5628 Ἰδοὺ
3607 5576 3814 5646 ἡμέραι

2212 5657 2244 5695 Ψ
2266 5654 2407 5706 Tolle
2440 5657 2714 5710 articulum.
