4092 6206
394 268 497 323 523

396 404 500 438 non
533 380 823 435 snﬂ‘ocatus
850 384 931 428 cst
952 416 968 438 ,
1000 383 1053 428 et
1082 380 1284 426 tantum
1316 369 1533 439 pelagus
1559 383 1829 429 emensus,
1867 380 1968 416 Mm

396 476 729 542 uau'ragium
757 450 945 538 passus
971 474 1074 519 est.
1125 464 1297 517 Causa
1336 470 1512 514 autem
1550 469 1632 513 cst
1662 457 1802 526 quod
1847 469 1971 505 IIIIS-

394 582 553 637 quam
582 573 747 634 petrae
766 600 782 627 ,
807 576 905 613 nec
929 572 1055 611 saxa
1086 553 1327 619 latentia,
1354 567 1454 606 nec
1482 549 1684 620 scopuli
1719 547 1846 611 sint,
1875 544 1966 637 sed

403 636 602 727 ubique
630 668 776 708 mare
798 652 915 721 ipso
933 657 1088 718 portu
1111 644 1445 715 tranquillius
1471 641 1671 696 invenit
1703 658 1716 693 :
1743 648 1796 692 et
1816 636 1965 705 quasi

400 749 639 820 zephyro
659 744 889 815 quodam
917 741 982 796 ad
1002 736 1550 810 proraminsufllante,
1575 742 1754 787 vestro
1780 745 1969 797 netan

396 838 646 897 audiendi
666 835 867 899 studio,
884 833 948 886 ad
966 829 1306 900 tranquillum
1324 835 1532 897 portum
1547 822 1964 894 appellebamns.

396 934 589 989 Statim
633 931 776 983 enim
818 936 978 996 atque
1005 940 1072 979 ex
1097 937 1193 977 ore
1220 928 1407 975 nostro
1446 932 1624 972 sermo
1666 913 1970 984 profereba-

400 1036 519 1089 tur,
589 1033 777 1075 omnes
834 1016 1040 1087 supinis
1093 1014 1243 1068 illum
1308 1008 1553 1065 manibus
1608 1004 1964 1075 excipiebant,

395 1117 603 1173 etiamsi
644 1112 870 1168 multam
919 1108 1143 1162 haberet
1195 1100 1562 1159 difficultatem
1603 1115 1618 1156 :
1658 1098 1778 1152 talis
1825 1095 1968 1149 enim

408 1222 576 1277 nuper
604 1212 721 1260 crat
749 1200 1134 1258 sententiarum
1184 1203 1372 1250 natura
1404 1210 1422 1250 :
1448 1199 1679 1244 attamen
1705 1187 1963 1242 alacrita-

401 1302 468 1354 tis
494 1294 860 1368 magnitudine
884 1301 938 1346 et
979 1288 1173 1345 mentis
1214 1287 1443 1342 attentio
1472 1299 1591 1338 cum
1641 1280 1965 1337 aceuratioui

399 1405 610 1459 magna,
639 1387 766 1442 etin
804 1383 986 1439 labore
1011 1381 1167 1436 nobis
1194 1379 1442 1434 solatium
1470 1374 1742 1439 attulistis,
1770 1384 1823 1427 et
1853 1386 1969 1441 qua;

402 1480 638 1535 difficilia
662 1484 833 1541 erant,
860 1474 1031 1529 facilia
1060 1470 1389 1527 reddidistis.
1419 1468 1601 1537 Neque
1629 1466 1770 1519 enim
1797 1464 1847 1517 io
1877 1478 1970 1532 pc-

401 1584 558 1637 tram,
590 1583 763 1639 neque
791 1568 841 1621 in
868 1565 1073 1635 spinas,
1094 1576 1266 1632 neque
1286 1575 1441 1615 secus
1459 1559 1595 1612 viam
1612 1555 1803 1612 cadere
1829 1555 1972 1608 sine-

402 1661 673 1725 balisgsed
703 1658 880 1713 omnia
911 1657 961 1709 in
986 1656 1178 1724 pingue
1197 1661 1251 1707 et
1275 1649 1592 1722 profundum
1617 1662 1801 1701 arvum
1831 1644 1973 1699 exci-

412 1753 663 1824 piebatis,
705 1750 757 1804 in
797 1745 1112 1818 profundum
1143 1757 1335 1811 nempe
1373 1750 1565 1794 vestra:
1607 1738 1819 1794 mentis.
1846 1736 1967 1789 Ideo

398 1844 620 1915 singulis
637 1840 823 1895 diebus
837 1846 1071 1894 comatos
1087 1845 1293 1905 segetes
1312 1832 1570 1897 videmus,
1594 1828 1811 1899 zephyri
1829 1827 1967 1890 loco,

411 1936 641 2005 Spiritus
667 1932 810 1986 auris
839 1928 1145 1992 innutritos,
1174 1934 1227 1980 et
1263 1924 1528 1979 theatrum
1548 1919 1702 1974 nobis
1730 1916 1969 1988 quotidie

398 2025 737 2097 splendidum
787 2022 1059 2078 effectum.
1108 2019 1335 2087 Ideoque
1378 2016 1538 2071 hodie
1580 2012 1970 2085 prastermissas

398 2118 649 2186 reliquias
666 2128 938 2170 resumere
951 2111 1216 2166 volebam.
1240 2108 1343 2164 Sed
1366 2107 1492 2178 quid
1511 2106 1736 2161 faciam?
1755 2103 1971 2159 Macha—

397 2207 632 2261 bmorum
662 2204 858 2259 chorus
878 2211 1122 2257 statante
1148 2198 1333 2254 oculos
1360 2213 1531 2265 meos,
1551 2207 1604 2253 et
1621 2198 1825 2267 fulgore
1854 2196 1970 2250 vul-

396 2312 583 2352 nerum
612 2310 830 2351 suorum
863 2301 1097 2348 mentem
1127 2306 1301 2346 meam
1329 2290 1622 2350 illustrans,
1652 2287 1717 2340 ad
1742 2288 1971 2355 pulchri-

398 2389 634 2442 tudinem
680 2402 832 2442 suam
884 2386 1117 2455 linguam
1158 2391 1393 2437 nostram
1441 2386 1616 2434 vocat.
1661 2377 1766 2434 Sed
1807 2393 1968 2433 nemo

395 2493 696 2534 sermonem
748 2487 805 2531 ut
849 2475 1284 2546 intempestivum
1338 2472 1639 2544 improbet,
1685 2472 1807 2542 quia
1845 2485 1966 2524 cum

396 2570 585 2624 horum
609 2568 960 2624 certaminum
991 2568 1108 2623 dies
1131 2565 1400 2622 crastinus
1425 2566 1524 2631 sit,
1554 2563 1711 2618 hodie
1737 2576 1968 2617 coronas

396 2660 659 2714 nectimus
684 2699 699 2723 ,
750 2667 804 2713 et
828 2667 952 2712 ante
996 2656 1120 2711 belli
1167 2662 1376 2725 tempus
1418 2663 1676 2723 tropzcum
1707 2652 1965 2723 praedica-

394 2767 530 2806 mus.
576 2751 632 2807 Si
687 2751 829 2805 enim
880 2764 1001 2804 cum
1056 2748 1255 2816 nuptias
1296 2747 1665 2811 celebrantur,
1715 2745 1804 2815 qui
1859 2760 1962 2799 una

394 2851 623 2908 coeunt,
657 2852 781 2896 ante
818 2841 963 2895 diem
1010 2840 1337 2908 assignatum
1369 2846 1423 2893 et
1468 2838 1732 2892 thalamos
1776 2844 1965 2904 parant

392 2945 446 2990 et
474 2934 689 2990 coronis
711 2934 901 2989 domos
924 2941 1119 2987 ornant
1147 2940 1307 3001 atque
1336 2930 1522 2983 aulaeis
1557 2946 1569 2983 :
1606 2930 1772 2983 multo
1795 2930 1964 2999 magis

391 3043 486 3081 nos
526 3027 631 3082 hoc
674 3028 846 3096 ipsum
877 3024 1134 3079 faciemus
1158 3064 1173 3088 ,
1216 3032 1416 3093 quanto
1460 3022 1617 3075 etiam
1658 3022 1829 3090 magis
1853 3020 1964 3089 spi-

393 3120 607 3174 rituales
638 3128 762 3173 sunt
786 3116 869 3171 ba:
896 3116 1095 3184 nuptis:
1120 3156 1135 3180 ,
1178 3131 1282 3169 non
1318 3114 1535 3169 homine
1566 3128 1787 3167 uxorem
1814 3154 1829 3176 ,
1863 3112 1961 3166 sed

391 3209 497 3263 Deo
523 3209 731 3263 animas
758 3207 1033 3261 hominum
1072 3206 1173 3261 sibi
1215 3205 1592 3274 deSponsantc.
1627 3204 1962 3273 QuaprOpter

391 3316 495 3354 non
553 3299 887 3355 aberraverit
928 3298 1019 3369 qui
1068 3306 1362 3369 martyrum
1417 3296 1651 3350 animam
1706 3308 1957 3364 sponsam

389 3392 615 3457 dixerit,
648 3405 898 3460 Sponsam
942 3403 1135 3458 nempe
1172 3388 1503 3460 spiritualem
1535 3386 1833 3456 :siquidem
1864 3399 1961 3454 pro

389 3484 511 3537 dote
550 3486 858 3554 sanguinem
902 3480 1165 3548 afferunt,
1210 3480 1390 3536 dotem
1454 3493 1739 3549 numquam
1791 3478 1952 3531 absu-

390 3574 658 3629 tnendam.
705 3574 814 3630 Sed
861 3573 1076 3628 laudum
1126 3581 1336 3643 tempus
1375 3572 1440 3626 ad
1479 3571 1620 3626 diem
1674 3569 1959 3626 crastinam

392 3682 489 3721 nos
522 3674 798 3737 exspectet
825 3684 839 3720 :
873 3666 1029 3721 hodie
1053 3680 1181 3720 vero
1212 3665 1530 3719 inlirmiores
1554 3664 1778 3717 fratrum
1795 3662 1963 3718 corri-

388 3774 599 3827 gemus.
649 3758 783 3825 Quia
834 3758 975 3813 enim
1024 3757 1177 3812 multi
1223 3773 1287 3811 ex
1319 3756 1733 3824 simplicioribus
1782 3761 1962 3808 mente

389 3848 770 3912 claudicantes,
803 3848 868 3902 ab
897 3846 1150 3901 Ecclesia:
1181 3845 1410 3901 inimicis
1439 3845 1669 3909 attracti,
1702 3858 1805 3897 non
1834 3856 1962 3897 con-

390 3949 667 4010 grucntem
716 3939 783 3994 de
832 3942 1031 3993 sanctis
1060 3938 1207 3993 hisce
1249 3938 1553 4006 opinionem
1593 3935 1816 3998 habent;
1867 3948 1963 3988 ne-

390 4048 493 4101 que
533 4031 652 4086 illos
698 4032 751 4085 in
798 4031 1005 4101 reliquo
1048 4039 1342 4101 martyrum
1381 4028 1546 4083 choro
1572 4032 1959 4091 annumerant,

390 4122 661 4188 dicentes,
693 4136 797 4176 non
827 4136 922 4192 pro
951 4120 1163 4176 Christo
1213 4122 1357 4189 ipsos
1385 4132 1696 4189 sanguinem
1722 4116 1957 4182 fudisse,

389 4213 479 4268 sed
509 4228 606 4281 pro
630 4212 747 4283 lege
771 4222 824 4268 et
850 4227 946 4282 pro
975 4213 1255 4282 scripturis
1284 4228 1403 4282 quae
1432 4212 1485 4265 in
1511 4210 1627 4281 lege
1649 4217 1824 4275 erant,
1861 4223 1959 4279 pro

393 4303 565 4357 suillis
600 4303 848 4358 carnibus
884 4302 1151 4372 jugulatos
1198 4318 1212 4355 :
1262 4317 1358 4371 age
1408 4315 1536 4371 ergo
1582 4300 1959 4370 cogitationem

390 4395 601 4448 illorum
617 4393 966 4463 corrigamus.
992 4392 1170 4462 Turpe
1197 4407 1428 4462 namque
1453 4399 1597 4447 esset
1626 4391 1746 4446 illos
1773 4390 1963 4445 festum

389 4484 737 4549 celebrantes,
769 4483 1096 4539 celebritatis
1122 4498 1337 4538 causam
1373 4483 1647 4553 ignorare.

459 4575 512 4629 Ξ.
535 4575 604 4632 Ut
625 4592 692 4631 ne
709 4591 835 4645 ergo
864 4576 898 4629 ii
922 4577 1009 4646 qui
1038 4576 1126 4630 tali
1148 4576 1335 4631 morbo
1356 4577 1597 4630 laborant
1625 4576 1676 4631 in
1695 4574 1964 4631 communi

390 4669 624 4723 omnium
650 4668 833 4723 laetitia
852 4669 949 4723 soli
978 4668 1211 4733 doleant,
1237 4668 1329 4724 sed
1346 4670 1550 4724 sincera
1569 4681 1744 4724 mente
1764 4669 1965 4739 pugiles

390 4758 510 4813 illos
535 4759 948 4828 amplectantur,
975 4767 1029 4814 et
1045 4760 1192 4830 puris
1231 4760 1398 4815 oculis
1419 4760 1537 4814 illos
1566 4760 1777 4815 videant
1800 4778 1813 4813 :
1839 4759 1963 4827 quid

388 4849 596 4904 illorum
625 4860 828 4906 mentes
852 4850 1372 4906 concitaveritbodie
1391 4851 1750 4915 traducentes,
1775 4851 1825 4905 id
1847 4849 1962 4904 effi-

389 4940 590 4995 ciemus
608 4949 663 4995 ut
675 4956 793 4996 cras
805 4941 1011 4997 sincera
1028 4952 1203 4997 mente
1218 4952 1268 4996 et
1285 4958 1416 5012 puro
1432 4944 1608 4996 animo
1627 4942 1881 4997 accedant
1896 4939 1963 5009 ad

388 5033 714 5103 spiritualem
736 5034 1119 5088 celebritatem.
1148 5034 1435 5089 Enimvero
1461 5048 1562 5102 ego
1585 5042 1787 5087 tantum
1815 5032 1967 5087 abest

391 5132 446 5178 ut
486 5138 725 5180 recusem
765 5124 1090 5179 Maccabacos
1124 5124 1331 5179 cmteris
1363 5125 1682 5194 martyribus
1710 5138 1968 5178 annume-

388 5230 528 5278 rare,
548 5215 772 5270 utetiam
789 5214 1174 5283 splendidiores
1191 5216 1308 5270 illos
1321 5230 1438 5270 esse
1449 5215 1642 5269 dicam.
1659 5215 1806 5268 Tunc
1819 5213 1964 5269 enim

385 5313 848 5371 concertaverunt,
864 5319 982 5359 cum
996 5305 1227 5359 nondum
1246 5314 1409 5375 porta:
1426 5321 1581 5359 mrem
1600 5306 1774 5359 fractae
1786 5312 1967 5359 essent

386 5414 559 5467 neque
582 5398 746 5453 vectis
764 5396 971 5453 ferreus
998 5400 1297 5453 abstractus
1320 5419 1333 5452 :
1358 5415 1476 5478 cum
1495 5399 1669 5453 adhuc
1690 5410 1963 5468 peccatum

384 5492 771 5555 dominaretur,
805 5501 856 5545 et
876 5491 1178 5545 maledictio
1205 5490 1435 5561 vigeret;
1460 5502 1613 5561 atque
1632 5507 1750 5545 cum
1770 5492 1963 5546 diaboli

386 5597 479 5635 arx
505 5580 679 5634 adhuc
697 5589 884 5645 staret,
917 5579 1143 5634 necdum
1174 5581 1291 5634 talis
1313 5581 1523 5635 virtutis
1553 5582 1631 5633 via
1654 5582 1771 5636 trita
1797 5591 1958 5637 esset.

387 5669 533 5725 hunc
574 5671 716 5726 enim
767 5670 850 5726 vel
879 5670 1164 5727 admodum
1203 5672 1405 5742 pueruli
1446 5682 1496 5728 et
1526 5673 1751 5745 virgines
1780 5679 1959 5729 mult-se

1170 261 1233 305 ευ
1274 252 1574 315 nonum,
1619 252 1704 306 DE
1746 248 2109 307 ELEAZARO
2149 249 2237 305 ET
2279 252 2545 309 SEPTEM
2586 254 2853 311 PUEIUS.

3543 263 3644 316 5‘26

2076 376 2270 418 tunorw
2301 378 2351 419 et
2380 368 2614 435 innupta:
2643 370 2690 423 itt
2728 369 2978 424 omnibus
3002 372 3145 426 orbis
3172 376 3422 442 partibus,
3454 389 3636 431 contra

2073 459 2257 507 ntortis
2304 458 2632 527 tyrannidem
2679 470 3057 516 eoncertavere
3098 480 3111 516 :
3145 474 3269 518 tunc
3312 478 3486 522 autem
3518 480 3645 523 ante

2072 544 2266 598 Christi
2296 548 2603 612 adventum,
2632 550 2790 604 etiam
2822 553 2852 605 ii
2876 555 2964 622 qui
2990 554 3120 622 justi
3145 565 3331 620 erant,
3364 558 3644 614 admodum

2074 637 2214 691 illam
2244 639 2613 703 formidabant.
2641 642 2846 712 Moyses
2863 645 3003 698 enim
3024 646 3176 715 hujus
3199 649 3388 701 timore
3412 652 3610 719 aufugit
3634 671 3645 704 :

2072 728 2251 782 llclias
2277 746 2370 796 per
2395 732 2737 801 quadraginta
2768 734 2972 789 dierum
3003 738 3141 790 viam
3170 748 3447 807 propterea
3477 741 3605 811 fugit
3632 762 3644 794 :

2070 832 2124 875 et
2155 821 2418 875 Abraham
2460 823 2754 891 patriarcha
2797 825 2915 880 ideo
2951 844 3168 882 uxorem
3202 832 3451 884 manebat
3479 842 3533 886 ut
3579 849 3638 887 se

2070 928 2306 967 sororem
2335 913 2566 979 diceret,
2621 930 2722 969 nou
2756 932 2994 971 uxorem.
3025 920 3215 989 Ecquis
3257 933 3468 991 Oportet
3507 924 3643 978 alios

2070 1005 2281 1060 dicere?
2327 1007 2441 1074 ipse
2494 1024 2720 1075 namque
2760 1010 2946 1065 Petrus
2996 1012 3065 1066 ita
3118 1026 3341 1069 mortem
3386 1018 3642 1086 timebat,

2070 1104 2129 1152 ut
2157 1114 2221 1152 ne
2246 1099 2478 1151 ostiaria:
2510 1100 2724 1168 quidem
2752 1103 2924 1157 minas
2957 1104 3137 1159 tulerit
3164 1122 3177 1159 :
3210 1109 3459 1163 terribilis
3491 1127 3611 1164 nam
3630 1140 3644 1149 -

2070 1205 2173 1258 que
2219 1205 2363 1243 mors
2389 1197 2503 1243 erat
2529 1202 2582 1245 et
2613 1193 2906 1259 inaccessa,
2938 1210 3057 1250 cum
3086 1197 3319 1251 nondum
3353 1200 3497 1252 nervi
3529 1201 3644 1269 ejus

2070 1281 2269 1334 exsecti
2301 1279 2521 1335 fuissent
2552 1298 2647 1336 nec
2684 1294 2916 1352 potestas
2945 1285 3062 1355 ejus
3082 1288 3278 1343 soluta.
3315 1291 3560 1344 Attamen
3592 1290 3643 1345 hi

2070 1380 2229 1439 tunc,
2280 1374 2491 1443 quando
2541 1376 2627 1430 illa
2683 1387 2785 1429 tam
2844 1379 3153 1435 terribiliter
3191 1382 3455 1450 spirabat,
3502 1384 3641 1437 illam

2072 1477 2506 1534 expugnaverunt
2535 1474 2588 1520 et
2616 1466 2946 1523 devicerunt.
2977 1469 3111 1537 Quia
3150 1472 3291 1526 enim
3322 1473 3433 1542 jam
3463 1475 3642 1544 solju-

2072 1555 2229 1609 stitia:
2251 1556 2483 1610 oriturus
2513 1567 2646 1624 crat,
2670 1559 2807 1627 quod
2831 1560 2882 1613 in
2903 1561 3205 1629 vulgaridic
3234 1564 3310 1627 lit,
3335 1564 3496 1619 etiam
3519 1573 3643 1619 tunc

2071 1646 2292 1714 contigit
2322 1662 2335 1698 :
2379 1648 2515 1700 sicut
2544 1648 2685 1702 enim
2712 1650 2825 1703 sole
2856 1650 3089 1705 nondum
3120 1664 3429 1721 apparente,
3463 1653 3644 1709 laetum

2075 1744 2249 1790 tamen
2308 1737 2462 1791 nobis
2508 1738 2795 1793 diluculum
2845 1748 3108 1811 apparet,
3154 1752 3209 1798 et
3246 1759 3367 1797 cum
3410 1745 3642 1801 nondum

2072 1826 2276 1881 solares
2303 1827 2435 1882 radii
2485 1829 2591 1883 sint
2620 1829 2930 1897 manifesti,
2983 1832 3071 1886 lux
3137 1833 3405 1887 radiorum
3460 1838 3643 1905 procul

2073 1917 2261 1971 orbem
2295 1918 2556 1973 illuminat
2590 1939 2601 1974 :
2635 1920 2774 1974 idem
2803 1931 2856 1973 et
2883 1930 3009 1976 tunc
3052 1923 3289 1993 contigit.
3323 1925 3455 1991 Quia
3499 1926 3640 1979 enim

2071 2013 2396 2067 adventuros
2422 2024 2536 2066 erat
2555 2013 2894 2083 Soljustitiac,
2918 2014 3128 2068 tandem
3150 2014 3383 2070 diuturni
3414 2019 3644 2086 torporis

2070 2103 2305 2157 tenebras
2362 2103 2734 2168 solvebantur,
2790 2105 2891 2161 etsi
2937 2105 3172 2160 nondum
3225 2118 3542 2176 apparuerat
3590 2111 3640 2162 in

2067 2208 2251 2260 carne,
2283 2197 2374 2251 sed
2406 2211 2571 2266 prope
2600 2209 2714 2252 erat
2738 2208 2791 2252 et
2830 2198 2982 2268 quasi
3008 2199 3059 2252 in
3089 2199 3389 2268 proceruiis,
3436 2209 3491 2253 ct
3527 2199 3640 2270 jam

2068 2301 2157 2343 res
2184 2288 2323 2357 ipsas
2347 2288 2611 2357 tangebat.

2142 2380 2399 2435 Probatur
2425 2380 2747 2436 Machabteos
2775 2400 2865 2453 pro
2881 2382 3079 2438 Christo
3103 2400 3274 2451 passos
3290 2384 3638 2450 essen—Quod

2069 2471 2230 2542 igitur
2282 2489 2528 2543 magnam
2583 2474 2928 2529 exhibui-rint
2980 2477 3232 2529 virtutem
3264 2516 3277 2539 ,
3341 2476 3391 2529 in
3449 2477 3639 2529 talibus

2069 2575 2442 2621 concertantes
2488 2566 2838 2636 temporibus,
2871 2567 3091 2621 omnino
3130 2567 3303 2636 palam
3348 2578 3428 2621 est
3456 2584 3469 2619 :
3499 2567 3638 2633 quod

2068 2673 2196 2712 vero
2222 2659 2379 2713 etiam
2408 2673 2503 2728 pro
2550 2657 2763 2713 Christo
2803 2658 3023 2713 vulnera
3054 2658 3380 2727 acceperint,
3406 2656 3505 2710 hoc
3529 2657 3638 2725 jam

2066 2751 2436 2808 demonstrare
2463 2754 2718 2808 conabor.
2745 2752 2853 2807 Cur
2873 2752 3038 2819 enim,
3058 2750 3145 2805 dic
3163 2750 3315 2817 mihi,
3338 2755 3472 2819 passi
3492 2750 3640 2803 sunt?

2066 2842 2197 2911 legis
2227 2858 2383 2898 causa
2411 2884 2425 2908 ,
2461 2844 2689 2913 inquies,
2745 2852 2800 2897 ct
2848 2844 3235 2913 scripturarum
3280 2858 3399 2912 qua:
3446 2843 3496 2895 in
3552 2841 3639 2895 illa

2064 2942 2236 2989 erant.
2262 2935 2318 3005 Si
2344 2949 2472 3004 ergo
2511 2935 2819 3005 apparuerit
2841 2934 3114 2988 Christum
3149 2934 3321 3004 legem
3367 2934 3510 2987 illam
3541 2933 3639 2986 dc-

2063 3026 2229 3092 dissc,
2258 3040 2436 3081 annon
2467 3027 2812 3095 consriicuum
2844 3036 2925 3080 est
2948 3025 3067 3079 illos
3094 3040 3190 3093 pro
3219 3027 3332 3094 lege
3356 3027 3636 3095 patientes,

2050 3133 2162 3190 pro
2186 3118 2489 3188 legislature
2518 3128 2680 3172 totam
2711 3119 2852 3172 illam
2880 3118 3305 3172 constantiamet
3332 3120 3636 3187 patientiam

2062 3208 2409 3263 exhibuisse?
2437 3209 2551 3277 Age
2571 3223 2721 3277 ergo,
2747 3207 2845 3261 hoc
2865 3206 3023 3263 hodie
3046 3208 3349 3276 probemus,
3366 3208 3635 3263 Christum

2064 3315 2254 3370 nempe
2282 3314 2403 3355 esse
2442 3300 2530 3370 qui
2560 3300 2729 3369 legem
2757 3299 2921 3355 dedit.
2962 3299 3231 3369 Qnisergo
3258 3300 3370 3354 hzec
3390 3300 3560 3353 dixit?
3590 3300 3636 3355 ls

2062 3395 2151 3462 qui
2185 3394 2297 3448 lucc
2340 3393 2503 3462 probe
2534 3393 2735 3446 sciebat
2760 3400 2814 3446 et
2840 3407 2974 3446 nova
3001 3403 3054 3446 et
3079 3402 3278 3456 vetera,
3306 3393 3518 3457 Paulus,
3549 3409 3636 3446 or-

2063 3489 2144 3544 bis
2168 3489 2352 3543 doctor
2375 3507 2386 3541 :
2411 3487 2700 3542 Corinthiis
2723 3502 2951 3556 namque
2970 3487 3230 3551 scribens,
3257 3486 3333 3540 sic
3359 3487 3591 3555 loquitur
3618 3502 3632 3538 :

2064 3579 2204 3634 Nolo
2233 3590 2400 3633 autent
2441 3596 2531 3655 vos.
2568 3580 2819 3649 ignorare,
2865 3583 3068 3649 fratres,
3112 3579 3230 3648 quia
3271 3588 3435 3647 patres
3478 3580 3636 3632 nostri

2063 3688 2231 3725 omnes
2271 3671 2360 3724 sub
2401 3670 2529 3724 nube
2554 3672 2789 3738 fuerunt,
2820 3681 2865 3723 et
2889 3686 3059 3724 omnes
3100 3687 3187 3739 per
3219 3687 3357 3724 mare
3404 3668 3635 3723 Rubrum

2064 3762 2389 3824 transierunt,
2424 3771 2471 3815 et
2492 3777 2661 3815 attines
2685 3762 2738 3814 in
2761 3759 2939 3831 Moyse
2963 3761 3199 3831 baptismi
3222 3771 3335 3812 sunt
3361 3760 3412 3813 in
3443 3762 3572 3813 nube
3591 3772 3635 3812 rt

2063 3852 2113 3905 in
2141 3853 2285 3918 mari,
2315 3861 2361 3905 et
2383 3869 2552 3905 omnes
2569 3852 2793 3905 eumdem
2818 3853 2981 3905 cibum
3015 3852 3332 3918 spiritualem
3360 3856 3638 3903 mandaru-

2062 3953 2235 3998 oerunt
2259 3945 2276 4013 (
2306 3947 2352 3999 l.
2373 3942 2490 3999 Cor.
2516 3943 2600 3998 lO.
2626 3944 2721 3997 1-3
2746 3942 2789 4014 ),
2811 3943 2878 3997 de
2905 3959 3094 3996 manna
3118 3942 3366 4010 loquens,
3393 3954 3439 3996 et
3466 3960 3636 3996 outnes

2062 4036 2290 4090 eumdem
2340 4044 2511 4106 potum
2550 4035 2862 4108 spiritualcm
2916 4033 3160 4097 biberunt,
3211 4050 3402 4102 aquam
3452 4034 3637 4089 dicens

2066 4128 2232 4191 illam,
2256 4142 2375 4197 qua:
2395 4142 2424 4181 e
2447 4136 2592 4196 petra
2616 4126 2786 4180 ﬂuxit.
2808 4124 3007 4179 Deinde
3025 4136 3304 4195 postquam
3330 4127 3639 4181 05tcndeiat

2063 4217 2334 4272 Christum
2366 4216 2479 4271 haec
2509 4216 2772 4270 mirabilia
2802 4215 2988 4271 fecisse
3010 4255 3024 4279 ,
3052 4216 3324 4283 subjnnxit
3355 4233 3367 4268 :
3398 4216 3637 4269 Bibrbaut

2065 4310 2194 4363 enim
2227 4324 2290 4363 ex
2324 4308 2576 4378 spirituali
2601 4318 2928 4377 consequente
2963 4321 3049 4360 eos
3089 4315 3227 4371 petra
3248 4320 3267 4359 :
3290 4316 3429 4375 petra
3472 4321 3636 4360 autem

2065 4410 2169 4454 erat
2197 4400 2425 4455 Christus
2453 4400 2473 4467 (
2500 4396 2637 4454 Ibid.
2672 4416 2721 4452 υ.
2753 4400 2786 4453 4
2812 4397 2853 4470 ).
2883 4398 2946 4452 Ει
2971 4397 3092 4468 jure
3121 4407 3267 4450 certe
3303 4413 3317 4449 :
3353 4414 3455 4451 non
3495 4400 3636 4452 enim

2066 4501 2230 4560 petrae
2260 4501 2444 4544 natura
2475 4490 2748 4545 emittebat
2787 4505 2979 4559 aquam
3030 4498 3083 4544 et
3122 4489 3308 4543 ﬂuvius
3364 4490 3503 4548 illus.
3542 4491 3635 4544 sel

2066 4580 2261 4636 Christi
2288 4582 2527 4649 0p;-ratio
2556 4580 2780 4649 lapidem
2830 4581 3138 4651 percutiens
3190 4579 3364 4634 fontes
3392 4580 3639 4633 emittere

2067 4675 2262 4743 coegit.
2294 4674 2416 4729 Ideo
2474 4674 2634 4727 etiam
2683 4674 3010 4743 spiritualem
3066 4682 3269 4742 petram
3322 4674 3548 4735 vocavit,
3583 4684 3636 4727 ct

2069 4764 2212 4833 ipsos
2255 4775 2530 4833 sequutum
2562 4779 2683 4818 esse
2709 4764 2881 4817 dixit:
2921 4764 3133 4817 sensilis
3163 4779 3291 4818 vero
3340 4773 3484 4831 petra
3532 4780 3634 4817 non

2067 4855 2327 4922 sequitur,
2359 4853 2450 4907 sed
2481 4854 2531 4907 in
2560 4854 2678 4907 loco
2704 4868 2808 4907 uno
2836 4853 3041 4907 stabilis
3066 4862 3147 4907 est
3181 4869 3193 4904 :
3224 4853 3317 4907 sed
3339 4856 3507 4908 virtus
3527 4857 3634 4915 illa,

2068 4960 2184 5014 qure
2216 4946 2405 5014 ubique
2431 4944 2581 4998 adest
2620 4954 2672 4999 et
2699 4946 2877 4998 omnia
2900 4952 3067 5008 creat,
3104 4945 3214 5012 ipsa
3243 4957 3444 5012 petram
3478 4948 3642 5013 rupit.

2068 5034 2217 5103 Quod
2244 5036 2288 5089 si
2318 5035 2431 5089 haec
2457 5035 2618 5090 verba
2650 5051 2756 5089 non
2779 5035 2911 5089 ferat
2936 5034 3170 5097 Judtnus,
3201 5050 3298 5103 age
3325 5038 3435 5089 suis
3465 5038 3632 5105 ipsttttl

2069 5127 2231 5181 armis
2249 5127 2540 5194 capiamus,
2574 5126 2793 5182 nihilex
2819 5127 3003 5194 Paulo,
3029 5127 3187 5181 Petro
3210 5136 3263 5181 et
3290 5128 3516 5191 Joanne,
3539 5131 3630 5184 sed

2069 5233 2131 5271 ex
2159 5215 2431 5287 prophetis
2458 5232 2577 5270 cum
2614 5217 2713 5271 illo
2763 5216 3114 5285 diSputantes,
3148 5229 3205 5273 ut
3252 5219 3419 5275 discat
3458 5221 3636 5276 literas

2070 5323 2233 5378 penes
2257 5308 2423 5368 illum.
2454 5322 2608 5363 sensa
2636 5322 2762 5362 vero
2789 5323 2953 5378 penes
2978 5323 3074 5363 nos
3102 5325 3241 5365 esse.

2140 5400 2192 5450 5.
2221 5398 2349 5462 Quis
2392 5412 2520 5467 ergo
2564 5398 2942 5468 prophetarum
2993 5399 3105 5455 ha-c
3143 5400 3307 5467 dicit,
3338 5403 3478 5473 quod
3526 5405 3637 5473 ipse

2070 5497 2220 5541 vrtus
2243 5487 2644 5543 Testamentqu
2674 5489 2919 5545 dederit?
2945 5490 3205 5547 Jeremias
3234 5493 3324 5562 qui
3352 5510 3419 5548 ex
3450 5506 3631 5552 ventre

2067 5581 2425 5634 sanetilicatus
2468 5588 2581 5647 est,
2624 5582 2711 5652 qui
2761 5582 2813 5637 in
2859 5592 3136 5652 juventute
3182 5585 3393 5640 claruit.
3442 5584 3540 5642 Uhi
3588 5598 3643 5642 et

2068 5673 2371 5744 quomodo?
2399 5673 2533 5730 Audi
2565 5675 2722 5731 verba
2760 5676 2897 5747 ejus,
2929 5685 2982 5734 et
3010 5692 3077 5734 ex
3106 5677 3261 5735 dictis
3289 5678 3432 5734 clare
3468 5679 3633 5737 disce.
