4092 6206
434 235 541 292 5%7

438 350 699 415 Qutettam
761 347 919 420 igitur
983 357 1110 403 sunt
1162 344 1358 401 verba?
1415 340 1552 396 Ecce
1603 340 1711 396 dies
1773 340 2019 404 veniunt,

440 437 563 493 dicit
610 437 879 495 Dominus.
910 439 992 495 Ab
1020 439 1173 493 initio
1201 437 1386 493 statim
1428 433 1729 490 auditorem
1757 431 1935 501 erigit.
1966 438 2020 483 et

441 529 769 585 audientium
799 543 1016 587 sensum
1060 530 1277 595 excitat,
1309 526 1601 584 ostendens
1627 539 1733 580 nou
1774 538 1869 579 sua
1900 537 2022 577 esse

444 625 626 690 verba,
645 625 738 680 sed
764 640 825 682 se
853 624 1112 679 mittentis
1128 624 1256 677 θεῖ.
1282 622 1414 677 Ecce
1438 621 1546 675 dies
1565 619 1789 675 veniunt.
1819 615 2022 671 Deinde

443 718 709 789 signiﬁcat
731 734 792 772 se
821 717 890 773 de
934 718 1125 772 futuris
1158 716 1317 771 rebus
1359 713 1528 785 loqui.
1558 710 1841 779 Quomodo
1868 723 2018 779 ergo,

444 814 493 864 si
545 810 612 865 de
669 809 863 864 futuris
907 808 1182 879 loquitur,
1217 807 1382 863 Vetus
1444 805 1848 861 Testamentum
1909 802 2026 868 ipse

447 900 638 956 dedit?
678 900 942 970 Exspecta
999 906 1056 953 et
1101 915 1169 953 ne
1225 897 1459 952 turberis
1512 907 1743 965 tuncque
1788 892 2029 948 veritatis

448 994 790 1065 splendores:
841 992 1071 1048 videbis.
1120 991 1253 1048 Cum
1310 991 1454 1047 enim
1510 988 1629 1045 haec
1674 985 2024 1054 dicebantur,

450 1088 533 1142 lc;
561 1086 680 1140 data
711 1094 825 1141 erat
862 1094 919 1139 et
959 1085 1152 1139 violata
1183 1082 1378 1149 fuerat,
1400 1081 1606 1137 Novum
1658 1095 1787 1135 vero
1835 1079 2027 1134 Testa-

448 1189 688 1233 mentum
737 1176 996 1233 nondum.
1028 1176 1123 1231 llis
1167 1191 1296 1247 ergo
1348 1176 1491 1231 clare
1522 1175 1574 1228 in
1621 1182 1800 1227 mente
1849 1180 2026 1224 vestra

448 1272 747 1342 depositis.
807 1272 1133 1327 solutionem
1195 1270 1423 1339 accipite
1471 1266 1841 1322 difﬁcultatum
1895 1276 2028 1333 quas

451 1363 606 1418 multi
650 1362 932 1432 objiciunt.
988 1361 1119 1416 Ecce
1158 1360 1265 1414 dies
1304 1360 1542 1424 ueniunt,
1594 1357 1717 1411 dicit
1756 1355 2029 1420 Dominus,

453 1468 692 1525 prteseus
740 1461 950 1523 tempus
992 1453 1320 1525 significans,
1371 1462 1418 1506 et
1454 1452 1723 1520 disponam
1767 1448 1904 1503 vobis
1954 1455 2030 1501 te-

450 1558 754 1603 stamentum
796 1562 996 1612 novum,
1042 1562 1144 1601 non
1182 1543 1459 1599 secundum
1497 1553 1850 1599 testamentum
1898 1541 2033 1610 quod

452 1639 681 1709 disposui
720 1638 949 1707 patribus
986 1638 1163 1692 vestris
1209 1637 1356 1707 (ler.
1398 1638 1486 1691 3i.
1528 1636 1620 1690 5i.
1673 1635 1742 1689 32
1770 1635 1808 1705 ).
1864 1634 2036 1689 luter-

454 1742 587 1802 mgo
637 1730 923 1792 Juda'um.
974 1731 1243 1800 interrogo
1291 1729 1560 1783 inﬁrmum
1610 1726 1852 1791 fratrem,
1907 1724 2039 1793 Quis

452 1839 651 1878 mvum
702 1823 852 1877 dedit
893 1822 1336 1877 Testamentum?
1365 1820 1555 1875 Procul
1614 1819 1778 1875 dubio
1814 1830 2040 1889 respon-

450 1916 660 1970 debunt
688 1916 871 1983 ambo,
902 1915 1043 1983 quod
1070 1914 1319 1971 Christus
1344 1914 1572 1969 dederit.
1600 1913 1743 1984 Ergo
1776 1912 1863 1968 hic
1888 1920 2038 1967 vetus

448 2011 616 2064 etiam
664 2009 835 2066 dedit.
894 2009 1028 2065 Nam
1070 2009 1161 2080 qui
1217 2009 1395 2073 dixit,
1443 2008 1727 2078 Disponam
1774 2016 2043 2061 testamen-

456 2112 563 2155 tum
590 2115 793 2167 norum,
820 2117 924 2155 non
949 2102 1225 2156 secundum
1255 2108 1604 2153 testamentum
1632 2099 1768 2168 quod
1792 2096 2038 2167 disposui,

454 2196 692 2253 ostendit
720 2208 781 2252 se
805 2196 966 2252 etiam
1012 2195 1141 2250 illud
1178 2194 1391 2249 dedisse
1421 2212 1435 2248 :
1463 2206 1592 2264 ergo
1631 2193 1907 2264 utriusque
1939 2188 2045 2248 Te-

457 2291 708 2344 stamenti
740 2306 876 2345 unus
899 2289 1176 2360 logislator
1195 2296 1296 2343 est.
1333 2288 1397 2341 Et
1421 2286 1780 2357 quandouam,
1816 2298 1999 2356 quaeso
2026 2326 2042 2351 ,

458 2391 615 2436 vetus
643 2380 1042 2437 Testamentum
1068 2378 1369 2448 disposuit?
1403 2376 1471 2431 In
1507 2378 1590 2431 die
1628 2392 1728 2446 qua
1768 2392 1922 2430 manu
1948 2393 2046 2445 ap-

461 2472 709 2543 prehendi
725 2486 831 2535 eos,
853 2480 910 2525 ut
935 2471 1199 2524 educerem
1219 2469 1338 2523 illos
1358 2470 1420 2523 de
1440 2478 1574 2522 terra
1595 2466 1814 2539 Αἴθῃ)ιὶ
1836 2464 2043 2538 (Ibid).

463 2565 599 2621 Vide
647 2564 921 2635 quomodo
961 2571 1019 2618 et
1056 2562 1363 2617 facilitatem
1399 2558 1634 2616 ostendit
1680 2560 1963 2626 educendi,
1995 2568 2051 2615 ct

461 2654 807 2711 dilectionem
846 2665 1020 2718 suam,
1048 2652 1425 2708 eteduetionis
1468 2652 1835 2717 securitatem,
1880 2649 2050 2723 quod-

464 2758 572 2818 que
603 2746 796 2816 ipsein
827 2740 1060 2816 Egyptc
1110 2745 1279 2802 smnia
1325 2744 1578 2799 miracula
1618 2750 1874 2813 patraret.
1912 2741 2047 2799 Cum

465 2838 612 2892 enim
636 2837 782 2903 dicit,
816 2836 1030 2891 Menum
1050 2848 1220 2891 eorum
1248 2836 1581 2907 apprehendi,
1606 2844 1661 2888 ut
1680 2835 1942 2890 educerem
1967 2850 2052 2889 eos

468 2930 536 2984 de
567 2938 705 2984 terra
729 2924 970 3001 AEgypti,
1012 2927 1269 2983 miracula
1310 2926 1488 2982 omnia
1537 2927 1800 2998 signiﬁcat
1831 2945 1845 2983 :
1877 2926 2051 2983 exitus

467 3020 613 3077 enim
644 3019 734 3077 ille
778 3034 877 3092 per
914 3019 1005 3076 illa
1041 3018 1304 3090 stupenda
1348 3019 1603 3075 miracula
1635 3018 1809 3076 Laetus
1852 3027 1954 3075 est.
1984 3016 2053 3073 Et

466 3112 570 3183 ipsi
596 3128 699 3168 non
737 3120 1120 3183 permatan
1162 3112 1219 3166 in
1263 3120 1558 3167 testamento
1591 3128 1703 3167 meo
1729 3128 1748 3178 ;
1773 3120 1824 3168 et
1848 3128 1939 3183 ego
1967 3129 2055 3169 ns-

469 3203 608 3274 gteatl
635 3216 741 3270 eos,
779 3202 904 3258 dicit
939 3203 1191 3258 Dominus
1216 3201 1430 3274 (Ibid).
1473 3201 1627 3269 Quod
1649 3203 1809 3274 igitur
1838 3204 1963 3260 nari
1999 3213 2057 3261 et

470 3294 671 3352 πιστὴ
693 3294 1023 3352 Testameuti
1057 3308 1197 3350 unus
1224 3295 1296 3351 sit
1340 3294 1648 3365 legislator,
1681 3294 1807 3351 hinc
1833 3293 2057 3352 manife-

470 3398 613 3445 stum
656 3398 759 3444 est.
807 3387 903 3443 llic
944 3397 1073 3442 vero
1103 3386 1295 3458 siquis
1320 3386 1518 3442 dictum
1544 3395 1799 3443 accurate
1844 3386 2055 3459 prospi-

470 3482 597 3542 ciat,
639 3479 839 3534 videbit
880 3479 1054 3549 ipsum
1092 3492 1199 3533 non
1240 3478 1449 3533 modica
1492 3478 1808 3535 difficultate
1835 3479 2055 3550 plenum

472 3587 613 3630 esse.
643 3573 777 3630 Nam
811 3584 935 3629 cum
959 3585 1177 3629 causam
1219 3572 1368 3637 dicit,
1396 3574 1467 3628 ob
1495 3587 1655 3645 quam
1685 3573 1828 3629 aliud
1864 3573 2056 3630 Testa-

472 3673 712 3721 mentum
740 3664 960 3720 daturus
984 3672 1088 3729 est,
1132 3676 1329 3719 novum
1357 3663 1485 3719 illud
1530 3673 1703 3727 vocat,
1732 3663 1785 3718 id
1811 3673 1910 3729 cst,
1940 3672 2057 3720 stu-

472 3756 706 3827 pendum
734 3774 748 3812 :
778 3771 921 3820 nam,
944 3755 1248 3824 Hispanam.
1268 3755 1457 3825 inquit,
1478 3763 1826 3809 testamentum
1848 3772 2055 3821 novum,

473 3865 577 3904 non
638 3849 914 3904 secundum
962 3856 1315 3903 testamentum
1358 3848 1494 3918 quod
1549 3848 1779 3919 disposui
1828 3849 2058 3920 patribus

472 3956 667 4005 eorum,
712 3941 954 4010 quoniam
997 3940 1097 4009 ipsi
1124 3954 1225 3993 non
1254 3949 1639 4009 penttonserunt
1682 3940 1735 3994 in
1764 3949 2059 3995 testamento

474 4046 628 4096 meo;
669 4039 721 4084 et
753 4045 846 4101 ego
886 4031 1085 4101 neglexi
1128 4044 1248 4096 eos,
1279 4030 1403 4084 dicit
1430 4030 1699 4085 Dominus.
1748 4031 1906 4101 Atqui
1938 4031 2058 4087 ideo

475 4122 596 4175 illos
618 4121 790 4192 puniri
816 4121 1119 4190 oportebat,
1144 4130 1519 4192 extremasque
1552 4135 1737 4191 prunas
1767 4122 2057 4178 intoleran-

474 4211 711 4281 dumque
746 4210 930 4267 subire
970 4212 1312 4282 supplicium,
1359 4211 1501 4282 quod
1545 4218 1668 4281 post
1706 4220 1849 4266 tanta
1896 4212 1948 4268 in
1975 4213 2059 4268 sui

473 4302 702 4374 gratim
732 4301 868 4358 facta
892 4302 1166 4368 miracula,
1187 4312 1241 4357 et
1262 4302 1383 4372 lege
1403 4312 1641 4372 accepta,
1669 4317 1775 4358 non
1805 4305 2060 4361 meliores

474 4394 761 4450 evaserint.
793 4393 991 4450 Verum
1033 4393 1120 4449 hic
1166 4406 1273 4449 non
1320 4408 1504 4464 poenas
1550 4394 1619 4450 ab
1667 4393 1773 4450 illis
1812 4399 2056 4467 espetit;

476 4487 585 4543 imo
615 4496 670 4544 et
695 4486 895 4558 majora
928 4500 1088 4556 quam
1118 4484 1264 4555 prius
1290 4482 1593 4558 pollicetur.
1626 4487 1911 4556 Oportcret
1937 4490 2059 4560 qui-

474 4581 598 4639 dem
625 4580 799 4637 adhuc
829 4576 987 4636 hodie
1016 4578 1176 4650 hujus
1200 4577 1530 4634 difficultatis
1555 4579 1877 4637 solutionem
1900 4580 2060 4637 alier-

476 4686 536 4728 τε
558 4689 577 4738 ;
602 4672 699 4729 sed
734 4671 860 4743 quia
885 4671 953 4726 ad
981 4671 1140 4726 aliam
1167 4682 1282 4725 rem
1306 4686 1405 4726 nos
1433 4686 1614 4727 sermo
1640 4672 1850 4739 invitat,
1884 4683 1933 4728 et
1986 4675 2057 4730 ita

476 4763 730 4818 volumus
757 4776 852 4817 vos
880 4762 1180 4825 instituere.
1210 4770 1268 4816 ut
1294 4772 1407 4817 nea
1434 4761 1586 4817 nobis
1613 4763 1790 4818 omnia
1817 4764 2055 4833 discalis,

478 4853 574 4910 sed
595 4864 651 4910 et
678 4869 710 4909 a
737 4853 887 4909 vobis
909 4854 1037 4925 ipsis
1068 4854 1370 4918 inveniatis,
1403 4854 1504 4910 hoc
1526 4854 1679 4910 vobis
1709 4857 2055 4927 quaerendum

476 4954 533 5000 et
558 4945 936 5001 inveniendum
983 4946 1247 5015 relinquo.
1293 4944 1348 5001 Si
1394 4954 1572 5001 autem
1620 4947 1909 5002 viderimus
1961 4964 2057 5004 vos

479 5036 859 5107 perquisivisse
884 5050 985 5093 nec
1003 5036 1292 5101 invenisse,
1324 5044 1448 5091 tunc
1468 5046 1522 5092 et
1542 5037 1641 5107 ipsi
1665 5051 1855 5093 manus
1880 5039 2055 5107 porri-

477 5143 667 5201 gemus
698 5144 713 5183 :
746 5130 803 5183 ut
830 5140 961 5183 vero
1003 5128 1165 5183 etiam
1204 5127 1411 5185 facilius
1452 5129 1692 5184 invenire
1737 5130 1972 5199 possitis.
2004 5138 2058 5185 et

476 5223 770 5294 apostolica
799 5221 935 5284 loca.
969 5222 1023 5276 in
1049 5222 1201 5292 queis
1230 5222 1459 5277 maxime
1492 5222 1804 5277 thesaurum
1834 5231 1887 5277 et
1909 5222 2055 5278 ditii-

475 5314 691 5371 cultatis
705 5312 866 5383 hujus
886 5312 1206 5367 solutionem
1235 5311 1476 5368 invenire
1500 5321 1602 5379 est,
1624 5312 1735 5383 jam
1757 5315 1905 5367 vobis
1920 5330 2060 5385 prmo

474 5408 705 5462 nuntio:
733 5407 786 5460 in
819 5405 1065 5476 epistolis~
1083 5417 1276 5475 nempe
1310 5404 1378 5459 ad
1403 5404 1698 5470 Romanos,
1732 5404 1798 5459 ad
1839 5404 2055 5462 Galatas

474 5507 530 5553 et
548 5498 615 5553 ad
642 5497 898 5553 Hebraeos
918 5498 1017 5553 hoc
1032 5506 1402 5567 argumentum
1424 5506 1657 5552 tractans
1680 5499 1770 5551 ille
1787 5496 2056 5552 dissolvit.

476 5589 543 5642 Et
571 5585 793 5644 studiosi
824 5589 1018 5659 quique
1053 5595 1326 5658 poterunt,
1346 5587 1600 5657 epistolas
1629 5587 1749 5641 illas
1768 5586 2051 5656 adeuntes,

476 5680 801 5737 solutionem
859 5680 1005 5737 illam
1049 5680 1331 5750 invenire,
1384 5679 1431 5737 si
1483 5680 1891 5752 insequentibus
1943 5682 2056 5744 ὤεα

1186 231 1243 286 5.
1282 225 1562 286 JOANNIR
1595 219 2071 280 Clll‘iYSOSTOMl
2110 220 2429 278 AliClllEP.
2470 221 3003 280 CONSTANTINOP.

3594 229 3700 283 523

2127 334 2247 399 bus,
2295 335 2688 406 intempestivis
2734 339 2967 395 canibus
3009 347 3066 396 et
3104 340 3386 398 inutilibus
3425 342 3711 416 colloquiis

2128 441 2233 480 non
2265 438 2359 483 vos
2383 428 2660 497 dederitis,
2689 432 2787 485 sed
2814 432 3081 488 dictorum
3107 432 3460 491 meditatione
3487 451 3711 505 Operam

2128 522 2321 580 dantes
2345 525 2657 584 thesaurum
2684 530 2999 588 ettoderitls.
3024 532 3138 589 Hoc
3183 534 3397 590 interim
3426 536 3712 594 insolntum

2131 616 2512 687 relinquentes,
2559 622 2624 676 ad
2661 625 2938 694 sequentia
2983 626 3412 697 progrediamur.
3456 630 3717 697 Qumnam

2136 706 2224 761 illa
2264 711 2433 763 sunt?
2483 711 2737 776 Quoniam
2765 716 2862 769 hoc
2884 722 2958 771 est
2982 726 3351 784 testamentum,
3374 722 3512 791 quod
3540 722 3724 791 dispo-

2133 817 2253 854 nam
2286 802 2446 866 vobis,
2474 805 2601 859 dicit
2628 806 2875 862 Dominus
2909 820 2930 862 :
2960 808 3107 863 Dans
3122 809 3256 881 leges
3277 826 3411 866 meas
3459 813 3513 866 in
3555 825 3724 868 mente

2135 906 2330 959 eorum,
2363 903 2407 949 et
2438 897 2493 949 in
2520 898 2675 952 corde
2698 912 2867 953 eorum
2898 899 3179 956 describam
3204 918 3309 957 eas.
3341 903 3408 957 Et
3435 918 3537 959 non
3566 905 3723 960 doce—

2138 985 2259 1039 bunt
2307 990 2647 1060 unusquisque
2674 993 2828 1047 civem
2861 1008 3040 1063 suum,
3072 1005 3120 1049 et
3142 999 3481 1067 unusquisque
3508 1003 3725 1069 fratrem

2134 1089 2304 1145 suum,
2336 1080 2508 1136 dicens
2538 1097 2559 1136 :
2581 1078 2841 1154 Cognosce
2865 1083 3144 1140 Dominum
3174 1103 3194 1141 :
3222 1088 3345 1159 quia
3362 1103 3535 1144 omnes
3561 1092 3724 1146 scient

2136 1184 2217 1223 me
2243 1188 2275 1222 α
2302 1186 2461 1241 part-0
2496 1188 2652 1244 usque
2675 1174 2747 1229 ad
2787 1190 3028 1249 magnum
3055 1192 3227 1233 eorum
3248 1219 3266 1248 ,
3305 1181 3426 1251 quia
3469 1184 3727 1252 propitius

2138 1274 2222 1314 ero
2251 1262 2598 1329 iniquitatibus
2624 1278 2798 1319 eorum
2842 1276 2888 1321 et
2927 1269 3149 1339 peccatis
3194 1282 3389 1336 eorum,
3444 1280 3491 1327 et
3533 1273 3728 1341 iniqui-

2139 1360 2301 1406 tatum
2343 1364 2520 1408 eorum
2552 1366 2653 1410 non
2699 1357 3006 1414 recordabar
3050 1362 3273 1431 amplius
3314 1362 3473 1437 (Jer.
3507 1364 3597 1421 3i.
3630 1366 3726 1423 35.

2139 1444 2208 1499 31
2239 1446 2276 1506 ).
2332 1444 2464 1501 Cum
2512 1448 2739 1504 dixisset
2789 1456 2946 1505 vetus
2993 1451 3393 1510 Testamentum
3434 1457 3577 1526 quod
3623 1457 3727 1515 de-

2139 1533 2253 1603 dit;
2282 1547 2403 1590 euut
2453 1537 2678 1595 dixisset
2723 1553 2919 1596 novum
2964 1544 3107 1614 quod
3150 1543 3372 1601 daturus
3412 1558 3532 1615 est;
3564 1548 3731 1620 hujus

2137 1625 2249 1695 jam
2280 1627 2733 1696 pulchritudinem
2778 1633 3055 1702 describit,
3083 1635 3356 1708 ipsiusque
3384 1639 3731 1697 characteres

2140 1720 2407 1787 ostendit,
2462 1731 2518 1778 et
2571 1723 2796 1795 insignia
2840 1725 3138 1797 frequentia
3182 1731 3422 1801 apponit,
3475 1741 3536 1787 ut
3584 1737 3731 1793 scias

2141 1820 2340 1880 quanta
2367 1812 2436 1867 sit
2465 1813 2763 1871 dill'erentia
2793 1830 2989 1873 novum
3009 1819 3151 1875 inter
3174 1829 3229 1876 et
3253 1832 3445 1889 vetus;
3476 1823 3734 1884 differen-

2141 1903 2239 1968 tia,
2262 1916 2367 1959 non
2386 1908 2762 1976 contrarietas;
2781 1922 2977 1981 quanta
2997 1914 3123 1967 novi
3147 1918 3541 1986 exsuperantia,
3560 1936 3735 1991 quan-

2147 2005 2233 2052 tus
2270 2000 2541 2069 splendor,
2569 2013 2799 2072 quantus
2825 2003 3000 2076 fulgor
3024 2004 3287 2063 donorum
3319 2020 3371 2065 et
3412 2014 3617 2081 gratiae.

2220 2090 2274 2144 4.
2303 2089 2529 2158 Quinam
2559 2107 2689 2164 ergo
2713 2102 2837 2150 sunt
2864 2096 2986 2151 novi
3019 2098 3399 2156 characteres?
3424 2100 3569 2158 Dans
3598 2106 3736 2176 lt’grs

2148 2197 2286 2238 mens
2309 2185 2361 2237 in
2383 2194 2547 2239 mente
2566 2200 2760 2253 eorum,
2799 2196 2847 2241 et
2876 2188 2927 2241 in
2954 2189 3104 2243 corde
3127 2204 3299 2245 eorum
3325 2193 3594 2247 inscribam
3624 2215 3734 2251 eas.

2149 2274 2318 2331 Vetus
2360 2277 2501 2332 enim
2543 2277 2629 2333 lex
2676 2281 2728 2333 in
2769 2279 2965 2336 tabulis
3008 2281 3233 2353 lapideis
3277 2287 3473 2357 scripta
3502 2299 3650 2354 erat;
3680 2301 3739 2344 et

2149 2368 2275 2439 quia
2326 2370 2509 2439 prima!
2557 2372 2754 2427 tabula:
2808 2372 3094 2430 contracta:
3151 2375 3333 2445 fuere,
3365 2379 3496 2435 alias
3546 2399 3738 2440 rursus

2151 2461 2390 2530 paravit;
2423 2470 2621 2518 etcum
2672 2463 2747 2519 ibi
2789 2464 2973 2523 literas
3020 2467 3409 2540 insculpsisset,
3459 2471 3741 2531 desct'ndit

2149 2549 2380 2622 Moyses,
2426 2552 2825 2610 insensibilitati
2866 2557 3239 2630 recipientium
3298 2571 3485 2618 natura
3530 2566 3741 2623 similes

2153 2642 2360 2697 tabulas
2410 2642 2633 2701 bibens.
2693 2646 2898 2703 Novum
2939 2659 3116 2707 autem
3144 2668 3251 2708 non
3293 2652 3364 2709 ita
3398 2671 3546 2711 :nou
3591 2660 3738 2713 enim

2154 2733 2347 2790 tabula:
2374 2736 2650 2806 insculpta:
2680 2736 2914 2806 fuerunt,
2946 2752 3066 2797 cum
3097 2758 3292 2800 novum
3335 2742 3737 2806 Testamentum

2153 2822 2334 2880 datum
2379 2837 2501 2893 est;
2565 2828 2662 2884 sed
2706 2831 2974 2901 quomodo
3031 2840 3085 2889 et
3138 2851 3241 2906 qua
3296 2837 3545 2894 ratione?
3599 2841 3737 2897 Audi

2153 2915 2354 2971 Lucam
2381 2928 2685 2975 narrantem
2715 2940 2728 2975 :
2765 2916 2933 2978 Erant
2952 2942 3125 2981 omnes
3154 2930 3459 2985 unanimiter
3482 2933 3536 2985 in
3564 2932 3740 2989 eodem

2154 3011 2286 3078 loco,
2318 3013 2485 3083 inquit
2513 3031 2525 3067 :
2560 3023 2608 3068 et
2632 3018 2798 3088 factus
2835 3027 2910 3072 est
2938 3028 3143 3089 repente
3168 3022 3232 3075 de
3257 3021 3380 3077 caalo
3415 3041 3569 3080 sonus
3605 3038 3738 3080 tant-

2154 3119 2305 3175 quam
2340 3106 2652 3162 advenientis
2687 3109 2899 3180 spiritus
2945 3110 3247 3168 vehementis
3276 3130 3295 3169 :
3319 3124 3369 3171 et
3394 3130 3743 3188 apparuerunt

2153 3196 2261 3251 illis
2300 3196 2580 3269 dispertitte
2619 3198 2809 3271 tinguat
2837 3210 3092 3273 tamquam
3139 3204 3271 3275 ignis
3292 3222 3313 3261 :
3339 3214 3386 3261 et
3415 3209 3545 3263 sedit
3584 3227 3745 3281 supra

2157 3288 2385 3359 singulos
2410 3302 2620 3357 eorum;
2655 3300 2703 3346 et
2750 3293 2935 3362 repleti
2955 3302 3074 3349 sunt
3115 3308 3289 3352 o‘tnncs
3319 3294 3518 3369 Spiritu
3542 3313 3739 3367 sancto,

2157 3387 2205 3433 et
2242 3390 2500 3449 cteperunt
2522 3382 2661 3452 loqui
2699 3383 2852 3438 variis
2884 3384 3106 3456 linguis,
3133 3399 3283 3458 prout
3328 3386 3552 3461 Spiritus
3589 3393 3744 3449 dabat

2158 3472 2324 3539 eloqui
2349 3473 2453 3528 illis
2496 3474 2517 3544 (
2546 3473 2661 3530 Act.
2690 3473 2745 3529 2.
2777 3470 2878 3531 1-4
2902 3480 2945 3548 ).
2980 3476 3165 3533 \‘iden’
3188 3480 3458 3550 quomodo
3472 3482 3583 3554 jam
3612 3487 3743 3540 olim

2152 3565 2419 3632 Propheta
2450 3569 2553 3623 hoc
2578 3566 2725 3624 clare
2754 3570 3163 3639 praenuntiavit,
3198 3571 3269 3627 ita
3301 3577 3523 3645 loquens
3555 3594 3568 3629 :
3601 3574 3743 3632 Daus

2158 3655 2293 3728 leges
2334 3672 2470 3711 nscas
2513 3658 2568 3712 in
2614 3668 2777 3714 mente
2808 3672 3019 3728 eorum,
3051 3668 3101 3716 et
3138 3662 3193 3716 in
3231 3662 3384 3720 corde
3427 3678 3601 3721 earnm
3658 3669 3743 3722 in-

2156 3748 2375 3803 scribam
2398 3748 2537 3805 illas.
2581 3748 2810 3820 Spiritus
2852 3753 2993 3807 enim
3024 3755 3193 3824 gratia
3222 3772 3250 3810 a
3279 3756 3389 3812 Deo
3416 3758 3539 3814 data
3562 3801 3579 3827 ,
3608 3769 3667 3815 ttt
3693 3763 3741 3816 in

2161 3842 2427 3896 mentibus
2454 3854 2641 3897 eorum
2672 3842 2894 3911 habitet,
2926 3846 3205 3903 columnas
3222 3848 3345 3904 illos
3367 3848 3744 3908 eﬂ'ecitvivctt-

2160 3939 2261 3997 tes,
2304 3940 2360 3989 et
2402 3933 2567 4003 gloria
2614 3944 2847 3991 mentem
2903 3936 3206 4005 adumbrat,
3256 3942 3380 4012 quia
3425 3943 3621 3999 missus
3663 3956 3743 4002 est

2158 4022 2227 4079 ad
2270 4023 2686 4092 prtrdicandum,
2739 4024 2861 4081 Non
2907 4028 2962 4082 in
3008 4030 3257 4101 sapientia
3310 4031 3476 4099 verbi,
3535 4044 3593 4088 ut
3643 4052 3743 4090 non

2158 4126 2422 4172 evacuatur
2448 4132 2576 4173 crux
2600 4117 2830 4186 Christi;
2857 4128 2912 4176 et
2948 4136 3156 4190 rursus,
3189 4120 3418 4179 Stultum
3448 4126 3565 4197 fecit
3608 4126 3745 4185 Deus

2159 4208 2462 4277 sapientiam
2510 4210 2664 4281 hujus
2708 4211 2885 4265 mundi
2918 4210 2995 4281 (l.
3025 4211 3144 4268 Cor.
3195 4214 3250 4270 ί.
3294 4215 3383 4271 17.
3437 4227 3483 4271 et
3528 4217 3662 4291 20);
3691 4232 3746 4276 et

2159 4299 2356 4368 ubique
2403 4310 2615 4354 crucem
2668 4300 2873 4357 circum
2903 4315 3106 4363 versat.
3139 4305 3404 4374 Quoniam
3436 4308 3604 4376 enim,
3660 4314 3743 4365 in-

2160 4390 2292 4461 quit,
2323 4387 2496 4444 Judtci
2528 4390 2673 4462 signa
2709 4399 2921 4460 petunt.
2949 4403 2994 4447 et
3041 4393 3209 4449 Graeci
3257 4399 3557 4466 sapientiam
3601 4419 3745 4471 qua:-

2161 4491 2318 4546 runt;
2364 4498 2456 4536 nos
2508 4492 2677 4536 autem
2724 4484 3061 4552 prmdtcamus
3112 4482 3372 4542 Christum
3417 4493 3742 4560 cruciﬁxum,

2160 4570 2357 4627 luditis
2384 4574 2585 4642 quidem
2629 4574 2947 4643 scandalum,
2980 4576 3210 4647 gentibus
3239 4590 3406 4635 autem
3428 4584 3701 4639 stultitia»:
3724 4603 3745 4655 ε

2160 4666 2284 4732 ipsis
2315 4682 2428 4720 vero
2452 4667 2640 4720 vocatis
2667 4663 2867 4720 Iudaeis
2894 4676 2941 4721 el
2965 4669 3194 4739 gentibus
3220 4670 3478 4727 Christum
3513 4674 3612 4729 Dei
3640 4680 3744 4732 vi.“-

2161 4767 2317 4813 ttttem
2359 4767 2404 4812 et
2440 4756 2535 4813 Dei
2578 4760 3059 4831 sapientiam:quia
3101 4760 3239 4832 quod
3271 4766 3482 4818 stultum
3525 4778 3600 4823 est
3650 4769 3747 4824 Dei

2159 4850 2437 4920 sapientius
2477 4849 2761 4904 hominibus
2809 4858 2918 4912 est;
2957 4859 3005 4904 et
3045 4852 3183 4922 quod
3228 4855 3490 4925 inﬁrmum
3532 4870 3606 4913 est
3650 4860 3746 4915 Dei

2161 4942 2343 5010 fortius
2375 4952 2445 4994 est
2471 4941 2755 4995 hominibus
2794 4939 2897 5013 (Ib.
2923 4958 2971 4996 υ.
3002 4940 3237 5015 22-25);
3289 4947 3509 5002 stultum
3558 4950 3649 5005 Dei
3691 4960 3746 5006 et

2162 5035 2429 5090 infirmum
2460 5036 2551 5090 Dei
2582 5050 2797 5089 crucem
2819 5050 3036 5103 vocans,
3062 5053 3168 5092 non
3190 5040 3311 5109 quia
3331 5041 3549 5097 stultum
3575 5060 3592 5109 3
3624 5060 3743 5098 nam

2160 5131 2287 5201 quid
2335 5130 2437 5184 hoc
2487 5129 2815 5198 Sapientius?
2867 5146 3039 5199 neque
3082 5131 3206 5202 quia
3255 5131 3567 5199 inﬁrmum;
3616 5138 3743 5207 quid

2160 5224 2302 5279 enim
2337 5226 2438 5276 hoc
2482 5220 2717 5276 fortius?
2745 5222 2837 5277 sed
2887 5222 3281 5279 iucredulorum
3322 5228 3631 5296 opinionem
3660 5248 3743 5286 rc-

2161 5312 2359 5379 fereus,
2400 5327 2559 5382 quam
2588 5326 2649 5365 ea
2675 5310 2740 5365 de
2770 5328 2828 5366 re
2867 5310 3184 5368 habuerunt.
3221 5315 3559 5387 Quapropter
3581 5322 3737 5376 etiam

2161 5404 2406 5474 superius
2433 5402 2642 5458 dicebat
2674 5420 2688 5456 :
2723 5402 2907 5458 Sermo
2926 5405 3058 5458 enim
3086 5408 3246 5460 crucis
3267 5410 3589 5476 pereuntibus
3611 5413 3739 5467 stul-

2166 5496 2277 5549 titia
2320 5503 2419 5557 est,
2470 5494 2683 5547 salutent
2735 5495 3145 5565 consequentibus
3186 5495 3284 5552 Dei
3327 5498 3486 5557 virtus
3530 5514 3602 5557 est
3646 5503 3738 5573 (Ι.

2166 5586 2285 5642 Cor.
2311 5588 2364 5642 1.
2395 5587 2505 5657 {8).
2536 5586 2641 5668 Sed
2663 5603 2767 5642 non
2799 5603 2828 5642 a
2855 5590 3208 5659 pereuntibus
3233 5591 3303 5648 de
3352 5596 3515 5652 rebus
3540 5597 3736 5668 judicia

2165 5682 2383 5741 tuenda
2414 5664 2575 5744 sunt";
2608 5679 3037 5754 quandoquidem
3064 5683 3104 5743 ii
3132 5685 3224 5760 qui
3261 5664 3602 5751 infirmantur
3628 5696 3733 5752 mel
