4092 6206
393 219 501 276 529

381 334 574 398 μωρία
594 330 746 390 ἐστὶ.
782 326 906 394 τοῖς
933 324 1003 379 δέ
1027 321 1385 393 σωζομένοις
1416 320 1670 394 δύναμις
1697 313 1845 379 Θὲοῦ
1865 324 2055 380 ἐστιν.

403 418 539 472 Ἀλλ’
563 418 664 472 οὐκ
707 414 816 469 ἀπὸ
841 413 949 467 τῶν
1001 411 1389 482 ἀπολλυμένων
1427 411 1508 465 δεῖ
1534 412 1721 482 φέρειν
1760 411 1876 466 τῶν
1920 429 2060 483 πρα-

391 506 615 576 γμάτων
657 503 757 577 τάς
791 502 1000 573 κρίσεις
1020 518 1034 532 ·
1059 499 1182 553 ἐπεὶ
1213 500 1304 553 καὶ
1330 499 1382 552 οἱ
1411 497 1692 563 νοσοῦντες
1725 499 1788 553 16
1817 499 1939 571 μέλι
1965 518 2060 554 πμ

378 594 521 665 ,χρὸν
555 587 692 647 εἶναι
731 589 1061 661 νομίζωσιν,
1106 586 1259 660 [4001
1292 586 1432 640 ἀλλά
1475 586 1635 640 τοῦτο
1682 589 1783 658 τῆς
1816 588 1972 642 νόσου
1998 588 2061 642 16

391 680 662 751 ἔγκλημα,
695 679 769 732 οὐ
801 677 894 731 τοῦ
937 675 1152 748 μέλιτος
1182 676 1214 745 ή
1254 674 1576 746 κατηγορία.
1609 673 1767 729 Οῦτω
1801 675 1866 747 δὴ
1910 675 2004 732 καὶ
2031 678 2060 731 6

392 766 623 837 σταυρὸς
653 766 834 837 μωρὸν
868 766 1098 836 πρᾶγμα
1128 762 1402 826 δοκεῖτοῖς
1422 762 1622 828 ἔξωθεν
1641 759 1800 828 εἶναι,
1826 763 1939 816 ἀλλ’
1960 764 2060 817 οὐκ

388 858 551 910 ἐστιν.
573 850 704 908 Εἶτα
719 852 1061 913 ἀποδεικνὺς.
1082 852 1162 903 ὅτι
1181 851 1241 903 οὐ
1265 851 1424 921 μόνον
1445 850 1544 903 οὐκ
1560 849 1673 903 ἐστι
1705 849 1906 922 μωρὸν,
1923 849 2059 906 ἀλλά

389 946 482 999 καὶ
502 944 705 1014 σφόδρα
720 941 880 1011 σοφὸν
892 940 952 994 16
966 942 1116 1010 πρᾶγ
1122 957 1213 1010 μα,
1232 938 1350 992 οὐδὲ
1370 938 1527 1008 μόνον
1542 939 1641 991 οὐκ
1660 937 1905 1002 ἀσθενὲς,
1923 937 2058 991 ἀλλά

387 1034 479 1085 καὶ
509 1031 710 1100 σφόδρα
760 1028 998 1100 ἰσχυρὸν,
1029 1028 1362 1096 παραϐάλλει
1394 1025 1462 1079 τά
1491 1026 1550 1090 ἐξ
1583 1025 1746 1079 αὐτοῦ
1774 1025 2055 1096 κατορθώ-

391 1137 534 1191 ματα
561 1119 657 1171 καὶ⁵
683 1119 748 1188 τῇ
778 1116 954 1169 κτίσει
976 1117 1070 1169 καὶ
1102 1118 1168 1185 τῇ
1202 1114 1407 1185 παλαιᾷ
1433 1115 1526 1166 καὶ
1546 1115 1612 1184 τῇ
1644 1112 1842 1178 ἔξωθεν
1872 1113 2052 1184 σοφία·

383 1209 479 1261 καὶ
504 1207 792 1271 δείκνυσιν,
821 1206 903 1259 ὅτι
936 1206 1077 1278 ἆπερ
1105 1205 1229 1258 οὐτε
1265 1206 1299 1274 ἡ
1334 1202 1537 1256 ἔσωθεν
1573 1201 1732 1270 σοφία
1760 1194 1920 1274 εῦρεν
1956 1202 1989 1273 ἢ
2018 1203 2051 1272 η

384 1293 604 1361 ἔξωθεν,
629 1291 752 1347 οὐτε
788 1292 939 1364 παρὰ
966 1293 1065 1364 τῆς
1111 1290 1334 1355 κτίσεως
1375 1289 1578 1362 ἔμαθον
1610 1287 1794 1343 πολλοὶ
1809 1289 1927 1369 τῶν
1956 1290 2052 1343 ἀν-

387 1380 639 1453 θρὼπων.
666 1378 793 1434 οὐτε
823 1379 976 1453 παρά
1020 1380 1120 1451 τῆς
1150 1378 1389 1442 παλαιᾶς
1428 1377 1744 1449 ἐκέρδαναν,
1790 1376 1964 1432 ταῦτα
1991 1377 2053 1431 τὸ

382 1465 570 1522 δοκοῦν
595 1462 912 1521 εἶναιτοῦτο
940 1466 1120 1538 μωρὸν
1146 1468 1242 1520 καὶ
1269 1465 1490 1528 ἀσθενὲς
1514 1464 1722 1535 ἴσχυσε,
1750 1463 1811 1518 τὸ
1837 1464 2048 1530 δοκοῦν,

383 1557 444 1609 οὐ
474 1554 537 1608 16
567 1555 647 1609 ὃν.
679 1555 896 1626 Διόπερ,
921 1554 1060 1624 ἔχων
1088 1552 1187 1625 τὴν
1206 1553 1314 1607 ἀπὸ
1340 1551 1447 1606 τῶν
1477 1551 1816 1623 πραγμάτων
1835 1552 2051 1606 ἀπόδει-

386 1653 486 1717 ξιν,
515 1641 654 1713 μετά
682 1642 882 1713 πολλῆς
898 1641 1187 1695 ἀποδύεται
1204 1640 1305 1711 τῆς
1334 1640 1665 1712 παρῥησίας.
1686 1640 1900 1712 πρῶτον
1916 1639 2056 1694 κατά

382 1730 477 1801 τῆς
498 1729 604 1797 ἔξω
626 1728 839 1798 σοφίας.
861 1728 1052 1797 λέγων,
1072 1728 1195 1782 Ποῦ
1209 1731 1431 1797 σοφόςς
1452 1730 1516 1783 Τί
1535 1730 1672 1795 ἐστι,
1693 1729 1815 1783 Ποῦ
1830 1730 2057 1797 σοφός;

391 1817 605 1870 Ὥσανεὶ
632 1814 817 1885 ἐλεγεν
831 1832 844 1844 ·
864 1815 971 1869 Ποῦ
990 1814 1062 1870 τά
1081 1814 1189 1869 τῶν
1206 1815 1508 1885 φιλοσόφων
1527 1832 1542 1882 ;
1572 1815 1674 1870 ποῦ
1690 1815 1874 1869 τάτῶν
1897 1817 2056 1886 ῥητός

379 1920 519 1974 ρων;
545 1903 647 1958 ποῦ
662 1904 734 1958 τά
750 1905 860 1959 τῶν
886 1904 1183 1971 σοφιστῶν;
1214 1904 1317 1958 ποῦ
1340 1903 1409 1957 τά
1428 1905 1534 1957 τῶν
1556 1904 1909 1977 λογογράφων
1928 1920 1942 1969 ;
1963 1902 2056 1956 οτ-

375 2010 533 2061 χεται
562 1992 740 2050 πάντα
754 1986 847 2048 καὶ
860 1993 1103 2047 ἀπόλωλε
1126 1994 1219 2046 καὶ
1250 1992 1491 2046 ἐκποδὼν
1508 1992 1749 2062 γέγονεν.
1769 1990 1926 2046 Οῦτω
1945 1991 2053 2061 γάρ

378 2082 606 2155 λαμπρά
622 2080 892 2152 γέγονινη
916 2080 1062 2151 νίκη,
1086 2079 1162 2143 ὼς
1180 2079 1314 2151 μηδὲ
1334 2079 1617 2149 φαίνεσθαι
1627 2078 1809 2134 λοιπὸν
1826 2080 1895 2133 τά
1909 2078 2052 2132 ὲκεί-

378 2186 504 2223 νων.
521 2170 622 2222 Διά
641 2167 797 2223 τοῦτο
821 2166 1024 2220 τούτων
1052 2165 1223 2230 οῦτως
1248 2166 1468 2235 ἀφανῶν
1485 2166 1810 2237 γενομένων,
1826 2165 1919 2218 καὶ
1948 2180 2051 2218 κα-

382 2255 558 2325 θάπερ
580 2252 780 2318 κόνεὼς
807 2270 951 2315 τινος
975 2252 1462 2325 ἀναρριπισθείσης
1497 2256 1537 2317 ⁶,
1558 2251 1730 2315 οὕτως
1755 2253 1935 2324 ἐρωτᾷ
1960 2250 2049 2304 καί

380 2357 543 2413 φησι·
574 2341 698 2396 Ποῦ
740 2342 970 2410 σοφός;
1012 2341 1213 2410 Ἐφάνη
1248 2341 1499 2413 σταυρὸς,
1532 2341 1628 2395 καὶ
1662 2339 1839 2394 πάντα
1868 2341 2051 2393 ἐκεῖνα

375 2425 578 2497 ἐλύθη·
614 2427 787 2499 ἧχησε
820 2427 884 2480 τὸ
925 2428 1206 2498 κήρυγμα,
1248 2428 1342 2481 καὶ
1385 2428 1629 2498 ἀράχνης
1674 2425 2049 2495 εὐτελέστερον

377 2514 695 2587 διεσπάσθη.
738 2514 865 2570 Ποῦ
895 2514 1131 2584 σοφός;
1174 2512 1285 2568 Ποῦ
1319 2514 1426 2568 τῶν
1460 2514 1719 2585 ῥημάτων
1754 2516 1784 2567 ὀ
1805 2513 2046 2583 κόμπος;

376 2602 482 2657 ποῦ
514 2603 613 2672 τῆς
649 2602 979 2672 εὐγλωττίας
1019 2601 1079 2654 τὸ
1108 2600 1336 2669 κάλλο;;
1370 2600 1473 2655 ποῦ
1506 2600 1614 2655 τῶν
1635 2600 1983 2671 σοφισμάτων
2011 2602 2044 2671 ἡ

376 2693 650 2763 δεινότης;
684 2689 786 2745 ποῦ
808 2691 915 2745 τῶν
944 2690 1118 2759 λόγων
1143 2692 1176 2762 ἠ
1207 2690 1392 2763 ῥύμης
1422 2689 1525 2745 ποῦ
1556 2691 1590 2762 ἠ
1618 2690 1835 2760 γλῶττα
1862 2692 1896 2762 ἡ
1918 2690 2047 2760 ἡκο-

379 2779 619 2854 νημένης
648 2778 751 2833 ποῦ
779 2780 831 2831 οί
860 2777 1108 2847 σύλλογοι
1132 2778 1227 2832 καὶ
1253 2777 1324 2832 τά
1345 2778 1623 2850 συνέδρια;
1658 2778 1842 2832 Πάντα
1862 2779 2046 2832 ἐκεῖνα

378 2867 664 2938 παρεσύρη
711 2865 804 2921 καὶ
853 2863 1102 2919 ἀπώλετο
1142 2864 1239 2919 καὶ
1277 2865 1540 2937 διεφθάρη
1574 2867 1670 2919 καὶ
1700 2866 1907 2936 οἴχεται
1951 2864 2047 2920 καὶ

376 2955 522 3008 νῶτα
550 2954 739 3008 ἔδωκε.
762 2952 886 3007 Ποῦ
907 2953 1281 3023 γραμματεύς
1298 2968 1316 3015 ;
1335 2952 1443 3006 Ποῦ
1462 2952 1530 3006 τά
1567 2951 1855 3016 Ἰουδαίων,
1881 2953 2043 3024 φησί;

380 3040 644 3098 κάκείνων
689 3042 961 3113 ἐκράτησε
1010 3041 1073 3095 16
1122 3042 1402 3113 κήρυγμα,
1450 3040 1544 3095 καὶ
1596 3039 1847 3112 καθάπερ
1896 3041 2046 3113 ἥλιος

381 3129 538 3185 σκιάν
560 3128 894 3202 ἀπέκρυψεν.
931 3130 997 3183 Ἀ
1025 3129 1134 3201 γὰρ
1163 3129 1261 3183 οὐκ
1285 3128 1500 3199 ἴσχυσεν
1526 3129 1585 3182 ἐν
1608 3128 1846 3199 τοσούτῳ
1869 3129 2045 3200 χρόνῳ

380 3221 409 3275 6
438 3220 598 3291 νόμος
641 3220 698 3272 ἐν
726 3217 870 3272 ἔθνει
900 3218 1001 3282 ἐνὶ,
1032 3216 1206 3270 ταῦτα
1245 3216 1383 3287 μετά
1416 3216 1655 3279 πλείονος
1695 3216 1797 3287 τῆς
1828 3234 2047 3289 περιου-

380 3305 509 3371 σίας
555 3308 585 3359 6
639 3303 868 3377 σταυρὸς
915 3303 1189 3374 πανταχοῦ
1240 3302 1620 3375 κατώρθωσεν,
1671 3304 2046 3376 ἁμαρτήματα

380 3393 567 3456 λύσας,
599 3392 944 3462 δικαιοσύνην
992 3390 1380 3461 χαρισάμενος,
1425 3389 1611 3458 ἁγίους
1661 3390 1789 3454 τοὺς
1836 3390 2047 3463 ἀνθρώ-

380 3495 516 3544 πους
554 3479 990 3541 κατασκευάσας,
1045 3476 1373 3545 θεογνωσίαν
1416 3475 1732 3541 παιδεύσας,
1784 3478 1922 3549 πρὸς
1953 3478 2045 3532 τὸν

378 3568 605 3639 οὐρανὸν
630 3567 1066 3639 χειραγωγησας.
1105 3561 1239 3618 Εἶτα
1262 3564 1423 3618 πάλιν
1453 3564 1614 3635 ἀφεὶς
1642 3564 1713 3618 τὰ
1759 3566 2041 3632 Ἰουδαϊκὰ,

379 3657 473 3710 ἐπὶ
497 3654 566 3709 τά
603 3653 886 3726 Ἑλληνικά
912 3653 1164 3725 ἔρχεται·
1187 3652 1313 3707 Ποῦ
1336 3648 1678 3720 συζητητὴς
1705 3651 1811 3707 τοῦ
1830 3652 2046 3722 αίῶνος

379 3743 627 3806 τούτου;
663 3741 801 3805 Τοὺς
833 3740 1140 3813 αίρετικούς
1180 3738 1415 3794 ἐνταῦθα
1457 3740 1748 3795 αἰνίττεται
1789 3743 1884 3796 καὶ
1915 3743 2044 3797 συλ-

379 3829 740 3896 λογιστικῶς,
781 3827 830 3881 οἳ
860 3827 966 3899 πρὸ
1013 3827 1112 3899 μὲν
1142 3826 1348 3881 τούτων
1395 3825 1565 3898 ξιφῶν
1598 3823 1739 3901 ἦσαν
1776 3828 2042 3903 ὀξύτεροι,

379 3914 568 3988 ἐπειδὴ
595 3916 652 3970 δέ
674 3917 703 3970 ὀ
732 3915 962 3985 σταυρὸς
999 3913 1194 3986 ἐφάνη.
1227 3914 1400 3985 πηλοῦ
1428 3915 1625 3979 παντὸς
1657 3916 2045 3990 ἀσθενέστερον

377 4001 729 4073 διεκόπησαν.
777 3991 922 4069 Οὐχὶ
953 3998 1255 4069 ἐμώρανεν
1281 4003 1315 4053 ό
1346 4000 1490 4066 Θεὸς
1524 4000 1639 4068 τὴν
1674 4004 1901 4072 σοφίαν
1936 4005 2043 4060 τοῦ

380 4088 615 4157 κόσμου
644 4088 895 4152 τούτους
929 4086 1098 4142 Πάλιν
1126 4086 1264 4159 πρὸς
1316 4086 1414 4158 τὴν
1450 4087 1764 4161 Ἑλληνικὴν
1811 4091 2039 4145 ἁποδύε-
2082 4132 2087 4139 .

378 4191 489 4229 ται.
515 4175 580 4228 Τί
611 4175 780 4240 ἐστιν,
816 4173 1182 4245 Ἐμώριινεν;
1214 4174 1419 4246 Μωράν
1441 4170 1605 4228 οὖσαν
1634 4177 1914 4248 ἀπέφηνεν
1932 4197 1948 4212 ·
1975 4175 2043 4252 ἦν

382 4262 482 4333 μὲν
509 4263 636 4334 γάρ.
682 4261 792 4317 Καὶ
839 4261 1038 4317 αὐτῶν
1072 4262 1173 4317 καὶ
1200 4260 1319 4316 τῶν
1364 4260 1665 4331 ἁμαρτιῶν
1700 4264 1898 4319 αὐτῶν
1942 4268 2042 4322 καὶ
2074 4288 2083 4295 κ

378 4347 500 4404 τῶν
526 4349 788 4421 ἀνομιῶν
818 4351 1018 4405 αὐτῶν
1047 4351 1118 4405 οὐ
1140 4349 1228 4420 μὴ
1262 4349 1514 4420 μνησθῶ
1547 4351 1653 4407 ἔτι.
1709 4352 1849 4406 Ἀλλ’
1885 4357 1914 4409 6
1944 4356 2042 4426 μὲν

379 4442 666 4510 προφήτης
687 4439 786 4509 τῆς
808 4438 1048 4500 Παλαιᾶς
1071 4437 1168 4507 τὴν
1186 4436 1526 4508 ,φαιδρότητα
1544 4439 1578 4508 ἠ
1587 4440 1677 4508 μίν
1702 4439 2007 4513 ὑπογράφει
2027 4463 2041 4477 ·
2078 4441 2083 4449 ’

379 4529 410 4581 6
433 4528 489 4580 δὲ
510 4526 825 4590 ἀπόστολος,
854 4523 1041 4595 ἐπειδὴ
1073 4524 1211 4594 πρὸς
1249 4522 1529 4588 Ἰουδαίους
1545 4525 1800 4596 ἐμάχετο,
1832 4532 2047 4602 παράλ-

378 4616 515 4686 ληλα
545 4617 782 4689 ἑκάτερα
818 4614 1064 4686 τίθησιν·
1094 4613 1206 4669 ἀνω
1247 4612 1346 4684 μὲν
1378 4613 1567 4679 εἰπὼν,
1600 4618 1721 4670 Οὐκ
1753 4616 1825 4672 έν
1857 4621 2045 4686 πλαξὶ

379 4705 657 4769 λιθίναις,
679 4703 816 4758 ἀλλ’
846 4703 917 4757 ἐν
952 4700 1139 4765 πλαξὶ
1171 4699 1419 4768 καρδίας
1438 4701 1784 4770 σαρκίναις·
1812 4706 2047 4764 ἐνταῦθα

379 4790 457 4853 δέ,
489 4792 571 4844 Οὐ
604 4789 958 4861 γράμματος,
991 4789 1153 4844 ἀλλὰ
1179 4789 1518 4858 πνεύματος
1540 4805 1554 4819 ·
1587 4787 1653 4842 τὸ
1677 4790 1789 4860 γὰρ
1809 4794 2044 4866 γράμμα

378 4877 736 4944 ἀποκτείνει,
767 4878 834 4930 τὸ
865 4877 934 4931 δέ
959 4876 1195 4946 πνεῦμα
1233 4874 1510 4937 ζωοποιεῖ.

453 4964 515 5018 ε’.
565 4964 654 5019 Ἐν
693 4963 943 5035 σαϐϐάτῳ
980 4964 1225 5029 συνέλεξέ
1270 4982 1355 5027 τις
1399 4963 1566 5032 ξύλα,
1615 4967 1711 5021 καὶ
1761 4968 2037 5045 ἐλιθάσθη.

439 5051 462 5074 ⁸
482 5051 613 5103 Dele
635 5050 716 5100 καί
741 5056 858 5103 ante
876 5053 1101 5116 καθάπερ,
1120 5058 1203 5119 aut
1220 5052 1302 5103 hic
1322 5053 1438 5114 lege
1462 5053 1899 5118 ἀναρῥιπισθέντων.

1087 208 1148 265 S.
1180 206 1469 266 JOANNIS
1502 205 1995 267 CHRYSOSTOMI
2028 209 2354 269 ARCIIIEP.
2395 209 2942 272 CONSTANTINOP.

3723 225 3839 281 53-0

2164 323 2317 390 Είδες
2347 329 2466 392 πῶς
2511 327 2573 382 16
2615 329 2848 400 γράμμα
2880 330 3224 396 ἀποκτείνει,
3268 340 3578 403 τουτέστιν,
3611 340 3639 393 6
3670 340 3845 411 νόμος

2161 414 2416 479 ἐκόλαζες
2447 415 2584 486 μάθε
2619 416 2736 480 πῶς
2767 416 2830 470 16
2857 416 3071 489 πνεῦμα
3094 418 3367 483 ζωοποιεῖ.
3398 425 3721 497 Είσέρχεταί
3745 446 3841 494 τις

2165 502 2375 572 μυρίων
2395 502 2582 573 γέμων
2609 504 2813 571 κακῶν,
2842 506 3177 576 ήταιρηκὼς,
3205 508 3479 580 ἀρπάσας,
3509 511 3837 588 πλεονεκτή-

2165 602 2286 650 σας,
2322 587 2637 658 μοιχεύσας,
2675 591 2854 644 πᾶσαν
2881 590 3125 646 ἐπελθὼν
3158 594 3375 653 κακίαν.
3405 598 3699 669 νεκρωθεὶς
3726 603 3836 674 ἢδη

2157 677 2224 746 τῇ
2257 676 2502 748 ἁμαρτίᾳ
2520 694 2535 707 ·
2563 677 2828 749 λαμϐάνει
2849 679 3009 734 αὐτὸν
3039 682 3072 750 η
3094 680 3186 734 τοῦ
3216 682 3534 754 Πνεύματος
3566 689 3726 757 χάρις
3752 693 3839 755 είς

2156 762 2257 834 τὴν
2286 762 2691 836 κολυμϐήθραν,
2727 766 2822 820 καὶ
2853 766 2945 819 τὸν
2988 768 3321 838 ἡταιρηκότα
3342 771 3457 824 υίδν
3492 773 3628 827 Θεοῦ
3657 792 3837 830 κατα-

2161 849 2436 915 σκευάζει,
2464 854 2561 904 καὶ
2589 852 2681 905 τὸν
2711 854 3052 925 νεκρωθέντα
3076 857 3196 918 ταῖς
3226 857 3525 929 ἁμαρτίαις
3553 861 3837 930 ζωογονεῖ.

2157 936 2325 991 Τοῦτό
2359 939 2495 1002 ἐστι,
2537 938 2605 992 Τὸ
2633 934 2702 991 δὲ
2723 939 2962 1009 πνεῦμα
2993 938 3279 1001 ζωοποιεῖ.
3310 944 3431 1009 Πῶς
3457 946 3515 999 δὲ
3540 948 3838 1012 ζωοποιεῖς

2159 1021 2311 1094 [401]
2337 1025 2451 1078 Οὐκ
2478 1027 2726 1079 ἀπαιτῶν
2752 1027 2983 1091 εὐθύνας
3013 1026 3125 1081 τῶν
3160 1028 3646 1102 πλημμελημάτων
3687 1039 3841 1091 κατά

2156 1111 2217 1164 16
2243 1111 2338 1164 τοῦ
2369 1114 2648 1184 προφήτου
2666 1129 2681 1144 ⁸
2707 1114 2904 1180 Ἵλεως
2933 1114 3147 1185 ἔσομαι
3169 1115 3298 1183 ταῖς
3328 1117 3587 1185 ἀδικίαις
3606 1123 3839 1191 αὐτῶν,

2155 1197 2255 1251 καὶ
2282 1197 2402 1252 τῶν
2430 1198 2729 1268 ἁμαρτιῶν
2758 1200 2956 1255 αὐτῶν
2982 1202 3079 1256 καὶ
3110 1202 3229 1256 τῶν
3246 1204 3509 1273 ἀνομιῶν
3529 1209 3728 1264 αὐτῶν
3753 1213 3840 1265 οὐ

2151 1284 2236 1354 μὴ
2269 1286 2523 1355 μνησθῶ
2563 1288 2670 1343 ἐτι.
2715 1287 3021 1361 Ἐρώτησον
3064 1289 3226 1344 πάλιν
3270 1291 3360 1345 16v
3400 1294 3668 1360 Ἰουδαῖον,
3720 1298 3840 1352 ποῦ

2151 1371 2311 1426 τοῦτο
2332 1373 2555 1442 γέγονεν
2574 1375 2633 1427 ἐν
2659 1373 2737 1445 τῷ
2763 1374 2943 1446 νόμως
2975 1376 3115 1430 Ἀλλ’
3145 1377 3244 1431 οὐκ
3268 1378 3334 1432 ἂν
3365 1378 3483 1450 ἔχοι
3506 1381 3693 1447 δεῖξαι.
3716 1386 3840 1439 Καὶ

2152 1459 2262 1530 γὰρ
2285 1461 2379 1514 καὶ
2404 1461 2433 1513 ὁ
2454 1460 2525 1514 τὰ
2551 1460 2683 1527 ξύλα
2708 1462 2964 1529 συλλέξας
2987 1464 3288 1530 ἐλιθάζετο,
3320 1468 3461 1539 καὶὴ
3488 1472 3752 1542 πορνεύου
3763 1491 3839 1527 αα

2154 1548 2493 1614 κατεκαίετο,
2522 1550 2615 1602 καὶ
2632 1550 2874 1620 Μωῦσῆς
2902 1552 2989 1607 διά
3024 1552 3155 1623 μίαν
3179 1554 3454 1626 ἁμαρτίαν
3482 1560 3582 1628 τῆς
3601 1557 3711 1627 γῆς
3724 1561 3838 1629 τῆς

2157 1633 2486 1702 ἐπαγγελίας
2510 1635 2784 1699 ἐξέπεσεν·
2812 1638 2904 1691 ἐπὶ.
2934 1638 2991 1692 δὲ
3021 1638 3122 1709 τῆς
3145 1641 3366 1712 χάριτος
3389 1643 3445 1695 οἱ
3465 1645 3631 1714 μυρία
3656 1649 3837 1717 ἐργα-

2157 1720 2380 1790 σάμενοι
2400 1721 2571 1787 δεινὰ,
2591 1721 2687 1776 τοῦ
2716 1724 3091 1796 βαπτίσματος
3109 1727 3475 1793 ἀπολαύοντες
3497 1729 3838 1800 ζωογονοῦν-

2153 1824 2265 1869 ται,
2307 1809 2399 1862 καὶ
2430 1808 2686 1880 οὐδεμίαν
2714 1812 3070 1867 ἀπαιτοῦνται
3096 1814 3252 1886 δίκην
3283 1816 3394 1872 τῶν
3426 1818 3839 1891 πλημμελημάο

2152 1911 2277 1950 των.
2328 1895 2420 1949 Διὸ
2466 1897 2562 1950 καὶ
2599 1898 2629 1951 ὀ
2681 1898 2892 1964 Παῦλος
2934 1900 3118 1971 ἐλεγε-
3152 1902 3250 1972 Μὴ
3296 1904 3643 1962 πλανᾶσθε·
3683 1911 3840 1965 οὔτε

2152 1981 2380 2049 πόρνοι,
2406 1984 2544 2038 οὔτε
2563 1983 2849 2053 μαλακοὶ,
2868 1987 3005 2042 οὔτε
3027 1990 3460 2058 ἀρσενοκοῖται,
3490 1995 3564 2047 οὐ
3596 1996 3841 2063 μοιχοὶ,

2152 2070 2225 2122 οὐ
2253 2069 2522 2135 κλέπται,
2557 2074 2629 2127 οὐ
2650 2073 3025 2135 πλεονέκται.
3050 2078 3122 2130 οὐ
3135 2077 3413 2146 μέθυσοι,
3436 2082 3511 2135 οὐ
3533 2081 3829 2150 λοίδοροι,

2151 2156 2264 2224 οὐχ
2317 2155 2581 2226 ἅρπαγες
2600 2159 2930 2222 ,Βασιλείαν
2955 2160 3105 2216 Θεοῦ
3132 2166 3677 2234 κληρονομήσουσι.
3713 2172 3834 2224 Καὶ

2150 2241 2337 2295 ταῦτά
2365 2261 2523 2311 τινες
2536 2242 2661 2315 ἦτε·
2680 2247 2817 2301 ἀλλ’
2839 2248 3288 2314 ἀπελούσασθε,
3309 2253 3446 2307 ἀλλ’
3469 2254 3829 2325 ἡγιάσθητε,

2149 2327 2287 2382 ἀλλ’
2315 2328 2691 2400 ἐδικαιώθητε
2716 2334 2785 2386 έν
2817 2334 2895 2401 τῷ
2922 2335 3170 2405 ὀνόματι
3196 2337 3303 2391 τοῦ
3333 2341 3554 2408 Κυρίου
3594 2343 3839 2409 Ἰησοῦ,

2149 2415 2247 2469 καὶ
2276 2416 2347 2470 ἐν
2368 2416 2448 2482 τῷ
2475 2420 2767 2489 πνεύματι
2783 2421 2891 2476 τοῦ
2918 2422 3066 2477 Θεοῦ
3092 2423 3282 2491 ἡμῶν.
3302 2421 3453 2490 Εἶδες
3477 2428 3592 2493 πῶς
3613 2429 3831 2502 λάμπει

2146 2506 2208 2558 16
2251 2507 2608 2578 προφητικὸν,
2641 2510 2725 2563 ὅτι
2756 2511 2968 2578 Ἰλεως
3007 2512 3222 2583 ἔσομαι
3269 2515 3398 2583 ταῖς
3426 2517 3682 2586 ἀδικίαις
3713 2526 3835 2578 αὐ-

2147 2589 2303 2656 τῶν;
2334 2592 2451 2657 πῶς
2485 2594 2787 2665 ἀστράπτει
2830 2596 2892 2651 16
2937 2598 3312 2664 ἀποστολικὸν,
3357 2604 3440 2657 ὅτι
3476 2605 3546 2658 Τὸ
3583 2604 3830 2676 πνεῦμα

2148 2676 2443 2745 (mananti;
2478 2679 2666 2737 Βούλει
2712 2683 2903 2754 μαθεῖν
2930 2686 3024 2740 καὶ
3051 2687 3112 2740 16
3153 2687 3361 2761 ἓτερον,
3406 2692 3499 2745 τὸν
3525 2692 3831 2749 ἀπόστολον

2147 2765 2359 2820 Παῦλον
2390 2766 2637 2837 λέγοντα,
2662 2771 2780 2834 πῶς
2805 2773 2864 2825 ἐν
2888 2771 3119 2847 βραχείᾳ
3138 2776 3331 2848 χρόνου
3356 2780 3495 2850 ῥοπῇ
3518 2779 3616 2851 τὴν
3644 2784 3827 2837 οἰκου-

2151 2851 2319 2924 μένην
2374 2855 2665 2926 περιῆλθεν
2713 2857 2965 2926 ἀπασανς
3019 2861 3250 2916 ἀκουσον
3314 2864 3480 2919 αὐτοῦ
3535 2867 3825 2935 λέγοντος·

2148 2940 2325 2994 Ὥστε
2342 2957 2420 3010 με
2443 2942 2563 2997 ἀπὸ
2594 2944 2992 3015 Ἰερουσαλὴμ
3013 2949 3111 3003 καὶ
3129 2950 3307 3019 μέχρι
3340 2952 3447 3007 τοῦ
3475 2954 3825 3026 Ἰλλυρικοῦ

2144 3027 2599 3098 πεπληρωκέναι
2643 3031 2710 3085 τὸ
2740 3032 3104 3104 Εὑαγγέλιον
3123 3054 3138 3070 ·
3185 3038 3280 3092 καὶ
3324 3040 3487 3095 πάλιν
3506 3057 3521 3071 ·
3554 3045 3709 3098 Νυνὶ
3749 3045 3825 3099 δὲ

2144 3111 2351 3179 μηκέτι
2385 3115 2571 3171 τόπον
2594 3116 2754 3185 ἔχων
2778 3118 2850 3171 ἐν
2879 3120 3004 3187 τοῖς
3040 3123 3289 3193 κλίμασι
3318 3129 3573 3195 τούτοις,
3606 3131 3826 3186 ἐπιπομ-

2144 3199 2281 3254 alar
2302 3200 2370 3254 δὲ
2391 3202 2549 3284 ἔχων
2573 3203 2680 3258 τοῦ
2706 3204 2858 3260 ἰδεῖν
2877 3206 3051 3277 ὑμᾶς,
3076 3210 3178 3276 ὡς,
3199 3211 3309 3266 ἐὰν
3328 3216 3706 3286 πορεύσωμαι
3730 3222 3822 3286 εἰς

2143 3286 2263 3375 τὴν
2288 3281 2623 3359 Ἱσπανίαν,
2667 3293 2884 3355 ἐλπίζω
2915 3296 3250 3353 θεάσασθαι
3280 3301 3452 3368 ὑμᾶς,
3492 3281 3616 3359 ea»!
3648 3281 3859 3375 ὑμῶν’

2144 3371 2379 3461 πρῶτον
2409 3375 2527 3430 ἀπὸ
2561 3378 2786 3446 μέρους
2822 3380 3170 3450 ἐμπλησθῶ.
3214 3384 3277 3438 Et
3310 3385 3367 3439 δὲ
3410 3382 3490 3452 εἷς
3521 3371 3829 3461 ἀπόστολος

2142 3459 2200 3511 ἐν
2230 3459 2457 3534 βραχείᾳ
2494 3464 2684 3536 καιροῦ
2724 3468 2864 3538 ῥοπῇ
2903 3466 2965 3521 16
3012 3468 3176 3523 πλέον
3225 3471 3325 3542 τῆς
3358 3474 3683 3549 οἰκουμένης
3736 3459 3819 3536 διξ

2144 3557 2402 3630 έδραμεν,
2434 3562 2686 3632 ἐννόησον
2714 3563 2832 3628 πῶς
2873 3566 2968 3619 καὶ
3000 3566 3149 3621 ἄλλοι
3177 3568 3396 3647 ἃπασαν
3419 3574 3589 3647 αὐτὴν
3620 3579 3821 3652 ἐσαγή-

2143 3668 2359 3707 νευσαν.
2386 3653 2477 3707 Διὸ
2503 3655 2598 3710 καὶ
2623 3655 2776 3726 ἔλεγε
2792 3674 2807 3688 ·
2836 3659 2947 3714 Τοῦ
2963 3661 3333 3733 Εὑαγγελίου
3354 3666 3459 3722 τοῦ
3486 3672 3816 3741 κηρυχθέν-

2144 3759 2246 3809 τος
2360 3745 2530 3815 πὰσῃ
2555 3745 2633 3816 τῇ
2671 3748 2865 3803 κτίσει
2891 3749 2966 3819 τῇ
2993 3752 3113 3807 ὑπὸ
3144 3753 3249 3807 τὸν
3274 3757 3562 3824 οὐρανόν·
3587 3760 3649 3813 16
3680 3780 3820 3833 προ-

2145 3829 2371 3902 φητικὸν
2398 3834 2575 3888 έκεῖνο
2612 3835 2951 3907 ἑρμηνεύων,
2979 3840 3096 3919 ’Ότι
3142 3840 3367 3909 πάντες
3387 3845 3708 3913 είδιὶσουσί
3725 3829 3821 3920 ’με

2143 3925 2261 4013 ἀπὸ
2305 3927 2523 3995 μικροῦ
2565 3928 2677 3996 ἕως
2715 3930 2982 4001 μεγάλου
3027 3934 3243 3991 αὐτῶν.
3289 3938 3429 3992 Ἀλλ’
3466 3941 3550 3994 ὅτι
3590 3943 3692 4013 μὲν
3722 3946 3825 4000 τὸν

2144 4011 2308 4082 νόμον
2353 4014 2383 4066 ὀ
2423 4014 2661 4085 Χριστὸς
2697 4018 2930 4087 ἔδωκεν,
2976 4020 3084 4074 ἀπὸ
3114 4022 3318 4077 τούτων
3363 4026 3552 4097 δῆλον·
3594 4011 3692 4085 καὶ
3733 4034 3820 4088 ὅτι

2150 4107 2448 4176 σφαγέντες
2470 4110 2611 4184 ὑπὲρ
2642 4112 2737 4167 τοῦ
2770 4113 2958 4185 νόμου,
2991 4116 3131 4190 ὐπέρ
3151 4117 3244 4172 τοῦ
3272 4121 3558 4190 νομοθέτου
3592 4126 3652 4179 16
3676 4121 3820 4201 αἷμα

2149 4194 2366 4266 ἐξέχεον
2388 4197 2483 4251 καὶ⁸
2511 4198 2668 4252 τοῦτο
2700 4202 2868 4270 σαφές
2886 4215 2901 4230 ·
2928 4205 3234 4277 παρακαλῶ
3265 4207 3323 4261 δὲ
3347 4208 3531 4265 λοιπὸν
3555 4212 3653 4285 την
3676 4194 3821 4287 ὑμε-

2146 4284 2310 4373 τέραν
2336 4285 2555 4373 ἀγάπην
2570 4287 2719 4373 μετά
2744 4288 2945 4361 πολλῆς
2975 4291 3076 4362 τῆς
3103 4294 3412 4367 προθυμίας
3434 4300 3515 4363 είς
3542 4284 3642 4373 τὴν
3672 4284 3819 4358 παν-

2147 4370 2347 4459 ηγυριν
2385 4371 2727 4443 ἀπαντῆσαι·
2786 4375 3039 4449 καθάπερ
3098 4379 3346 4451 μέλισσαι
3397 4384 3505 4440 τῶν
3570 4370 3821 4459 σίμϐλων

2147 4454 2491 4549 ἐκπηδήσατε
2525 4459 2619 4512 ἐπὶ
2647 4460 2723 4549 τά-
2751 4462 3040 4535 τραύματα
3059 4466 3165 4520 τῶν
3192 4469 3506 4542 μαρτύρων,
3530 4454 3818 4549 ulva-sp:-

2145 4540 2417 4632 πτύξασθε
2460 4545 2640 4600 αὐτῶν
2668 4546 2768 4612 τὰς
2792 4548 3080 4620 βασάνους,
3119 4555 3286 4626 μηδὲν
3310 4540 3448 4629 πρὸς
3474 4560 3536 4612 16
3561 4561 3661 4632 τῆς
3689 4540 3819 4619 ὀδοῦ

2143 4631 2573 4719 κατοκνήσαντες
2603 4634 2797 4705 μῆκος.
2837 4636 2901 4691 Εί
2940 4639 3050 4708 γὰρ
3087 4641 3265 4712 γέρων
3294 4645 3323 4697 ὁ
3356 4631 3679 4719 Ἐλεάζαρος
3708 4670 3818 4704 πυ-

2146 4713 2238 4786 ρὸς
2273 4716 2676 4790 κατετόλμησε,
2710 4722 2805 4776 καὶ
2841 4725 2875 4794 ἡ
2911 4726 3094 4798 μήτηρ
3125 4728 3232 4782 τῶν
3264 4732 3554 4804 μακαρίων
3586 4713 3820 4794 ἐκείνων

2148 4810 2207 4865 ἐν
2249 4811 2461 4883 ἐσχάτῳ
2501 4816 2649 4888 γήρᾳ
2674 4818 2941 4884 τοσαύτας
2970 4822 3262 4896 ὑπέμεινεν
3305 4827 3525 4894 ὀδύνας·
3558 4831 3718 4887 ποίαν
3746 4835 3818 4891 ἂν

2150 4905 2366 4999 σχοίητε
2414 4909 2729 4999 ἀπολογίαν,
2796 4914 2958 4971 ποίαν
3001 4920 3350 4993 συγγνώμην,
3419 4926 3551 4998 μηδὲ
3598 4928 3817 4999 ὀλίγους

2150 4991 2397 5091 σταδίους
2423 4995 2788 5069 διαπερῶντες
2810 5001 2952 5079 ὑπὲρ
2981 5004 3081 5077 τῆς
3101 4991 3333 5081 θεωρίας
3361 4991 3812 5091 τῶν-πιιλαισμάῖ

2146 5094 2257 5133 των
2282 5080 2504 5137 ἐκείνων
2528 5101 2616 5152 ;...
3216 5080 3219 5081 ν
3688 5100 3697 5117 ’
