4092 6206
317 331 423 385 5‘2!)

317 468 584 522 acerbum
601 480 723 522 esse
744 473 957 537 putant;
984 480 1167 518 verum
1192 466 1291 520 hoc
1310 467 1479 520 morbi
1505 468 1657 536 culpa
1678 480 1777 523 est.
1801 485 1905 521 non

317 561 496 615 mellis
524 559 753 614 crimen.
788 557 865 611 Ita
894 567 949 612 et
969 573 1100 612 crux
1128 559 1363 613 externis
1393 560 1553 613 stulta
1586 575 1669 614 res
1698 559 1908 614 videtur

316 670 463 720 esse,
513 652 608 707 sed
655 667 763 707 non
809 661 912 707 est.
958 651 1159 707 Deinde
1202 662 1483 723 postquam
1516 658 1751 711 aStendit
1799 671 1906 709 non

316 748 481 803 modo
507 761 615 801 non
656 745 873 799 stultam
910 760 1023 799 rem
1051 760 1194 810 esse,
1221 744 1316 800 sed
1365 743 1650 800 admodum
1696 746 1906 815 sapien-

315 851 448 906 tem,
478 853 579 893 nec
605 836 765 892 modo
794 851 899 890 non
931 835 1218 900 infirmam,
1251 835 1345 891 sed
1375 835 1663 891 admodum
1690 838 1901 903 fortem,

311 940 435 1005 ejus
454 933 713 1004 prmclara
741 938 887 1001 gesta
917 938 1189 999 comparat
1210 944 1329 984 cum
1351 930 1642 997 creatione,
1661 946 1783 984 cum
1807 946 1897 985 ve-
1924 974 1929 977 .

312 1031 415 1084 teri
439 1029 791 1084 Testamento
814 1033 866 1079 et
888 1040 1011 1077 cum
1032 1032 1252 1078 externa
1272 1022 1554 1093 sapientia;
1571 1030 1625 1078 et
1645 1023 1901 1088 ostendit,

310 1121 458 1193 quod
503 1135 568 1175 ea
598 1134 719 1187 qua:
747 1131 920 1186 neque
949 1114 1160 1169 interna
1205 1114 1467 1183 sapientia
1496 1114 1699 1170 invenit
1731 1129 1903 1184 neque

310 1222 557 1273 externa,
607 1223 781 1276 neque
808 1222 839 1261 a
866 1206 1137 1261 creatione
1178 1206 1330 1260 multi
1381 1206 1655 1260 hominum
1700 1206 1904 1262 didice-

312 1314 454 1370 runt,
505 1316 680 1372 neque
706 1316 737 1354 a
766 1299 933 1356 veteri
979 1298 1324 1354 Testamento
1368 1297 1555 1353 lucrati
1594 1317 1608 1354 :
1640 1298 1787 1365 lucc,
1820 1299 1901 1353 in-

309 1413 497 1468 quam,
547 1394 676 1450 illud
724 1396 897 1463 ipsum
945 1392 1086 1463 quod
1133 1393 1354 1447 stultum
1382 1400 1437 1447 et
1466 1392 1732 1447 infirmum
1779 1408 1899 1449 esse

309 1496 528 1549 videtur
568 1491 1005 1563 potuerit;un
1046 1491 1277 1558 videtur,
1334 1492 1570 1562 inquam,
1610 1507 1716 1547 non
1757 1494 1899 1562 quod

307 1594 419 1642 est.
445 1588 803 1657 Quapropter.
832 1600 955 1641 cum
1004 1601 1071 1639 ex
1117 1584 1277 1640 rebus
1308 1585 1437 1655 ipsis
1481 1585 1898 1640 demonstratio-

309 1697 431 1734 nem
491 1679 705 1743 habeat,
756 1692 874 1733 cum
917 1676 1105 1732 fiducia
1153 1678 1314 1731 multa
1353 1678 1421 1732 ad
1472 1693 1700 1749 pugnam
1747 1681 1894 1747 exit,

309 1788 344 1842 p
377 1772 485 1825 imo
514 1781 700 1824 contra
731 1780 1008 1824 externam
1051 1770 1387 1838 sapientiam,
1435 1770 1639 1835 dicens,
1674 1770 1771 1826 Ubi
1812 1790 1894 1827 sa-

310 1868 453 1936 piens
483 1863 645 1936 (Ibid.
679 1879 726 1916 υ.
758 1862 1047 1931 20)?Quid
1073 1862 1170 1917 sibi
1198 1862 1310 1917 vult
1341 1862 1492 1931 illud,
1526 1863 1624 1919 Ubi
1652 1866 1853 1934 sapiens
1872 1866 1898 1920 ?

309 1962 385 2013 Ac
412 1958 457 2011 si
481 1957 710 2022 diceret,
734 1956 834 2012 Ubi
879 1964 1003 2010 sunt
1028 1955 1116 2009 illa
1147 1955 1585 2026 philosophorum
1607 1957 1631 2010 ‘l
1657 1958 1743 2013 ubi
1773 1958 1897 2015 rhe-

310 2061 510 2113 torum,
554 2049 642 2103 ubi
684 2048 1067 2118 sophistarum,
1112 2047 1200 2101 ubi
1248 2048 1560 2101 oratorum?
1604 2048 1897 2106 Facessunt

309 2143 487 2196 nnmia
519 2156 581 2194 ac
618 2141 890 2209 perierunt
920 2148 975 2193 et
1002 2154 1292 2194 evanuere.
1321 2138 1453 2194 Nam
1502 2140 1571 2194 ita
1616 2141 1893 2209 Splendida

309 2236 403 2290 fuit
437 2234 676 2299 victoria,
709 2242 764 2287 ut
793 2232 879 2287 illa
894 2232 1003 2302 jam
1027 2249 1094 2287 ne
1122 2242 1469 2304 compareant
1498 2234 1737 2304 quidem.
1769 2234 1893 2289 Ideo

307 2332 415 2385 illis
445 2327 699 2381 omnibus
730 2337 999 2394 tamquam
1038 2326 1211 2395 pulvis
1240 2325 1535 2396 dissipatis,
1569 2327 1638 2381 ita
1668 2328 1895 2383 interro-

304 2432 392 2490 gat
417 2429 470 2475 et
500 2419 575 2472 ait
604 2435 616 2471 :
654 2415 752 2472 Ubi
776 2416 1027 2487 sapiens?
1056 2417 1317 2486 Apparuit
1342 2433 1495 2482 crux,
1520 2426 1575 2472 et
1599 2418 1684 2472 illa
1712 2421 1891 2475 omnia

303 2515 483 2568 soluta
532 2520 695 2566 sunt:
726 2511 962 2565 insonuit
1010 2510 1349 2581 praedicatio,
1384 2520 1438 2566 et
1484 2511 1688 2567 facilius
1731 2529 1889 2583 quam

302 2619 520 2658 aranea:
550 2602 653 2659 tela
681 2602 933 2671 dissipata
965 2612 1111 2657 sunt.
1149 2601 1247 2657 Ubi
1294 2603 1494 2673 sapiens
1514 2605 1541 2657 .7
1566 2603 1666 2659 Ubi
1696 2604 1890 2660 verbo-

304 2712 423 2750 rum
467 2694 679 2750 fastus?
708 2692 797 2748 ubi
841 2693 1100 2748 facundiae
1150 2694 1538 2763 pulchritudo?
1568 2695 1655 2749 ubi
1704 2695 1890 2762 saphi-

300 2798 536 2843 smatum
583 2786 855 2857 gravitas?
924 2785 1009 2841 ubi
1058 2787 1347 2841 verborum
1395 2787 1521 2841 vis?
1573 2787 1660 2842 ubi
1710 2788 1887 2859 lingua

302 2881 499 2937 acuta?
530 2880 616 2935 ubi
650 2888 947 2936 conventus
965 2888 1014 2934 et
1034 2879 1361 2934 consessus?
1390 2879 1482 2934 Illa
1502 2880 1678 2934 omnia
1710 2879 1891 2935 detra-

301 2985 386 3030 cta
435 2984 578 3040 sunt,
620 2973 927 3044 perierunt,
959 2982 1207 3042 corrupta
1237 2980 1380 3036 sunt,
1425 2972 1691 3037 abierunt,
1741 2981 1887 3041 terga

300 3068 588 3122 dederunt.
639 3064 739 3120 Ubi
779 3065 980 3119 scriba?
1006 3063 1105 3120 Ubi
1154 3079 1240 3118 res
1287 3062 1625 3127 Judzeorum,
1676 3063 1890 3133 inquit?

305 3161 389 3214 illa
431 3162 591 3215 etiam
637 3159 765 3213 vicit
805 3157 1112 3228 praedicatio
1137 3198 1152 3221 ,
1203 3165 1256 3210 et
1296 3156 1585 3210 occultavit
1624 3156 1763 3210 sicut
1806 3155 1887 3210 sol

303 3253 571 3306 tinibram.
604 3249 737 3305 Nam
781 3264 900 3318 quze
932 3264 1026 3317 per
1073 3256 1273 3301 tantum
1304 3254 1513 3318 tempus
1541 3245 1623 3300 lex
1655 3259 1759 3300 non
1788 3260 1885 3315 po-

305 3346 483 3399 tuitiu
517 3359 618 3398 una
667 3353 847 3412 gente,
899 3341 1016 3395 hazc
1063 3356 1185 3393 cum
1236 3340 1423 3409 majori
1475 3340 1711 3409 potentia
1757 3353 1888 3394 crux

304 3437 500 3507 ubique
523 3434 764 3505 perfecit,
785 3442 1000 3503 peccata
1022 3433 1257 3496 solvens,
1271 3431 1531 3502 justitiam
1550 3432 1884 3502 impertiens,

304 3536 521 3582 sanctos
548 3525 779 3581 reddens
806 3524 1072 3589 homines,
1128 3524 1217 3578 Dei
1268 3522 1625 3593 cognitionem
1654 3523 1885 3590 docens,

302 3620 368 3675 ad
416 3620 608 3675 caelum
639 3634 797 3674 manu
851 3617 1073 3673 ducens.
1120 3617 1321 3672 Deinde
1365 3617 1600 3673 Judaicis
1636 3618 1839 3673 relictis
1868 3660 1883 3683 ,

300 3714 366 3767 ad
395 3711 654 3782 gentilitia
676 3712 845 3766 venit:
869 3710 967 3766 Ubi
982 3711 1291 3780 canquisitar
1306 3710 1460 3778 hujus
1479 3711 1652 3764 surculi
1668 3712 1685 3779 (
1694 3709 1811 3763 Ibid
1820 3711 1888 3777 .)?

304 3808 400 3861 llic
429 3805 711 3860 haereticos
734 3803 1057 3868 subindicat,
1090 3814 1143 3857 et
1171 3818 1264 3857 eos
1293 3802 1382 3872 qui
1409 3802 1731 3873 syllogismis
1755 3801 1887 3857 abu-

302 3911 485 3955 tuntur
518 3919 532 3954 :
565 3899 652 3970 qui
684 3899 912 3954 antehac
951 3897 1164 3969 quidem
1191 3896 1380 3967 gladiis
1400 3895 1663 3949 acutiores
1688 3902 1841 3950 erant
1866 3935 1881 3958 ,

301 4001 581 4061 postquam
609 4000 785 4043 autem
829 4003 957 4043 crux
1001 3989 1263 4058 apparuit,
1294 3987 1498 4041 facilius
1526 4002 1689 4058 quam
1717 3987 1890 4041 lutum

299 4082 493 4152 dt‘jCCii
535 4090 678 4134 sunt.
729 4081 910 4135 Annon
956 4080 1163 4135 stultam
1220 4079 1336 4148 fecit
1380 4077 1519 4132 Deus
1579 4077 1885 4146 sapientia»:

300 4174 456 4242 hujus
487 4173 664 4225 mundi
696 4174 713 4243 (
745 4170 879 4226 Ibid.
912 4171 972 4241 )?
998 4172 1204 4226 Rursus
1246 4178 1430 4224 contra
1458 4168 1685 4238 gentiles
1710 4182 1769 4221 sc
1794 4182 1884 4223 ac-

299 4266 484 4334 cingit.
537 4263 671 4332 Quid
702 4264 802 4319 sibi
834 4264 967 4329 vult,
1013 4262 1235 4318 Stultum
1263 4261 1425 4333 fecit?
1471 4259 1698 4315 Stultam
1730 4272 1883 4313 mon-

301 4357 535 4410 Stravit:
569 4355 685 4410 talis
728 4356 871 4410 enim
911 4362 1047 4409 erat.
1095 4352 1158 4407 Et
1201 4353 1428 4423 ipsorum
1471 4360 1517 4405 et
1565 4358 1883 4420 peccatorum

297 4447 502 4501 illorum
547 4457 592 4501 et
632 4448 953 4517 iniquitatum
996 4462 1097 4500 nan
1130 4444 1432 4500 recordabar
1458 4444 1676 4512 amplius
1719 4440 1853 4513 (Jer.

298 4537 386 4591 3|.
416 4537 530 4607 3i).
565 4536 671 4591 Sed
718 4537 976 4607 pr0pbeta
1010 4534 1225 4606 quidem
1273 4535 1482 4589 Veteris
1508 4534 1662 4589 nobis
1701 4533 1879 4588 lzetam

298 4629 531 4697 speciem
559 4626 838 4683 describit:
862 4625 1359 4696 Apostolusautcm,
1388 4625 1510 4695 quia
1532 4639 1652 4680 cum
1679 4624 1880 4681 Iudaeis

298 4729 528 4788 pugnat,
557 4734 587 4773 e
626 4719 845 4788 regione
889 4729 1111 4786 utraque
1160 4717 1347 4787 ponit:
1378 4716 1623 4787 superius
1664 4716 1879 4787 quidem

298 4812 452 4864 nobis
473 4810 624 4871 dixit,
651 4809 771 4863 Non
787 4810 838 4862 in
866 4810 1047 4863 tabulis
1069 4809 1300 4878 lapideis,
1320 4809 1412 4862 sed
1434 4809 1485 4863 in
1508 4809 1691 4863 tabulis
1712 4810 1879 4864 cordis

294 4901 586 4955 carnalibus
614 4920 632 4966 ;
658 4901 742 4956 hic
762 4910 961 4965 autem,
997 4899 1118 4954 Non
1146 4901 1321 4966 litera,
1359 4901 1446 4953 sed
1468 4900 1705 4969 spiritus;
1735 4902 1879 4955 litera

292 4994 430 5046 enim
460 4993 664 5059 accidit,
697 4994 907 5062 spiritus
932 5002 1097 5047 autem
1129 4991 1348 5059 vivi/icat
1376 4989 1453 5061 (2.
1486 4990 1601 5044 Cor.
1634 4992 1686 5046 5.
1717 4993 1769 5046 '5.
1798 4991 1874 5061 6).

367 5086 421 5140 5.
459 5085 512 5138 In
539 5087 761 5140 sabbato
798 5085 1013 5152 collegit
1053 5084 1169 5154 quis
1204 5085 1376 5153 ligna,
1411 5093 1464 5138 et
1495 5084 1755 5153 lapidatus
1796 5093 1880 5140 est

294 5178 483 5251 (Num.
515 5178 600 5235 15.
633 5178 721 5234 32.
750 5177 861 5249 56).
890 5177 1144 5233 Vidistine
1168 5177 1434 5249 quomodo
1462 5177 1612 5232 litera
1644 5178 1873 5247 occidat,

1110 328 1177 383 XI
1214 327 1516 393 HOMIUA,
1562 327 1648 382 DE
1689 324 2053 385 ELEAL'ARO
2093 328 2183 384 ET
2222 328 2495 387 SEPTEH
2536 333 2799 389 PUERlS.
3490 348 3590 401 ως»

2020 468 2067 521 id
2096 479 2199 534 est,
2238 469 2321 524 lex
2350 472 2576 541 puniat?
2614 473 2761 528 disce
2786 476 3054 544 quomodo
3096 478 3315 547 Spiritus
3342 483 3592 542 vivitiect.

2019 558 2294 628 Ingressus
2321 570 2403 617 est
2430 563 2691 632 quispiam
2726 566 2871 620 inille
2899 569 3055 622 malis
3087 571 3294 638 plenus,
3327 574 3415 643 qui
3446 589 3593 630 scuro

2017 657 2155 703 tatus
2186 662 2287 717 est,
2318 656 2514 722 rapuit,
2542 670 2735 709 avarus
2762 657 2885 723 fuit,
2915 661 3143 728 adulter,
3172 667 3317 718 omni
3346 669 3597 737 nequitia)

2012 746 2193 813 generi
2212 746 2491 813 obnoxius,
2507 748 2614 817 jam
2638 760 2911 805 emortuus
2934 765 3152 822 peccato
3172 775 3184 809 ε
3206 757 3376 827 ipsum
3402 762 3596 830 accipit

2011 839 2241 908 Spiritus
2279 842 2448 911 gratia
2492 842 2559 897 ad
2605 844 2915 909 lavacrum,
2961 856 3013 899 et
3042 858 3391 906 scortatorem
3426 852 3592 907 filittm

2016 932 2106 987 Dei
2138 933 2335 1001 eﬂicit,
2369 943 2423 989 et
2460 950 2582 990 eum
2608 978 2622 997 .
2654 937 2745 1006 qui
2787 939 2838 990 in
2887 941 3120 1007 peccatis
3158 952 3403 998 mortuus
3437 955 3549 999 erat
3570 986 3586 1012 ,

2010 1026 2265 1084 vivificat.
2296 1027 2407 1081 lloc
2436 1028 2541 1082 sibi
2570 1029 2683 1083 vult
2711 1029 2845 1084 illud
2871 1072 2887 1095 ,
2920 1031 3148 1101 Spiritus
3176 1035 3413 1104 aiaiﬁcat.
3440 1036 3588 1103 Quo-

2009 1118 2170 1174 modo
2194 1128 2372 1174 autem
2402 1119 2671 1177 vivificat?
2696 1122 2813 1178 Non
2846 1138 3034 1194 paruas
3065 1135 3403 1196 peccaton
3430 1144 3590 1199 repe-

2011 1224 2151 1281 tens,
2179 1214 2472 1270 secundum
2503 1215 2629 1270 illud
2652 1217 2934 1286 Propheta:
2960 1218 3197 1274 dictum:
3220 1220 3483 1292 Pr0pitius
3506 1238 3592 1275 era

2007 1306 2353 1376 iniquitatibus
2381 1322 2555 1360 eorum
2580 1348 2593 1369 ,
2626 1318 2673 1361 et
2718 1318 3037 1377 peccatorum
3079 1326 3251 1365 eorum
3279 1321 3327 1365 et
3350 1311 3592 1382 iniquita-

2007 1412 2111 1451 tum
2149 1414 2322 1451 eorum
2350 1414 2452 1452 non
2478 1399 2780 1454 recordabar
2804 1402 3046 1470 amplius.
3090 1402 3365 1474 Interroga
3405 1419 3591 1458 rursus

2003 1490 2267 1557 Judteum,
2293 1491 2511 1546 ubinam
2534 1491 2637 1547 hoc
2659 1491 2854 1547 factum
2880 1494 2949 1549 sit
2973 1493 3026 1548 iu
3052 1494 3169 1564 lege
3189 1495 3314 1550 :sed
3337 1496 3386 1549 id
3408 1505 3591 1552 osten-

2003 1583 2131 1639 dere
2162 1600 2266 1637 non
2297 1583 2489 1653 possit.
2518 1584 2647 1638 Nam
2676 1594 2730 1640 et
2754 1586 2843 1655 qui
2875 1585 3014 1656 ligna
3044 1587 3355 1658 collegerat,
3384 1588 3589 1659 lapida-

2002 1683 2088 1729 tus
2131 1674 2247 1741 fuit,
2291 1684 2345 1729 et
2382 1673 2695 1731 fornicatrix
2738 1677 3173 1746 comlturcbatur,
3202 1688 3256 1733 et
3279 1678 3487 1751 Moyses
3518 1684 3586 1736 ob

2003 1775 2277 1839 peccatum
2305 1782 2467 1823 unum
2490 1783 2522 1823 a
2549 1778 2689 1824 terra
2716 1770 3089 1840 promissionis
3109 1770 3313 1827 excidit
3339 1788 3352 1826 :
3376 1773 3429 1828 in
3458 1789 3584 1844 gra-

2002 1860 2088 1913 tia:
2118 1869 2294 1914 autem
2325 1867 2599 1931 tempore,
2632 1862 2722 1931 qui
2761 1861 2907 1918 mille
2932 1864 3141 1919 scelera
3173 1878 3541 1934 perpetrarnnt
3565 1909 3581 1933 ,

2000 1969 2097 2024 per
2123 1954 2372 2023 baptismi
2399 1956 2716 2010 beneficium
2748 1955 3107 2021 vivificantur,
3141 1957 3393 2029 nullaque
3421 1975 3585 2029 expe-

2002 2046 2131 2101 titur
2160 2046 2424 2101 scelerum
2452 2060 2630 2116 paena.
2660 2046 2891 2117 Ideoque
2913 2046 3107 2101 Paulus
3129 2046 3340 2103 dicebat
3364 2067 3378 2104 :
3405 2047 3583 2104 Nolite

1996 2155 2168 2193 errare
2196 2154 2216 2193 :
2242 2156 2398 2209 neque
2424 2139 2689 2210 fornicarii
2706 2180 2722 2206 ,
2754 2155 2911 2210 neque
2940 2140 3115 2194 molles
3140 2181 3155 2207 ,
3194 2158 3351 2211 neque
3378 2158 3581 2196 mascu-

2000 2232 2164 2285 lorum
2193 2231 2558 2297 cancubitores,
2587 2248 2749 2301 neque
2772 2231 3012 2297 adulteri,
3045 2250 3202 2304 neque
3230 2235 3389 2303 fures,
3423 2252 3582 2305 neque

1995 2324 2158 2388 avari,
2186 2340 2345 2392 neque
2372 2322 2577 2390 ebriosi,
2604 2341 2765 2390 neque
2791 2324 3044 2391 maledici,
3073 2342 3232 2396 neque
3255 2342 3463 2397 rapaces
3494 2345 3577 2382 re-

1994 2430 2149 2485 gnum
2170 2413 2265 2468 Dei
2286 2414 2629 2485 possidebunt.
2656 2414 2721 2469 Et
2743 2416 2850 2470 hate
2869 2418 3076 2487 quidam
3094 2419 3247 2472 eratis
3271 2434 3290 2472 :
3310 2419 3399 2474 sed
3418 2419 3579 2474 abluti

1994 2505 2132 2565 estis,
2161 2506 2249 2559 sed
2272 2506 2576 2574 sanctiﬁcali
2596 2508 2733 2574 estis,
2758 2507 2849 2561 sed
2862 2508 3135 2577 justi/icati
3158 2509 3275 2563 estis
3301 2511 3354 2564 in
3376 2512 3579 2566 nomine

1993 2594 2203 2650 Domini
2225 2596 2348 2651 Jesu
2377 2598 2490 2652 etin
2509 2597 2701 2670 Spiritu
2722 2598 2821 2653 Dei
2840 2601 2998 2655 nostri
3024 2603 3043 2673 (
3074 2602 3124 2656 1.
3153 2600 3270 2656 Cor.
3295 2601 3347 2657 6.
3372 2602 3497 2659 9-H
3533 2605 3575 2673 ).

1999 2688 2266 2755 Vidistin‘,
2290 2705 2449 2759 quam
2477 2690 2759 2761 splendeat
2786 2693 3155 2763 prapheticum
3180 2695 3309 2750 illud
3339 2714 3353 2751 :
3385 2696 3576 2768 Propic

1993 2784 2093 2837 tius
2114 2801 2199 2838 cra
2221 2785 2569 2855 iniquitatibus
2588 2802 2760 2840 eorum
2780 2787 2805 2841 ?
2824 2802 2984 2857 quam
3009 2787 3205 2859 fulgeat
3224 2790 3575 2860 apostolicum

1993 2876 2120 2931 illud
2142 2919 2156 2941 ,
2191 2877 2420 2948 Spiritus
2444 2880 2704 2949 viviﬁcat?
2731 2880 2823 2935 Vis
2848 2891 2901 2936 et
2929 2882 3074 2937 aliud
3100 2883 3330 2950 discere,
3359 2896 3578 2954 aposto-

1992 2966 2101 3023 lum
2130 2984 2324 3038 nempe
2348 2970 2570 3025 Paulum
2600 2972 2909 3041 loquentem
2929 3013 2945 3039 ,
2980 2975 3250 3043 quomodo
3294 2976 3383 3030 ille
3424 2976 3575 3031 brevi

1994 3068 2235 3131 tempore
2251 3061 2435 3117 orbem
2457 3077 2593 3132 pene
2621 3072 2788 3117 totum
2815 3065 3159 3134 peragravit?
3186 3068 3309 3121 audi
3329 3068 3475 3123 illum
3494 3069 3576 3124 di-

1989 3161 2200 3207 centem
2234 3172 2247 3206 :
2277 3150 2363 3205 Ita
2393 3162 2450 3205 ut
2477 3154 2541 3206 ab
2568 3153 2854 3208 Jerusalem
2880 3156 2950 3207 ad
2976 3155 3245 3226 Illyricum
3278 3159 3572 3227 repleaerim

1970 3241 2340 3315 Evangelium;
2365 3255 2418 3298 et
2446 3260 2657 3300 rursum
2683 3287 2697 3311 ,
2731 3246 2886 3299 Nunc
2910 3264 3024 3302 vero
3049 3251 3257 3303 ulterius
3284 3250 3447 3304 locum
3473 3268 3574 3306 non

1991 3336 2178 3390 habens
2208 3338 2259 3390 in
2287 3337 2364 3390 his
2390 3339 2700 3408 regionibus,
2731 3340 3059 3410 cupiditatem
3088 3353 3253 3396 autem
3279 3342 3467 3397 habens
3496 3345 3573 3397 vi-

1990 3427 2144 3481 dendi
2170 3444 2256 3482 vos
2279 3468 2295 3495 ,
2328 3445 2440 3482 cum
2470 3429 2520 3482 in
2552 3429 2857 3500 Hispaniam
2888 3433 3142 3501 proﬁcisci
3166 3450 3392 3499 ccepero,
3425 3450 3573 3504 spero

1990 3535 2067 3571 me
2099 3518 2265 3572 videre
2294 3532 2379 3573 vos
2406 3562 2420 3585 ,
2455 3521 2499 3574 si
2524 3520 2660 3575 vobis
2691 3524 2910 3591 primum
2949 3540 3013 3578 ea:
3042 3535 3185 3594 parte
3214 3527 3574 3597 fruitusfuero

1994 3609 2167 3678 (Rom.
2199 3611 2286 3665 15.
2316 3611 2399 3666 l9.
2424 3611 2537 3683 23).
2562 3613 2714 3681 Quod
2743 3614 3090 3684 siApostolus
3116 3632 3254 3671 unus
3283 3626 3387 3671 tam
3422 3617 3571 3673 brevi

1991 3708 2230 3770 tempore
2253 3701 2507 3772 majorem
2532 3704 2677 3758 orbis
2700 3716 2905 3775 partem
2932 3708 3213 3776 percurrit,
3240 3708 3412 3776 cogita
3433 3724 3571 3779 quo-

1989 3793 2149 3847 modo
2173 3794 2331 3847 etiam
2361 3795 2451 3848 alii
2480 3796 2666 3850 orbem
2698 3807 2866 3851 totum
2895 3799 3044 3868 quasi
3072 3814 3268 3869 sagena
3289 3811 3569 3869 ceperunt.

1986 3884 2321 3956 Quapropter
2348 3886 2578 3952 diccbat,
2607 3888 2867 3960 Evangelii
2896 3892 3033 3961 quod
3058 3893 3387 3961 pra'dicatum
3416 3903 3491 3949 est
3515 3895 3571 3949 in

1987 3977 2123 4033 omni
2166 3985 2395 4031 creatura
2432 3995 2544 4047 qua:
2586 3980 2678 4033 sub
2723 3981 2846 4035 caala
2878 3990 2974 4044 est;
3014 3982 3385 4051 propheticum
3438 3986 3568 4041 illud

1988 4066 2380 4135 interpretans:
2409 4069 2539 4134 Quia
2566 4087 2737 4124 omnes
2764 4073 2923 4125 scient
2949 4089 3029 4127 me
3055 4090 3086 4126 a
3113 4075 3298 4129 minari
3322 4092 3477 4147 usque
3502 4077 3570 4130 ad

1985 4173 2242 4229 magnum.
2268 4159 2372 4214 Sed
2394 4160 2533 4230 quod
2552 4161 2799 4216 Christus
2821 4163 2991 4234 legem
3011 4163 3220 4219 dederit
3245 4166 3369 4221 hinc
3392 4169 3567 4237 palam

1986 4259 2088 4314 est,
2118 4260 2168 4305 et
2196 4252 2335 4320 quod
2357 4252 2648 4308 Machabmi
2678 4270 2774 4323 pro
2798 4254 2915 4325 lege
2936 4255 3161 4325 jugulati
3183 4299 3197 4320 ,
3223 4273 3320 4327 pro
3351 4259 3567 4327 legisla-

1986 4347 2102 4396 tore
2123 4342 2437 4411 sanguinem
2461 4343 2717 4412 fuderint,
2741 4346 3073 4417 hocquoque
3095 4347 3436 4403 manifestum
3465 4368 3477 4403 :
3498 4349 3568 4405 de

1983 4441 2181 4486 caetero
2198 4441 2374 4488 autem
2394 4436 2670 4490 caritatem
2699 4446 2928 4492 vestram
2959 4453 3110 4509 rogo,
3144 4448 3197 4493 ut
3225 4453 3345 4493 cum
3374 4440 3567 4496 alacri-

1986 4531 2092 4577 tate
2120 4525 2281 4578 multa
2315 4526 2381 4579 ad
2405 4525 2597 4581 festum
2627 4530 2895 4584 accedatis
2920 4547 2933 4582 :
2959 4532 3097 4586 sicut
3130 4546 3257 4602 apes
3288 4533 3354 4588 ab
3382 4533 3563 4587 alvea-

1983 4614 2128 4669 ribus
2140 4617 2350 4672 exsilite
2376 4617 2443 4671 ad
2471 4629 2762 4690 martyrum
2778 4621 3016 4685 vulnera,
3035 4636 3334 4692 eorumque
3351 4626 3560 4677 crucia-

1986 4716 2069 4761 tus
2088 4709 2526 4777 complcctitnmi,
2564 4711 2694 4765 nihil
2734 4723 2983 4768 curantes
3026 4712 3125 4767 viae
3152 4713 3558 4783 longitudinem.

1982 4799 2114 4854 Nam
2146 4800 2188 4854 si
2206 4801 2489 4856 Eleazarus
2518 4817 2679 4857 senex
2711 4802 2884 4872 ignem
2906 4818 3068 4857 ausus
3083 4813 3166 4857 cst
3182 4803 3395 4872 aggredi
3412 4844 3427 4867 ,
3448 4804 3564 4859 etsi

1984 4891 2264 4947 beatorum
2294 4893 2483 4948 horum
2517 4903 2687 4948 mater
2725 4894 2778 4949 in
2808 4903 3047 4950 extrema
3078 4904 3353 4950 senectute
3383 4892 3573 4952 tantos

1984 4998 2137 5053 passa
2168 4992 2250 5039 est
2278 4984 2493 5039 dolores
2518 5002 2530 5037 :
2556 5000 2717 5054 quam
2745 4985 3131 5050 defensionem,
3161 5000 3318 5057 quam
3347 4988 3558 5040 veniam

1984 5074 2265 5138 habebitis,
2291 5076 2333 5128 si
2364 5090 2460 5130 nec
2488 5090 2653 5145 pauca
2680 5077 2849 5131 stadia
2877 5078 3197 5147 percurratis
3219 5077 3285 5133 ad
3308 5077 3397 5133 illa
3416 5093 3553 5133 cou-

1982 5170 2248 5239 Spicieuda
2274 5170 2565 5225 certamina
2580 5171 2648 5225 ?..
2663 5209 2677 5224 .
