4092 6206
565 320 659 375 551
1660 313 2035 374 ΒΙΞΥΕΙΗᾹΜ
2098 315 2133 370 G

2239 313 2448 374 ALOR.
2494 313 2707 371 EPISC.
3710 316 3818 372 551

1741 497 2024 508 ———-—

566 492 2133 526 ετξ-...Ἥξει

2238 493 2928 506 ———————.——-———————

683 497 688 505 ι
697 497 1112 509 ————-
1575 497 2103 522 “w—_—_——_
2109 497 2283 510 μ...-
2295 497 2928 506 ——.—__——.——————
2935 497 3008 503 —

683 497 2007 528 *ﬁm—w‘.“
2098 513 2182 524 _..
2196 512 2543 522 _.__-______
2552 509 2920 520 ῤ’...-
2934 509 3008 518 .—

1028 735 1383 802 MONITUM
1419 736 1500 798 ΙΝ
1543 736 1924 797 HOMlLIAM
1968 734 2412 806 SEVERIANI,
2455 730 2926 796 GABALORUM
2965 727 3354 802 EPISCOPI,

629 953 786 1029 [402]
833 951 1116 1012 Severiani
1153 967 1274 1009 esse
1307 952 1448 1010 hanc
1481 952 1598 1007 sive
1635 950 1938 1008 orationem
1969 951 2085 1006 sive
2135 949 2413 1011 bomiliam
2446 948 2605 1006 docet
2639 946 3011 1004 Theodoretus
3041 943 3257 1016 dialogo
3286 944 3448 999 tertio
3491 942 3630 1012 Περὶ
3661 943 3812 996 ἀπα.

558 1075 710 1139 οοῦς,
742 1073 820 1128 De
854 1074 1160 1144 impetibili,
1203 1083 1337 1127 tom.
1371 1069 1458 1137 IV,
1489 1086 1613 1141 pag.
1644 1071 1770 1134 169,
1823 1071 2077 1126 editionis
2111 1068 2527 1132 Sirutondianre,
2566 1075 2626 1120 ut
2655 1065 3013 1120 indicabimus
3045 1062 3182 1118 intra
3211 1076 3312 1117 suo
3352 1060 3470 1116 loco
3503 1061 3662 1130 paulo
3693 1069 3829 1120 ante

561 1188 721 1242 linem
752 1186 1022 1251 humilite;
1063 1185 1116 1239 in
1156 1183 1540 1253 manuscriptis
1567 1198 1694 1238 vero
1721 1182 1978 1237 omnibus
2003 1181 2175 1237 sancti
2211 1179 2439 1236 Joannis
2477 1176 2849 1248 Chrysostomi
2881 1190 3078 1231 nomen
3107 1189 3217 1244 prae
3259 1188 3320 1230 ee
3356 1171 3497 1230 fert:
3527 1173 3636 1228 imo
3663 1173 3775 1243 iam
3804 1188 3842 1230 ι

562 1303 748 1360 multis
780 1301 992 1358 sacculis
1016 1299 1394 1371 Chrysostomi
1429 1298 1647 1355 nomine
1692 1295 2100 1354 circumfertur.
2151 1295 2284 1350 Nam
2318 1297 2370 1350 in
2400 1293 2629 1368 epistola
2675 1291 2895 1349 Adriani
2929 1289 3141 1364 “papae!
3199 1293 3266 1349 ad
3309 1289 3725 1346 Constantinum
3778 1300 3847 1346 et

561 1418 774 1482 lreueu,
812 1413 1018 1472 Concil.
1064 1421 1194 1470 tom.
1230 1410 1341 1478 VII,
1373 1426 1498 1483 pag.
1526 1409 1663 1479 112,
1703 1410 1960 1468 editionis
1989 1407 2184 1475 Labb.,
2223 1408 2374 1466 locus
2419 1408 2648 1465 aﬂ'ertur
2674 1407 2892 1466 nomine
2921 1405 3097 1466 sancti
3136 1403 3364 1466 Joannis
3417 1405 3796 1478 Chrysostomi
3819 1447 3840 1474 ,

562 1534 656 1604 qui
682 1549 745 1588 es
777 1535 877 1588 hac
905 1532 1158 1588 oratione
1184 1540 1476 1602 escerptus
1506 1530 1732 1586 omnino
1757 1528 1997 1596 videtur,
2027 1542 2097 1584 es

2238 1543 2431 1592 mone,
2469 1536 2528 1582 ut
2569 1525 2644 1583 ibi
2691 1524 2917 1590 dicitur,
2957 1522 3059 1580 τοῦ
3099 1524 3181 1587 εις
3225 1521 3326 1593 τὴν
3373 1519 3694 1592 παραϐολὴν
3736 1519 3841 1574 τοῦ

565 1649 790 1724 σπόρου,
819 1652 874 1705 in
912 1646 1235 1704 Parabolam
1264 1649 1500 1703 seminis.
1539 1647 1713 1703 Verba
1744 1656 1924 1703 autem
1962 1647 2041 1702 sic
2067 1646 2133 1701 ha

2238 1653 2302 1701 ut:
2341 1643 2588 1714 Ἕνδυμα
2623 1639 2906 1713 βασιλικὸν
2953 1638 3050 1693 sev
3079 1636 3332 1709 ὑϐρίσῃς,
3367 1636 3491 1706 οὐχὶ
3517 1635 3611 1690 τὸν
3639 1633 3847 1688 ἐνδυό-

565 1791 730 1845 μενον
765 1770 927 1827 αὑτὸν
956 1770 1231 1842 ὑϐρίζειςς
1261 1769 1364 1826 οὐκ
1393 1766 1545 1834 οἶδας
1575 1769 1659 1825 ὅτι
1690 1769 1839 1832 ὅστις
1887 1767 1990 1841 τὴν
2035 1765 2223 1821 εἰκόνα
2245 1764 2345 1836 τὴν
2389 1765 2456 1820 ὲκ
2496 1761 2655 1828 ξύλου
2703 1759 2798 1814 καὶ
2829 1758 3137 1831 χρωμάτων
3177 1754 3432 1827 λοιδορεῖ,
3463 1753 3562 1824 οὐχ
3587 1751 3662 1816 ὡς
3695 1750 3848 1824 πρὸς

559 1895 774 1966 ἄψυχον
797 1893 1078 1965 τολμήσας
1105 1892 1380 1964 κρίνεται,
1413 1889 1552 1948 am
1575 1889 1720 1948 κατὰ
1741 1887 1835 1944 τοῦ
1863 1887 2170 1960 βασιλέωςς
2203 1885 2406 1950 δισσῶς
2431 1883 2543 1956 γὰρ
2582 1881 2660 1954 τῷ
2689 1881 2904 1953 βασιλεῖ
2954 1878 3264 1952 προσφέρει
3313 1874 3414 1947 τὴν
3460 1870 3640 1944 ὓϐριν.
3704 1868 3848 1936 Qua

566 2014 765 2069 ibidem
798 2013 877 2070 sic
909 2009 1102 2068 Latine
1134 2011 1432 2067 habentur:
1475 2007 1854 2064 Indttmentum
1877 2005 2152 2077 imperiale
2182 2005 2227 2060 si
2271 2003 2610 2059 contumeliis
2639 2000 2908 2072 effeceris,
2941 2013 3114 2053 nonne
3147 1997 3196 2051 ei
3222 1995 3313 2066 qui
3362 1992 3605 2050 induitur
3642 2000 3847 2046 cantu-

566 2136 755 2195 melius
794 2136 1040 2214 irrogas?
1072 2134 1244 2190 nescis
1269 2135 1395 2205 quia
1417 2133 1464 2186 si
1501 2132 1618 2203 quis
1649 2130 1872 2202 imagini
1903 2127 2238 2199 imperatoris
2274 2127 2532 2199 injuriam
2556 2125 2739 2196 infert,
2769 2123 2839 2178 ad
2867 2123 3040 2192 ipsum
3089 2119 3482 2190 imperatorem,
3523 2112 3579 2166 id
3635 2120 3734 2176 est,
3763 2111 3847 2163 ad

565 2255 740 2327 ipsum
773 2257 1119 2326 principalem
1149 2265 1200 2313 et
1229 2256 1300 2312 ad
1339 2255 1455 2323 ejus
1481 2254 1796 2325 dignitatem
1824 2252 1984 2321 refert
2006 2251 2264 2321 injuriam
2290 2250 2315 2306 2
2349 2248 2519 2304 nescis
2553 2247 2694 2320 quod
2713 2245 2761 2300 si
2784 2245 2902 2316 quis
2940 2241 3181 2314 imagini,
3210 2256 3329 2312 quia
3349 2255 3414 2296 ea:
3445 2239 3588 2310 ligno
3611 2248 3658 2292 et
3685 2231 3848 2289 colo-

567 2379 713 2434 ribus
744 2391 840 2446 est,
875 2377 1163 2446 maledicit,
1199 2396 1302 2434 non
1341 2379 1614 2443 iudie..tur
1637 2375 1794 2430 veluti
1825 2375 1873 2428 si
1923 2381 2105 2428 contra
2127 2371 2486 2428 inanimatam
2516 2368 2772 2439 quiddam
2797 2373 3216 2435 praesumptuase
3243 2377 3300 2417 se
3321 2359 3563 2432 gesserit,
3586 2358 3677 2414 sed
3711 2363 3848 2412 tan-

1247 3153 1478 3212 SERth

557 3275 633 3332 De
662 3273 860 3344 δεθείη»
886 3272 1128 3328 librorum
1149 3308 1162 3332 .
1193 3276 1240 3325 et
1265 3263 1517 3336 quomodo
1548 3260 1714 3317 Filius
1756 3257 1907 3314 Patri
1930 3298 1944 3321 .
1979 3253 2136 3312 Pater

665 3366 798 3422 Filio
824 3363 1036 3432 σπου-αι,
1063 3379 1124 3417 ac
1151 3361 1213 3418 de
1241 3358 1524 3418 Serratoris
1549 3353 1900 3409 incarnatione
1930 3347 2028 3420 (a).

631 3464 680 3516 Ι.
711 3461 954 3529 Magnum
979 3456 1043 3512 ad
1071 3456 1298 3512 salutem
1326 3451 1519 3508 anima:
1543 3447 1796 3502 viaticum
1825 3450 1950 3500 sunt
1973 3453 2138 3496 sacra:

556 3556 873 3625 disciplima.
926 3551 1147 3606 Ferrum
1187 3547 1329 3603 enim
1370 3545 1548 3609 ferro,
1583 3541 1759 3598 anima
1803 3553 1934 3597 vero
1976 3535 2139 3590 verbo
2175 3598 2180 3603 ἱ

555 3649 738 3703 divino
783 3645 994 3699 acuitur
1029 3661 1042 3697 :
1076 3656 1212 3711 pane
1256 3651 1453 3707 corpus
1500 3635 1700 3699 alitur,
1747 3631 1912 3689 verbo
1957 3628 2138 3685 divino

551 3743 727 3802 anima
774 3739 1014 3796 lirutatnr
1039 3753 1053 3789 :
1077 3743 1132 3789 ut
1170 3731 1298 3787 dicit
1325 3730 1485 3784 etiam
1527 3726 1771 3796 Moyses,
1800 3722 1996 3778 divina:
2023 3718 2125 3774 do-

553 3833 740 3886 ctrinm
777 3831 882 3884 vim
923 3827 1164 3884 altricem
1199 3821 1545 3878 snbindicaus
1578 3837 1592 3872 :
1628 3815 1749 3871 Non
1780 3816 1832 3868 in
1872 3813 1978 3870 solo
2008 3826 2139 3881 pane

553 3925 667 3978 vivit
699 3925 868 3984 homo,
901 3920 988 3976 sed
1015 3920 1068 3978 in
1094 3917 1230 3973 eunti
1258 3915 1405 3972 verba
1428 3912 1562 3983 quod
1593 3908 1818 3980 procedit
1848 3907 1911 3961 de
1938 3921 2023 3959 ore
2047 3903 2139 3960 Dei

556 4016 713 4081 (Desit
763 4015 816 4068 Β.
847 4013 930 4081 ὅ).
974 4013 1298 4067 Alimentqu
1342 4007 1503 4074 igitur
1538 4002 1730 4057 anima:
1773 3997 1994 4054 verbum
2042 3994 2136 4054 Dei

551 4115 655 4161 est.
683 4105 812 4172 Quae
834 4103 977 4157 enim
1002 4102 1068 4155 ad
1096 4100 1382 4169 imaginem
1403 4095 1566 4151 Verbi
1587 4093 1846 4150 creatoris
1874 4088 2010 4143 facta
2031 4096 2133 4153 est,

553 4198 760 4252 ratione
791 4203 979 4249 ornata
1006 4235 1020 4259 ,
1053 4201 1110 4248 et
1137 4189 1443 4248 rationabili
1471 4187 1684 4257 dignata
1717 4183 1962 4240 libertate
1984 4220 1998 4244 ,
2029 4192 2136 4248 quo

556 4289 722 4358 magis
746 4288 962 4358 proprio
980 4285 1236 4342 alimento
1258 4290 1452 4340 utatur,
1475 4292 1635 4348 quam
1657 4273 1822 4333 verbo
1844 4271 2132 4335 nutriente,

552 4382 885 4444 instituente,
913 4387 969 4432 et
991 4377 1056 4430 ad
1082 4373 1352 4445 prepriam
1380 4370 1480 4427 sibi
1509 4368 1813 4424 libertatem
1840 4363 1949 4418 cito
1976 4360 2135 4415 resti-

552 4473 772 4528 tuente?
801 4471 1034 4526 Verbum
1077 4481 1243 4537 porro
1285 4463 1533 4526 dicimus,
1567 4459 1779 4520 fratres,
1815 4470 1920 4512 non
1951 4452 2136 4523 sepiiiq

548 4567 682 4619 stiea
714 4562 976 4633 gravitate
1008 4559 1072 4614 ad
1124 4555 1523 4627 persuasionem
1573 4549 1990 4610 concinnatum;
2036 4542 2132 4602 sed

548 4659 689 4728 quod
723 4656 842 4711 tidei
875 4651 1221 4724 simplicitate
1250 4647 1492 4702 veritatis
1521 4641 1883 4699 testimonium
1915 4635 2128 4696 habeat.

547 4752 737 4819 Spuria
779 4748 976 4818 quippe
1003 4743 1297 4814 reputanda
1330 4749 1414 4795 est
1443 4738 1618 4797 omnis
1645 4737 1817 4791 virtus
1847 4742 1902 4788 et
1928 4731 2051 4786 vita)
2077 4738 2133 4788 et

547 4843 727 4907 verbi,
756 4857 873 4912 qum
903 4856 932 4891 a
961 4838 1142 4893 divino
1169 4835 1423 4904 Magistro
1450 4829 1715 4902 primitias
1745 4842 1850 4883 non
1879 4822 2086 4893 accepit
2111 4839 2126 4875 :

552 4947 598 4989 et
627 4944 881 5003 quantum
911 4931 1094 4985 umbra
1123 4943 1151 4981 a
1181 4941 1426 4996 corpore,
1455 4934 1510 4978 et
1533 4921 1797 4978 somnium
1825 4935 1855 4974 a
1883 4920 2126 4981 veritate,

548 5038 751 5080 tantum
779 5023 939 5082 distat
961 5037 990 5076 a
1013 5035 1136 5075 vera
1165 5019 1255 5072 Dei
1283 5016 1560 5086 sapientia,
1592 5013 1678 5068 illa
1705 5028 1823 5082 qua;
1852 5011 1904 5066 in
1931 5007 2128 5062 mutulo

545 5117 807 5188 sapientia
839 5123 1138 5183 reputatur.
1171 5112 1510 5179 Quapropter
1547 5107 1731 5160 reatus
1766 5103 1962 5158 Paulus
1987 5142 2002 5162 .
2033 5113 2127 5154 vas

543 5207 824 5266 electionis
849 5249 862 5271 ,
895 5205 985 5276 qui
1017 5201 1304 5273 aliquando
1340 5211 1592 5269 egressus
1629 5204 1689 5251 ut
1729 5202 1942 5248 sanctos
1985 5190 2124 5246 male

543 5313 754 5371 caperet
779 5342 794 5366 ,
839 5300 952 5368 ipse
995 5296 1216 5367 pulchre
1247 5303 1433 5364 captus
1461 5301 1543 5346 est
1571 5289 1636 5344 ad
1677 5289 1901 5343 salutem
1950 5285 2124 5338 benti-

543 5411 670 5450 num
693 5437 708 5459 ,
741 5393 877 5461 piam
917 5399 971 5444 et
1015 5403 1194 5442 veram
1238 5386 1536 5441 doctrinam
1582 5383 1778 5451 spuria:
1809 5393 2085 5449 opponens
2107 5419 2122 5444 ,

540 5491 684 5542 clare
713 5485 924 5541 dicebat
957 5501 970 5537 :
1007 5482 1326 5550 Sapientiam
1351 5487 1521 5532 autem
1551 5475 1803 5545 loquimur
1841 5473 1971 5526 inter
2011 5489 2126 5542 pcr-

603 5691 673 5751 (n)
684 5688 859 5739 Polluta
878 5701 984 5751 cum
999 5686 1188 5751 duobus
1198 5699 1312 5751 mss.
1325 5682 1640 5751 r_egiis.Untts
1651 5683 1721 5751 sic
1734 5679 1925 5751 titulum
1940 5679 2081 5729 elferl
2103 5714 2114 5725 .

523 5751 580 5797 l't
596 5740 623 5801 ὁ
637 5740 756 5812 [cato
766 5746 1084 5814 generationis
1097 5747 1291 5810 Christi,
1307 5740 1669 5810 t‘hfysostomus
1686 5745 1747 5794 de
1759 5740 1960 5808 sigillis.

2253 3171 2415 3240 fectos
2445 3186 2464 3226 :
2491 3169 2806 3238 sapientiam
2829 3183 2946 3221 vero
2972 3183 3072 3222 non
3098 3171 3165 3218 Im
3164 3166 3256 3232 jus
3281 3162 3487 3228 steculi,
3509 3159 3600 3215 sed
3622 3158 3720 3214 Dei
3742 3176 3838 3212 sa-

2246 3252 2490 3322 pientiam
2532 3253 2584 3306 in
2636 3248 2872 3319 mysterio
2915 3248 2990 3316 (Ἰ.
3023 3246 3141 3304 Cor.
3173 3247 3227 3300 2.
3256 3247 3337 3319 ϐ).
3384 3249 3652 3319 Sapientia
3701 3267 3835 3321 ergo

2244 3341 2398 3400 nobis
2426 3349 2510 3395 est
2547 3338 2858 3410 prophetica
2907 3338 3083 3408 lingua
3132 3349 3187 3393 et
3225 3339 3517 3410 apostolica
3559 3341 3834 3408 doctrina,

2243 3444 2402 3506 atque
2441 3432 2772 3501 evangelium
2815 3432 2964 3500 regni
2995 3471 3010 3498 ,
3056 3446 3264 3486 summa
3308 3433 3636 3487 rationabilis
3680 3445 3837 3506 pote-

2243 3525 2415 3583 statis.
2447 3523 2718 3594 Evangelii
2765 3538 2958 3577 nomen
3008 3539 3128 3576 t-um
3177 3524 3458 3591 audimus,
3491 3528 3717 3593 fratres,
3748 3528 3839 3580 di-

2243 3631 2402 3686 gnum
2428 3614 2584 3684 hujus
2609 3614 2840 3670 nominis
2863 3629 3077 3670 sensum
3105 3613 3483 3686 percipiamus.
3512 3616 3655 3670 Multi
3681 3635 3837 3674 nam-

2242 3722 2346 3777 que
2375 3707 2589 3760 nomina
2619 3720 2762 3774 stt-pe
2790 3720 2855 3760 ex
2884 3705 3089 3772 vulgari
3136 3721 3234 3761 usu
3282 3706 3579 3776 cogitantes
3603 3751 3615 3766 .
3650 3725 3835 3770 rerum

2244 3799 2478 3872 ipsarum
2511 3798 2616 3850 vim
2650 3797 2921 3866 ignorant.
2965 3796 3238 3867 Evangelii
3286 3807 3464 3852 autem
3512 3813 3706 3854 nomen
3739 3819 3836 3862 res

2243 3892 2352 3960 ipsa
2377 3890 2501 3960 quid
2523 3890 2592 3943 sit
2615 3889 2812 3944 indicat
2833 3907 2845 3942 :
2867 3889 3178 3959 prmclaram
3202 3889 3344 3948 enim
3366 3891 3509 3949 illam
3527 3891 3832 3949 Servaturis

2241 3982 2594 4039 (Iaconomiam
2624 3981 2776 4036 nobis
2800 3981 3099 4046 annuntiat,
3126 3981 3266 4050 quod
3293 3981 3432 4037 Deus
3453 3999 3547 4056 per
3563 3999 3836 4041 summam

2242 4074 2624 4145 benignitatem
2653 4073 2792 4143 apud
2822 4072 3067 4128 homines
3095 4074 3165 4130 sit
3192 4083 3454 4141 versatus,
3485 4091 3590 4130 non
3622 4088 3833 4133 :rterna

2242 4169 2328 4226 illa
2362 4169 2628 4239 dignitate
2669 4182 2763 4222 sua
2807 4167 3089 4237 deposita,
3143 4167 3237 4224 sed
3285 4169 3507 4228 salutari
3554 4182 3817 4242 assumpta

2241 4260 2609 4317 incarnatione
2634 4277 2646 4312 :
2672 4257 2914 4312 declarat
2941 4257 3464 4331 nobisEvangelium
3493 4301 3507 4327 ,
3538 4261 3680 4331 quod
3713 4279 3834 4318 me.

2238 4351 2387 4412 (licus
2423 4366 2592 4422 a'gros
2627 4351 2856 4416 adierit,
2895 4365 2999 4403 non
3041 4350 3341 4420 pharmacis
3377 4363 3661 4408 curaturus
3685 4395 3698 4417 ,
3729 4356 3830 4409 sed

2239 4451 2368 4501 nutu
2392 4443 2691 4497 clementire
2715 4458 2826 4498 sua:
2850 4443 3209 4496 valetudinem
3238 4443 3833 4503 iuditurus:anuuutiat

2239 4535 2414 4601 nobis,
2443 4534 2585 4606 quod
2618 4535 2922 4591 errantibus
2953 4536 3031 4591 via
3064 4546 3358 4590 monstrata
3383 4537 3473 4602 sit,
3504 4538 3554 4596 in
3588 4539 3831 4595 tenebris

2236 4626 2551 4700 degentibus
2584 4627 2670 4682 lux
2705 4628 3011 4697 apparuerit
3039 4668 3052 4694 ,
3086 4627 3386 4698 de<peratis
3412 4630 3562 4683 salus
3587 4629 3830 4686 advene-

2235 4720 2323 4774 rit.
2358 4719 2488 4786 Quia
2535 4719 2674 4778 enim
2719 4734 2749 4774 a
2796 4718 2910 4788 lege
2959 4718 3185 4772 instituti
3236 4734 3339 4773 non
3391 4721 3733 4790 resipuimus,
3767 4731 3829 4777 et

2237 4811 2509 4886 prepbetis
2552 4810 2978 4866 n'tonstrantibus
3011 4827 3116 4864 non
3150 4814 3382 4866 revocati
3415 4827 3597 4868 sumus
3631 4814 3696 4868 ad
3727 4829 3828 4869 co—

2232 4905 2523 4976 gnitionem
2578 4904 2862 4970 veritatis,
2909 4920 3028 4958 cum
3085 4905 3323 4974 ingratus
3370 4916 3554 4961 noster
3605 4909 3825 4965 animus

2233 4997 2409 5050 omnia
2444 4996 2495 5049 in
2527 4996 2823 5064 periculum
2857 4996 3148 5062 conjiccrct
3179 4997 3513 5066 humanaque
3540 4999 3824 5054 subverte-

2232 5099 2344 5154 ret;
2374 5089 2459 5141 ubi
2491 5088 2584 5142 Dei
2613 5086 2913 5156 benignitas
2943 5103 3039 5141 nos
3068 5089 3196 5141 vidit
3221 5129 3236 5154 ,
3269 5098 3321 5142 et
3351 5104 3380 5142 a
3413 5089 3545 5158 legis
3576 5090 3821 5145 instituto

2232 5179 2509 5244 defecisse,
2531 5188 2585 5233 et
2601 5194 2628 5232 a
2656 5179 3034 5248 prophetarum
3052 5179 3212 5233 ductu
3233 5178 3535 5242 deﬂexisse,
3557 5181 3818 5235 iinmensa

2233 5273 2468 5328 bonitate
2512 5287 2604 5325 sua
2643 5272 2992 5340 pervicaciam
3029 5282 3270 5325 nostram
3317 5272 3513 5326 devicit
3537 5315 3551 5334 ,
3576 5276 3816 5342 Exangc—

2231 5367 2464 5435 liumque
2489 5363 2635 5433 regni
2664 5377 2762 5416 ceu
2791 5362 3054 5430 quoddam
3085 5363 3286 5433 regium
3313 5378 3507 5415 munus
3533 5379 3624 5430 per
3646 5372 3812 5416 totum

2230 5459 2414 5511 orbem
2447 5454 2750 5526 proposuit,
2785 5456 2940 5508 nobis
2970 5455 3206 5524 indignis
3235 5455 3416 5508 omnia
3449 5455 3676 5525 benigne
3703 5455 3814 5509 lar-

2228 5547 2367 5617 giliis
2397 5557 2499 5602 est.
2533 5547 2734 5601 l’rodiit
2762 5562 2891 5616 ergo
2922 5546 3173 5600 salutaris
3209 5547 3378 5617 gratia
3407 5587 3421 5611 ,
3465 5564 3585 5616 qua:
3626 5561 3814 5602 omnes

2232 5640 2524 5704 beneficiis,
2550 5640 2716 5709 iisque
2741 5640 2922 5705 variis,
2951 5638 3149 5704 affecit,
3175 5653 3362 5693 servos
3388 5639 3654 5703 liberavit,
3687 5655 3814 5708 pau-

2233 5748 2389 5802 peres
2439 5729 2658 5796 ditavit,
2715 5731 2931 5787 exsules
2981 5728 3227 5796 reduxit,
3281 5729 3520 5800 captivos
3562 5728 3809 5784 redemit.
