4092 6206
397 341 505 400 {s53
1169 343 1224 398 S.
1260 343 1542 400 JOANNIS
1578 344 2064 403 CHIHSOSTOMI
2100 344 2416 404 ARCIIIEP.
2452 346 2996 403 CONS’I'ANTINOP.

393 461 469 513 ε’ἲιν
502 458 599 532 τὴν
635 465 794 527 φύσιν
832 460 924 513 καὶ
964 461 1255 530 ἀμέριστος
1299 463 1390 515 καὶ
1419 463 1855 532 ἀσχημάτιστος,
1890 464 2052 528 αὐτὸς

394 547 554 610 τιεὸς⁸
587 548 650 599 ἐκ
688 546 843 609 Θεοῦ,
891 547 1052 600 εἰκὼν
1098 547 1190 599 τοῦ
1239 548 1494 620 ἀοράτου,
1541 551 1920 620 Ἀπαύγασμα
1947 551 2057 618 τῆς

393 633 578 701 δόξης
598 633 692 686 καὶ
715 633 1015 702 χαρακτὴρ
1051 634 1461 701 ὑποστάσεως,
1487 637 1773 708 διαφόρους
1810 638 2054 691 ἐνδύεται

395 722 765 792 προσηγορίας
785 762 798 784 ,
829 723 888 773 οὐ
921 712 1055 792 πρδς
1084 722 1182 791 τὴν
1224 721 1384 791 φύσιν
1411 724 1784 794 ἁρμοζούσας,
1817 725 1951 778 άλλά
1985 728 2050 796 τῇ

394 809 683 880 εὐεργεσίᾳ
731 808 1066 878 πρεπούσας.
1114 810 1328 880 Ἐπειδὴ
1359 810 1466 882 γὰρ
1515 813 1692 866 πάντα
1735 813 1948 866 διέπεσε
1984 813 2054 866 τά
2087 877 2098 888 .

393 895 726 966 ἀνθρώπινα,
759 897 839 958 εἰς
862 895 1050 949 ἑαυτὸν
1071 896 1441 966 ἀναλαμϐάνει
1469 897 1532 950 τὰ
1564 897 1738 950 πάντα
1761 899 2051 970 οἰκειότητι

391 987 458 1054 τῇ
495 977 562 1036 τά
606 984 779 1036 πάντα
822 982 1242 1054 ἀνακαινιζούσῃ
1289 985 1469 1054 χάριτι
1507 984 1607 1048 τὰς
1658 987 2047 1058 προσηγορίας,

391 1074 695 1144 δεχόμενος.
723 1073 893 1144 Λιμὸς
924 1070 992 1144 ἦν
1022 1074 1208 1142 πολὺς,
1238 1075 1396 1144 λιμὸς
1422 1077 1564 1129 θείου
1596 1074 1776 1144 λόγου,
1807 1077 1962 1147 λιμὸς
1989 1077 2049 1131 ὃν

391 1162 684 1233 ἠπείλησεν
705 1165 732 1215 6
755 1162 885 1224 Θεὸς
910 1165 974 1234 τῇ
1006 1166 1320 1234 συναγωγῇ,
1351 1163 1552 1231 λέγων·
1595 1164 1923 1218 Ἀποστελῶ
1951 1167 2049 1219 αὑ-

389 1249 508 1313 τοῖς
538 1253 609 1302 οὐ
635 1251 813 1318 λιμὸν
837 1250 1040 1317 ἄρτου,
1063 1251 1204 1303 οὐδὲ
1224 1251 1412 1320 δίψαν
1431 1251 1665 1319 ὕδατος,
1693 1253 1854 1308 ἀλλὰ
1871 1254 2048 1324 λιμὸν

388 1336 496 1389 τοῦ
523 1337 779 1391 ἀκοῦσαι
815 1338 1001 1405 λόγον
1032 1335 1275 1406 Κυρίου.

461 1424 526 1493 β’.
583 1425 732 1476 Ἐτπί
769 1420 862 1477 οὖν
896 1425 1014 1496 ⁴ᾔδει
1042 1425 1312 1479 πεινῶσαν
1334 1427 1433 1498 τὴν
1460 1429 1800 1498 οἰκουμένην,
1843 1429 1937 1482 καὶ
1966 1429 2046 1482 λι-

391 1509 477 1579 μῷ
539 1510 934 1582 φθειρομένην·
984 1511 1013 1564 6
1065 1512 1172 1584 γάρ
1218 1515 1364 1567 ἐστιν
1411 1515 1642 1586 ἀτροφία
1683 1515 1760 1586 τῷ
1809 1515 2042 1587 σώματι,

386 1597 543 1649 τοῦτο
571 1598 939 1651 ἀπαιδευσίαδ
973 1601 1037 1669 τῇ
1065 1598 1208 1670 ψυχῇ
1232 1617 1244 1630 ·
1399 1600 1486 1654 διά
1514 1599 1620 1654 τῶν
1635 1599 1981 1671 Εὐαγγελίων
2011 1607 2043 1676 ἡ

388 1681 537 1752 πηγὴ
566 1681 673 1734 τῶν
703 1683 953 1750 ἀγαθῶν·
989 1684 1129 1754 Ἐγώ
1169 1687 1285 1754 ειμι
1330 1690 1363 1740 ό
1403 1687 1580 1756 ἄρτος
1610 1707 1642 1740 ο
1678 1687 1747 1752 ἐξ
1781 1689 2038 1758 οὐρανοῦ

385 1769 642 1835 καταϐὰς
667 1809 682 1832 ,
743 1771 840 1823 καὶ
891 1769 1045 1839 ζωὴν
1085 1772 1291 1839 διδοὺς
1326 1774 1405 1839 τῷ
1436 1775 1660 1844 κόσμῳ.
1714 1777 1771 1830 ’0
1804 1762 1902 1846 μὲν
1936 1779 2044 1848 γὰρ

385 1855 637 1926 αἰσθητὸς
665 1858 770 1911 ἀπὸ
805 1859 906 1929 γῆς
934 1861 1280 1933 προέρχεται,
1307 1864 1446 1917 κατά
1482 1863 1544 1916 τὸ
1582 1865 1889 1935 εἰρημένον,
1935 1867 2044 1923 Τοῦ

381 1941 694 2012 ἐξαγαγεῖν
721 1942 900 2009 ἄρτον
935 1946 1005 2000 ἐκ
1048 1946 1158 2016 τῆς
1199 1948 1342 2018 γῆς·
1369 1952 1398 2004 6
1429 1949 1483 2003 δέ
1513 1949 1759 2022 οὐράνιος
1791 1952 1848 2019 ἐξ
1883 1955 2045 2026 οὐρα-

381 2028 474 2082 νοῦ
526 2030 785 2099 πηγάζει·
831 2031 971 2103 Ἐγὼ
1026 2035 1134 2107 γάρ
1182 2036 1365 2107 εἰμιό
1400 2037 1576 2105 ἄρτος
1607 2041 1639 2092 ὀ
1681 2039 1750 2104 ἐξ
1785 2042 2044 2108 οὐρανοῦ

381 2117 661 2200 καταϐάς.
694 2120 936 2190 Ἔρημος
975 2115 1042 2192 ἦν
1070 2123 1140 2194 γῆ
1177 2122 1408 2194 διψῶσα,
1447 2127 1540 2179 καὶ
1575 2127 1912 2200 ἐστερημένη
1949 2130 2042 2184 τοῦ

383 2199 526 2290 θείου
559 2203 739 2272 λόγου,
778 2207 870 2259 καὶ
905 2207 1006 2260 οὐκ
1035 2207 1229 2278 ἔχουσα
1265 2212 1364 2281 τῆς
1406 2214 1780 2284 πνευματικῆς
1823 2216 2044 2290 ἀρδείας

379 2287 478 2358 τὴν
509 2290 825 2345 ἀπόλαυσιν.
873 2293 936 2344 Τί
986 2290 1107 2361 οῦνς
1151 2297 1184 2368 ἡ
1215 2297 1350 2369 αὐτὴ
1387 2299 1546 2353 πάλιν
1603 2301 1758 2371 χάρις
1794 2287 1912 2374 βοᾷ,
1945 2305 2044 2376 τὴν

379 2377 696 2448 εὐεργεσίαν
737 2380 1086 2451 πηγάζουσα·
1120 2383 1194 2435 ΕΖ
1237 2401 1326 2450 τις
1371 2384 1550 2453 διψᾷ,
1590 2387 1853 2454 ἐρχέσθω
1893 2391 2043 2457 πρός

377 2480 473 2532 με,
509 2465 606 2517 καὶ
645 2465 878 2520 πινέτω.
923 2467 1138 2539 Ἐπειδὴ
1169 2469 1276 2540 γάρ
1307 2470 1576 2543 διαφόρως
1614 2474 1783 2527 ἐϐόων
1816 2475 1864 2528 οἰ
1909 2494 2043 2548 προ-

381 2550 580 2619 φῆται,
627 2553 719 2604 καὶ
762 2555 866 2617 πᾶς
912 2556 940 2608 6
970 2554 1078 2607 τῶν
1121 2556 1292 2623 ἀγίων
1333 2557 1494 2628 χορὸς
1534 2559 1688 2629 ἐδίψα
1732 2560 1896 2615 αὐτοῦ
1943 2564 2042 2635 τὴν

381 2639 701 2721 παρουσίαν,
733 2639 932 2707 λέγων·
971 2643 1025 2694 '0
1058 2642 1224 2710 Θεὸς,
1252 2647 1286 2698 ό
1324 2647 1466 2712 Θεός
1487 2664 1627 2715 μου,
1665 2649 1815 2716 πρὸς
1842 2650 1916 2704 σὲ
1948 2653 2043 2721 ὀρ-

380 2720 572 2788 ιφίζω·
617 2722 912 2791 ἐδίψησεν
947 2727 985 2794 ἡ
1013 2726 1181 2795 ψυχή
1204 2745 1322 2796 μου
1353 2731 1503 2798 πρὸς
1524 2731 1632 2785 τὸν
1657 2734 1804 2788 Θεὸν
1828 2720 2037 2797 ζῶντα·

381 2808 700 2899 βουλόμενος
727 2811 912 2878 δεῖξαι,
947 2813 1027 2867 ὅτι
1060 2815 1222 2880 αὐτός
1247 2818 1393 2871 ἐστιν
1428 2818 1488 2872 ὃν
1513 2819 1706 2890 ἐδίψων
1737 2824 1785 2876 οἰ
1831 2828 2039 2899 προφῆ-

379 2913 492 2958 ται,
522 2897 619 2969 βοᾷ
665 2899 754 2952 διὰ
779 2899 884 2952 τῶν
916 2900 1290 2971 Εὑαγγελίων·
1325 2905 1400 2960 ει
1440 2923 1528 2973 τις
1565 2907 1734 2978 διψᾷ,
1776 2897 2040 2981 ἐρχέσθω

380 2987 530 3053 πρός
561 3004 657 3055 με,
694 2989 788 3042 καί
825 2989 1061 3044 πινέτω.
1091 2992 1161 3044 EE
1191 3009 1275 3057 τις
1319 2995 1434 3048 ἐστὶ
1474 2997 1614 3051 κατά
1647 3000 1737 3052 τὸν
1779 3000 2035 3071 λέγοντα·

393 3075 643 3145 Ἐδίψησέ
679 3093 737 3130 σε
767 3079 800 3149 ἡ
830 3077 972 3150 ψυχή
1011 3097 1131 3149 μου,
1157 3081 1398 3153 ἐρχέσθω
1423 3085 1558 3155 πρός
1601 3104 1686 3158 με.
1716 3084 1836 3143 Εἷδε
1877 3091 2036 3146 πάλιν

380 3161 478 3231 τὴν
521 3163 840 3233 οἰκουμένην
899 3165 1130 3236 γυμνὴν,
1173 3169 1232 3220 οὐ
1269 3169 1349 3240 τῷ
1387 3169 1596 3241 σώματι
1646 3176 1875 3248 γυμνὴν,
1925 3179 2038 3232 ἀλλ’

381 3253 578 3322 ἀρετῆς
608 3256 1063 3328 γεγυμνωμένην·
1111 3254 1216 3311 εἶδε
1246 3258 1306 3312 τὸ
1341 3259 1564 3332 πλάσμα
1595 3262 1624 3315 δ
1654 3263 1910 3334 ἔπλασεν,
1945 3270 2040 3322 καὶ

379 3341 605 3410 ἠλέησεν
639 3342 668 3392 ὃ
717 3344 962 3414 ἐποίησε,
1005 3346 1100 3399 καί⁵
1147 3346 1360 3400 δίδωσιν
1407 3348 1609 3420 ἔνδυμα
1657 3355 1769 3414 τοῖς
1817 3359 2040 3424 γυμνοῖς

378 3428 537 3491 αὐτὸς
563 3430 773 3494 ἑαυτὸν,
799 3430 977 3495 καθὼς
1003 3434 1099 3485 καὶ
1119 3433 1216 3504 ἤδη
1241 3436 1502 3506 πρότερον
1529 3437 1770 3507 ἔφθημεν
1795 3441 2040 3507 εἰπόντες

378 3516 497 3568 τότε
519 3532 532 3545 ·
569 3517 735 3570 Ὅσοι
773 3520 860 3584 εὶς
906 3520 1161 3587 Χριστὸν
1202 3521 1623 3590 ἐϐαπτίσθητε,
1665 3526 1920 3593 Χριστὸν
1951 3529 2040 3581 ἐν·

379 3599 699 3655 εόὐσασθε.
732 3602 1048 3672 Πεπλάνητο
1079 3604 1112 3672 ἡ
1151 3606 1221 3675 γῆ
1254 3605 1370 3657 ὁδὸν
1411 3605 1665 3676 ζητοῦσα,
1707 3609 1798 3660 καὶ
1836 3609 1910 3678 μὴ
1951 3610 2040 3661 εὐ-

381 3687 672 3756 ρίσκουσα·
717 3690 862 3741 πᾶσα
901 3689 1008 3760 γάρ
1052 3690 1197 3762 ψυχὴ
1243 3691 1355 3761 ἔχει
1401 3693 1458 3745 ἐν
1505 3694 1670 3764 ἑαυτῇ
1717 3695 1775 3746 τὸ
1817 3696 2040 3766 σπέρμα

376 3776 473 3845 τῆς
507 3776 800 3844 θεολογίας,
830 3777 923 3830 καὶ
955 3777 1150 3848 ἔχουσα
1180 3781 1282 3832 οὐκ
1314 3780 1452 3851 ᾔδει,
1493 3782 1608 3845 πῶς
1640 3782 1720 3836 δεῖ
1753 3782 1986 3853 θηράσαι
2011 3795 2034 3823 ο

377 3863 437 3914 τὸ
469 3863 819 3934 ποθούμενον.
857 3865 1072 3936 Ἐπειδὴ
1112 3861 1204 3920 οὖν
1252 3868 1350 3938 οὐχ
1397 3868 1650 3939 εὕρισκον
1697 3870 1812 3923 ὁδὸν
1849 3872 1899 3923 οἰ
1944 3888 2039 3923 πε-

377 3949 736 4020 πλανημένοι·
778 3949 916 4019 Ἐγώ
958 3954 1092 4020 εἰμι,
1141 3955 1325 4024 φησὶν,
1367 3955 1404 4022 ἡ
1437 3955 1597 4022 ὁδός.
1641 3956 1796 4010 Ἀλλά
1849 3958 2040 4027 νεκρὸς

377 4031 466 4099 εἷς
510 4036 648 4104 Ἐγώ
697 4039 810 4104 ειμι
858 4038 896 4105 ή
930 4037 1283 4106 ἀνάστασις.
1339 4042 1476 4094 Ἀλλ’
1519 4042 1750 4114 ἀσθενὴς
1800 4038 1850 4096 εἷ
1892 4062 2040 4116 χειρ-

377 4122 621 4189 αγωγίας
649 4122 930 4192 δεόμενος;
970 4125 1108 4194 Ἐγώ
1147 4129 1261 4198 εἰμι
1295 4130 1328 4198 ἡ
1367 4127 1559 4199 ῥάϐδος
1596 4132 1628 4201 ἡ
1662 4133 1726 4182 ἐκ
1756 4131 1855 4201 τῆς
1885 4133 2039 4204 ῥίζης

390 4210 587 4262 Ἰεσσαὶ
619 4211 940 4281 στηρίζουσα
967 4214 1094 4276 τοὺς
1121 4213 1498 4277 ἀσθενοῦντας,
1528 4216 1656 4285 περὶ
1696 4214 1764 4288 ἦς
1801 4217 1983 4287 ἔλεγεν
2011 4222 2038 4272 ὁ

378 4299 686 4368 προφήτης·
718 4299 777 4352 Ἠ
794 4299 1014 4366 ῥάϐδος
1045 4318 1160 4355 σου
1194 4303 1290 4355 καὶ
1327 4303 1362 4369 ἡ
1387 4303 1683 4371 ,ϐακτηρία
1717 4321 1832 4358 σου
1863 4303 2038 4361 αὗταί

371 4403 448 4454 με
495 4385 931 4453 παρεκάλεσαν.
981 4388 1079 4441 Διά
1119 4389 1172 4442 τί
1231 4389 1454 4461 ῥάϐδος,
1503 4391 1588 4444 διά
1631 4393 1683 4443 τί
1730 4391 2034 4464 βακτηρίας

389 4473 604 4547 Ἐπειδὴ
652 4476 788 4547 πρὸς
838 4477 1017 4529 πᾶσαν
1073 4477 1287 4546 ἠλικίαν
1346 4479 1638 4549 ἁρμόττει·
1679 4481 1829 4540 νέους
1878 4483 2037 4534 παιδ-

374 4565 599 4631 αγωγεῖ,
627 4564 884 4635 γέροντας
909 4563 1172 4636 στηρίξει.
1207 4565 1367 4630 Ἀλλ’,
1397 4560 1442 4618 ὣ
1461 4566 1713 4631 δέσποτα,
1737 4566 2039 4624 Πεινῶντά

367 4669 446 4720 με
490 4651 767 4719 ἔθρεψας,
807 4650 1075 4720 διψῶντα
1099 4669 1178 4721 με
1212 4653 1516 4719 ὲπότισας,
1561 4655 1790 4725 γυμνόν
1836 4657 2039 4713 ἐνέδυ-

373 4756 510 4804 σας,
543 4738 698 4810 [405]
742 4739 1155 4810 πεπλανημένον
1190 4740 1500 4812 ὡδήγησας,
1541 4743 1866 4798 ἀσθενοῦντα
1911 4747 2039 4800 ἐϐα-

373 4824 702 4893 κτηρίασας·
751 4823 961 4891 φθάσας
1006 4824 1098 4877 ἐπὶ
1139 4825 1237 4894 τὴν
1268 4825 1408 4888 ὁδὸν,
1453 4825 1748 4880 κατέλαϐον
1799 4829 1867 4881 τά
1917 4830 2036 4901 ῖχνη

372 4910 468 4978 τῆς
497 4907 810 4970 εὐσεϐείας·
848 4907 994 4979 ζητῶ
1030 4907 1177 4980 τὴνά
1220 4908 1388 4982 θύραν
1432 4911 1533 4981 τῆς
1571 4911 1854 4982 ἀληθείας·
1895 4915 1977 4978 τίς
2010 4917 2038 4968 ὁ

371 4993 618 5059 δεικνύςς
663 4995 801 5064 Ἐγώ
845 4996 962 5064 εἰμι
991 4995 1028 5063 ή
1079 4997 1261 5065 θύρα⁹
1303 4996 1370 5050 δι’
1415 4997 1548 5068 ἐμοῦ
1596 5001 1702 5062 πᾶς
1736 5001 2039 5072 εἰσέρχεται

374 5093 507 5163 πρὸς
536 5093 625 5145 τὸν
660 5093 896 5163 Πατέρα.
925 5091 1022 5146 Διά
1067 5092 1182 5160 σοῦ,
1209 5093 1298 5148 διὰ
1329 5094 1409 5158 τί;
1452 5095 1600 5168 Ιιύλη
1641 5097 1748 5168 γάρ
1782 5100 1896 5168 εἰμι
1931 5116 2037 5152 σω-

372 5181 565 5252 τηρίας
614 5181 973 5252 ἠνεῳγμένη,
1026 5185 1090 5254 ἣν
1141 5182 1388 5254 ἐπιζητεῖ
1441 5185 1469 5236 ὁ
1525 5185 1793 5256 μακάριος
1843 5187 2034 5252 Δαυῒδ,

372 5268 571 5332 πολλάς
622 5269 720 5340 μὲν
753 5271 1047 5340 ἐπινοήσας
1067 5281 1111 5337 ο,
1155 5271 1284 5341 μίαν
1327 5269 1384 5322 δέ
1427 5271 1636 5342 εὑρών·
1671 5272 1739 5325 τά
1787 5273 1886 5342 μὲν
1930 5275 2038 5346 γάρ

373 5357 564 5428 πρῶτα
616 5358 798 5423 λέγει,
852 5357 1143 5422 ’Λνοίεατέ
1199 5375 1304 5427 μοι
1359 5360 1556 5426 πύλας
1607 5359 2034 5431 δικαιοσύνης·

367 5445 656 5500 εἰσελθὼν
683 5447 751 5499 ἐν
778 5445 986 5511 αὐταῖς
1008 5446 1518 5518 ἐξομολογήσομαι
1548 5447 1627 5514 τῷ
1645 5453 1856 5518 Κιρῳ.
1885 5453 2038 5506 Ἐπεὶ

431 5547 456 5573 ⁸
482 5545 616 5592 linus
633 5546 793 5595 αὐτόθι
809 5565 868 5602 σς.

431 5606 458 5646 b
487 5607 617 5654 Idem
636 5607 776 5656 τοῦτο
794 5608 1021 5666 ἀγνωσία.

432 5670 454 5736 ς
483 5669 563 5736 δίο
581 5666 806 5736 δεξεμ-οι
828 5683 951 5736 υηιιδ
970 5670 1144 5736 codex.
1170 5671 1339 5722 Morel.
1367 5674 1468 5730 πῶς
1490 5675 1701 5736 θηρᾶται.

428 5729 454 5766 d
489 5729 623 5776 L'nus
644 5731 768 5783 ζητῶ
790 5731 952 5776 λοιπὸν
973 5734 1074 5789 τήν.

433 5800 460 5832 e
487 5789 620 5838 Idem
641 5790 921 5846 ὑπονοήσας.

3721 345 3825 402 δδι

2160 463 2215 516 δέ
2249 462 2267 502 ί
2302 463 2458 533 ἔτυχε
2484 463 2580 534 τῆς
2606 464 2894 534 αἰτήσεως,
2921 461 3012 514 καὶ
3038 451 3196 532 εὗρεν
3226 464 3254 514 ὃ
3286 460 3360 530 μὴ
3399 459 3819 532 προσεδόκησεν,

2161 551 2219 601 οὐ
2257 550 2493 613 πολλάς,
2547 549 2680 603 ἀλλά
2736 550 2895 620 μίαν,
2950 547 3416 615 ἀνακαλεσάμενος
3470 565 3571 619 την
3629 548 3818 602 εαυτοῦ

2162 639 2365 708 φωνὴν,
2394 639 2752 708 λέγειἈῦτη
2781 640 2819 707 ἡ
2852 639 3015 704 πύλη
3043 637 3147 690 τοῦ
3180 635 3226 688 Κ
3233 636 3423 704 ιιρίου,
3452 634 3667 689 δίκαιοι
3701 639 3822 690 εισ-

2160 726 2512 778 ελεύσονται
2549 726 2620 778 ἐν
2659 725 2832 792 αὐτῇ.
2885 719 3018 778 Εἶτα
3049 726 3114 794 τῇ
3167 724 3475 794 προφητικῇ
3526 723 3678 792 ὄψει,
3729 725 3821 777 καὶ

2159 810 2237 880 τῷ
2282 811 2430 882 πόθῳ
2466 812 2566 883 τῆς
2607 811 2784 881 ψυχῆς
2825 811 2932 864 ἔσω
2977 809 3282 881 παρελθὼν,
3317 809 3409 862 καὶ
3451 810 3640 880 ὥσπερ
3669 811 3820 873 ἐντὸς

2164 899 2266 953 τῶν
2311 898 2593 970 βασιλείων
2629 899 2935 969 γενόμενος,
2979 896 3523 966 Ἐξομολογήσομαί
3563 913 3681 958 σοι,
3717 915 3822 968 φη-

2160 986 2263 1050 σὶν,
2307 985 2396 1039 ὅτι
2445 983 2794 1050 ἐπήκουσάς
2815 1002 2952 1054 μου.
2997 984 3152 1046 Εἰπὲ,
3184 977 3228 1036 ὦ
3266 985 3517 1054 προφῆτα
3567 985 3660 1037 καὶ
3713 985 3823 1038 θεο-

2157 1072 2302 1141 λόγε,
2337 1073 2628 1144 ἐξομολογῇ
2673 1074 2767 1126 καὶ
2797 1073 3132 1143 εὐχαριστεῖς
3164 1071 3242 1142 τῷ
3271 1071 3416 1141 Θεῷ;
3445 1071 3498 1124 τί
3546 1071 3693 1135 ἄξιον
3723 1073 3822 1141 τῆς

2159 1159 2478 1230 προσδοκίας
2519 1159 2726 1231 εὐρὼν;
2759 1161 2822 1212 Οί
2855 1160 2962 1230 γὰρ
3002 1159 3390 1229 ἐπιθυμοῦντες
3419 1159 3706 1229 παρελθεῖν
3738 1163 3820 1221 είς

2155 1244 2301 1300 οἶκον
2349 1247 2650 1317 βασιλείας.
2703 1246 3056 1316 ἀναμένουσιν
3090 1247 3331 1299 ἑστιᾶσαι
3374 1245 3472 1308 τάς
3516 1245 3666 1314 ὄψεις
3703 1249 3820 1310 τοῖς

2156 1334 2520 1404 φαινομένοις,
2552 1333 2735 1404 χρυσῷ
2765 1333 2964 1403 πολλῷ,
3003 1333 3309 1404 μαρμάροις
3342 1335 3816 1405 ἀπαστράπτουσι,

2154 1425 2263 1485 τοῖς
2304 1422 2564 1486 ποικίλοις
2608 1423 2792 1475 ἄνθεσι
2819 1421 2911 1474 τοῦ
2949 1419 3178 1473 πλούτου
3200 1463 3212 1484 ,
3247 1423 3313 1491 τῇ
3360 1421 3655 1491 δορυφορίᾳ
3692 1425 3757 1492 τῇ
3793 1425 3819 1459 κ

2155 1511 2282 1581 περὶ
2316 1509 2405 1563 τὸν
2439 1509 2680 1580 βασιλέα,
2714 1508 2793 1579 τῷ
2827 1508 2998 1580 θρόνῳ
3028 1507 3106 1579 τῷ
3137 1507 3418 1578 βασιλικῷ,
3446 1512 3563 1571 ταῖς
3592 1509 3820 1579 δωρεαῖς

2152 1603 2259 1656 τῶν
2290 1601 2581 1670 βασιλέων·
2613 1599 2785 1653 ταῦτα
2825 1599 3135 1671 προσδοκῶν
3162 1599 3388 1662 ἔκαστος
3421 1598 3565 1663 ίδεῖν,
3594 1599 3720 1670 διψᾷ
3748 1600 3820 1653 τὰ

2156 1690 2415 1761 βασίλεια.
2456 1689 2551 1742 καὶ
2582 1688 2716 1758 πρὸς
2756 1687 2848 1741 τὸν
2884 1687 3047 1740 πόθον
3075 1686 3385 1754 ἐπείγεται·
3424 1687 3488 1740 σὺ
3526 1687 3583 1739 δὲ
3621 1688 3674 1740 τί
3719 1705 3823 1741 ποι

2155 1778 2264 1842 θεῖς
2300 1771 2374 1832 ὧν
2408 1772 2562 1848 εὗρες
2593 1775 2844 1830 εἰσελθὼν
2872 1775 2978 1828 ἔσω
3005 1775 3103 1847 τῆς
3135 1773 3341 1845 πύλης;
3375 1775 3516 1846 ὑπὲρ
3552 1775 3696 1839 τινος
3732 1779 3820 1830 εὐ-

2153 1868 2458 1938 χαριστεῖς;
2489 1865 2540 1917 τί
2571 1864 2710 1936 μέγα
2748 1861 3091 1926 καταλαϐὼν,
3120 1862 3172 1915 τί
3203 1861 3376 1933 εὑρὼν
3399 1863 3497 1932 τῆς
3522 1863 3820 1933 ἐπιθυμίας

2153 1953 2329 2018 ἀξιονς
2367 1954 2699 2024 ἐρμήνευσον
2739 1949 2830 2003 τὸν
2878 1949 3063 2016 πόθον,
3109 1950 3197 2003 ἵνα
3247 1949 3454 2019 μήποτε
3485 1952 3517 2020 ἡ
3554 1951 3819 2024 Ίουδαῖκὴ

2151 2041 2502 2110 ἀναισχυντία
2546 2037 2926 2108 συκοφαντήσῃ
2954 2037 3053 2108 τὴν
3103 2035 3378 2106 ἀλήθειαν.
3422 2037 3487 2088 Τί
3532 2031 3722 2109 εὗρεςς
3761 2041 3818 2092 τί

2152 2129 2472 2200 κηρύττειςς
2502 2128 2554 2180 τί
2583 2126 2916 2197 θαυμάζεις;
2960 2125 3214 2196 Χριστὸν,
3257 2126 3444 2196 φησὶν,
3475 2120 3651 2194 εὖρον.
3689 2127 3819 2196 Χρισ

2154 2215 2280 2268 στοῦ
2328 2215 2426 2286 τὴν
2454 2213 2764 2283 οἰκονομίαν
2807 2208 2966 2278 εἶδον,
2996 2211 3093 2283 τὴν
3124 2211 3314 2282 καινὴν
3369 2212 3548 2282 χάριν,
3584 2213 3683 2280 τὴν
3726 2213 3818 2279 ξέ-

2151 2318 2249 2372 νην
2313 2301 2651 2372 εὐεργεσίαν,
2698 2299 2760 2351 τὸ
2819 2296 3028 2362 ἔνδοξον
3095 2295 3297 2362 πάθος,
3352 2298 3451 2367 τὴν
3507 2299 3819 2370 ἀπόρρητον

2155 2386 2577 2457 μυσταγωγίαν·
2633 2385 2806 2438 ταῦτα
2849 2383 3059 2454 βλέπω,
3105 2383 3277 2438 ταῦτα
3328 2383 3622 2453 θαυμάζω,
3675 2387 3820 2458 ὑπὲρ

2149 2472 2351 2526 τούτων
2377 2472 2712 2545 εὐχαριστῶν
2746 2472 2916 2541 λέγω·
2961 2469 3511 2540 Ἐξομολογήσομαί
3557 2488 3679 2537 σοι,
3727 2473 3819 2528 ὅτι

2149 2559 2497 2626 ὲπήκουσάς
2538 2579 2678 2630 μου,
2731 2561 2831 2614 καί
2870 2557 3082 2628 ἐγένου
3113 2576 3213 2628 μοι
3251 2562 3339 2626 είς
3379 2561 3700 2626 σωτηρίαν.
3737 2564 3817 2614 Οὐ

2150 2644 2376 2716 κρύπτω
2410 2644 2508 2716 τὴν
2541 2645 2876 2717 εὐεργεσίαν,
2910 2645 2971 2698 οὐ
3009 2643 3339 2715 ταμιεύομαι
3376 2645 3476 2716 τὴν
3517 2645 3817 2716 σωτηρίαν,

2149 2733 2262 2786 ἀλλ’
2301 2732 2719 2803 εὐαγγελίζομαι
2761 2731 2858 2802 τὴν
2899 2732 3228 2801 οἰκονομίαν.
3265 2732 3448 2785 Λίθον
3493 2732 3565 2784 ὃν
3602 2732 3818 2786 dat-:60-

2149 2823 2416 2893 κίμασαν
2453 2822 2508 2875 οί
2547 2821 3023 2889 οἰκοδομοῦντες,
3065 2816 3242 2885 οὗτος
3293 2819 3549 2888 ἐγενήθη
3598 2823 3686 2884 εἱς
3722 2837 3821 2873 κε-

2147 2909 2355 2981 φαλὴν
2386 2909 2620 2980 γωνίας.
2660 2909 2824 2979 ὐρᾷς
2849 2909 2996 2971 ὅπως
3025 2908 3058 2978 ἡ
3092 2907 3409 2978 εὐχαριστία
3446 2907 3544 2976 τὴν
3576 2908 3818 2979 ἱστορίαν

2147 2996 2494 3069 ἐγύμνωσεν;
2543 2993 3087 3064 Ἑξομολογήσομαί
3133 3008 3264 3060 σοι,
3318 2993 3407 3048 ὅτι
3459 2995 3819 3063 ἐπήκουσύς

2141 3103 2261 3156 μου
2294 3083 2394 3138 καὶ
2429 3081 2639 3153 ἐγένου
2677 3100 2780 3151 μοι
2809 3085 2890 3147 εἰς
2939 3082 3261 3150 σωτηρίαν.
3299 3082 3480 3136 Λίθον
3504 3080 3578 3135 ὃν
3607 3081 3815 3136 6.1360-

2147 3172 2412 3240 κίμασαν
2453 3173 2508 3224 οι
2545 3168 3028 3238 οἰκοδομοῦντες,
3079 3165 3258 3234 οὗτος
3288 3168 3540 3237 ἐγενήθη
3588 3171 3676 3234 εἰς
3718 3186 3814 3222 κε-

2146 3257 2352 3327 φαλὴν
2395 3258 2628 3327 γωνίας.
2670 3256 2830 3327 Ὁρᾷς
2877 3257 3024 3319 ὅπως
3067 3257 3253 3310 ἅπασα
3297 3256 3404 3310 τῶν
3436 3255 3732 3328 προφητῶν
3778 3259 3812 3326 ἠ

2147 3344 2440 3414 προσδοκία
2470 3343 2604 3414 πρὸς
2636 3343 2804 3413 αὐτὴν
2831 3342 3024 3394 ἔϐλεπε
3052 3343 3150 3414 τὴν
3177 3344 3508 3413 οἰκονομίαν,
3545 3344 3640 3397 καὶ
3679 3344 3723 3396 Χ
3734 3361 3817 3414 ρι-

2147 3430 2272 3484 στὸν
2310 3431 2492 3484 ἐπόθει
2529 3431 2620 3484 τὸν
2663 3432 2720 3482 ἐν
2751 3432 2817 3500 τῇ
2863 3433 3152 3500 συναγωγῇ
3187 3430 3623 3500 ἐξουθενημένον,
3667 3431 3727 3482 ἐν
3759 3429 3819 3483 δὲ

2145 3521 2258 3580 τοῖς
2288 3517 2463 3569 ἔθνεσι
2491 3515 2862 3586 δοξαζόμενον.
2891 3516 3098 3570 Οὐκοῦν
3129 3517 3215 3570 ῖνα
3253 3519 3334 3582 εἰς
3365 3517 3424 3570 τὸ
3457 3516 3818 3587 προκείμενον

2147 3606 2548 3676 ἐπανέλθωμεν,
2579 3606 2680 3659 κᾶν
2707 3605 2805 3676 τὴν
2847 3605 3021 3676 πύλην
3055 3605 3296 3678 ζητήσῃς
3317 3644 3332 3667 ,
3378 3606 3614 3676 Χριστὸν
3652 3605 3818 3676 εὐρὴ-

2148 3709 2280 3755 σεις.
2331 3692 2440 3746 Καὶ
2488 3693 2611 3758 ναὶ,
2653 3693 2819 3762 φησὶ,
2873 3691 3012 3764 θύρα
3060 3692 3147 3745 διὰ
3202 3692 3631 3763 φιλανθρωπίαν.
3674 3693 3817 3744 Ἀλλ·

2147 3779 2333 3850 ἐπειδὴ
2379 3779 2458 3831 δεῖ
2499 3778 2715 3842 πάντως
2759 3778 2838 3849 τῷ
2879 3779 3220 3832 εἰσελθόντιιι
3264 3781 3343 3840 εἰς
3393 3779 3670 3848 βασιλείαν
3720 3780 3820 3832 καὶ

2147 3867 2270 3919 ναὸν
2298 3865 2430 3919 Θεοῦ
2461 3865 2602 3936 ἔχειν
2630 3865 2719 3917 τὸν
2747 3865 3043 3935 ὁδηγοῦντα
3083 3867 3218 3936 πρὸς
3248 3867 3347 3938 τὴν
3377 3866 3674 3936 ἐπιθυμίαν
3711 3867 3822 3935 (οὐ-

2145 3954 2254 4018 δεὶς
2283 3953 2392 4025 γὰρ
2413 3955 2529 4006 καθ’
2551 3953 2742 4006 ἐαυτὸν
2769 3954 3110 4024 παραστῆναι
3133 3953 3305 4024 τολμᾷ
3327 3952 3403 4023 τῷ
3421 3953 3819 4024 θυσιαστηρίῳ,

2149 4041 2224 4113 μὴ
2266 4043 2402 4111 ἔχων
2429 4041 2522 4095 τὸν
2564 4040 2962 4112 ἱερατεύοντα)·
3001 4043 3128 4095 ὅταν
3155 4041 3312 4113 ἔλθῃς
3353 4042 3461 4094 ἔσω
3489 4041 3586 4111 τῆς
3617 4041 3819 4111 πύλης,

2146 4129 2418 4200 εὑρίσκεις
2462 4128 2621 4182 αὐτὸν
2669 4129 2822 4200 ἱερέα
2868 4129 3211 4200 προσάγοντά
3246 4146 3340 4182 σε·
3373 4129 3457 4182 Σὺ
3501 4129 3608 4200 γὰρ
3645 4128 3701 4182 εἰ
3736 4132 3821 4183 is-

2138 4215 2285 4283 ρεὺς
2325 4218 2412 4281 είς
2456 4215 2564 4268 τόν
2613 4215 2798 4268 αἰῶνα
2845 4216 2993 4269 κατὰ
3042 4215 3158 4283 τὴν
3205 4214 3376 4279 τάξιν
3415 4215 3816 4283 Μελχισεδέκ.

2159 4301 2316 4355 Ἀλλά
2344 4301 2498 4372 χρεία
2540 4300 2617 4371 τῷ
2648 4304 2782 4371 ἱερεῖ
2813 4303 2903 4354 καὶ
2933 4302 3170 4371 θύματος
3217 4305 3310 4355 καὶ
3351 4303 3546 4374 ἰερείου
3579 4303 3715 4374 πρὸς
3753 4304 3820 4357 τὸ

2145 4392 2235 4445 τὸν
2262 4391 2391 4444 Θεὸν
2417 4388 2822 4457 ἐξιλεὼσασθαι.
2864 4391 2920 4444 '0
2955 4391 3114 4454 αὑτός
3142 4409 3220 4444 σοι
3255 4391 3412 4444 πάλιν
3438 4393 3673 4460 γίνεται·
3701 4392 3820 4446 Ἴδε

2147 4481 2180 4532 ὁ
2213 4477 2401 4548 ἀμνὸς
2437 4478 2540 4531 τοῦ
2589 4479 2736 4532 Θεοῦ
2787 4483 2819 4532 ό
2869 4480 3052 4546 αἴρων
3097 4479 3210 4547 τὴν
3247 4481 3540 4549 ἁμαρτίαν
3578 4480 3683 4534 τοῦ
3717 4483 3821 4533 aed-

2145 4583 2324 4636 σμου.
2359 4566 2634 4629 Ἤκουσας
2665 4566 2837 4619 ταῦτα
2881 4567 3058 4620 πάντα
3085 4567 3173 4620 διὰ
3204 4568 3297 4634 σέ;
3330 4568 3560 4620 ἄκουσον
3593 4567 3701 4620 τῶν
3746 4568 3819 4622 δι’

2147 4653 2326 4706 αὐτόν.
2376 4651 2524 4726 [406]
2560 4655 2648 4724 Μὴ
2685 4654 2790 4724 γάρ
2837 4656 2893 4706 ἐν
2931 4657 2994 4724 τῇ
3029 4653 3122 4707 τοῦ
3165 4655 3355 4725 ἱερέως
3403 4655 3550 4718 τάξει
3610 4657 3821 4728 στήσῃς

2145 4741 2244 4812 τὴν
2269 4741 2517 4812 θεωρίαν,
2546 4740 2620 4812 μὴ
2650 4742 2763 4812 ἴδῃς
2785 4741 2946 4794 αὐτὸν
2966 4741 3040 4803 ὡς
3069 4741 3215 4811 ἰερέα
3250 4742 3652 4812 παρεστηκότα,
3680 4743 3822 4798 ἀλλὰ

2149 4827 2310 4898 βλέπε
2344 4828 2503 4882 αὐτὸν
2535 4827 2623 4882 διά
2663 4829 2762 4898 τὴν
2805 4827 2969 4880 αὐτοῦ
3014 4829 3170 4892 ἀξίαν
3207 4829 3285 4900 τῷ
3322 4830 3496 4899 Πατρὶ
3533 4830 3822 4900 συγκαθή-

2149 4934 2327 4988 μενον.
2370 4915 2528 4969 Ἀλλά
2559 4919 2634 4987 μὴ
2668 4916 2858 4987 ἐχθρὸς
2883 4917 3022 4970 ἔστω
3051 4935 3134 4980 τις
3165 4918 3265 4988 τῆς
3295 4918 3575 4990 ἀληθείας,
3604 4917 3675 4970 τά
3715 4919 3819 4988 μὲν

2148 5004 2430 5075 ἁρπάξων,
2457 5003 2525 5056 τά
2557 5003 2614 5056 δὲ
2646 5003 2924 5074 κρύπτων.

2217 5087 2345 5143 Οἶδα
2377 5091 2458 5142 ὅτι
2496 5089 2748 5153 πολλάκις
2778 5091 3048 5162 αἰρετικός
3082 5107 3164 5154 τις
3194 5090 3385 5161 ἐχθρὸς
3416 5090 3513 5160 τῆς
3554 5089 3814 5162 ἀληθείας

2146 5177 2275 5248 ἔστη
2309 5180 2324 5218 ί
2356 5177 2548 5246 λέγων·
2596 5178 2776 5249 Ὁρᾷς,
2815 5180 2889 5242 ὡς
2919 5180 3017 5232 οὐκ
3042 5178 3156 5231 ἔστι
3189 5177 3504 5250 προσελθεῖν
3537 5178 3615 5248 τῷ
3641 5179 3814 5249 Πατρὶ

2145 5265 2272 5320 ἀνευ
2315 5265 2408 5318 τοῦ
2454 5264 2612 5329 Υίοῦ;
2648 5266 2867 5336 μεσίτου
2905 5265 3034 5337 γάρ,
3071 5266 3254 5334 φησὶν,
3296 5265 3481 5334 ἐπέχει
3527 5265 3680 5330 τάξιν
3718 5265 3812 5317 καὶ

2147 5351 2442 5424 ὑπηρέτου,
2508 5351 2801 5422 προσάγων
2865 5351 2944 5422 τῷ
3017 5351 3193 5421 Πατρί
3254 5351 3379 5414 τοὺς
3447 5349 3806 5420 σωζομένους.

2212 5492 2233 5530 ί
2257 5493 2337 5542 Sic
2358 5491 2504 5546 idem.
2533 5497 2587 5539 ut
2609 5491 2888 5551 conjecerat
2914 5490 3254 5549 δαν-Πηγαία.
3282 5488 3414 5539 Edili
3437 5490 3538 5538 ἐπεὶ
3560 5490 3666 5552 γάρ.

2209 5558 2234 5594 8
2260 5556 2341 5603 Sic
2364 5555 2533 5603 Morel.
2560 5565 2703 5608 unus,
2732 5563 2882 5601 recte.
2928 5553 3024 5602 Alii
3061 5565 3236 5601 omnes
3267 5554 3351 5609 τήν
3391 5551 3667 5614 δορυφορίαν
3703 5551 3805 5614 τήν.

2209 5567 2233 5594 6
2260 5567 2341 5603 διο
2364 5567 2533 5603 morel.
2560 5567 2703 5608 unus,
2732 5567 2882 5601 recte.
2928 5567 3024 5602 Aln
3061 5567 3236 5601 omnes
3267 5569 3351 5609 την
3391 5567 3446 5600 οο
3473 5568 3667 5614 υφοριαν
3703 5567 3805 5603 την.

2143 5615 2366 5676 Pergunt
2383 5629 2498 5663 mss.
2541 5615 2621 5662 τὸν
2661 5616 2820 5676 θρόνον
2843 5616 2922 5662 τὸν
2965 5617 3073 5676 βασ.
3100 5615 3183 5669 τὰς
3225 5614 3418 5676 δωρεάς.
3447 5567 3576 5662 infra
3616 5624 3740 5661 unus
3761 5610 3808 5658 τ(

2143 5675 2351 5739 ποθεινὸν
2372 5675 2514 5739 εὗρες.

2207 5738 2233 5776 Ι)
2263 5738 2395 5786 ἰτηιιε
2420 5737 2498 5784 τον
2517 5737 2797 5786 εἰσελθόντα.

2212 5800 2227 5838 λ
2260 5799 2389 5849 les
2414 5799 2600 5856 ἕστηκε.
