4092 6206
397 244 506 302 5'55

402 362 583 419 omnia
612 362 862 417 omnibus
891 361 1026 417 facta
1053 371 1134 416 est
1160 379 1173 414 :
1204 376 1307 415 non
1348 358 1486 430 quod
1529 373 1627 414 nos
1664 357 1807 428 digni
1833 371 1980 412 esse-

398 472 518 509 mus
548 499 562 519 ,
594 454 686 509 sed
720 466 937 523 promer
964 455 1251 507 bonitatem
1280 468 1398 522 qum
1429 452 1727 505 beneﬁcum
1752 450 1976 504 deceat:

396 550 487 615 qui
517 563 639 599 cum
671 547 740 599 sit
769 558 955 599 natura
998 546 1223 614 simplex
1247 587 1262 609 ,
1309 543 1643 597 iudivisibilis
1668 585 1683 607 ,
1716 542 1803 611 qui
1836 541 1981 594 nulla

402 640 572 705 ﬁgura
601 639 959 704 exprimatur,
990 637 1102 704 ipse
1135 637 1273 689 Deus
1297 635 1363 689 de
1396 636 1523 696 Deo,
1555 634 1726 702 imago
1754 630 1982 685 invisibi-

398 730 489 795 lis,
521 729 779 796 Splendor
811 728 987 798 gloria:
1011 739 1058 779 et
1084 729 1248 796 figura
1275 724 1567 779 substantia:
1597 723 1782 793 (Hebr.
1817 724 1866 776 1.
1899 720 1977 792 5),

398 819 633 874 diversis
658 821 961 885 appellatur
987 817 1315 880 nominibus,
1345 831 1452 869 non
1480 832 1597 883 qua!
1626 824 1827 867 natura:
1853 828 1981 867 con-

396 912 637 975 veniant,
664 911 758 966 sed
785 926 902 979 qua:
933 909 1298 963 beneﬁcentia:
1319 915 1644 975 competant.
1675 906 1808 971 Quia
1835 905 1976 958 enim

396 1006 578 1058 omnia
606 1005 832 1057 hmuaua
855 1004 1225 1066 conciderunt,
1247 1003 1299 1055 in
1326 1017 1385 1055 se
1407 1000 1585 1055 omnia
1609 999 1830 1067 suscipit
1859 1015 1980 1066 pru-

398 1096 626 1163 prietate
653 1093 884 1162 quadam
930 1093 1320 1162 appellationes
1353 1092 1466 1145 illas
1495 1091 1793 1160 suscipiens
1813 1130 1828 1154 ,
1859 1105 1979 1158 qua:

394 1185 586 1254 gratia:
631 1186 808 1237 onmia
854 1185 1129 1238 renovanti
1170 1192 1499 1252 competant.
1547 1183 1740 1237 Fames
1783 1183 1978 1252 quippe

395 1290 589 1345 magna
618 1285 764 1341 erat,
796 1276 963 1329 fames
999 1274 1164 1328 divini
1206 1274 1352 1328 verbi
1379 1316 1394 1338 ,
1430 1273 1596 1328 fames
1624 1289 1781 1342 quam
1821 1288 1979 1341 syna-

392 1380 545 1433 goga:
584 1363 944 1419 comminatus
971 1374 1053 1418 est
1084 1364 1261 1429 Deus,
1292 1363 1478 1417 dicens
1503 1383 1517 1418 :
1542 1362 1740 1416 Mittam
1772 1362 1841 1414 eis
1877 1377 1977 1413 non

393 1459 584 1528 [autem
614 1458 784 1526 panis,
831 1472 990 1526 neque
1028 1456 1164 1508 sitim
1208 1471 1373 1527 aquae,
1406 1455 1495 1508 sed
1525 1452 1710 1525 [inueni
1735 1452 1976 1506 audiendi

393 1547 532 1601 uerbi
564 1547 767 1601 Domini
796 1548 990 1617 (Amos.
1019 1548 1073 1602 8.
1101 1548 1209 1619 Η).

462 1640 516 1693 2.
549 1639 682 1694 Cum
704 1656 831 1709 ergo
857 1643 1194 1709 cettSpieeret
1226 1650 1391 1695 totutn
1421 1640 1607 1695 orbem
1655 1638 1794 1693 fame
1817 1637 1969 1692 labo-

393 1747 515 1786 rare
541 1742 594 1784 et
618 1731 882 1795 deiicere;
915 1732 1053 1801 quod
1078 1734 1220 1786 enim
1248 1742 1329 1787 est
1348 1733 1452 1786 cibi
1484 1732 1701 1801 penuria
1734 1730 1970 1800 corpori,

392 1823 624 1889 idipsum
671 1832 755 1876 est
806 1823 1103 1891 ignorantia
1139 1822 1534 1888 animte;tfous
1581 1823 1672 1878 ille
1712 1822 1973 1877 bonorum

392 1930 491 1982 per
520 1914 805 1984 Evangelia
832 1916 1059 1968 clamat:
1094 1912 1204 1985 Ego
1230 1931 1341 1968 sum
1369 1917 1518 1984 panis
1540 1915 1623 1984 qui
1647 1914 1710 1967 de
1725 1914 1848 1967 calo
1886 1913 1977 1965 de-

388 2005 616 2067 scendit,
645 2014 696 2057 et
734 2005 818 2072 qui
857 2005 944 2057 dat
973 2005 1123 2057 vitam
1163 2005 1352 2058 mundo
1390 2004 1566 2075 (Joun.
1595 2005 1647 2059 6.
1670 2005 1783 2074 Η).
1816 2004 1974 2058 Panis

389 2097 587 2167 quippe
632 2098 844 2151 Sensilis
870 2114 935 2151 ex
966 2108 1104 2151 terra
1160 2098 1373 2167 prodit,
1406 2106 1465 2151 ut
1509 2097 1708 2153 dictqu
1744 2107 1861 2161 est,
1903 2096 1972 2151 Ut

389 2190 575 2242 educas
603 2206 782 2257 panem
809 2189 872 2241 de
902 2198 1034 2241 terra
1069 2187 1239 2258 (Psal.
1269 2189 1391 2243 105.
1419 2189 1505 2257 14)
1533 2206 1545 2242 :
1574 2188 1804 2242 exlestis
1844 2203 1973 2243 vero

391 2280 543 2348 panis
570 2296 634 2333 ex
677 2280 808 2333 casio
854 2281 1080 2335 scaturit
1108 2296 1124 2334 :
1159 2278 1271 2349 Ego
1297 2280 1438 2333 enim
1484 2296 1594 2332 sum
1622 2280 1769 2348 panis
1795 2280 1879 2348 qui
1908 2278 1973 2332 de

389 2372 513 2422 ron
527 2370 802 2422 descendit.
821 2370 1041 2424 Deserta
1066 2373 1262 2441 quippe
1279 2381 1396 2424 erat
1411 2381 1548 2423 terra
1570 2371 1776 2434 sitiens,
1791 2370 1971 2423 divino

389 2462 644 2515 destituta
672 2462 871 2527 verbo,
921 2462 1180 2530 spirituali
1226 2462 1536 2533 irrigatione
1575 2462 1800 2530 privata.
1833 2459 1971 2526 Quid

389 2553 562 2621 ergo?
591 2552 678 2605 illa
710 2555 821 2620 ipsa
862 2555 1050 2621 gratia,
1083 2569 1203 2623 quae
1232 2552 1488 2608 beuelicia
1519 2553 1747 2618 emittit,
1789 2553 1970 2606 excla-

390 2652 498 2695 mat
528 2656 541 2693 :
577 2641 638 2695 Si
666 2644 776 2706 quis
800 2644 927 2705 sitit,
956 2645 1118 2697 veniat
1142 2645 1210 2696 ad
1237 2660 1315 2697 me
1333 2656 1378 2697 et
1408 2643 1541 2696 bibat
1569 2642 1750 2711 (Joan.
1777 2644 1829 2698 7.
1854 2643 1967 2713 57).

389 2733 524 2799 Quia
567 2732 711 2786 enim
767 2734 978 2789 diverso
1020 2735 1178 2789 modo
1218 2735 1521 2787 clamabant
1570 2734 1882 2805 prophetat,
1915 2744 1970 2790 et

388 2830 565 2881 onmis
595 2839 899 2881 sanctorum
933 2828 1127 2882 chorus
1169 2828 1285 2895 ejus
1313 2819 1597 2882 adventum
1643 2828 1965 2895 expetebat,

388 2921 609 2975 dicens:
641 2919 810 2985 Deus,
843 2918 981 2973 Deus
1022 2937 1161 2974 meus
1189 2920 1258 2972 ad
1288 2928 1336 2974 te
1358 2919 1422 2974 de
1462 2921 1575 2973 luce
1603 2920 1753 2990 vigilo
1778 2921 1969 2974 :sitieit

389 3012 565 3081 anima
620 3028 731 3065 mea
758 3012 825 3063 ad
868 3010 1031 3065 Deum
1080 3012 1242 3065 vivum
1274 3010 1449 3082 (Psal.
1478 3011 1567 3067 6‘2.
1594 3011 1648 3064 2.
1685 3021 1728 3065 et
1750 3013 1840 3067 41.
1865 3012 1965 3083 2);

390 3112 447 3156 ιιι
473 3101 780 3159 ostenderet
801 3102 1035 3172 seipsum
1063 3118 1183 3157 esse
1213 3118 1371 3172 quem
1394 3104 1643 3157 sitiebant
1670 3106 1965 3172 prophetae,

391 3209 485 3261 per
512 3191 796 3261 Evangelia
827 3192 1057 3247 clamat:
1093 3193 1155 3247 Si
1178 3194 1289 3263 quis
1317 3194 1454 3257 sitit,
1496 3195 1660 3247 ueniat
1683 3194 1751 3247 ad
1794 3209 1891 3258 me,
1922 3203 1968 3248 et

387 3284 543 3336 bibat.
579 3281 635 3336 Si
663 3283 782 3352 quis
809 3291 893 3336 est
918 3283 1004 3335 illa
1038 3283 1261 3339 aﬂ'ectus
1289 3285 1579 3353 cupiditate
1622 3301 1741 3356 qua
1768 3286 1845 3339 sic
1872 3301 1967 3340 ex-

390 3375 659 3443 primitur,
694 3374 864 3429 Sitivit
889 3376 942 3428 in
972 3386 1018 3428 te
1045 3377 1216 3429 anima
1246 3393 1387 3442 mea,
1421 3378 1597 3431 veniat
1644 3378 1710 3432 ad
1742 3394 1848 3433 me.
1876 3378 1968 3432 V'i-

388 3466 547 3520 debat
569 3478 755 3519 rursus
773 3465 958 3520 orbem
977 3468 1194 3531 nudum,
1223 3483 1327 3522 non
1354 3483 1599 3539 corpore,
1624 3470 1717 3525 sed
1743 3474 1964 3528 virtute:

389 3558 603 3611 videbat
629 3555 896 3625 Opiﬁcium
921 3572 1075 3611 suum
1098 3598 1113 3623 ,
1157 3569 1214 3614 et
1239 3561 1492 3616 misertus
1519 3571 1601 3616 est
1625 3562 1740 3632 ejus
1759 3604 1773 3626 ,
1804 3580 1967 3635 seque

390 3648 563 3718 ipsum
586 3648 678 3702 dat
704 3647 860 3702 nudis
886 3647 1278 3716 indumentum,
1308 3661 1363 3704 ut
1381 3651 1491 3720 jam
1535 3662 1660 3707 ante
1687 3653 1919 3708 diximus
1949 3674 1963 3710 :

394 3741 710 3810 Quicumque
734 3740 787 3792 in
835 3739 1091 3794 Christum
1120 3741 1363 3811 baptisati
1412 3744 1529 3796 estis
1553 3784 1568 3809 ,
1600 3743 1851 3798 Christum
1882 3748 1966 3799 in-

388 3833 570 3886 duistis
599 3831 741 3902 (Gal.
771 3832 826 3887 5.
855 3830 974 3903 27).
1003 3831 1296 3887 Erraverat
1327 3842 1464 3911 terra
1494 3835 1632 3889 viam
1679 3851 1925 3905 quaerens
1949 3880 1964 3904 ,

391 3940 493 3977 nec
520 3924 798 3979 inveniens
839 3942 853 3978 :
889 3924 1064 3978 omnis
1105 3925 1303 3994 quippe
1332 3925 1509 3978 anima
1543 3942 1725 3981 semen
1759 3928 1967 3984 theolo-

392 4016 493 4084 gia:
522 4015 573 4069 in
621 4030 680 4070 se
711 4015 902 4081 habet;
933 4027 986 4071 et
1016 4016 1141 4070 licet
1181 4018 1230 4069 in
1261 4032 1319 4071 se
1350 4017 1568 4073 haberet
1594 4061 1609 4084 ,
1655 4021 1964 4086 nesciebat,

389 4105 661 4174 quomodo
690 4107 739 4160 id
769 4107 910 4175 quod
938 4106 1273 4162 desiderabat
1301 4110 1652 4179 perquireret.
1680 4112 1812 4178 Quia
1831 4100 1967 4183 'crgo

389 4205 632 4251 errantes
667 4200 803 4250 viam
832 4198 1166 4267 ignorabant,
1192 4198 1300 4269 Ego
1325 4217 1435 4253 sunt
1461 4201 1539 4253 uia
1569 4200 1744 4271 (Joan.
1770 4205 1928 4274 14.6)
1949 4246 1966 4271 ,

392 4289 583 4356 inquit.
621 4290 690 4343 Λι
717 4301 959 4344 mortuus
989 4291 1092 4345 es?
1125 4289 1236 4362 Ego
1285 4309 1400 4346 sum
1449 4296 1964 4367 resurrectio(Joan.

391 4378 610 4453 “.25).
635 4381 703 4434 At
740 4381 983 4435 inlirmus
1012 4396 1071 4436 es
1094 4423 1109 4445 ,
1151 4392 1207 4437 et
1245 4383 1406 4439 ductu
1457 4400 1591 4455 opus
1622 4386 1826 4442 babes?
1855 4390 1967 4460 Ego

393 4485 511 4525 sum
540 4472 682 4539 virga
715 4472 783 4526 de
827 4472 1008 4527 radice
1034 4472 1187 4528 Jesse
1208 4515 1222 4534 .
1253 4490 1371 4544 qua:
1397 4487 1661 4530 sustentat
1691 4479 1928 4535 infirmos
1948 4523 1966 4548 ,

390 4563 457 4617 de
487 4577 589 4631 qua
614 4563 743 4617 dicit
770 4564 1031 4631 propheta
1058 4581 1072 4617 :
1100 4562 1254 4634 Virga
1280 4576 1366 4618 tua
1392 4577 1437 4619 et
1457 4566 1668 4622 baculus
1693 4579 1826 4635 tuus,
1854 4572 1967 4641 ipsa

388 4669 468 4705 me
491 4653 752 4705 consolata
780 4662 893 4706 sunt
922 4652 975 4722 (1
985 4654 1082 4707 sai.
1105 4656 1191 4708 11.
1222 4654 1296 4725 i).
1322 4656 1432 4709 Cur
1466 4659 1610 4727 virga
1630 4701 1643 4724 ,
1676 4656 1774 4714 cur
1804 4662 1968 4716 bacu-

389 4746 511 4800 lus?
541 4746 675 4812 Quia
692 4746 836 4800 omni
868 4746 1011 4801 artati
1032 4758 1342 4815 competunt
1369 4767 1383 4813 ;
1410 4748 1633 4818 juvenes
1660 4753 1964 4821 instituunt,

387 4854 546 4893 senes
576 4839 808 4893 firmant.
843 4839 1057 4904 Verum,
1086 4854 1119 4893 ο
1150 4840 1391 4901 Domine,
1419 4840 1734 4896 Esurientem
1761 4862 1837 4900 me
1867 4863 1964 4900 nu-

390 4931 590 4991 triuisti,
623 4931 811 4984 sitienti
839 4941 1011 5000 potum
1039 4932 1239 4993 dedisti.
1271 4933 1460 4986 nudum
1485 4937 1745 5004 aperuisti,
1778 4954 1966 4993 erran-

392 5029 496 5072 tem
528 5020 806 5083 reduxisti,
838 5022 1102 5074 inﬁrmum
1126 5024 1467 5089 sustentasti;
1495 5027 1633 5079 viam
1663 5028 1963 5096 ingressus,

390 5110 607 5179 pietatis
648 5110 869 5180 vestigia
916 5123 1234 5180 assequutus
1281 5128 1398 5166 sum
1433 5131 1446 5166 :
1480 5125 1683 5184 portam
1726 5120 1967 5175 veritatis

389 5217 573 5269 quer
606 5218 618 5255 :
647 5204 765 5271 quis
795 5202 1082 5257 ostendet?
1106 5202 1216 5273 Ego
1242 5221 1353 5257 sum
1372 5210 1555 5261 ostium
1589 5206 1765 5277 (Joan.
1788 5208 1871 5263 10.
1889 5210 1969 5280 9),

393 5308 489 5360 per
517 5308 600 5346 me
624 5293 851 5362 quisque
867 5292 931 5346 ad
960 5294 1169 5348 Patrem
1202 5294 1520 5364 ingreditur.
1549 5298 1650 5354 Per
1676 5305 1966 5371 te,quare?

391 5382 549 5436 Porta
577 5397 695 5436 sum
722 5385 911 5439 salutis
936 5394 1144 5455 aperta,
1173 5402 1330 5454 quam
1361 5390 1551 5458 quaerit
1574 5389 1759 5447 beatus
1775 5392 1962 5461 David,

389 5474 479 5542 qui
512 5489 634 5529 eum
668 5477 860 5531 multas
888 5479 1209 5547 cogitasset,
1245 5497 1403 5534 unam
1438 5481 1680 5551 invenit,
1709 5494 1762 5539 et
1792 5486 1965 5555 primo

390 5563 521 5617 dicit
551 5579 568 5617 τ
597 5565 799 5633 Aperite
826 5569 951 5621 mihi
980 5580 1151 5639 portas
1185 5573 1437 5642 justitite;
1466 5574 1718 5645 ingressus
1765 5581 1817 5632 in
1843 5597 1960 5646 eas,

388 5649 671 5718 conﬁtebor
719 5655 938 5711 Domino
987 5660 1155 5728 (I’sal.
1190 5664 1274 5715 17.
1307 5665 1413 5731 19).
1445 5666 1776 5724 Postulatum
1806 5685 1954 5726 asse-

695 5740 967 5805 ΡΑτιιοι.
1015 5745 1132 5809 Gs.
1172 5750 1399 5813 LXIII.

1678 241 1765 297 DE
1802 235 2087 295 SlGlLLIS
2124 235 2376 294 SERMO.

3567 264 3670 323 δελ

2094 363 2289 424 quutus
2309 396 2325 422 ,
2355 364 2419 410 ut
2459 347 2663 413 invenit
2691 359 2744 415 id
2774 361 2916 433 quod
2963 380 3069 422 non
3096 374 3480 445 exspectabat,
3509 397 3668 438 uuam

2095 447 2318 545 scilicet,
2352 464 2456 503 nou
2486 451 2680 507 multas
2701 497 2717 518 ,
2750 458 2977 526 repetita
3006 477 3137 516 voce
3167 464 3299 522 dicit
3324 485 3337 522 :
3376 468 3500 526 Ilaec
3524 491 3669 545 porta
3730 454 3735 465 ’

2088 535 2341 632 Domini;
2383 541 2515 610 justi
2543 542 2800 599 intrabant
2846 548 2898 602 in
2941 566 3074 606 eam.
3124 555 3323 614 Deinde
3363 535 3667 632 prophetica

2088 629 2295 683 visione
2324 640 2378 684 et
2404 633 2565 719 animi
2591 634 2859 691 desiderio
2881 641 3023 697 intus
3042 645 3333 716 ingressus,
3357 629 3507 722 quasi
3531 656 3667 710 intra

2090 722 2287 790 regiam
2311 725 2658 793 constitutus,
2680 726 2971 799 Con/itebor
3002 738 3112 803 tibi,
3139 741 3331 811 inquit,
3363 747 3483 812 quia
3508 764 3669 804 exau-

2088 813 2207 914 diin
2231 831 2327 867 me.
2358 816 2468 881 Dic,
2503 820 2757 888 prOpheta
2781 834 2835 879 et
2867 826 3136 900 theoluge,
3164 839 3435 897 conﬁteris
3455 855 3510 900 οι
3545 861 3664 918 3m.

2090 905 2189 999 tias
2212 906 2324 999 agis
2363 907 2514 961 Deo?
2557 910 2685 977 quid
2717 922 3121 984 exspectatione
3154 936 3236 979 tua
3266 929 3482 999 dignum
3516 905 3668 993 idve-

2089 994 2211 1047 nisti
2237 994 2259 1047 ἱ)
2282 995 2384 1095 Qui
2416 999 2637 1067 cupiunt
2657 1002 2708 1055 in
2728 1003 2944 1062 domum
2975 1013 3174 1081 regiam
3207 994 3432 1090 ingredi,
3453 1040 3667 1095 sperant

2087 1098 2146 1136 se
2174 1085 2357 1140 oculos
2384 1090 2744 1146 exsatiaturos
2776 1111 2897 1150 eSse
2926 1085 3500 1174 Spectaculis,‘aurivet
3528 1134 3669 1173 Inar—

2093 1188 2303 1227 mormu
2335 1174 2567 1246 fulgore,
2591 1180 2897 1240 divitiarum
2929 1192 3089 1247 variis
3115 1194 3333 1255 ﬂoribus
3357 1242 3372 1266 ,
3417 1208 3670 1266 satellitio

2085 1272 2140 1316 et
2164 1266 2300 1318 solio
2327 1269 2493 1338 regio,
2520 1287 2703 1342 regum
2734 1282 3053 1336 muneribus
3077 1302 3090 1339 ε
3118 1286 3234 1343 haec
3261 1291 3457 1362 singuli
3485 1299 3665 1355 videre

2084 1363 2383 1423 cupientes,
2418 1363 2617 1431 regiam
2648 1378 2927 1436 expetunt,
2956 1384 3012 1427 et
3035 1376 3308 1435 desiderio
3340 1385 3553 1441 ardent.
3586 1390 3664 1445 Tu

2087 1450 2372 1549 vero-quid
2398 1452 2675 1510 desideras
2703 1474 2888 1515 eorum
2914 1503 2929 1528 ,
2954 1480 3072 1534 qua-
3113 1470 3386 1539 ingressus
3417 1492 3512 1545 per
3541 1495 3664 1549 por-

2085 1543 2193 1590 tant
2218 1539 2511 1597 invenisti?
2539 1547 2607 1601 de
2636 1563 2739 1617 qua
2763 1566 2820 1605 re
2845 1556 3043 1622 gratias
3072 1562 3229 1627 agis?
3258 1567 3383 1634 quid
3417 1539 3662 1644 magnum

2084 1630 2373 1730 invenisti?
2401 1636 2526 1704 quid
2579 1641 2869 1720 cupiditate
2912 1647 3170 1717 dignum?
3199 1630 3407 1727 explica
3451 1630 3663 1726 deside-

2082 1728 2220 1816 rium
2248 1734 2416 1789 tuum,
2446 1743 2513 1782 ne
2534 1728 2754 1786 Judaica
2785 1735 3111 1804 impudentia
3140 1750 3416 1808 veritatem
3457 1760 3661 1816 calum-

2081 1813 2278 1869 nietur.
2310 1816 2445 1882 Quid
2476 1819 2763 1876 invenisti?
2788 1829 2913 1896 quid
2943 1834 3236 1898 prmdicas?
3264 1845 3386 1912 quid
3418 1813 3663 1908 mirari—sv?

2081 1905 2386 1972 Christum,
2422 1909 2621 1979 inquit,
2658 1914 2868 1985 inveni,
2897 1919 3095 1980 Christi
3125 1905 3479 1991 oeconomiam

2080 2012 2269 2101 novam
2296 2003 2561 2072 gratiam,
2614 2023 2808 2064 novum
2839 2012 3149 2075 beneﬁcium
3173 2065 3186 2087 ,
3215 2027 3502 2094 gloriosam
3537 1990 3659 2106 pas:

2079 2105 2307 2186 sionem,
2337 2110 2593 2153 arcanum
2625 2106 2939 2174 mysterium
2961 2127 2977 2164 :
2998 2111 3111 2168 hinc
3138 2118 3311 2186 video,
3338 2124 3451 2180 ha-c
3472 2105 3637 2186 miror

2080 2183 2292 2285 prqhis
2319 2188 2516 2253 gratias
2546 2206 2667 2261 ago,
2701 2195 2884 2251 dicens
2908 2217 2923 2253 :
2949 2200 3237 2272 Conﬁtebor
3264 2175 3374 2280 tibi,
3420 2221 3540 2285 quia
3566 2175 3656 2278 ea:

2076 2274 2265 2386 indidi
2288 2292 2387 2386 n'te,
2417 2288 2464 2331 et
2489 2282 2655 2349 factus
2680 2301 2732 2339 es
2750 2289 2874 2343 mihi
2893 2291 2943 2344 in
2961 2293 3177 2351 salutem
3196 2274 3371 2371 (Psal;
3394 2274 3514 2364 ii7.
3538 2274 3652 2386 2i“).

2076 2362 2193 2418 Non
2249 2367 2371 2421 celo
2412 2370 2729 2431 beuelicium
2754 2419 2769 2443 ,
2806 2397 2912 2436 non
2945 2362 3220 2446 abscondo
3263 2397 3532 2471 salutem,
3562 2362 3656 2463 seld

2076 2462 2433 2561 mentientium
2468 2472 2762 2561 .anuuutio.
2792 2472 3041 2544 Lapidem
3087 2500 3234 2554 quem
3265 2462 3656 2561 reprobaverunt

2074 2547 2388 2663 :diﬁcqntes
2411 2592 2426 2616 ,
2456 2554 2539 2663 hic
2564 2560 2732 2628 factus
2757 2574 2830 2617 est
2857 2565 2911 2619 in
2936 2581 3088 2638 caput
3099 2547 3292 2644 vanguli
3321 2547 3436 2651 '(Ib.

2079 2640 2550 2747 Xtdcn’quomodo
2575 2656 2861 2722 gratiarum
2881 2662 3023 2717 actio
3049 2640 3658 2747 historiam‘aperuerit’?

2076 2732 2363 2837 Canﬁtebor
2397 2741 2503 2806 tibi,
2532 2747 2772 2812 quoniam
2809 2755 3061 2809 exaudiin
3083 2776 3180 2826 me,
3200 2774 3246 2816 et
3264 2732 3434 2837 factus
3460 2732 3660 2830 esuri-hi

2156 2831 2394 2935 salutent.
2427 2834 2677 2907 Lapidem
2708 2858 2855 2909 quem
2887 2828 3276 2915 reprobauerunt
3310 2828 3655 2935 aediﬁcantes,

2075 2921 2156 2976 hic
2177 2923 2343 2993 [actus
2369 2938 2442 2980 est
2462 2929 2516 2982 in
2545 2941 2697 2999 caput
2724 2937 2924 3005 anguli.
2956 2938 3142 2996 Videu‘
3165 2921 3437 3013 quomodo
3481 2921 3658 3014 nuituis

2075 3017 2456 3085 prophetarum
2485 3027 2816 3092 exspectatio
2864 3029 3032 3098 ipsam
3077 3044 3433 3098 oeconomiam
3483 3053 3657 3120 reslii-

2074 3108 2200 3212 ciat,
2234 3120 2287 3163 et
2313 3110 2586 3212 Christum
2616 3115 2888 3173 desideret
2917 3122 2969 3175 in
2999 3140 3265 3200 synagoga
3299 3108 3611 3195 contentum
3638 3186 3652 3212 ,

2074 3199 2167 3253 sed
2195 3201 2336 3269 apud
2363 3211 2551 3270 gentes
2579 3207 2927 3265 celebratum.
2962 3213 3145 3285 Itaque
3168 3261 3181 3284 ,
3218 3232 3274 3276 ut
3298 3226 3366 3279 ad
3415 3199 3661 3299 preposi;

2077 3296 2184 3342 tuin
2214 3302 2573 3359 revertamur,
2615 3299 2656 3350 si
2690 3310 2897 3367 portam
2924 3320 3158 3374 quan-as,
3192 3296 3464 3374 Christum
3502 3296 3652 3380 inve-

2075 3381 2210 3434 uies.
2242 3383 2308 3436 Et
2351 3399 2481 3440 sane
2503 3427 2519 3452 ,
2548 3386 2756 3458 inquies
2779 3432 2794 3455 ,
2826 3406 2974 3462 porta
3026 3411 3105 3454 est
3149 3403 3217 3458 ob
3274 3406 3652 3480 benignitatem

2074 3488 2244 3527 suam.
2277 3477 2380 3530 Sed
2411 3480 2531 3548 quia
2554 3496 2687 3550 opus
2717 3492 2800 3537 est
2818 3486 2889 3552 ei,
2919 3490 3010 3558 qui
3038 3490 3089 3544 in
3121 3496 3324 3564 regiam
3350 3477 3486 3557 etin
3521 3515 3657 3561 tent-

2075 3567 2221 3635 plum
2256 3569 2351 3623 Dei
2379 3571 2696 3641 ingreditur,
2725 3587 2782 3630 ut
2831 3580 3108 3637 ductorem
3141 3602 3209 3642 eo
3237 3606 3345 3659 quo
3386 3593 3490 3650 fert
3535 3601 3656 3654 ani-

2074 3674 2192 3712 mus
2222 3659 2413 3715 habeat
2448 3666 2631 3735 (nemo
2660 3669 2805 3724 enim
2842 3673 2907 3727 ad
2957 3674 3127 3732 altare
3174 3682 3431 3740 accedere
3474 3690 3614 3745 ausit
3640 3735 3652 3754 ,

2075 3750 2174 3843 nisi
2205 3754 2459 3843 sacerdos
2489 3756 2689 3829 adsit);
2716 3774 2836 3813 cum
2869 3780 2962 3830 per
2993 3779 3200 3835 portam
3240 3775 3514 3843 ingressus
3538 3750 3652 3837 tum

2075 3841 2147 3891 ris
2167 3880 2182 3904 ,
2210 3841 2382 3908 ipsum
2414 3846 2747 3903 sacerdotem
2782 3852 3022 3910 invenies
3051 3900 3066 3923 ,
3101 3861 3192 3929 qui
3222 3872 3274 3918 te
3300 3841 3604 3925 admoveat
3638 3893 3649 3925 :

2072 3927 2151 3980 Tu
2177 3932 2317 3983 enim
2352 3949 2406 3985 es
2428 3938 2662 3990 sacerdos
2706 3940 2759 3993 in
2812 3955 3056 3999 ceternum
3109 3954 3387 4010 secundum
3426 3962 3653 4016 ordinem

2076 4018 2447 4077 Melchisedech
2483 4025 2653 4096 (Psal.
2688 4032 2811 4087 109.
2838 4036 2916 4106 4).
2946 4036 3050 4093 Sed
3084 4057 3220 4112 opus
3269 4045 3429 4105 habet
3467 4070 3651 4111 sacer.

2074 4112 2171 4206 dos
2215 4113 2386 4206 hostia
2437 4127 2489 4173 et
2535 4119 2781 4189 victima,
2815 4136 2872 4182 ut
2901 4128 3065 4185 Deum
3115 4141 3400 4206 propitium
3444 4147 3647 4203 reddat.

2074 4204 2191 4273 lpse
2219 4205 2309 4259 tibi
2339 4207 2547 4305 victima
2579 4219 2661 4266 est
2682 4229 2695 4265 :
2717 4212 2849 4270 Ecce
2862 4215 3038 4287 Agnus
3055 4221 3170 4290 Dei,
3201 4204 3292 4295 qui
3316 4233 3448 4287 tollit
3472 4253 3650 4305 pecca-

2074 4308 2178 4349 tum
2202 4300 2379 4352 numdi
2408 4298 2591 4369 (Joan.
2624 4304 2674 4357 1.
2693 4302 2806 4379 29).
2836 4308 2960 4365 Ηίιξο
2985 4317 3160 4370 omnia
3184 4332 3403 4390 propter
3432 4298 3651 4383 teaudi-

2070 4390 2191 4444 visti
2215 4392 2238 4445 ?
2263 4392 2385 4446 audi
2408 4394 2518 4462 jam
2572 4410 2792 4469 prepter
2820 4401 3015 4470 ipsum.
3038 4407 3115 4464 Ne
3136 4411 3294 4467 sistas
3320 4415 3564 4473 intuitum
3600 4424 3648 4477 in

2071 4480 2354 4536 sacerdotii
2376 4484 2566 4540 ordine
2594 4528 2609 4551 ,
2644 4504 2712 4544 ne
2739 4495 2995 4562 respicias
3025 4500 3171 4555 illum
3209 4514 3265 4558 ut
3315 4510 3647 4568 sacm'doteni

2068 4572 2411 4639 adstantem;
2452 4579 2546 4634 sed
2597 4582 2809 4652 respice
2839 4586 2986 4643 illum
3018 4608 3117 4661 per
3142 4611 3293 4652 suam
3335 4600 3643 4672 dignitatem

2070 4684 2190 4759 cum
2228 4669 2386 4722 Patre
2414 4672 2718 4728 sedentem.
2753 4677 2948 4735 Verum
2978 4699 3045 4739 ne
3070 4687 3230 4755 adsit,
3265 4669 3502 4752 veritatis
3541 4700 3644 4759 ini-

2075 4758 2262 4821 micus,
2296 4760 2383 4828 qui
2414 4762 2515 4817 alia
2545 4766 2768 4835 adimat,
2800 4771 2903 4825 alia
2935 4775 3090 4830 celet.

2103 4941 2114 4952 I
2141 4849 2330 4952 Contra
2357 4853 2591 4911 Arionos.
2623 4890 2694 4900 -
2721 4861 2852 4917 Novi
2886 4865 3523 4952 hmreticum’quempiam
3556 4904 3649 4944 ve-

2072 4946 2243 4993 rizatis
2282 4946 2568 5000 Inimicum
2612 4966 2758 5019 smpe
2807 4953 3051 5014 dixisse:
3095 4946 3284 5021 Videu’
3328 4946 3431 5027 non
3488 4992 3646 5044 posse

2071 5036 2376 5103 quempiam
2407 5040 2470 5089 ad
2497 5040 2711 5096 Patrem
2744 5048 3002 5106 accedere
3034 5054 3151 5110 sine
3182 5059 3360 5117 Filio?
3388 5036 3647 5125 mediam-

2073 5126 2148 5179 ris
2167 5129 2362 5197 quippe
2387 5130 2628 5187 ordinem
2661 5144 2807 5193 tenet
2836 5155 2899 5195 ac
2927 5144 3181 5213 ministri,
3205 5156 3292 5223 qui
3323 5174 3416 5212 eos
3444 5165 3532 5232 qui
3566 5180 3647 5219 sa.

2075 5219 2236 5272 lutem
2270 5236 2669 5292 consequuntur
2698 5231 2841 5287 Patri
2875 5233 3052 5294 oﬂert.
3083 5219 3397 5309 Quia—enim
3436 5219 3610 5326 iiiquit
3633 5301 3645 5320 ,

2074 5325 2208 5413 nova
2248 5317 2519 5415 sapientia
2559 5321 2838 5381 veritatem
2896 5330 3175 5400 innovari;
3226 5355 3396 5409 neque
3442 5317 3647 5415 ροὶθιηοι

2072 5403 2215 5498 enim
2248 5403 2475 5457 humana
2508 5417 2690 5463 natura
2718 5431 2811 5483 per
2837 5432 2896 5471 se
2918 5422 2985 5473 ad
3009 5421 3173 5480 Deum
3200 5403 3459 5491 accedere
3490 5456 3503 5489 :
3529 5403 3649 5498 ideo

2071 5494 2278 5548 medius
2306 5496 2442 5551 inter
2478 5512 2709 5558 creatam
2740 5517 2793 5562 et
2841 5509 3133 5570 increatam
3186 5530 3429 5579 naturam
3482 5494 3649 5586 Filius

2072 5586 2327 5681 nuindum
2357 5586 2513 5645 ollert
2566 5595 2695 5653 Deo.
2728 5596 2772 5653 Ο
2822 5617 3015 5662 novam
3053 5610 3313 5670 insaniam
3343 5616 3357 5671 l
3389 5634 3421 5672 ο
3452 5636 3647 5681 novam

2072 5675 2335 5735 fabulam!
2369 5685 2639 5745 excellens
2665 5692 2831 5747 l‘a'rts
2897 5697 3109 5760 bonitas
3139 5708 3472 5776 periclitatur

3228 5793 3307 5854 27
