  <div class='ocr_page' id='page_1' title='image "/cluster/home/n/w/nwhite01/storage/ocr_20150623/63/hvd.32044054112164/429.png"; bbox 0 0 4092 6206; ppageno 0'>
   <div class='ocr_carea' id='block_1_1' title="bbox 425 297 529 355">
    <p class='ocr_par' dir='ltr' id='par_1_1' title="bbox 425 297 529 355">
     <span class='ocr_line' id='line_1_1' title="bbox 425 297 529 355; baseline -0.058 1"><span class='ocrx_word' id='word_1_1' title='bbox 425 297 529 355; x_wconf 75' lang='grc' dir='ltr'><strong>5ὖὸ</strong></span> 
     </span>
    </p>
   </div>
   <div class='ocr_carea' id='block_1_2' title="bbox 433 392 2004 479">
    <p class='ocr_par' dir='ltr' id='par_1_2' title="bbox 433 392 2004 479">
     <span class='ocr_line' id='line_1_2' title="bbox 433 392 2004 479; baseline -0.013 -14"><span class='ocrx_word' id='word_1_2' title='bbox 433 411 743 479; x_wconf 67' lang='lat' dir='ltr'><strong>haereticos,</strong></span> <span class='ocrx_word' id='word_1_3' title='bbox 765 405 856 477; x_wconf 86' lang='lat' dir='ltr'><strong>qui</strong></span> <span class='ocrx_word' id='word_1_4' title='bbox 884 400 1184 460; x_wconf 71' lang='lat' dir='ltr'><strong>divinitatis</strong></span> <span class='ocrx_word' id='word_1_5' title='bbox 1223 397 1531 468; x_wconf 88' lang='lat' dir='ltr'><strong>dignitatem</strong></span> <span class='ocrx_word' id='word_1_6' title='bbox 1560 396 1867 451; x_wconf 81' lang='lat' dir='ltr'><strong>obscuram.</strong></span> <span class='ocrx_word' id='word_1_7' title='bbox 1898 392 2004 446; x_wconf 77' lang='lat' dir='ltr'><strong>Ve-</strong></span> 
     </span>
    </p>
   </div>
   <div class='ocr_carea' id='block_1_3' title="bbox 429 488 2005 556">
    <p class='ocr_par' dir='ltr' id='par_1_3' title="bbox 429 488 2005 556">
     <span class='ocr_line' id='line_1_3' title="bbox 429 488 2005 556; baseline -0.011 0"><span class='ocrx_word' id='word_1_8' title='bbox 429 517 546 556; x_wconf 82' lang='lat' dir='ltr'><strong>rum</strong></span> <span class='ocrx_word' id='word_1_9' title='bbox 578 500 955 554; x_wconf 60' lang='lat' dir='ltr'><strong>haereticorum</strong></span> <span class='ocrx_word' id='word_1_10' title='bbox 987 492 1196 549; x_wconf 88' lang='lat' dir='ltr'><strong>insania</strong></span> <span class='ocrx_word' id='word_1_11' title='bbox 1229 490 1457 556; x_wconf 81' lang='lat' dir='ltr'><strong>ferocit;</strong></span> <span class='ocrx_word' id='word_1_12' title='bbox 1491 488 1798 543; x_wconf 86' lang='lat' dir='ltr'><strong>Servatoris</strong></span> <span class='ocrx_word' id='word_1_13' title='bbox 1827 493 2005 539; x_wconf 88' lang='lat' dir='ltr'><strong>autem</strong></span> 
     </span>
    </p>
   </div>
   <div class='ocr_carea' id='block_1_4' title="bbox 431 569 2006 660">
    <p class='ocr_par' dir='ltr' id='par_1_4' title="bbox 431 569 2006 660">
     <span class='ocr_line' id='line_1_4' title="bbox 431 569 2006 660; baseline -0.01 -19"><span class='ocrx_word' id='word_1_14' title='bbox 431 601 668 660; x_wconf 83' lang='lat' dir='ltr'><strong>potestas</strong></span> <span class='ocrx_word' id='word_1_15' title='bbox 721 604 824 643; x_wconf 91' lang='lat' dir='ltr'><strong>non</strong></span> <span class='ocrx_word' id='word_1_16' title='bbox 882 585 1182 642; x_wconf 77' lang='lat' dir='ltr'><strong>minuitur.</strong></span> <span class='ocrx_word' id='word_1_17' title='bbox 1242 579 1409 650; x_wconf 75' lang='lat' dir='ltr'><strong>gloria</strong></span> <span class='ocrx_word' id='word_1_18' title='bbox 1463 593 1568 634; x_wconf 92' lang='lat' dir='ltr'><strong>non</strong></span> <span class='ocrx_word' id='word_1_19' title='bbox 1617 569 2006 644; x_wconf 82' lang='lat' dir='ltr'><strong>exstinguitur,</strong></span> 
     </span>
    </p>
   </div>
   <div class='ocr_carea' id='block_1_5' title="bbox 430 667 2004 750">
    <p class='ocr_par' dir='ltr' id='par_1_5' title="bbox 430 667 2004 750">
     <span class='ocr_line' id='line_1_5' title="bbox 430 667 2004 750; baseline -0.011 -16"><span class='ocrx_word' id='word_1_20' title='bbox 430 684 597 750; x_wconf 74' lang='lat' dir='ltr'><strong>gratia</strong></span> <span class='ocrx_word' id='word_1_21' title='bbox 648 695 755 734; x_wconf 92' lang='lat' dir='ltr'><strong>non</strong></span> <span class='ocrx_word' id='word_1_22' title='bbox 784 677 1064 733; x_wconf 88' lang='lat' dir='ltr'><strong>evertitur.</strong></span> <span class='ocrx_word' id='word_1_23' title='bbox 1097 674 1156 728; x_wconf 85' lang='lat' dir='ltr'><strong>Si</strong></span> <span class='ocrx_word' id='word_1_24' title='bbox 1188 688 1279 725; x_wconf 90' lang='lat' dir='ltr'><strong>nos</strong></span> <span class='ocrx_word' id='word_1_25' title='bbox 1305 713 1319 735; x_wconf 93' lang='lat'><strong>,</strong></span> <span class='ocrx_word' id='word_1_26' title='bbox 1375 671 1581 740; x_wconf 90' lang='lat' dir='ltr'><strong>inquit,</strong></span> <span class='ocrx_word' id='word_1_27' title='bbox 1624 667 1966 740; x_wconf 79' lang='lat' dir='ltr'><strong>negaverimus</strong></span> <span class='ocrx_word' id='word_1_28' title='bbox 1991 705 2004 728; x_wconf 84' lang='lat'><strong>,</strong></span> 
     </span>
    </p>
   </div>
   <div class='ocr_carea' id='block_1_6' title="bbox 433 759 2012 842">
    <p class='ocr_par' dir='ltr' id='par_1_6' title="bbox 433 759 2012 842">
     <span class='ocr_line' id='line_1_6' title="bbox 433 759 2012 842; baseline -0.011 -14"><span class='ocrx_word' id='word_1_29' title='bbox 433 775 519 829; x_wconf 86' lang='lat' dir='ltr'><strong>ille</strong></span> <span class='ocrx_word' id='word_1_30' title='bbox 563 773 731 842; x_wconf 70' lang='lat' dir='ltr'><strong>ﬁdelis</strong></span> <span class='ocrx_word' id='word_1_31' title='bbox 785 780 950 822; x_wconf 81' lang='lat' dir='ltr'><strong>manet</strong></span> <span class='ocrx_word' id='word_1_32' title='bbox 995 766 1092 838; x_wconf 68' lang='lat'><strong>(2.</strong></span> <span class='ocrx_word' id='word_1_33' title='bbox 1119 765 1248 818; x_wconf 86' lang='lat' dir='ltr'><strong>Tim.</strong></span> <span class='ocrx_word' id='word_1_34' title='bbox 1273 764 1326 818; x_wconf 70' lang='lat'><strong>2.</strong></span> <span class='ocrx_word' id='word_1_35' title='bbox 1360 764 1492 832; x_wconf 69' lang='lat'><strong>£5):</strong></span> <span class='ocrx_word' id='word_1_36' title='bbox 1537 762 1769 830; x_wconf 88' lang='lat' dir='ltr'><strong>seipsum</strong></span> <span class='ocrx_word' id='word_1_37' title='bbox 1817 759 2012 828; x_wconf 88' lang='lat' dir='ltr'><strong>quippe</strong></span> 
     </span>
    </p>
   </div>
   <div class='ocr_carea' id='block_1_7' title="bbox 434 852 2008 935">
    <p class='ocr_par' dir='ltr' id='par_1_7' title="bbox 434 852 2008 935">
     <span class='ocr_line' id='line_1_7' title="bbox 434 852 2008 935; baseline -0.012 -18"><span class='ocrx_word' id='word_1_38' title='bbox 434 881 628 935; x_wconf 88' lang='lat' dir='ltr'><strong>negare</strong></span> <span class='ocrx_word' id='word_1_39' title='bbox 659 879 764 917; x_wconf 90' lang='lat' dir='ltr'><strong>non</strong></span> <span class='ocrx_word' id='word_1_40' title='bbox 799 870 991 932; x_wconf 91' lang='lat' dir='ltr'><strong>potest.</strong></span> <span class='ocrx_word' id='word_1_41' title='bbox 1028 858 1142 911; x_wconf 89' lang='lat' dir='ltr'><strong>Una</strong></span> <span class='ocrx_word' id='word_1_42' title='bbox 1191 855 1341 909; x_wconf 73' lang='lat' dir='ltr'><strong>sedet</strong></span> <span class='ocrx_word' id='word_1_43' title='bbox 1371 856 1438 906; x_wconf 91' lang='lat' dir='ltr'><strong>ob</strong></span> <span class='ocrx_word' id='word_1_44' title='bbox 1485 852 1795 921; x_wconf 90' lang='lat' dir='ltr'><strong>dignitatem</strong></span> <span class='ocrx_word' id='word_1_45' title='bbox 1826 863 2008 908; x_wconf 86' lang='lat' dir='ltr'><strong>suam;</strong></span> 
     </span>
    </p>
   </div>
   <div class='ocr_carea' id='block_1_8' title="bbox 432 941 2008 1010">
    <p class='ocr_par' dir='ltr' id='par_1_8' title="bbox 432 941 2008 1010">
     <span class='ocr_line' id='line_1_8' title="bbox 432 941 2008 1010; baseline -0.012 -1"><span class='ocrx_word' id='word_1_46' title='bbox 432 966 538 1010; x_wconf 84' lang='lat' dir='ltr'><strong>stat</strong></span> <span class='ocrx_word' id='word_1_47' title='bbox 567 969 698 1010; x_wconf 89' lang='lat' dir='ltr'><strong>vero</strong></span> <span class='ocrx_word' id='word_1_48' title='bbox 726 964 786 1007; x_wconf 91' lang='lat' dir='ltr'><strong>ut</strong></span> <span class='ocrx_word' id='word_1_49' title='bbox 814 948 1065 1006; x_wconf 86' lang='lat' dir='ltr'><strong>sacerdos</strong></span> <span class='ocrx_word' id='word_1_50' title='bbox 1095 948 1166 1000; x_wconf 92' lang='lat' dir='ltr'><strong>ob</strong></span> <span class='ocrx_word' id='word_1_51' title='bbox 1195 946 1297 999; x_wconf 83' lang='lat' dir='ltr'><strong>sibi</strong></span> <span class='ocrx_word' id='word_1_52' title='bbox 1333 945 1571 998; x_wconf 86' lang='lat' dir='ltr'><strong>innatam</strong></span> <span class='ocrx_word' id='word_1_53' title='bbox 1606 941 2008 1010; x_wconf 85' lang='lat' dir='ltr'><strong>benignitatem.</strong></span> 
     </span>
    </p>
   </div>
   <div class='ocr_carea' id='block_1_9' title="bbox 503 1030 2011 1102">
    <p class='ocr_par' dir='ltr' id='par_1_9' title="bbox 503 1030 2011 1102">
     <span class='ocr_line' id='line_1_9' title="bbox 503 1030 2011 1102; baseline -0.012 -2"><span class='ocrx_word' id='word_1_54' title='bbox 503 1047 560 1102; x_wconf 81' lang='lat'><strong>5.</strong></span> <span class='ocrx_word' id='word_1_55' title='bbox 592 1047 656 1098; x_wconf 84' lang='lat' dir='ltr'><strong>Et</strong></span> <span class='ocrx_word' id='word_1_56' title='bbox 683 1059 793 1098; x_wconf 91' lang='lat' dir='ltr'><strong>rem</strong></span> <span class='ocrx_word' id='word_1_57' title='bbox 838 1041 1026 1094; x_wconf 89' lang='lat' dir='ltr'><strong>miram</strong></span> <span class='ocrx_word' id='word_1_58' title='bbox 1056 1036 1360 1098; x_wconf 85' lang='lat' dir='ltr'><strong>considera,</strong></span> <span class='ocrx_word' id='word_1_59' title='bbox 1401 1035 1584 1089; x_wconf 80' lang='lat' dir='ltr'><strong>frater.</strong></span> <span class='ocrx_word' id='word_1_60' title='bbox 1614 1033 1746 1101; x_wconf 89' lang='lat' dir='ltr'><strong>Quia</strong></span> <span class='ocrx_word' id='word_1_61' title='bbox 1775 1033 1828 1085; x_wconf 92' lang='lat' dir='ltr'><strong>in</strong></span> <span class='ocrx_word' id='word_1_62' title='bbox 1873 1030 2011 1084; x_wconf 90' lang='lat' dir='ltr'><strong>servi</strong></span> 
     </span>
    </p>
   </div>
   <div class='ocr_carea' id='block_1_10' title="bbox 435 1123 2011 1192">
    <p class='ocr_par' dir='ltr' id='par_1_10' title="bbox 435 1123 2011 1192">
     <span class='ocr_line' id='line_1_10' title="bbox 435 1123 2011 1192; baseline -0.011 -2"><span class='ocrx_word' id='word_1_63' title='bbox 435 1138 681 1192; x_wconf 82' lang='lat' dir='ltr'><strong>ordinem</strong></span> <span class='ocrx_word' id='word_1_64' title='bbox 706 1145 760 1189; x_wconf 88' lang='lat' dir='ltr'><strong>et</strong></span> <span class='ocrx_word' id='word_1_65' title='bbox 789 1132 1018 1188; x_wconf 88' lang='lat' dir='ltr'><strong>ministri</strong></span> <span class='ocrx_word' id='word_1_66' title='bbox 1050 1131 1273 1183; x_wconf 81' lang='lat' dir='ltr'><strong>formam</strong></span> <span class='ocrx_word' id='word_1_67' title='bbox 1310 1126 1425 1180; x_wconf 69' lang='lat' dir='ltr'><strong>lucc</strong></span> <span class='ocrx_word' id='word_1_68' title='bbox 1465 1126 1629 1179; x_wconf 85' lang='lat' dir='ltr'><strong>verba</strong></span> <span class='ocrx_word' id='word_1_69' title='bbox 1659 1123 2011 1190; x_wconf 72' lang='lat' dir='ltr'><strong>detorquent,</strong></span> 
     </span>
    </p>
   </div>
   <div class='ocr_carea' id='block_1_11' title="bbox 439 1211 2012 1288">
    <p class='ocr_par' dir='ltr' id='par_1_11' title="bbox 439 1211 2012 1288">
     <span class='ocr_line' id='line_1_11' title="bbox 439 1211 2012 1288; baseline -0.011 -4"><span class='ocrx_word' id='word_1_70' title='bbox 439 1231 605 1284; x_wconf 78' lang='lat' dir='ltr'><strong>Nemo</strong></span> <span class='ocrx_word' id='word_1_71' title='bbox 657 1229 790 1282; x_wconf 82' lang='lat' dir='ltr'><strong>venit</strong></span> <span class='ocrx_word' id='word_1_72' title='bbox 827 1227 892 1278; x_wconf 85' lang='lat' dir='ltr'><strong>ad</strong></span> <span class='ocrx_word' id='word_1_73' title='bbox 937 1223 1183 1283; x_wconf 86' lang='lat' dir='ltr'><strong>Patrem,</strong></span> <span class='ocrx_word' id='word_1_74' title='bbox 1212 1221 1309 1272; x_wconf 85' lang='lat' dir='ltr'><strong>nisi</strong></span> <span class='ocrx_word' id='word_1_75' title='bbox 1340 1235 1428 1288; x_wconf 86' lang='lat' dir='ltr'><strong>per</strong></span> <span class='ocrx_word' id='word_1_76' title='bbox 1477 1234 1555 1270; x_wconf 90' lang='lat' dir='ltr'><strong>me</strong></span> <span class='ocrx_word' id='word_1_77' title='bbox 1601 1215 1781 1286; x_wconf 81' lang='lat' dir='ltr'><strong>(Joan.</strong></span> <span class='ocrx_word' id='word_1_78' title='bbox 1820 1215 1904 1267; x_wconf 76' lang='lat' dir='ltr'><strong>M.</strong></span> <span class='ocrx_word' id='word_1_79' title='bbox 1935 1211 2012 1282; x_wconf 82' lang='lat'><strong>6).</strong></span> 
     </span>
    </p>
   </div>
   <div class='ocr_carea' id='block_1_12' title="bbox 436 1308 2018 1379">
    <p class='ocr_par' dir='ltr' id='par_1_12' title="bbox 436 1308 2018 1379">
     <span class='ocr_line' id='line_1_12' title="bbox 436 1308 2018 1379; baseline -0.012 -2"><span class='ocrx_word' id='word_1_80' title='bbox 436 1321 800 1378; x_wconf 88' lang='lat' dir='ltr'><strong>necessarium</strong></span> <span class='ocrx_word' id='word_1_81' title='bbox 831 1327 914 1372; x_wconf 88' lang='lat' dir='ltr'><strong>est</strong></span> <span class='ocrx_word' id='word_1_82' title='bbox 959 1316 1024 1370; x_wconf 88' lang='lat' dir='ltr'><strong>ad</strong></span> <span class='ocrx_word' id='word_1_83' title='bbox 1055 1313 1341 1368; x_wconf 66' lang='lat' dir='ltr'><strong>ltzereticos</strong></span> <span class='ocrx_word' id='word_1_84' title='bbox 1383 1308 1668 1379; x_wconf 71' lang='lat' dir='ltr'><strong>impietatis</strong></span> <span class='ocrx_word' id='word_1_85' title='bbox 1696 1308 1898 1361; x_wconf 84' lang='lat' dir='ltr'><strong>crimen</strong></span> <span class='ocrx_word' id='word_1_86' title='bbox 1931 1322 2018 1359; x_wconf 63' lang='lat' dir='ltr'><strong>rea-</strong></span> 
     </span>
    </p>
   </div>
   <div class='ocr_carea' id='block_1_13' title="bbox 441 1399 2010 1483">
    <p class='ocr_par' dir='ltr' id='par_1_13' title="bbox 441 1399 2010 1483">
     <span class='ocr_line' id='line_1_13' title="bbox 441 1399 2010 1483; baseline -0.012 -15"><span class='ocrx_word' id='word_1_87' title='bbox 441 1425 713 1483; x_wconf 82' lang='lat' dir='ltr'><strong>torqttere.</strong></span> <span class='ocrx_word' id='word_1_88' title='bbox 741 1412 796 1465; x_wconf 85' lang='lat' dir='ltr'><strong>Si</strong></span> <span class='ocrx_word' id='word_1_89' title='bbox 828 1409 968 1476; x_wconf 89' lang='lat' dir='ltr'><strong>quod</strong></span> <span class='ocrx_word' id='word_1_90' title='bbox 999 1407 1142 1461; x_wconf 76' lang='lat' dir='ltr'><strong>Patri</strong></span> <span class='ocrx_word' id='word_1_91' title='bbox 1173 1405 1341 1458; x_wconf 84' lang='lat' dir='ltr'><strong>Filius</strong></span> <span class='ocrx_word' id='word_1_92' title='bbox 1368 1402 1580 1466; x_wconf 64' lang='lat' dir='ltr'><strong>oderat,</strong></span> <span class='ocrx_word' id='word_1_93' title='bbox 1616 1400 1666 1453; x_wconf 87' lang='lat' dir='ltr'><strong>id</strong></span> <span class='ocrx_word' id='word_1_94' title='bbox 1697 1399 2010 1468; x_wconf 84' lang='lat' dir='ltr'><strong>dignitatem</strong></span> 
     </span>
    </p>
   </div>
   <div class='ocr_carea' id='block_1_14' title="bbox 438 1490 2012 1564">
    <p class='ocr_par' dir='ltr' id='par_1_14' title="bbox 438 1490 2012 1564">
     <span class='ocr_line' id='line_1_14' title="bbox 438 1490 2012 1564; baseline -0.01 -8"><span class='ocrx_word' id='word_1_95' title='bbox 438 1503 721 1559; x_wconf 80' lang='lat' dir='ltr'><strong>offerentis</strong></span> <span class='ocrx_word' id='word_1_96' title='bbox 751 1501 932 1564; x_wconf 91' lang='lat' dir='ltr'><strong>tollit;</strong></span> <span class='ocrx_word' id='word_1_97' title='bbox 964 1500 1006 1552; x_wconf 92' lang='lat' dir='ltr'><strong>si</strong></span> <span class='ocrx_word' id='word_1_98' title='bbox 1039 1498 1248 1551; x_wconf 84' lang='lat' dir='ltr'><strong>Patrem</strong></span> <span class='ocrx_word' id='word_1_99' title='bbox 1278 1494 1462 1548; x_wconf 88' lang='lat' dir='ltr'><strong>videas</strong></span> <span class='ocrx_word' id='word_1_100' title='bbox 1491 1492 1630 1547; x_wconf 90' lang='lat' dir='ltr'><strong>Filio</strong></span> <span class='ocrx_word' id='word_1_101' title='bbox 1677 1490 2012 1553; x_wconf 82' lang='lat' dir='ltr'><strong>oil&#39;ercntem,</strong></span> 
     </span>
    </p>
   </div>
   <div class='ocr_carea' id='block_1_15' title="bbox 379 1581 2017 1664">
    <p class='ocr_par' dir='ltr' id='par_1_15' title="bbox 379 1581 2017 1664">
     <span class='ocr_line' id='line_1_15' title="bbox 379 1581 2017 1664; baseline -0.012 -11"><span class='ocrx_word' id='word_1_102' title='bbox 379 1659 384 1664; x_wconf 89' lang='lat'>_</span> <span class='ocrx_word' id='word_1_103' title='bbox 441 1597 567 1652; x_wconf 91' lang='lat' dir='ltr'><strong>illuc</strong></span> <span class='ocrx_word' id='word_1_104' title='bbox 594 1595 920 1663; x_wconf 80' lang='lat' dir='ltr'><strong>impietatem</strong></span> <span class='ocrx_word' id='word_1_105' title='bbox 947 1589 1212 1644; x_wconf 76' lang='lat' dir='ltr'><strong>extendis.</strong></span> <span class='ocrx_word' id='word_1_106' title='bbox 1237 1587 1466 1640; x_wconf 81' lang='lat' dir='ltr'><strong>Maxime</strong></span> <span class='ocrx_word' id='word_1_107' title='bbox 1501 1600 1630 1652; x_wconf 86' lang='lat' dir='ltr'><strong>ergo</strong></span> <span class='ocrx_word' id='word_1_108' title='bbox 1655 1623 1668 1646; x_wconf 95' lang='lat'><strong>,</strong></span> <span class='ocrx_word' id='word_1_109' title='bbox 1701 1582 1826 1636; x_wconf 91' lang='lat' dir='ltr'><strong>dum</strong></span> <span class='ocrx_word' id='word_1_110' title='bbox 1857 1581 2017 1649; x_wconf 88' lang='lat' dir='ltr'><strong>impie</strong></span> 
     </span>
    </p>
   </div>
   <div class='ocr_carea' id='block_1_16' title="bbox 439 1672 2015 1759">
    <p class='ocr_par' dir='ltr' id='par_1_16' title="bbox 439 1672 2015 1759">
     <span class='ocr_line' id='line_1_16' title="bbox 439 1672 2015 1759; baseline -0.013 -16"><span class='ocrx_word' id='word_1_111' title='bbox 439 1691 552 1759; x_wconf 86' lang='lat' dir='ltr'><strong>agis</strong></span> <span class='ocrx_word' id='word_1_112' title='bbox 597 1688 650 1742; x_wconf 91' lang='lat' dir='ltr'><strong>in</strong></span> <span class='ocrx_word' id='word_1_113' title='bbox 695 1685 732 1739; x_wconf 88' lang='lat' dir='ltr'><strong>F</strong></span> <span class='ocrx_word' id='word_1_114' title='bbox 740 1685 921 1749; x_wconf 91' lang='lat' dir='ltr'><strong>ilium,</strong></span> <span class='ocrx_word' id='word_1_115' title='bbox 974 1681 1026 1735; x_wconf 89' lang='lat' dir='ltr'><strong>in</strong></span> <span class='ocrx_word' id='word_1_116' title='bbox 1079 1680 1290 1734; x_wconf 80' lang='lat' dir='ltr'><strong>Patrem</strong></span> <span class='ocrx_word' id='word_1_117' title='bbox 1344 1676 1700 1745; x_wconf 84' lang='lat' dir='ltr'><strong>blaSpltemas.</strong></span> <span class='ocrx_word' id='word_1_118' title='bbox 1737 1672 1803 1728; x_wconf 89' lang='lat' dir='ltr'><strong>Ut</strong></span> <span class='ocrx_word' id='word_1_119' title='bbox 1850 1685 2015 1740; x_wconf 88' lang='lat' dir='ltr'><strong>ergo,</strong></span> 
     </span>
    </p>
   </div>
   <div class='ocr_carea' id='block_1_17' title="bbox 443 1765 2015 1843">
    <p class='ocr_par' dir='ltr' id='par_1_17' title="bbox 443 1765 2015 1843">
     <span class='ocr_line' id='line_1_17' title="bbox 443 1765 2015 1843; baseline -0.013 -9"><span class='ocrx_word' id='word_1_120' title='bbox 443 1781 652 1843; x_wconf 80' lang='lat' dir='ltr'><strong>fratres,</strong></span> <span class='ocrx_word' id='word_1_121' title='bbox 683 1777 734 1830; x_wconf 89' lang='lat' dir='ltr'><strong>in</strong></span> <span class='ocrx_word' id='word_1_122' title='bbox 764 1774 929 1829; x_wconf 88' lang='lat' dir='ltr'><strong>verbo</strong></span> <span class='ocrx_word' id='word_1_123' title='bbox 963 1771 1175 1840; x_wconf 89' lang='lat' dir='ltr'><strong>pictatis</strong></span> <span class='ocrx_word' id='word_1_124' title='bbox 1195 1777 1250 1823; x_wconf 85' lang='lat' dir='ltr'><strong>et</strong></span> <span class='ocrx_word' id='word_1_125' title='bbox 1275 1768 1516 1823; x_wconf 80' lang='lat' dir='ltr'><strong>veritatis</strong></span> <span class='ocrx_word' id='word_1_126' title='bbox 1547 1765 1840 1835; x_wconf 91' lang='lat' dir='ltr'><strong>nequitiam</strong></span> <span class='ocrx_word' id='word_1_127' title='bbox 1864 1779 2015 1816; x_wconf 90' lang='lat' dir='ltr'><strong>com-</strong></span> 
     </span>
    </p>
   </div>
   <div class='ocr_carea' id='block_1_18' title="bbox 443 1848 2022 1942">
    <p class='ocr_par' dir='ltr' id='par_1_18' title="bbox 443 1848 2022 1942">
     <span class='ocr_line' id='line_1_18' title="bbox 443 1848 2022 1942; baseline -0.014 -16"><span class='ocrx_word' id='word_1_128' title='bbox 443 1848 733 1942; x_wconf 34' lang='lat' dir='ltr'><strong>primamt‘ts</strong></span> <span class='ocrx_word' id='word_1_129' title='bbox 759 1909 773 1929; x_wconf 85' lang='lat'><strong>,</strong></span> <span class='ocrx_word' id='word_1_130' title='bbox 807 1875 861 1920; x_wconf 86' lang='lat' dir='ltr'><strong>et</strong></span> <span class='ocrx_word' id='word_1_131' title='bbox 911 1865 1050 1933; x_wconf 82' lang='lat' dir='ltr'><strong>piant</strong></span> <span class='ocrx_word' id='word_1_132' title='bbox 1097 1864 1415 1916; x_wconf 82' lang='lat' dir='ltr'><strong>sententiam</strong></span> <span class='ocrx_word' id='word_1_133' title='bbox 1462 1858 1798 1912; x_wconf 85' lang='lat' dir='ltr'><strong>declaretttus</strong></span> <span class='ocrx_word' id='word_1_134' title='bbox 1825 1856 1842 1924; x_wconf 91' lang='lat'><strong>(</strong></span> <span class='ocrx_word' id='word_1_135' title='bbox 1871 1852 2022 1907; x_wconf 77' lang='lat' dir='ltr'><strong>Vivus</strong></span> 
     </span>
    </p>
   </div>
   <div class='ocr_carea' id='block_1_19' title="bbox 441 1947 2023 2027">
    <p class='ocr_par' dir='ltr' id='par_1_19' title="bbox 441 1947 2023 2027">
     <span class='ocr_line' id='line_1_19' title="bbox 441 1947 2023 2027; baseline -0.013 -8"><span class='ocrx_word' id='word_1_136' title='bbox 441 1977 511 2019; x_wconf 88' lang='lat' dir='ltr'><strong>est</strong></span> <span class='ocrx_word' id='word_1_137' title='bbox 542 1964 671 2018; x_wconf 80' lang='lat' dir='ltr'><strong>enim</strong></span> <span class='ocrx_word' id='word_1_138' title='bbox 700 1977 861 2014; x_wconf 86' lang='lat' dir='ltr'><strong>sermo</strong></span> <span class='ocrx_word' id='word_1_139' title='bbox 893 1957 987 2012; x_wconf 88' lang='lat' dir='ltr'><strong>Dei</strong></span> <span class='ocrx_word' id='word_1_140' title='bbox 1009 1968 1053 2010; x_wconf 90' lang='lat' dir='ltr'><strong>et</strong></span> <span class='ocrx_word' id='word_1_141' title='bbox 1081 1956 1276 2027; x_wconf 70' lang='lat' dir='ltr'><strong>eﬂicax,</strong></span> <span class='ocrx_word' id='word_1_142' title='bbox 1303 1965 1347 2008; x_wconf 89' lang='lat' dir='ltr'><strong>et</strong></span> <span class='ocrx_word' id='word_1_143' title='bbox 1367 1951 1721 2022; x_wconf 78' lang='lat' dir='ltr'><strong>penetrabiiior</strong></span> <span class='ocrx_word' id='word_1_144' title='bbox 1736 1949 1876 2003; x_wconf 88' lang='lat' dir='ltr'><strong>omni</strong></span> <span class='ocrx_word' id='word_1_145' title='bbox 1908 1947 2023 2017; x_wconf 82' lang='lat' dir='ltr'><strong>gla—</strong></span> 
     </span>
    </p>
   </div>
   <div class='ocr_carea' id='block_1_20' title="bbox 440 2043 2022 2126">
    <p class='ocr_par' dir='ltr' id='par_1_20' title="bbox 440 2043 2022 2126">
     <span class='ocr_line' id='line_1_20' title="bbox 440 2043 2022 2126; baseline -0.011 -16"><span class='ocrx_word' id='word_1_146' title='bbox 440 2057 526 2110; x_wconf 85' lang='lat' dir='ltr'><strong>dio</strong></span> <span class='ocrx_word' id='word_1_147' title='bbox 554 2055 761 2125; x_wconf 83' lang='lat' dir='ltr'><strong>ancipiti</strong></span> <span class='ocrx_word' id='word_1_148' title='bbox 790 2051 988 2126; x_wconf 85' lang='lat' dir='ltr'><strong>[IIebr.</strong></span> <span class='ocrx_word' id='word_1_149' title='bbox 1017 2051 1070 2105; x_wconf 66' lang='lat'><strong>4.</strong></span> <span class='ocrx_word' id='word_1_150' title='bbox 1099 2047 1206 2121; x_wconf 70' lang='lat'><strong>12]</strong></span> <span class='ocrx_word' id='word_1_151' title='bbox 1243 2065 1256 2102; x_wconf 90' lang='lat'><strong>:</strong></span> <span class='ocrx_word' id='word_1_152' title='bbox 1285 2047 1520 2117; x_wconf 80' lang='lat' dir='ltr'><strong>gladium</strong></span> <span class='ocrx_word' id='word_1_153' title='bbox 1542 2043 1827 2113; x_wconf 87' lang='lat' dir='ltr'><strong>ancipitem</strong></span> <span class='ocrx_word' id='word_1_154' title='bbox 1847 2051 2022 2104; x_wconf 87' lang='lat' dir='ltr'><strong>vocat,</strong></span> 
     </span>
    </p>
   </div>
   <div class='ocr_carea' id='block_1_21' title="bbox 442 2131 2028 2219">
    <p class='ocr_par' dir='ltr' id='par_1_21' title="bbox 442 2131 2028 2219">
     <span class='ocr_line' id='line_1_21' title="bbox 442 2131 2028 2219; baseline -0.013 -15"><span class='ocrx_word' id='word_1_155' title='bbox 442 2150 566 2219; x_wconf 85' lang='lat' dir='ltr'><strong>quia</strong></span> <span class='ocrx_word' id='word_1_156' title='bbox 597 2147 793 2216; x_wconf 89' lang='lat' dir='ltr'><strong>duplici</strong></span> <span class='ocrx_word' id='word_1_157' title='bbox 838 2146 1000 2197; x_wconf 86' lang='lat' dir='ltr'><strong>utitur</strong></span> <span class='ocrx_word' id='word_1_158' title='bbox 1028 2154 1278 2196; x_wconf 79' lang='lat' dir='ltr'><strong>sermone</strong></span> <span class='ocrx_word' id='word_1_159' title='bbox 1302 2180 1315 2201; x_wconf 88' lang='lat'><strong>,</strong></span> <span class='ocrx_word' id='word_1_160' title='bbox 1334 2139 1438 2192; x_wconf 92' lang='lat' dir='ltr'><strong>alio</strong></span> <span class='ocrx_word' id='word_1_161' title='bbox 1471 2139 1748 2199; x_wconf 87' lang='lat' dir='ltr'><strong>ﬁrmante,</strong></span> <span class='ocrx_word' id='word_1_162' title='bbox 1773 2133 1878 2187; x_wconf 90' lang='lat' dir='ltr'><strong>alio</strong></span> <span class='ocrx_word' id='word_1_163' title='bbox 1901 2131 2028 2186; x_wconf 91' lang='lat' dir='ltr'><strong>sub-</strong></span> 
     </span>
    </p>
   </div>
   <div class='ocr_carea' id='block_1_22' title="bbox 443 2224 2026 2299">
    <p class='ocr_par' dir='ltr' id='par_1_22' title="bbox 443 2224 2026 2299">
     <span class='ocr_line' id='line_1_22' title="bbox 443 2224 2026 2299; baseline -0.013 -5"><span class='ocrx_word' id='word_1_164' title='bbox 443 2249 716 2299; x_wconf 83' lang='lat' dir='ltr'><strong>vertente;</strong></span> <span class='ocrx_word' id='word_1_165' title='bbox 744 2235 1086 2289; x_wconf 86' lang='lat' dir='ltr'><strong>subvertente</strong></span> <span class='ocrx_word' id='word_1_166' title='bbox 1112 2230 1472 2293; x_wconf 79' lang='lat' dir='ltr'><strong>adversarios,</strong></span> <span class='ocrx_word' id='word_1_167' title='bbox 1504 2227 1748 2280; x_wconf 88' lang='lat' dir='ltr'><strong>ﬁrmante</strong></span> <span class='ocrx_word' id='word_1_168' title='bbox 1770 2224 2026 2278; x_wconf 83' lang='lat' dir='ltr'><strong>domesti-</strong></span> 
     </span>
    </p>
   </div>
   <div class='ocr_carea' id='block_1_23' title="bbox 441 2315 2028 2398">
    <p class='ocr_par' dir='ltr' id='par_1_23' title="bbox 441 2315 2028 2398">
     <span class='ocr_line' id='line_1_23' title="bbox 441 2315 2028 2398; baseline -0.014 -11"><span class='ocrx_word' id='word_1_169' title='bbox 441 2347 537 2388; x_wconf 87' lang='lat' dir='ltr'><strong>cos</strong></span> <span class='ocrx_word' id='word_1_170' title='bbox 569 2329 713 2398; x_wconf 91' lang='lat' dir='ltr'><strong>ﬁdei)</strong></span> <span class='ocrx_word' id='word_1_171' title='bbox 732 2347 744 2382; x_wconf 90' lang='lat'><strong>:</strong></span> <span class='ocrx_word' id='word_1_172' title='bbox 763 2327 884 2380; x_wconf 89' lang='lat' dir='ltr'><strong>audi</strong></span> <span class='ocrx_word' id='word_1_173' title='bbox 911 2328 1082 2394; x_wconf 92' lang='lat' dir='ltr'><strong>ipsum</strong></span> <span class='ocrx_word' id='word_1_174' title='bbox 1112 2323 1391 2377; x_wconf 87' lang='lat' dir='ltr'><strong>Dominum</strong></span> <span class='ocrx_word' id='word_1_175' title='bbox 1414 2319 1679 2374; x_wconf 88' lang='lat' dir='ltr'><strong>dicentem</strong></span> <span class='ocrx_word' id='word_1_176' title='bbox 1706 2334 1720 2371; x_wconf 92' lang='lat'><strong>:</strong></span> <span class='ocrx_word' id='word_1_177' title='bbox 1747 2315 1910 2369; x_wconf 86' lang='lat' dir='ltr'><strong>Nemo</strong></span> <span class='ocrx_word' id='word_1_178' title='bbox 1936 2330 2028 2384; x_wconf 84' lang='lat' dir='ltr'><strong>po-</strong></span> 
     </span>
    </p>
   </div>
   <div class='ocr_carea' id='block_1_24' title="bbox 442 2408 2031 2482">
    <p class='ocr_par' dir='ltr' id='par_1_24' title="bbox 442 2408 2031 2482">
     <span class='ocr_line' id='line_1_24' title="bbox 442 2408 2031 2482; baseline -0.014 -4"><span class='ocrx_word' id='word_1_179' title='bbox 442 2433 536 2478; x_wconf 83' lang='lat' dir='ltr'><strong>test</strong></span> <span class='ocrx_word' id='word_1_180' title='bbox 563 2423 726 2477; x_wconf 83' lang='lat' dir='ltr'><strong>venire</strong></span> <span class='ocrx_word' id='word_1_181' title='bbox 747 2417 816 2471; x_wconf 83' lang='lat' dir='ltr'><strong>ad</strong></span> <span class='ocrx_word' id='word_1_182' title='bbox 836 2435 914 2472; x_wconf 83' lang='lat' dir='ltr'><strong>me</strong></span> <span class='ocrx_word' id='word_1_183' title='bbox 935 2457 951 2482; x_wconf 95' lang='lat'><strong>,</strong></span> <span class='ocrx_word' id='word_1_184' title='bbox 977 2416 1072 2468; x_wconf 87' lang='lat' dir='ltr'><strong>nisi</strong></span> <span class='ocrx_word' id='word_1_185' title='bbox 1095 2412 1251 2466; x_wconf 88' lang='lat' dir='ltr'><strong>Pater</strong></span> <span class='ocrx_word' id='word_1_186' title='bbox 1279 2427 1415 2466; x_wconf 88' lang='lat' dir='ltr'><strong>meus</strong></span> <span class='ocrx_word' id='word_1_187' title='bbox 1436 2409 1648 2464; x_wconf 75' lang='lat' dir='ltr'><strong>cwlestis</strong></span> <span class='ocrx_word' id='word_1_188' title='bbox 1679 2408 1885 2460; x_wconf 75' lang='lat' dir='ltr'><strong>traxerit</strong></span> <span class='ocrx_word' id='word_1_189' title='bbox 1916 2420 2031 2458; x_wconf 82' lang='lat' dir='ltr'><strong>eum</strong></span> 
     </span>
    </p>
   </div>
   <div class='ocr_carea' id='block_1_25' title="bbox 445 2504 2030 2588">
    <p class='ocr_par' dir='ltr' id='par_1_25' title="bbox 445 2504 2030 2588">
     <span class='ocr_line' id='line_1_25' title="bbox 445 2504 2030 2588; baseline -0.01 -19"><span class='ocrx_word' id='word_1_190' title='bbox 445 2515 694 2588; x_wconf 81' lang='lat' dir='ltr'><strong>(Joan.6.</strong></span> <span class='ocrx_word' id='word_1_191' title='bbox 721 2513 833 2582; x_wconf 67' lang='grc'><strong>44).</strong></span> <span class='ocrx_word' id='word_1_192' title='bbox 864 2506 1233 2565; x_wconf 87' lang='lat' dir='ltr'><strong>Necessarium</strong></span> <span class='ocrx_word' id='word_1_193' title='bbox 1263 2514 1440 2558; x_wconf 89' lang='lat' dir='ltr'><strong>autem</strong></span> <span class='ocrx_word' id='word_1_194' title='bbox 1462 2511 1563 2566; x_wconf 90' lang='lat' dir='ltr'><strong>est,</strong></span> <span class='ocrx_word' id='word_1_195' title='bbox 1594 2504 1804 2566; x_wconf 76' lang='lat' dir='ltr'><strong>fratres,</strong></span> <span class='ocrx_word' id='word_1_196' title='bbox 1832 2515 1893 2554; x_wconf 90' lang='lat' dir='ltr'><strong>ea</strong></span> <span class='ocrx_word' id='word_1_197' title='bbox 1910 2513 2030 2569; x_wconf 60' lang='lat' dir='ltr'><strong>quae</strong></span> 
     </span>
    </p>
   </div>
   <div class='ocr_carea' id='block_1_26' title="bbox 445 2591 2028 2675">
    <p class='ocr_par' dir='ltr' id='par_1_26' title="bbox 445 2591 2028 2675">
     <span class='ocr_line' id='line_1_26' title="bbox 445 2591 2028 2675; baseline -0.009 -17"><span class='ocrx_word' id='word_1_198' title='bbox 445 2612 745 2675; x_wconf 88' lang='lat' dir='ltr'><strong>opportuna</strong></span> <span class='ocrx_word' id='word_1_199' title='bbox 787 2610 910 2655; x_wconf 89' lang='lat' dir='ltr'><strong>sunt</strong></span> <span class='ocrx_word' id='word_1_200' title='bbox 928 2598 1195 2653; x_wconf 63' lang='lat' dir='ltr'><strong>haereticis</strong></span> <span class='ocrx_word' id='word_1_201' title='bbox 1223 2595 1406 2650; x_wconf 90' lang='lat' dir='ltr'><strong>dicere</strong></span> <span class='ocrx_word' id='word_1_202' title='bbox 1431 2634 1446 2658; x_wconf 83' lang='lat'><strong>,</strong></span> <span class='ocrx_word' id='word_1_203' title='bbox 1469 2604 1522 2648; x_wconf 91' lang='lat' dir='ltr'><strong>et</strong></span> <span class='ocrx_word' id='word_1_204' title='bbox 1545 2593 1684 2647; x_wconf 89' lang='lat' dir='ltr'><strong>hanc</strong></span> <span class='ocrx_word' id='word_1_205' title='bbox 1707 2591 2028 2646; x_wconf 89' lang='lat' dir='ltr'><strong>sententiam</strong></span> 
     </span>
    </p>
   </div>
   <div class='ocr_carea' id='block_1_27' title="bbox 448 2683 2028 2754">
    <p class='ocr_par' dir='ltr' id='par_1_27' title="bbox 448 2683 2028 2754">
     <span class='ocr_line' id='line_1_27' title="bbox 448 2683 2028 2754; baseline -0.009 -6"><span class='ocrx_word' id='word_1_206' title='bbox 448 2695 571 2749; x_wconf 88' lang='lat' dir='ltr'><strong>ﬁdei</strong></span> <span class='ocrx_word' id='word_1_207' title='bbox 604 2694 725 2746; x_wconf 91' lang='lat' dir='ltr'><strong>ﬁliis</strong></span> <span class='ocrx_word' id='word_1_208' title='bbox 750 2691 1035 2744; x_wconf 89' lang='lat' dir='ltr'><strong>inculcare.</strong></span> <span class='ocrx_word' id='word_1_209' title='bbox 1065 2689 1172 2742; x_wconf 89' lang='lat' dir='ltr'><strong>Cur</strong></span> <span class='ocrx_word' id='word_1_210' title='bbox 1193 2687 1336 2740; x_wconf 89' lang='lat' dir='ltr'><strong>illam</strong></span> <span class='ocrx_word' id='word_1_211' title='bbox 1354 2685 1674 2754; x_wconf 88' lang='lat' dir='ltr'><strong>oblationem</strong></span> <span class='ocrx_word' id='word_1_212' title='bbox 1702 2683 2028 2752; x_wconf 81' lang='lat' dir='ltr'><strong>unigenitum</strong></span> 
     </span>
    </p>
   </div>
   <div class='ocr_carea' id='block_1_28' title="bbox 451 2773 2031 2844">
    <p class='ocr_par' dir='ltr' id='par_1_28' title="bbox 451 2773 2031 2844">
     <span class='ocr_line' id='line_1_28' title="bbox 451 2773 2031 2844; baseline -0.009 -3"><span class='ocrx_word' id='word_1_213' title='bbox 451 2789 542 2841; x_wconf 85' lang='lat' dir='ltr'><strong>Dei</strong></span> <span class='ocrx_word' id='word_1_214' title='bbox 558 2785 789 2840; x_wconf 86' lang='lat' dir='ltr'><strong>Verbum</strong></span> <span class='ocrx_word' id='word_1_215' title='bbox 820 2781 1017 2844; x_wconf 88' lang='lat' dir='ltr'><strong>divisit,</strong></span> <span class='ocrx_word' id='word_1_216' title='bbox 1051 2780 1208 2834; x_wconf 93' lang='lat' dir='ltr'><strong>modo</strong></span> <span class='ocrx_word' id='word_1_217' title='bbox 1225 2777 1406 2832; x_wconf 88' lang='lat' dir='ltr'><strong>dicens</strong></span> <span class='ocrx_word' id='word_1_218' title='bbox 1420 2776 1487 2831; x_wconf 88' lang='lat' dir='ltr'><strong>ab</strong></span> <span class='ocrx_word' id='word_1_219' title='bbox 1502 2791 1559 2830; x_wconf 88' lang='lat' dir='ltr'><strong>se</strong></span> <span class='ocrx_word' id='word_1_220' title='bbox 1571 2773 1736 2842; x_wconf 89' lang='lat' dir='ltr'><strong>Patri,</strong></span> <span class='ocrx_word' id='word_1_221' title='bbox 1752 2774 1909 2828; x_wconf 92' lang='lat' dir='ltr'><strong>modo</strong></span> <span class='ocrx_word' id='word_1_222' title='bbox 1931 2773 2031 2828; x_wconf 90' lang='lat' dir='ltr'><strong>sibi</strong></span> 
     </span>
    </p>
   </div>
   <div class='ocr_carea' id='block_1_29' title="bbox 451 2865 2032 2939">
    <p class='ocr_par' dir='ltr' id='par_1_29' title="bbox 451 2865 2032 2939">
     <span class='ocr_line' id='line_1_29' title="bbox 451 2865 2032 2939; baseline -0.008 -9"><span class='ocrx_word' id='word_1_223' title='bbox 451 2893 480 2930; x_wconf 86' lang='lat' dir='ltr'><strong>a</strong></span> <span class='ocrx_word' id='word_1_224' title='bbox 507 2875 664 2930; x_wconf 86' lang='lat' dir='ltr'><strong>Patre</strong></span> <span class='ocrx_word' id='word_1_225' title='bbox 691 2872 907 2927; x_wconf 82' lang='lat' dir='ltr'><strong>oﬁcrri?</strong></span> <span class='ocrx_word' id='word_1_226' title='bbox 937 2885 1110 2939; x_wconf 77' lang='lat' dir='ltr'><strong>neque</strong></span> <span class='ocrx_word' id='word_1_227' title='bbox 1147 2868 1290 2923; x_wconf 90' lang='lat' dir='ltr'><strong>enim</strong></span> <span class='ocrx_word' id='word_1_228' title='bbox 1309 2883 1369 2922; x_wconf 89' lang='lat' dir='ltr'><strong>ea</strong></span> <span class='ocrx_word' id='word_1_229' title='bbox 1386 2881 1503 2938; x_wconf 59' lang='lat' dir='ltr'><strong>qua:</strong></span> <span class='ocrx_word' id='word_1_230' title='bbox 1518 2865 1584 2920; x_wconf 88' lang='lat' dir='ltr'><strong>ad</strong></span> <span class='ocrx_word' id='word_1_231' title='bbox 1615 2865 1847 2919; x_wconf 90' lang='lat' dir='ltr'><strong>divinam</strong></span> <span class='ocrx_word' id='word_1_232' title='bbox 1879 2873 2032 2918; x_wconf 79' lang='lat' dir='ltr'><strong>natu-</strong></span> 
     </span>
    </p>
   </div>
   <div class='ocr_carea' id='block_1_30' title="bbox 451 2956 2032 3034">
    <p class='ocr_par' dir='ltr' id='par_1_30' title="bbox 451 2956 2032 3034">
     <span class='ocr_line' id='line_1_30' title="bbox 451 2956 2032 3034; baseline -0.008 -12"><span class='ocrx_word' id='word_1_233' title='bbox 451 2982 565 3022; x_wconf 87' lang='lat' dir='ltr'><strong>ram</strong></span> <span class='ocrx_word' id='word_1_234' title='bbox 585 2965 847 3034; x_wconf 87' lang='lat' dir='ltr'><strong>pertinent</strong></span> <span class='ocrx_word' id='word_1_235' title='bbox 863 2959 1288 3025; x_wconf 82' lang='lat' dir='ltr'><strong>confunduntur;</strong></span> <span class='ocrx_word' id='word_1_236' title='bbox 1307 2958 1402 3013; x_wconf 86' lang='lat' dir='ltr'><strong>sed</strong></span> <span class='ocrx_word' id='word_1_237' title='bbox 1417 2961 1633 3011; x_wconf 87' lang='lat' dir='ltr'><strong>verbum</strong></span> <span class='ocrx_word' id='word_1_238' title='bbox 1658 2956 1896 3011; x_wconf 87' lang='lat' dir='ltr'><strong>veritatis</strong></span> <span class='ocrx_word' id='word_1_239' title='bbox 1920 2956 2032 3026; x_wconf 85' lang='lat' dir='ltr'><strong>pla-</strong></span> 
     </span>
    </p>
   </div>
   <div class='ocr_carea' id='block_1_31' title="bbox 452 3049 2036 3117">
    <p class='ocr_par' dir='ltr' id='par_1_31' title="bbox 452 3049 2036 3117">
     <span class='ocr_line' id='line_1_31' title="bbox 452 3049 2036 3117; baseline -0.006 -5"><span class='ocrx_word' id='word_1_240' title='bbox 452 3072 577 3112; x_wconf 90' lang='lat' dir='ltr'><strong>num</strong></span> <span class='ocrx_word' id='word_1_241' title='bbox 605 3065 656 3109; x_wconf 87' lang='lat' dir='ltr'><strong>et</strong></span> <span class='ocrx_word' id='word_1_242' title='bbox 680 3054 984 3108; x_wconf 82' lang='lat' dir='ltr'><strong>distinctum</strong></span> <span class='ocrx_word' id='word_1_243' title='bbox 1003 3062 1103 3116; x_wconf 91' lang='lat' dir='ltr'><strong>cst,</strong></span> <span class='ocrx_word' id='word_1_244' title='bbox 1135 3049 1262 3103; x_wconf 88' lang='lat' dir='ltr'><strong>nihil</strong></span> <span class='ocrx_word' id='word_1_245' title='bbox 1288 3050 1489 3104; x_wconf 88' lang='lat' dir='ltr'><strong>habens</strong></span> <span class='ocrx_word' id='word_1_246' title='bbox 1508 3049 1782 3117; x_wconf 89' lang='lat' dir='ltr'><strong>obliquum</strong></span> <span class='ocrx_word' id='word_1_247' title='bbox 1811 3059 1902 3101; x_wconf 92' lang='lat' dir='ltr'><strong>aut</strong></span> <span class='ocrx_word' id='word_1_248' title='bbox 1925 3059 2036 3102; x_wconf 90' lang='lat' dir='ltr'><strong>tor-</strong></span> 
     </span>
    </p>
   </div>
   <div class='ocr_carea' id='block_1_32' title="bbox 454 3137 2031 3209">
    <p class='ocr_par' dir='ltr' id='par_1_32' title="bbox 454 3137 2031 3209">
     <span class='ocr_line' id='line_1_32' title="bbox 454 3137 2031 3209; baseline -0.01 -5"><span class='ocrx_word' id='word_1_249' title='bbox 454 3159 662 3204; x_wconf 90' lang='lat' dir='ltr'><strong>tuosum</strong></span> <span class='ocrx_word' id='word_1_250' title='bbox 695 3165 707 3202; x_wconf 91' lang='lat'><strong>:</strong></span> <span class='ocrx_word' id='word_1_251' title='bbox 735 3145 918 3199; x_wconf 82' lang='lat' dir='ltr'><strong>Omnes</strong></span> <span class='ocrx_word' id='word_1_252' title='bbox 936 3145 1076 3198; x_wconf 87' lang='lat' dir='ltr'><strong>enim</strong></span> <span class='ocrx_word' id='word_1_253' title='bbox 1108 3143 1199 3195; x_wconf 78' lang='lat' dir='ltr'><strong>vite</strong></span> <span class='ocrx_word' id='word_1_254' title='bbox 1215 3141 1416 3194; x_wconf 86' lang='lat' dir='ltr'><strong>Domini</strong></span> <span class='ocrx_word' id='word_1_255' title='bbox 1437 3151 1586 3194; x_wconf 70' lang='lat' dir='ltr'><strong>rectae</strong></span> <span class='ocrx_word' id='word_1_256' title='bbox 1607 3138 1777 3207; x_wconf 86' lang='lat' dir='ltr'><strong>(Psal.</strong></span> <span class='ocrx_word' id='word_1_257' title='bbox 1801 3138 1889 3194; x_wconf 69' lang='grc'><strong>24.</strong></span> <span class='ocrx_word' id='word_1_258' title='bbox 1918 3137 2031 3209; x_wconf 91' lang='grc'><strong>10).</strong></span> 
     </span>
    </p>
   </div>
   <div class='ocr_carea' id='block_1_33' title="bbox 527 3231 2029 3308">
    <p class='ocr_par' dir='ltr' id='par_1_33' title="bbox 527 3231 2029 3308">
     <span class='ocr_line' id='line_1_33' title="bbox 527 3231 2029 3308; baseline -0.005 -16"><span class='ocrx_word' id='word_1_259' title='bbox 527 3239 665 3293; x_wconf 87' lang='lat' dir='ltr'><strong>Deus</strong></span> <span class='ocrx_word' id='word_1_260' title='bbox 689 3237 940 3308; x_wconf 79' lang='lat' dir='ltr'><strong>quomodo</strong></span> <span class='ocrx_word' id='word_1_261' title='bbox 965 3245 1081 3302; x_wconf 89' lang='lat' dir='ltr'><strong>stet,</strong></span> <span class='ocrx_word' id='word_1_262' title='bbox 1104 3232 1357 3301; x_wconf 89' lang='lat' dir='ltr'><strong>quomodo</strong></span> <span class='ocrx_word' id='word_1_263' title='bbox 1388 3231 1574 3286; x_wconf 87' lang='lat' dir='ltr'><strong>sedeat.</strong></span> <span class='ocrx_word' id='word_1_264' title='bbox 1600 3261 1668 3271; x_wconf 98' lang='lat'>—</span> <span class='ocrx_word' id='word_1_265' title='bbox 1702 3232 1836 3286; x_wconf 83' lang='lat' dir='ltr'><strong>Num</strong></span> <span class='ocrx_word' id='word_1_266' title='bbox 1865 3247 1995 3301; x_wconf 85' lang='lat' dir='ltr'><strong>ergo</strong></span> <span class='ocrx_word' id='word_1_267' title='bbox 2013 3272 2029 3296; x_wconf 90' lang='lat'><strong>,</strong></span> 
     </span>
    </p>
   </div>
   <div class='ocr_carea' id='block_1_34' title="bbox 455 3321 2036 3396">
    <p class='ocr_par' dir='ltr' id='par_1_34' title="bbox 455 3321 2036 3396">
     <span class='ocr_line' id='line_1_34' title="bbox 455 3321 2036 3396; baseline -0.007 -11"><span class='ocrx_word' id='word_1_268' title='bbox 455 3333 672 3396; x_wconf 80' lang='lat' dir='ltr'><strong>fratres,</strong></span> <span class='ocrx_word' id='word_1_269' title='bbox 698 3329 876 3391; x_wconf 86' lang='lat' dir='ltr'><strong>Pater,</strong></span> <span class='ocrx_word' id='word_1_270' title='bbox 912 3325 1071 3380; x_wconf 89' lang='lat' dir='ltr'><strong>modo</strong></span> <span class='ocrx_word' id='word_1_271' title='bbox 1099 3325 1292 3380; x_wconf 83' lang='lat' dir='ltr'><strong>sedens</strong></span> <span class='ocrx_word' id='word_1_272' title='bbox 1321 3325 1622 3393; x_wconf 90' lang='lat' dir='ltr'><strong>primasque</strong></span> <span class='ocrx_word' id='word_1_273' title='bbox 1663 3335 1870 3390; x_wconf 88' lang='lat' dir='ltr'><strong>tenens,</strong></span> <span class='ocrx_word' id='word_1_274' title='bbox 1889 3321 2036 3376; x_wconf 88' lang='lat' dir='ltr'><strong>obla-</strong></span> 
     </span>
    </p>
   </div>
   <div class='ocr_carea' id='block_1_35' title="bbox 456 3413 2030 3490">
    <p class='ocr_par' dir='ltr' id='par_1_35' title="bbox 456 3413 2030 3490">
     <span class='ocr_line' id='line_1_35' title="bbox 456 3413 2030 3490; baseline -0.008 -12"><span class='ocrx_word' id='word_1_275' title='bbox 456 3435 539 3479; x_wconf 84' lang='lat' dir='ltr'><strong>tos</strong></span> <span class='ocrx_word' id='word_1_276' title='bbox 569 3422 786 3490; x_wconf 88' lang='lat' dir='ltr'><strong>recipit;</strong></span> <span class='ocrx_word' id='word_1_277' title='bbox 820 3419 980 3473; x_wconf 90' lang='lat' dir='ltr'><strong>modo</strong></span> <span class='ocrx_word' id='word_1_278' title='bbox 1008 3417 1144 3471; x_wconf 89' lang='lat' dir='ltr'><strong>Filio</strong></span> <span class='ocrx_word' id='word_1_279' title='bbox 1165 3457 1179 3477; x_wconf 88' lang='lat'><strong>,</strong></span> <span class='ocrx_word' id='word_1_280' title='bbox 1208 3417 1258 3469; x_wconf 93' lang='lat' dir='ltr'><strong>in</strong></span> <span class='ocrx_word' id='word_1_281' title='bbox 1307 3415 1453 3485; x_wconf 74' lang='lat' dir='ltr'><strong>regio</strong></span> <span class='ocrx_word' id='word_1_282' title='bbox 1485 3415 1668 3469; x_wconf 89' lang='lat' dir='ltr'><strong>habitu</strong></span> <span class='ocrx_word' id='word_1_283' title='bbox 1720 3413 1925 3468; x_wconf 86' lang='lat' dir='ltr'><strong>sedenti</strong></span> <span class='ocrx_word' id='word_1_284' title='bbox 1975 3424 2030 3466; x_wconf 89' lang='lat' dir='ltr'><strong>et</strong></span> 
     </span>
    </p>
   </div>
   <div class='ocr_carea' id='block_1_36' title="bbox 458 3505 2034 3585">
    <p class='ocr_par' dir='ltr' id='par_1_36' title="bbox 458 3505 2034 3585">
     <span class='ocr_line' id='line_1_36' title="bbox 458 3505 2034 3585; baseline -0.005 -17"><span class='ocrx_word' id='word_1_285' title='bbox 458 3515 657 3585; x_wconf 85' lang='lat' dir='ltr'><strong>primas</strong></span> <span class='ocrx_word' id='word_1_286' title='bbox 689 3512 914 3574; x_wconf 86' lang='lat' dir='ltr'><strong>tenenti,</strong></span> <span class='ocrx_word' id='word_1_287' title='bbox 943 3509 1183 3563; x_wconf 86' lang='lat' dir='ltr'><strong>debitum</strong></span> <span class='ocrx_word' id='word_1_288' title='bbox 1213 3507 1394 3561; x_wconf 84' lang='lat' dir='ltr'><strong>reddit</strong></span> <span class='ocrx_word' id='word_1_289' title='bbox 1419 3517 1474 3560; x_wconf 92' lang='lat' dir='ltr'><strong>et</strong></span> <span class='ocrx_word' id='word_1_290' title='bbox 1506 3507 1558 3560; x_wconf 92' lang='lat' dir='ltr'><strong>in</strong></span> <span class='ocrx_word' id='word_1_291' title='bbox 1589 3507 1820 3559; x_wconf 86' lang='lat' dir='ltr'><strong>ministri</strong></span> <span class='ocrx_word' id='word_1_292' title='bbox 1846 3505 2034 3560; x_wconf 88' lang='lat' dir='ltr'><strong>ordine</strong></span> 
     </span>
    </p>
   </div>
   <div class='ocr_carea' id='block_1_37' title="bbox 457 3597 2039 3675">
    <p class='ocr_par' dir='ltr' id='par_1_37' title="bbox 457 3597 2039 3675">
     <span class='ocr_line' id='line_1_37' title="bbox 457 3597 2039 3675; baseline -0.006 -15"><span class='ocrx_word' id='word_1_293' title='bbox 457 3605 719 3675; x_wconf 88' lang='lat' dir='ltr'><strong>quosdam</strong></span> <span class='ocrx_word' id='word_1_294' title='bbox 749 3603 884 3658; x_wconf 90' lang='lat' dir='ltr'><strong>Filio</strong></span> <span class='ocrx_word' id='word_1_295' title='bbox 914 3601 1108 3656; x_wconf 84' lang='lat' dir='ltr'><strong>aﬁ&#39;ert?</strong></span> <span class='ocrx_word' id='word_1_296' title='bbox 1135 3600 1288 3653; x_wconf 80' lang='lat' dir='ltr'><strong>Absit</strong></span> <span class='ocrx_word' id='word_1_297' title='bbox 1314 3619 1328 3652; x_wconf 85' lang='lat'><strong>:</strong></span> <span class='ocrx_word' id='word_1_298' title='bbox 1361 3613 1483 3652; x_wconf 89' lang='lat' dir='ltr'><strong>nam</strong></span> <span class='ocrx_word' id='word_1_299' title='bbox 1526 3597 1577 3650; x_wconf 90' lang='lat' dir='ltr'><strong>itt</strong></span> <span class='ocrx_word' id='word_1_300' title='bbox 1627 3598 1736 3650; x_wconf 92' lang='lat' dir='ltr'><strong>Deo</strong></span> <span class='ocrx_word' id='word_1_301' title='bbox 1759 3633 1773 3658; x_wconf 87' lang='lat'><strong>,</strong></span> <span class='ocrx_word' id='word_1_302' title='bbox 1803 3611 1926 3650; x_wconf 90' lang='lat' dir='ltr'><strong>cum</strong></span> <span class='ocrx_word' id='word_1_303' title='bbox 1953 3611 2039 3650; x_wconf 89' lang='lat' dir='ltr'><strong>se-</strong></span> 
     </span>
    </p>
   </div>
   <div class='ocr_carea' id='block_1_38' title="bbox 461 3687 2040 3766">
    <p class='ocr_par' dir='ltr' id='par_1_38' title="bbox 461 3687 2040 3766">
     <span class='ocr_line' id='line_1_38' title="bbox 461 3687 2040 3766; baseline -0.008 -14"><span class='ocrx_word' id='word_1_304' title='bbox 461 3700 584 3752; x_wconf 88' lang='lat' dir='ltr'><strong>dem</strong></span> <span class='ocrx_word' id='word_1_305' title='bbox 613 3696 734 3766; x_wconf 93' lang='lat' dir='ltr'><strong>quis</strong></span> <span class='ocrx_word' id='word_1_306' title='bbox 763 3695 1024 3756; x_wconf 85' lang='lat' dir='ltr'><strong>nominat,</strong></span> <span class='ocrx_word' id='word_1_307' title='bbox 1073 3706 1177 3744; x_wconf 91' lang='lat' dir='ltr'><strong>non</strong></span> <span class='ocrx_word' id='word_1_308' title='bbox 1207 3689 1368 3744; x_wconf 82' lang='lat' dir='ltr'><strong>debet</strong></span> <span class='ocrx_word' id='word_1_309' title='bbox 1396 3689 1688 3742; x_wconf 89' lang='lat' dir='ltr'><strong>humanum</strong></span> <span class='ocrx_word' id='word_1_310' title='bbox 1719 3687 1916 3757; x_wconf 89' lang='lat' dir='ltr'><strong>aliquid</strong></span> <span class='ocrx_word' id='word_1_311' title='bbox 1945 3703 2040 3742; x_wconf 87' lang='lat' dir='ltr'><strong>co-</strong></span> 
     </span>
    </p>
   </div>
   <div class='ocr_carea' id='block_1_39' title="bbox 465 3779 2038 3859">
    <p class='ocr_par' dir='ltr' id='par_1_39' title="bbox 465 3779 2038 3859">
     <span class='ocr_line' id='line_1_39' title="bbox 465 3779 2038 3859; baseline -0.008 -17"><span class='ocrx_word' id='word_1_312' title='bbox 465 3790 636 3859; x_wconf 86' lang='lat' dir='ltr'><strong>gitare</strong></span> <span class='ocrx_word' id='word_1_313' title='bbox 662 3802 678 3851; x_wconf 87' lang='lat'><strong>;</strong></span> <span class='ocrx_word' id='word_1_314' title='bbox 705 3799 878 3854; x_wconf 88' lang='lat' dir='ltr'><strong>neque</strong></span> <span class='ocrx_word' id='word_1_315' title='bbox 910 3798 1030 3836; x_wconf 90' lang='lat' dir='ltr'><strong>cum</strong></span> <span class='ocrx_word' id='word_1_316' title='bbox 1063 3793 1206 3835; x_wconf 87' lang='lat' dir='ltr'><strong>stare</strong></span> <span class='ocrx_word' id='word_1_317' title='bbox 1239 3781 1378 3833; x_wconf 82' lang='lat' dir='ltr'><strong>Deus</strong></span> <span class='ocrx_word' id='word_1_318' title='bbox 1409 3779 1624 3842; x_wconf 90' lang='lat' dir='ltr'><strong>dicitur,</strong></span> <span class='ocrx_word' id='word_1_319' title='bbox 1653 3779 1702 3832; x_wconf 89' lang='lat' dir='ltr'><strong>id</strong></span> <span class='ocrx_word' id='word_1_320' title='bbox 1734 3779 1895 3833; x_wconf 84' lang='lat' dir='ltr'><strong>debet</strong></span> <span class='ocrx_word' id='word_1_321' title='bbox 1940 3779 2038 3830; x_wconf 79' lang='lat' dir='ltr'><strong>Im-</strong></span> 
     </span>
    </p>
   </div>
   <div class='ocr_carea' id='block_1_40' title="bbox 461 3869 2042 3941">
    <p class='ocr_par' dir='ltr' id='par_1_40' title="bbox 461 3869 2042 3941">
     <span class='ocr_line' id='line_1_40' title="bbox 461 3869 2042 3941; baseline -0.008 -8"><span class='ocrx_word' id='word_1_322' title='bbox 461 3893 621 3933; x_wconf 88' lang='lat' dir='ltr'><strong>tuatto</strong></span> <span class='ocrx_word' id='word_1_323' title='bbox 651 3891 801 3930; x_wconf 91' lang='lat' dir='ltr'><strong>more</strong></span> <span class='ocrx_word' id='word_1_324' title='bbox 847 3872 1087 3941; x_wconf 79' lang='lat' dir='ltr'><strong>intelligi.</strong></span> <span class='ocrx_word' id='word_1_325' title='bbox 1114 3869 1170 3925; x_wconf 91' lang='lat' dir='ltr'><strong>Si</strong></span> <span class='ocrx_word' id='word_1_326' title='bbox 1202 3870 1365 3923; x_wconf 87' lang='lat' dir='ltr'><strong>Deum</strong></span> <span class='ocrx_word' id='word_1_327' title='bbox 1417 3879 1562 3923; x_wconf 88' lang='lat' dir='ltr'><strong>stare</strong></span> <span class='ocrx_word' id='word_1_328' title='bbox 1591 3869 1776 3922; x_wconf 87' lang='lat' dir='ltr'><strong>audias</strong></span> <span class='ocrx_word' id='word_1_329' title='bbox 1799 3911 1815 3935; x_wconf 95' lang='lat'><strong>,</strong></span> <span class='ocrx_word' id='word_1_330' title='bbox 1848 3869 2042 3922; x_wconf 68' lang='lat' dir='ltr'><strong>divina:</strong></span> 
     </span>
    </p>
   </div>
   <div class='ocr_carea' id='block_1_41' title="bbox 464 3960 2042 4030">
    <p class='ocr_par' dir='ltr' id='par_1_41' title="bbox 464 3960 2042 4030">
     <span class='ocr_line' id='line_1_41' title="bbox 464 3960 2042 4030; baseline -0.006 -7"><span class='ocrx_word' id='word_1_331' title='bbox 464 3968 776 4024; x_wconf 77' lang='lat' dir='ltr'><strong>substantize</strong></span> <span class='ocrx_word' id='word_1_332' title='bbox 804 3973 1006 4019; x_wconf 88' lang='lat' dir='ltr'><strong>rectam</strong></span> <span class='ocrx_word' id='word_1_333' title='bbox 1035 3961 1340 4016; x_wconf 88' lang='lat' dir='ltr'><strong>ﬁrmitatem</strong></span> <span class='ocrx_word' id='word_1_334' title='bbox 1390 3960 1627 4030; x_wconf 87' lang='lat' dir='ltr'><strong>iutellige</strong></span> <span class='ocrx_word' id='word_1_335' title='bbox 1657 3977 1670 4013; x_wconf 91' lang='lat'><strong>:</strong></span> <span class='ocrx_word' id='word_1_336' title='bbox 1701 3962 1743 4014; x_wconf 89' lang='lat' dir='ltr'><strong>si</strong></span> <span class='ocrx_word' id='word_1_337' title='bbox 1788 3962 1932 4030; x_wconf 83' lang='lat' dir='ltr'><strong>legas</strong></span> <span class='ocrx_word' id='word_1_338' title='bbox 1957 3961 2042 4014; x_wconf 88' lang='lat' dir='ltr'><strong>vel</strong></span> 
     </span>
    </p>
   </div>
   <div class='ocr_carea' id='block_1_42' title="bbox 466 4053 2046 4126">
    <p class='ocr_par' dir='ltr' id='par_1_42' title="bbox 466 4053 2046 4126">
     <span class='ocr_line' id='line_1_42' title="bbox 466 4053 2046 4126; baseline -0.006 -13"><span class='ocrx_word' id='word_1_339' title='bbox 466 4060 651 4113; x_wconf 88' lang='lat' dir='ltr'><strong>audias</strong></span> <span class='ocrx_word' id='word_1_340' title='bbox 674 4059 846 4126; x_wconf 82' lang='lat' dir='ltr'><strong>ipsum</strong></span> <span class='ocrx_word' id='word_1_341' title='bbox 876 4053 1085 4118; x_wconf 88' lang='lat' dir='ltr'><strong>sedere,</strong></span> <span class='ocrx_word' id='word_1_342' title='bbox 1112 4053 1488 4106; x_wconf 62' lang='lat' dir='ltr'><strong>inconcussam</strong></span> <span class='ocrx_word' id='word_1_343' title='bbox 1518 4053 1686 4106; x_wconf 80' lang='lat' dir='ltr'><strong>beatae</strong></span> <span class='ocrx_word' id='word_1_344' title='bbox 1711 4059 1913 4104; x_wconf 60' lang='lat' dir='ltr'><strong>natura!</strong></span> <span class='ocrx_word' id='word_1_345' title='bbox 1938 4061 2046 4104; x_wconf 89' lang='lat' dir='ltr'><strong>sta-</strong></span> 
     </span>
    </p>
   </div>
   <div class='ocr_carea' id='block_1_43' title="bbox 469 4143 2044 4217">
    <p class='ocr_par' dir='ltr' id='par_1_43' title="bbox 469 4143 2044 4217">
     <span class='ocr_line' id='line_1_43' title="bbox 469 4143 2044 4217; baseline -0.004 -13"><span class='ocrx_word' id='word_1_346' title='bbox 469 4151 727 4206; x_wconf 88' lang='lat' dir='ltr'><strong>bilitatem</strong></span> <span class='ocrx_word' id='word_1_347' title='bbox 767 4147 960 4217; x_wconf 83' lang='lat' dir='ltr'><strong>cogita.</strong></span> <span class='ocrx_word' id='word_1_348' title='bbox 992 4145 1110 4215; x_wconf 86' lang='lat' dir='ltr'><strong>Ipse</strong></span> <span class='ocrx_word' id='word_1_349' title='bbox 1137 4144 1267 4200; x_wconf 90' lang='lat' dir='ltr'><strong>dicit</strong></span> <span class='ocrx_word' id='word_1_350' title='bbox 1295 4159 1352 4197; x_wconf 90' lang='lat' dir='ltr'><strong>se</strong></span> <span class='ocrx_word' id='word_1_351' title='bbox 1384 4155 1527 4197; x_wconf 90' lang='lat' dir='ltr'><strong>stare</strong></span> <span class='ocrx_word' id='word_1_352' title='bbox 1553 4153 1608 4198; x_wconf 89' lang='lat' dir='ltr'><strong>et</strong></span> <span class='ocrx_word' id='word_1_353' title='bbox 1629 4143 1818 4198; x_wconf 86' lang='lat' dir='ltr'><strong>sedere</strong></span> <span class='ocrx_word' id='word_1_354' title='bbox 1842 4161 1854 4196; x_wconf 93' lang='lat'>:</span> <span class='ocrx_word' id='word_1_355' title='bbox 1876 4143 2044 4214; x_wconf 79' lang='lat' dir='ltr'><strong>Moysi</strong></span> 
     </span>
    </p>
   </div>
   <div class='ocr_carea' id='block_1_44' title="bbox 467 4233 2045 4298">
    <p class='ocr_par' dir='ltr' id='par_1_44' title="bbox 467 4233 2045 4298">
     <span class='ocr_line' id='line_1_44' title="bbox 467 4233 2045 4298; baseline -0.007 0"><span class='ocrx_word' id='word_1_356' title='bbox 467 4242 597 4298; x_wconf 87' lang='lat' dir='ltr'><strong>dicit</strong></span> <span class='ocrx_word' id='word_1_357' title='bbox 623 4259 637 4296; x_wconf 86' lang='lat'><strong>:</strong></span> <span class='ocrx_word' id='word_1_358' title='bbox 667 4238 750 4294; x_wconf 86' lang='lat' dir='ltr'><strong>Tu</strong></span> <span class='ocrx_word' id='word_1_359' title='bbox 778 4248 854 4293; x_wconf 90' lang='lat' dir='ltr'><strong>sta</strong></span> <span class='ocrx_word' id='word_1_360' title='bbox 875 4238 956 4291; x_wconf 87' lang='lat' dir='ltr'><strong>hic</strong></span> <span class='ocrx_word' id='word_1_361' title='bbox 985 4253 1197 4291; x_wconf 87' lang='lat' dir='ltr'><strong>mecum.</strong></span> <span class='ocrx_word' id='word_1_362' title='bbox 1223 4233 1292 4288; x_wconf 86' lang='lat' dir='ltr'><strong>Et</strong></span> <span class='ocrx_word' id='word_1_363' title='bbox 1313 4244 1417 4287; x_wconf 89' lang='lat' dir='ltr'><strong>erat</strong></span> <span class='ocrx_word' id='word_1_364' title='bbox 1445 4233 1586 4287; x_wconf 87' lang='lat' dir='ltr'><strong>locus</strong></span> <span class='ocrx_word' id='word_1_365' title='bbox 1613 4234 1696 4286; x_wconf 87' lang='lat' dir='ltr'><strong>ubi</strong></span> <span class='ocrx_word' id='word_1_366' title='bbox 1717 4235 1878 4288; x_wconf 88' lang='lat' dir='ltr'><strong>stabat</strong></span> <span class='ocrx_word' id='word_1_367' title='bbox 1906 4234 2045 4287; x_wconf 90' lang='lat' dir='ltr'><strong>Deus</strong></span> 
     </span>
    </p>
   </div>
   <div class='ocr_carea' id='block_1_45' title="bbox 470 4325 2044 4402">
    <p class='ocr_par' dir='ltr' id='par_1_45' title="bbox 470 4325 2044 4402">
     <span class='ocr_line' id='line_1_45' title="bbox 470 4325 2044 4402; baseline -0.006 -13"><span class='ocrx_word' id='word_1_368' title='bbox 470 4332 677 4400; x_wconf 79' lang='lat' dir='ltr'><strong>Israel,</strong></span> <span class='ocrx_word' id='word_1_369' title='bbox 723 4331 868 4402; x_wconf 85' lang='lat' dir='ltr'><strong>quasi</strong></span> <span class='ocrx_word' id='word_1_370' title='bbox 906 4329 1037 4401; x_wconf 83' lang='lat' dir='ltr'><strong>lapis</strong></span> <span class='ocrx_word' id='word_1_371' title='bbox 1065 4327 1296 4398; x_wconf 86' lang='lat' dir='ltr'><strong>sapphiri</strong></span> <span class='ocrx_word' id='word_1_372' title='bbox 1321 4326 1514 4398; x_wconf 75' lang='lat' dir='ltr'><strong>(Exod.</strong></span> <span class='ocrx_word' id='word_1_373' title='bbox 1544 4326 1632 4380; x_wconf 74' lang='grc'><strong>54.</strong></span> <span class='ocrx_word' id='word_1_374' title='bbox 1655 4325 1709 4379; x_wconf 68' lang='grc'><strong>2.</strong></span> <span class='ocrx_word' id='word_1_375' title='bbox 1733 4336 1778 4378; x_wconf 91' lang='lat' dir='ltr'><strong>et</strong></span> <span class='ocrx_word' id='word_1_376' title='bbox 1811 4325 1900 4379; x_wconf 70' lang='grc'><strong>21.</strong></span> <span class='ocrx_word' id='word_1_377' title='bbox 1933 4326 2044 4398; x_wconf 90' lang='grc'><strong>10).</strong></span> 
     </span>
    </p>
   </div>
   <div class='ocr_carea' id='block_1_46' title="bbox 472 4417 2050 4497">
    <p class='ocr_par' dir='ltr' id='par_1_46' title="bbox 472 4417 2050 4497">
     <span class='ocr_line' id='line_1_46' title="bbox 472 4417 2050 4497; baseline -0.006 -15"><span class='ocrx_word' id='word_1_378' title='bbox 472 4427 765 4497; x_wconf 77' lang='lat' dir='ltr'><strong>Diligenter</strong></span> <span class='ocrx_word' id='word_1_379' title='bbox 788 4419 1155 4478; x_wconf 88' lang='lat' dir='ltr'><strong>animadverte</strong></span> <span class='ocrx_word' id='word_1_380' title='bbox 1199 4417 1454 4488; x_wconf 83' lang='lat' dir='ltr'><strong>:Moyses</strong></span> <span class='ocrx_word' id='word_1_381' title='bbox 1495 4426 1724 4471; x_wconf 89' lang='lat' dir='ltr'><strong>stantem</strong></span> <span class='ocrx_word' id='word_1_382' title='bbox 1773 4417 1943 4483; x_wconf 92' lang='lat' dir='ltr'><strong>dicit,</strong></span> <span class='ocrx_word' id='word_1_383' title='bbox 1995 4426 2050 4473; x_wconf 92' lang='lat' dir='ltr'><strong>et</strong></span> 
     </span>
    </p>
   </div>
   <div class='ocr_carea' id='block_1_47' title="bbox 471 4509 2050 4588">
    <p class='ocr_par' dir='ltr' id='par_1_47' title="bbox 471 4509 2050 4588">
     <span class='ocr_line' id='line_1_47' title="bbox 471 4509 2050 4588; baseline -0.007 -12"><span class='ocrx_word' id='word_1_384' title='bbox 471 4523 613 4576; x_wconf 91' lang='lat' dir='ltr'><strong>Deus</strong></span> <span class='ocrx_word' id='word_1_385' title='bbox 637 4517 803 4588; x_wconf 82' lang='lat' dir='ltr'><strong>Moysi</strong></span> <span class='ocrx_word' id='word_1_386' title='bbox 834 4514 985 4584; x_wconf 91' lang='lat' dir='ltr'><strong>quasi</strong></span> <span class='ocrx_word' id='word_1_387' title='bbox 1010 4520 1180 4576; x_wconf 89' lang='lat' dir='ltr'><strong>stans,</strong></span> <span class='ocrx_word' id='word_1_388' title='bbox 1203 4510 1334 4564; x_wconf 92' lang='lat' dir='ltr'><strong>dicit</strong></span> <span class='ocrx_word' id='word_1_389' title='bbox 1359 4527 1373 4563; x_wconf 85' lang='lat'><strong>:</strong></span> <span class='ocrx_word' id='word_1_390' title='bbox 1402 4509 1497 4564; x_wconf 86' lang='lat' dir='ltr'><strong>Sta</strong></span> <span class='ocrx_word' id='word_1_391' title='bbox 1524 4525 1739 4563; x_wconf 87' lang='lat' dir='ltr'><strong>mecum.</strong></span> <span class='ocrx_word' id='word_1_392' title='bbox 1758 4509 1896 4576; x_wconf 84' lang='lat' dir='ltr'><strong>Quid</strong></span> <span class='ocrx_word' id='word_1_393' title='bbox 1921 4526 2050 4580; x_wconf 88' lang='lat' dir='ltr'><strong>ergo</strong></span> 
     </span>
    </p>
   </div>
   <div class='ocr_carea' id='block_1_48' title="bbox 471 4599 2049 4668">
    <p class='ocr_par' dir='ltr' id='par_1_48' title="bbox 471 4599 2049 4668">
     <span class='ocr_line' id='line_1_48' title="bbox 471 4599 2049 4668; baseline -0.01 1"><span class='ocrx_word' id='word_1_394' title='bbox 471 4624 785 4668; x_wconf 90' lang='lat' dir='ltr'><strong>censeamus</strong></span> <span class='ocrx_word' id='word_1_395' title='bbox 810 4607 877 4661; x_wconf 89' lang='lat' dir='ltr'><strong>de</strong></span> <span class='ocrx_word' id='word_1_396' title='bbox 901 4603 1133 4660; x_wconf 85' lang='lat' dir='ltr'><strong>Jeremia</strong></span> <span class='ocrx_word' id='word_1_397' title='bbox 1157 4602 1390 4666; x_wconf 90' lang='lat' dir='ltr'><strong>dicente,</strong></span> <span class='ocrx_word' id='word_1_398' title='bbox 1409 4599 1489 4654; x_wconf 89' lang='lat' dir='ltr'><strong>Tu</strong></span> <span class='ocrx_word' id='word_1_399' title='bbox 1508 4600 1686 4654; x_wconf 85' lang='lat' dir='ltr'><strong>sedens</strong></span> <span class='ocrx_word' id='word_1_400' title='bbox 1707 4602 1759 4654; x_wconf 88' lang='lat' dir='ltr'><strong>in</strong></span> <span class='ocrx_word' id='word_1_401' title='bbox 1785 4602 2049 4667; x_wconf 70' lang='lat' dir='ltr'><strong>saeculum,</strong></span> 
     </span>
    </p>
   </div>
   <div class='ocr_carea' id='block_1_49' title="bbox 429 4693 2054 4772">
    <p class='ocr_par' dir='ltr' id='par_1_49' title="bbox 429 4693 2054 4772">
     <span class='ocr_line' id='line_1_49' title="bbox 429 4693 2054 4772; baseline -0.008 -11"><span class='ocrx_word' id='word_1_402' title='bbox 429 4711 432 4715; x_wconf 84' lang='grc'><em>’</em></span> <span class='ocrx_word' id='word_1_403' title='bbox 475 4715 531 4761; x_wconf 90' lang='lat' dir='ltr'><strong>et</strong></span> <span class='ocrx_word' id='word_1_404' title='bbox 570 4719 668 4758; x_wconf 90' lang='lat' dir='ltr'><strong>nos</strong></span> <span class='ocrx_word' id='word_1_405' title='bbox 715 4699 953 4772; x_wconf 89' lang='lat' dir='ltr'><strong>perimus</strong></span> <span class='ocrx_word' id='word_1_406' title='bbox 1003 4697 1055 4748; x_wconf 93' lang='lat' dir='ltr'><strong>in</strong></span> <span class='ocrx_word' id='word_1_407' title='bbox 1087 4693 1382 4750; x_wconf 84' lang='lat' dir='ltr'><strong>saeculum?</strong></span> <span class='ocrx_word' id='word_1_408' title='bbox 1411 4693 1582 4748; x_wconf 86' lang='lat' dir='ltr'><strong>Sedes</strong></span> <span class='ocrx_word' id='word_1_409' title='bbox 1625 4703 1680 4748; x_wconf 91' lang='lat' dir='ltr'><strong>et</strong></span> <span class='ocrx_word' id='word_1_410' title='bbox 1725 4694 1884 4748; x_wconf 89' lang='lat' dir='ltr'><strong>statio</strong></span> <span class='ocrx_word' id='word_1_411' title='bbox 1928 4703 2054 4748; x_wconf 91' lang='lat' dir='ltr'><strong>sunt</strong></span> 
     </span>
    </p>
   </div>
   <div class='ocr_carea' id='block_1_50' title="bbox 475 4786 2052 4855">
    <p class='ocr_par' dir='ltr' id='par_1_50' title="bbox 475 4786 2052 4855">
     <span class='ocr_line' id='line_1_50' title="bbox 475 4786 2052 4855; baseline -0.006 -3"><span class='ocrx_word' id='word_1_412' title='bbox 475 4800 705 4852; x_wconf 89' lang='lat' dir='ltr'><strong>humana</strong></span> <span class='ocrx_word' id='word_1_413' title='bbox 722 4793 904 4854; x_wconf 89' lang='lat' dir='ltr'><strong>verba,</strong></span> <span class='ocrx_word' id='word_1_414' title='bbox 935 4788 1029 4844; x_wconf 91' lang='lat' dir='ltr'><strong>sed</strong></span> <span class='ocrx_word' id='word_1_415' title='bbox 1059 4802 1250 4843; x_wconf 88' lang='lat' dir='ltr'><strong>sensus</strong></span> <span class='ocrx_word' id='word_1_416' title='bbox 1279 4796 1362 4841; x_wconf 91' lang='lat' dir='ltr'><strong>est</strong></span> <span class='ocrx_word' id='word_1_417' title='bbox 1395 4786 1630 4842; x_wconf 91' lang='lat' dir='ltr'><strong>divinus.</strong></span> <span class='ocrx_word' id='word_1_418' title='bbox 1660 4787 1792 4855; x_wconf 86' lang='lat' dir='ltr'><strong>Quia</strong></span> <span class='ocrx_word' id='word_1_419' title='bbox 1822 4788 2052 4842; x_wconf 87' lang='lat' dir='ltr'><strong>humana</strong></span> 
     </span>
    </p>
   </div>
   <div class='ocr_carea' id='block_1_51' title="bbox 482 4879 2056 4949">
    <p class='ocr_par' dir='ltr' id='par_1_51' title="bbox 482 4879 2056 4949">
     <span class='ocr_line' id='line_1_51' title="bbox 482 4879 2056 4949; baseline -0.007 -6"><span class='ocrx_word' id='word_1_420' title='bbox 482 4891 590 4944; x_wconf 90' lang='lat' dir='ltr'><strong>vita</strong></span> <span class='ocrx_word' id='word_1_421' title='bbox 619 4889 722 4941; x_wconf 92' lang='lat' dir='ltr'><strong>huc</strong></span> <span class='ocrx_word' id='word_1_422' title='bbox 751 4885 874 4939; x_wconf 92' lang='lat' dir='ltr'><strong>illuc</strong></span> <span class='ocrx_word' id='word_1_423' title='bbox 919 4879 1300 4949; x_wconf 81' lang='lat' dir='ltr'><strong>circumagitur</strong></span> <span class='ocrx_word' id='word_1_424' title='bbox 1325 4919 1341 4944; x_wconf 95' lang='lat'><strong>,</strong></span> <span class='ocrx_word' id='word_1_425' title='bbox 1387 4879 1525 4934; x_wconf 91' lang='lat' dir='ltr'><strong>Deus</strong></span> <span class='ocrx_word' id='word_1_426' title='bbox 1566 4889 1711 4934; x_wconf 89' lang='lat' dir='ltr'><strong>stare</strong></span> <span class='ocrx_word' id='word_1_427' title='bbox 1736 4879 1969 4944; x_wconf 86' lang='lat' dir='ltr'><strong>dicitur;</strong></span> <span class='ocrx_word' id='word_1_428' title='bbox 2001 4887 2056 4934; x_wconf 88' lang='lat' dir='ltr'><strong>et</strong></span> 
     </span>
    </p>
   </div>
   <div class='ocr_carea' id='block_1_52' title="bbox 476 4969 2058 5050">
    <p class='ocr_par' dir='ltr' id='par_1_52' title="bbox 476 4969 2058 5050">
     <span class='ocr_line' id='line_1_52' title="bbox 476 4969 2058 5050; baseline -0.004 -18"><span class='ocrx_word' id='word_1_429' title='bbox 476 4980 598 5050; x_wconf 86' lang='lat' dir='ltr'><strong>quia</strong></span> <span class='ocrx_word' id='word_1_430' title='bbox 633 4991 730 5030; x_wconf 89' lang='lat' dir='ltr'><strong>nos</strong></span> <span class='ocrx_word' id='word_1_431' title='bbox 776 4974 996 5028; x_wconf 85' lang='lat' dir='ltr'><strong>minime</strong></span> <span class='ocrx_word' id='word_1_432' title='bbox 1040 4971 1175 5025; x_wconf 90' lang='lat' dir='ltr'><strong>ﬁrmi</strong></span> <span class='ocrx_word' id='word_1_433' title='bbox 1221 4969 1605 5039; x_wconf 88' lang='lat' dir='ltr'><strong>instabilesque</strong></span> <span class='ocrx_word' id='word_1_434' title='bbox 1645 4985 1863 5037; x_wconf 90' lang='lat' dir='ltr'><strong>sumus,</strong></span> <span class='ocrx_word' id='word_1_435' title='bbox 1915 4971 2058 5026; x_wconf 86' lang='lat' dir='ltr'><strong>Deus</strong></span> 
     </span>
    </p>
   </div>
   <div class='ocr_carea' id='block_1_53' title="bbox 479 5060 2054 5130">
    <p class='ocr_par' dir='ltr' id='par_1_53' title="bbox 479 5060 2054 5130">
     <span class='ocr_line' id='line_1_53' title="bbox 479 5060 2054 5130; baseline -0.006 -5"><span class='ocrx_word' id='word_1_436' title='bbox 479 5071 675 5125; x_wconf 82' lang='lat' dir='ltr'><strong>dicitur</strong></span> <span class='ocrx_word' id='word_1_437' title='bbox 692 5065 879 5122; x_wconf 88' lang='lat' dir='ltr'><strong>sedere</strong></span> <span class='ocrx_word' id='word_1_438' title='bbox 902 5065 970 5118; x_wconf 92' lang='lat' dir='ltr'><strong>ob</strong></span> <span class='ocrx_word' id='word_1_439' title='bbox 987 5062 1330 5118; x_wconf 89' lang='lat' dir='ltr'><strong>stabilitatem</strong></span> <span class='ocrx_word' id='word_1_440' title='bbox 1349 5076 1498 5116; x_wconf 88' lang='lat' dir='ltr'><strong>suam</strong></span> <span class='ocrx_word' id='word_1_441' title='bbox 1523 5079 1536 5116; x_wconf 92' lang='lat'>:</span> <span class='ocrx_word' id='word_1_442' title='bbox 1555 5060 1696 5130; x_wconf 89' lang='lat' dir='ltr'><strong>quod</strong></span> <span class='ocrx_word' id='word_1_443' title='bbox 1719 5061 1860 5115; x_wconf 89' lang='lat' dir='ltr'><strong>enim</strong></span> <span class='ocrx_word' id='word_1_444' title='bbox 1885 5063 2054 5128; x_wconf 89' lang='lat' dir='ltr'><strong>sedet,</strong></span> 
     </span>
    </p>
   </div>
   <div class='ocr_carea' id='block_1_54' title="bbox 482 5151 2054 5226">
    <p class='ocr_par' dir='ltr' id='par_1_54' title="bbox 482 5151 2054 5226">
     <span class='ocr_line' id='line_1_54' title="bbox 482 5151 2054 5226; baseline -0.008 -8"><span class='ocrx_word' id='word_1_445' title='bbox 482 5164 693 5218; x_wconf 91' lang='lat' dir='ltr'><strong>ﬁrmum</strong></span> <span class='ocrx_word' id='word_1_446' title='bbox 721 5167 822 5213; x_wconf 87' lang='lat' dir='ltr'><strong>est.</strong></span> <span class='ocrx_word' id='word_1_447' title='bbox 844 5156 986 5226; x_wconf 83' lang='lat' dir='ltr'><strong>Fuge</strong></span> <span class='ocrx_word' id='word_1_448' title='bbox 1005 5154 1094 5208; x_wconf 90' lang='lat' dir='ltr'><strong>illa</strong></span> <span class='ocrx_word' id='word_1_449' title='bbox 1116 5167 1233 5222; x_wconf 63' lang='lat' dir='ltr'><strong>quae</strong></span> <span class='ocrx_word' id='word_1_450' title='bbox 1263 5152 1354 5206; x_wconf 92' lang='lat' dir='ltr'><strong>tibi</strong></span> <span class='ocrx_word' id='word_1_451' title='bbox 1385 5168 1452 5206; x_wconf 79' lang='lat' dir='ltr'><strong>ex</strong></span> <span class='ocrx_word' id='word_1_452' title='bbox 1479 5151 1697 5206; x_wconf 84' lang='lat' dir='ltr'><strong>vocibus</strong></span> <span class='ocrx_word' id='word_1_453' title='bbox 1712 5151 2054 5221; x_wconf 88' lang='lat' dir='ltr'><strong>objiciuntur,</strong></span> 
     </span>
    </p>
   </div>
   <div class='ocr_carea' id='block_1_55' title="bbox 481 5242 2059 5322">
    <p class='ocr_par' dir='ltr' id='par_1_55' title="bbox 481 5242 2059 5322">
     <span class='ocr_line' id='line_1_55' title="bbox 481 5242 2059 5322; baseline -0.009 -12"><span class='ocrx_word' id='word_1_454' title='bbox 481 5263 534 5310; x_wconf 92' lang='lat' dir='ltr'><strong>et</strong></span> <span class='ocrx_word' id='word_1_455' title='bbox 548 5251 718 5322; x_wconf 87' lang='lat' dir='ltr'><strong>c0gita</strong></span> <span class='ocrx_word' id='word_1_456' title='bbox 734 5249 818 5304; x_wconf 88' lang='lat' dir='ltr'><strong>illa</strong></span> <span class='ocrx_word' id='word_1_457' title='bbox 833 5262 950 5316; x_wconf 70' lang='lat' dir='ltr'><strong>qum</strong></span> <span class='ocrx_word' id='word_1_458' title='bbox 964 5261 1057 5315; x_wconf 89' lang='lat' dir='ltr'><strong>per</strong></span> <span class='ocrx_word' id='word_1_459' title='bbox 1071 5243 1227 5298; x_wconf 88' lang='lat' dir='ltr'><strong>ﬁdem</strong></span> <span class='ocrx_word' id='word_1_460' title='bbox 1245 5242 1914 5313; x_wconf 84' lang='lat' dir='ltr'><strong>percipiuntur.Quomodo</strong></span> <span class='ocrx_word' id='word_1_461' title='bbox 1930 5257 2059 5312; x_wconf 83' lang='lat' dir='ltr'><strong>ergo</strong></span> 
     </span>
    </p>
   </div>
   <div class='ocr_carea' id='block_1_56' title="bbox 481 5335 2064 5408">
    <p class='ocr_par' dir='ltr' id='par_1_56' title="bbox 481 5335 2064 5408">
     <span class='ocr_line' id='line_1_56' title="bbox 481 5335 2064 5408; baseline -0.009 -6"><span class='ocrx_word' id='word_1_462' title='bbox 481 5341 792 5402; x_wconf 75' lang='lat' dir='ltr'><strong>oﬁ‘ertPatri</strong></span> <span class='ocrx_word' id='word_1_463' title='bbox 811 5338 999 5394; x_wconf 85' lang='lat' dir='ltr'><strong>Filius?</strong></span> <span class='ocrx_word' id='word_1_464' title='bbox 1015 5336 1283 5408; x_wconf 87' lang='lat' dir='ltr'><strong>quomodo</strong></span> <span class='ocrx_word' id='word_1_465' title='bbox 1299 5337 1454 5390; x_wconf 86' lang='lat' dir='ltr'><strong>Pater</strong></span> <span class='ocrx_word' id='word_1_466' title='bbox 1468 5335 1629 5390; x_wconf 81' lang='lat' dir='ltr'><strong>Filio?</strong></span> <span class='ocrx_word' id='word_1_467' title='bbox 1645 5350 1817 5404; x_wconf 88' lang='lat' dir='ltr'><strong>neque</strong></span> <span class='ocrx_word' id='word_1_468' title='bbox 1833 5338 1972 5388; x_wconf 93' lang='lat' dir='ltr'><strong>enim</strong></span> <span class='ocrx_word' id='word_1_469' title='bbox 1989 5335 2064 5389; x_wconf 88' lang='lat' dir='ltr'><strong>di-</strong></span> 
     </span>
    </p>
   </div>
   <div class='ocr_carea' id='block_1_57' title="bbox 482 5425 2053 5498">
    <p class='ocr_par' dir='ltr' id='par_1_57' title="bbox 482 5425 2053 5498">
     <span class='ocr_line' id='line_1_57' title="bbox 482 5425 2053 5498; baseline -0.009 -3"><span class='ocrx_word' id='word_1_470' title='bbox 482 5449 626 5496; x_wconf 90' lang='lat' dir='ltr'><strong>ctum</strong></span> <span class='ocrx_word' id='word_1_471' title='bbox 644 5433 773 5491; x_wconf 90' lang='lat' dir='ltr'><strong>illud</strong></span> <span class='ocrx_word' id='word_1_472' title='bbox 795 5433 910 5488; x_wconf 92' lang='lat' dir='ltr'><strong>sine</strong></span> <span class='ocrx_word' id='word_1_473' title='bbox 934 5429 1176 5485; x_wconf 82' lang='lat' dir='ltr'><strong>examine</strong></span> <span class='ocrx_word' id='word_1_474' title='bbox 1196 5427 1599 5498; x_wconf 87' lang='lat' dir='ltr'><strong>relinquendum</strong></span> <span class='ocrx_word' id='word_1_475' title='bbox 1623 5437 1722 5481; x_wconf 92' lang='lat' dir='ltr'><strong>est.</strong></span> <span class='ocrx_word' id='word_1_476' title='bbox 1753 5427 1907 5482; x_wconf 85' lang='lat' dir='ltr'><strong>Pater</strong></span> <span class='ocrx_word' id='word_1_477' title='bbox 1920 5425 2053 5481; x_wconf 88' lang='lat' dir='ltr'><strong>Filio</strong></span> 
     </span>
    </p>
   </div>
   <div class='ocr_carea' id='block_1_58' title="bbox 484 5518 2058 5599">
    <p class='ocr_par' dir='ltr' id='par_1_58' title="bbox 484 5518 2058 5599">
     <span class='ocr_line' id='line_1_58' title="bbox 484 5518 2058 5599; baseline -0.006 -14"><span class='ocrx_word' id='word_1_478' title='bbox 484 5528 742 5599; x_wconf 89' lang='lat' dir='ltr'><strong>quosdam</strong></span> <span class='ocrx_word' id='word_1_479' title='bbox 762 5523 1077 5593; x_wconf 91' lang='lat' dir='ltr'><strong>conspicuos</strong></span> <span class='ocrx_word' id='word_1_480' title='bbox 1093 5530 1149 5575; x_wconf 91' lang='lat' dir='ltr'><strong>et</strong></span> <span class='ocrx_word' id='word_1_481' title='bbox 1170 5520 1422 5591; x_wconf 88' lang='lat' dir='ltr'><strong>probatos</strong></span> <span class='ocrx_word' id='word_1_482' title='bbox 1447 5518 1603 5574; x_wconf 83' lang='lat' dir='ltr'><strong>oll‘ert</strong></span> <span class='ocrx_word' id='word_1_483' title='bbox 1621 5536 1635 5584; x_wconf 90' lang='lat'>;</span> <span class='ocrx_word' id='word_1_484' title='bbox 1655 5519 1822 5573; x_wconf 88' lang='lat' dir='ltr'><strong>Filius</strong></span> <span class='ocrx_word' id='word_1_485' title='bbox 1851 5532 2058 5589; x_wconf 88' lang='lat' dir='ltr'><strong>quoque</strong></span> 
     </span>
    </p>
   </div>
   <div class='ocr_carea' id='block_1_59' title="bbox 485 5611 2064 5688">
    <p class='ocr_par' dir='ltr' id='par_1_59' title="bbox 485 5611 2064 5688">
     <span class='ocr_line' id='line_1_59' title="bbox 485 5611 2064 5688; baseline -0.005 -13"><span class='ocrx_word' id='word_1_486' title='bbox 485 5620 628 5676; x_wconf 84' lang='lat' dir='ltr'><strong>Patri</strong></span> <span class='ocrx_word' id='word_1_487' title='bbox 644 5617 904 5688; x_wconf 88' lang='lat' dir='ltr'><strong>quosdam</strong></span> <span class='ocrx_word' id='word_1_488' title='bbox 918 5614 1234 5685; x_wconf 88' lang='lat' dir='ltr'><strong>conspicuos</strong></span> <span class='ocrx_word' id='word_1_489' title='bbox 1249 5621 1304 5668; x_wconf 88' lang='lat' dir='ltr'><strong>et</strong></span> <span class='ocrx_word' id='word_1_490' title='bbox 1325 5613 1574 5683; x_wconf 86' lang='lat' dir='ltr'><strong>probatos</strong></span> <span class='ocrx_word' id='word_1_491' title='bbox 1589 5611 1765 5667; x_wconf 71' lang='lat' dir='ltr'><strong>offert.</strong></span> <span class='ocrx_word' id='word_1_492' title='bbox 1781 5613 1853 5667; x_wconf 85' lang='lat' dir='ltr'><strong>Ne</strong></span> <span class='ocrx_word' id='word_1_493' title='bbox 1868 5622 1920 5667; x_wconf 92' lang='lat' dir='ltr'><strong>tu</strong></span> <span class='ocrx_word' id='word_1_494' title='bbox 1938 5628 2064 5682; x_wconf 66' lang='lat' dir='ltr'><strong>pra:-</strong></span> 
     </span>
    </p>
   </div>
   <div class='ocr_carea' id='block_1_60' title="bbox 484 5705 2061 5782">
    <p class='ocr_par' dir='ltr' id='par_1_60' title="bbox 484 5705 2061 5782">
     <span class='ocr_line' id='line_1_60' title="bbox 484 5705 2061 5782; baseline -0.005 -16"><span class='ocrx_word' id='word_1_495' title='bbox 484 5725 772 5782; x_wconf 86' lang='lat' dir='ltr'><strong>occupans,</strong></span> <span class='ocrx_word' id='word_1_496' title='bbox 789 5709 988 5765; x_wconf 90' lang='lat' dir='ltr'><strong>dictum</strong></span> <span class='ocrx_word' id='word_1_497' title='bbox 1007 5707 1072 5765; x_wconf 87' lang='lat' dir='ltr'><strong>ad</strong></span> <span class='ocrx_word' id='word_1_498' title='bbox 1089 5707 1408 5764; x_wconf 81' lang='lat' dir='ltr'><strong>calumniam</strong></span> <span class='ocrx_word' id='word_1_499' title='bbox 1429 5705 1680 5774; x_wconf 86' lang='lat' dir='ltr'><strong>abripias,</strong></span> <span class='ocrx_word' id='word_1_500' title='bbox 1702 5705 1792 5761; x_wconf 90' lang='lat' dir='ltr'><strong>sed</strong></span> <span class='ocrx_word' id='word_1_501' title='bbox 1816 5713 2061 5774; x_wconf 83' lang='lat' dir='ltr'><strong>exspecta</strong></span> 
     </span>
    </p>
   </div>
   <div class='ocr_carea' id='block_1_61' title="bbox 1558 276 2574 338">
    <p class='ocr_par' dir='ltr' id='par_1_61' title="bbox 1558 276 2574 338">
     <span class='ocr_line' id='line_1_61' title="bbox 1558 276 2574 338; baseline -0.004 0"><span class='ocrx_word' id='word_1_502' title='bbox 1558 278 1923 338; x_wconf 75' lang='lat' dir='ltr'><strong>SEVEBIANI</strong></span> <span class='ocrx_word' id='word_1_503' title='bbox 1977 276 2318 333; x_wconf 79' lang='lat' dir='ltr'><strong>GABALOR.</strong></span> <span class='ocrx_word' id='word_1_504' title='bbox 2361 277 2574 336; x_wconf 84' lang='lat' dir='ltr'><strong>EPISC.</strong></span> 
     </span>
    </p>
   </div>
   <div class='ocr_carea' id='block_1_62' title="bbox 3593 277 3697 332">
    <p class='ocr_par' dir='ltr' id='par_1_62' title="bbox 3593 277 3697 332">
     <span class='ocr_line' id='line_1_62' title="bbox 3593 277 3697 332; baseline 0 0"><span class='ocrx_word' id='word_1_505' title='bbox 3593 277 3697 332; x_wconf 73' lang='lat'><strong>£36</strong></span> 
     </span>
    </p>
   </div>
   <div class='ocr_carea' id='block_1_63' title="bbox 2125 386 3691 461">
    <p class='ocr_par' dir='ltr' id='par_1_63' title="bbox 2125 386 3691 461">
     <span class='ocr_line' id='line_1_63' title="bbox 2125 386 3691 461; baseline -0.003 -16"><span class='ocrx_word' id='word_1_506' title='bbox 2125 390 2280 447; x_wconf 85' lang='lat' dir='ltr'><strong>ﬁnem</strong></span> <span class='ocrx_word' id='word_1_507' title='bbox 2313 403 2368 448; x_wconf 91' lang='lat' dir='ltr'><strong>et</strong></span> <span class='ocrx_word' id='word_1_508' title='bbox 2394 392 2461 448; x_wconf 92' lang='lat' dir='ltr'><strong>de</strong></span> <span class='ocrx_word' id='word_1_509' title='bbox 2486 390 2629 447; x_wconf 83' lang='lat' dir='ltr'><strong>dicto</strong></span> <span class='ocrx_word' id='word_1_510' title='bbox 2660 391 2836 461; x_wconf 88' lang='lat' dir='ltr'><strong>judica</strong></span> <span class='ocrx_word' id='word_1_511' title='bbox 2871 408 2975 448; x_wconf 87' lang='lat' dir='ltr'><strong>:ne</strong></span> <span class='ocrx_word' id='word_1_512' title='bbox 2997 391 3073 446; x_wconf 84' lang='lat' dir='ltr'><strong>sis</strong></span> <span class='ocrx_word' id='word_1_513' title='bbox 3093 389 3254 461; x_wconf 79' lang='lat' dir='ltr'><strong>judex</strong></span> <span class='ocrx_word' id='word_1_514' title='bbox 3286 386 3534 443; x_wconf 88' lang='lat' dir='ltr'><strong>inimicus</strong></span> <span class='ocrx_word' id='word_1_515' title='bbox 3555 428 3572 454; x_wconf 93' lang='lat'><strong>,</strong></span> <span class='ocrx_word' id='word_1_516' title='bbox 3605 390 3691 441; x_wconf 80' lang='lat' dir='ltr'><strong>sed</strong></span> 
     </span>
    </p>
   </div>
   <div class='ocr_carea' id='block_1_64' title="bbox 2117 480 3692 548">
    <p class='ocr_par' dir='ltr' id='par_1_64' title="bbox 2117 480 3692 548">
     <span class='ocr_line' id='line_1_64' title="bbox 2117 480 3692 548; baseline -0.002 -16"><span class='ocrx_word' id='word_1_517' title='bbox 2117 492 2456 537; x_wconf 81' lang='lat' dir='ltr'><strong>concertator</strong></span> <span class='ocrx_word' id='word_1_518' title='bbox 2471 483 2781 538; x_wconf 88' lang='lat' dir='ltr'><strong>benevolus.</strong></span> <span class='ocrx_word' id='word_1_519' title='bbox 2803 481 2856 536; x_wconf 92' lang='lat' dir='ltr'><strong>In</strong></span> <span class='ocrx_word' id='word_1_520' title='bbox 2879 481 3034 537; x_wconf 90' lang='lat' dir='ltr'><strong>Israel</strong></span> <span class='ocrx_word' id='word_1_521' title='bbox 3053 483 3190 536; x_wconf 89' lang='lat' dir='ltr'><strong>Deus</strong></span> <span class='ocrx_word' id='word_1_522' title='bbox 3206 488 3261 535; x_wconf 84' lang='lat' dir='ltr'><strong>et</strong></span> <span class='ocrx_word' id='word_1_523' title='bbox 3281 481 3437 535; x_wconf 88' lang='lat' dir='ltr'><strong>Pater</strong></span> <span class='ocrx_word' id='word_1_524' title='bbox 3453 480 3692 548; x_wconf 82' lang='lat' dir='ltr'><strong>cognitus</strong></span> 
     </span>
    </p>
   </div>
   <div class='ocr_carea' id='block_1_65' title="bbox 2116 571 3693 645">
    <p class='ocr_par' dir='ltr' id='par_1_65' title="bbox 2116 571 3693 645">
     <span class='ocr_line' id='line_1_65' title="bbox 2116 571 3693 645; baseline -0.003 -17"><span class='ocrx_word' id='word_1_525' title='bbox 2116 586 2252 640; x_wconf 88' lang='lat' dir='ltr'><strong>erat,</strong></span> <span class='ocrx_word' id='word_1_526' title='bbox 2279 575 2444 630; x_wconf 86' lang='lat' dir='ltr'><strong>Filius</strong></span> <span class='ocrx_word' id='word_1_527' title='bbox 2467 576 2810 645; x_wconf 85' lang='lat' dir='ltr'><strong>ignorabatur</strong></span> <span class='ocrx_word' id='word_1_528' title='bbox 2834 592 2846 628; x_wconf 90' lang='lat'><strong>:</strong></span> <span class='ocrx_word' id='word_1_529' title='bbox 2877 574 3016 643; x_wconf 90' lang='lat' dir='ltr'><strong>apud</strong></span> <span class='ocrx_word' id='word_1_530' title='bbox 3044 583 3230 644; x_wconf 79' lang='lat' dir='ltr'><strong>gentes</strong></span> <span class='ocrx_word' id='word_1_531' title='bbox 3257 582 3432 627; x_wconf 79' lang='lat' dir='ltr'><strong>autem</strong></span> <span class='ocrx_word' id='word_1_532' title='bbox 3465 581 3521 626; x_wconf 91' lang='lat' dir='ltr'><strong>et</strong></span> <span class='ocrx_word' id='word_1_533' title='bbox 3543 571 3693 625; x_wconf 87' lang='lat' dir='ltr'><strong>Pater</strong></span> 
     </span>
    </p>
   </div>
   <div class='ocr_carea' id='block_1_66' title="bbox 2117 665 3698 736">
    <p class='ocr_par' dir='ltr' id='par_1_66' title="bbox 2117 665 3698 736">
     <span class='ocr_line' id='line_1_66' title="bbox 2117 665 3698 736; baseline 0 -18"><span class='ocrx_word' id='word_1_534' title='bbox 2117 666 2521 736; x_wconf 83' lang='lat' dir='ltr'><strong>ignorabaturet</strong></span> <span class='ocrx_word' id='word_1_535' title='bbox 2537 666 2728 720; x_wconf 89' lang='lat' dir='ltr'><strong>Filius:</strong></span> <span class='ocrx_word' id='word_1_536' title='bbox 2751 682 2871 720; x_wconf 88' lang='lat' dir='ltr'><strong>nam</strong></span> <span class='ocrx_word' id='word_1_537' title='bbox 2887 666 3256 735; x_wconf 89' lang='lat' dir='ltr'><strong>multiplicium</strong></span> <span class='ocrx_word' id='word_1_538' title='bbox 3275 665 3497 719; x_wconf 90' lang='lat' dir='ltr'><strong>deorum</strong></span> <span class='ocrx_word' id='word_1_539' title='bbox 3514 678 3698 718; x_wconf 90' lang='lat' dir='ltr'><strong>errore</strong></span> 
     </span>
    </p>
   </div>
   <div class='ocr_carea' id='block_1_67' title="bbox 2118 755 3700 834">
    <p class='ocr_par' dir='ltr' id='par_1_67' title="bbox 2118 755 3700 834">
     <span class='ocr_line' id='line_1_67' title="bbox 2118 755 3700 834; baseline -0.003 -24"><span class='ocrx_word' id='word_1_540' title='bbox 2118 757 2516 834; x_wconf 83' lang='lat' dir='ltr'><strong>detinebantur.</strong></span> <span class='ocrx_word' id='word_1_541' title='bbox 2556 757 2653 812; x_wconf 91' lang='lat' dir='ltr'><strong>Ubi</strong></span> <span class='ocrx_word' id='word_1_542' title='bbox 2685 757 2843 826; x_wconf 89' lang='lat' dir='ltr'><strong>igitttr</strong></span> <span class='ocrx_word' id='word_1_543' title='bbox 2869 758 3028 812; x_wconf 83' lang='lat' dir='ltr'><strong>Pater</strong></span> <span class='ocrx_word' id='word_1_544' title='bbox 3057 767 3214 810; x_wconf 83' lang='lat' dir='ltr'><strong>notus</strong></span> <span class='ocrx_word' id='word_1_545' title='bbox 3243 767 3344 818; x_wconf 84' lang='lat' dir='ltr'><strong>est,</strong></span> <span class='ocrx_word' id='word_1_546' title='bbox 3379 755 3545 809; x_wconf 90' lang='lat' dir='ltr'><strong>Filius</strong></span> <span class='ocrx_word' id='word_1_547' title='bbox 3572 769 3700 809; x_wconf 89' lang='lat' dir='ltr'><strong>vero</strong></span> 
     </span>
    </p>
   </div>
   <div class='ocr_carea' id='block_1_68' title="bbox 2120 846 3700 918">
    <p class='ocr_par' dir='ltr' id='par_1_68' title="bbox 2120 846 3700 918">
     <span class='ocr_line' id='line_1_68' title="bbox 2120 846 3700 918; baseline -0.004 -16"><span class='ocrx_word' id='word_1_548' title='bbox 2120 849 2396 917; x_wconf 83' lang='lat' dir='ltr'><strong>ignoratur</strong></span> <span class='ocrx_word' id='word_1_549' title='bbox 2421 891 2434 914; x_wconf 96' lang='lat'><strong>,</strong></span> <span class='ocrx_word' id='word_1_550' title='bbox 2470 850 2633 918; x_wconf 89' lang='lat' dir='ltr'><strong>igu0ti</strong></span> <span class='ocrx_word' id='word_1_551' title='bbox 2684 848 2806 903; x_wconf 88' lang='lat' dir='ltr'><strong>Filii</strong></span> <span class='ocrx_word' id='word_1_552' title='bbox 2861 850 3126 916; x_wconf 83' lang='lat' dir='ltr'><strong>interpres</strong></span> <span class='ocrx_word' id='word_1_553' title='bbox 3147 859 3228 900; x_wconf 88' lang='lat' dir='ltr'><strong>est</strong></span> <span class='ocrx_word' id='word_1_554' title='bbox 3273 847 3452 901; x_wconf 86' lang='lat' dir='ltr'><strong>Pater.</strong></span> <span class='ocrx_word' id='word_1_555' title='bbox 3483 846 3700 900; x_wconf 88' lang='lat' dir='ltr'><strong>Sermo-</strong></span> 
     </span>
    </p>
   </div>
   <div class='ocr_carea' id='block_1_69' title="bbox 2119 936 3701 1010">
    <p class='ocr_par' dir='ltr' id='par_1_69' title="bbox 2119 936 3701 1010">
     <span class='ocr_line' id='line_1_69' title="bbox 2119 936 3701 1010; baseline -0.003 -16"><span class='ocrx_word' id='word_1_556' title='bbox 2119 956 2240 995; x_wconf 87' lang='lat' dir='ltr'><strong>nem</strong></span> <span class='ocrx_word' id='word_1_557' title='bbox 2269 956 2559 1006; x_wconf 85' lang='lat' dir='ltr'><strong>resumam,</strong></span> <span class='ocrx_word' id='word_1_558' title='bbox 2590 952 2646 994; x_wconf 93' lang='lat' dir='ltr'><strong>ut</strong></span> <span class='ocrx_word' id='word_1_559' title='bbox 2675 941 3083 1010; x_wconf 83' lang='lat' dir='ltr'><strong>intelligentiam</strong></span> <span class='ocrx_word' id='word_1_560' title='bbox 3131 948 3384 993; x_wconf 86' lang='lat' dir='ltr'><strong>statuam.</strong></span> <span class='ocrx_word' id='word_1_561' title='bbox 3407 936 3508 993; x_wconf 91' lang='lat' dir='ltr'><strong>Ubi</strong></span> <span class='ocrx_word' id='word_1_562' title='bbox 3543 938 3701 992; x_wconf 88' lang='lat' dir='ltr'><strong>Pater</strong></span> 
     </span>
    </p>
   </div>
   <div class='ocr_carea' id='block_1_70' title="bbox 2121 1031 3703 1101">
    <p class='ocr_par' dir='ltr' id='par_1_70' title="bbox 2121 1031 3703 1101">
     <span class='ocr_line' id='line_1_70' title="bbox 2121 1031 3703 1101; baseline -0.003 -13"><span class='ocrx_word' id='word_1_563' title='bbox 2121 1046 2278 1090; x_wconf 87' lang='lat' dir='ltr'><strong>notus</strong></span> <span class='ocrx_word' id='word_1_564' title='bbox 2304 1044 2418 1101; x_wconf 87' lang='lat' dir='ltr'><strong>est,</strong></span> <span class='ocrx_word' id='word_1_565' title='bbox 2441 1036 2510 1091; x_wconf 90' lang='lat' dir='ltr'><strong>de</strong></span> <span class='ocrx_word' id='word_1_566' title='bbox 2536 1036 2672 1090; x_wconf 87' lang='lat' dir='ltr'><strong>Filio</strong></span> <span class='ocrx_word' id='word_1_567' title='bbox 2698 1046 2874 1090; x_wconf 89' lang='lat' dir='ltr'><strong>autem</strong></span> <span class='ocrx_word' id='word_1_568' title='bbox 2906 1035 3181 1089; x_wconf 88' lang='lat' dir='ltr'><strong>dubitatur</strong></span> <span class='ocrx_word' id='word_1_569' title='bbox 3203 1075 3216 1098; x_wconf 95' lang='lat'><strong>,</strong></span> <span class='ocrx_word' id='word_1_570' title='bbox 3252 1042 3413 1087; x_wconf 89' lang='lat' dir='ltr'><strong>notus</strong></span> <span class='ocrx_word' id='word_1_571' title='bbox 3450 1032 3613 1101; x_wconf 88' lang='lat' dir='ltr'><strong>ignoti</strong></span> <span class='ocrx_word' id='word_1_572' title='bbox 3645 1031 3703 1084; x_wconf 91' lang='lat' dir='ltr'><strong>ﬁt</strong></span> 
     </span>
    </p>
   </div>
   <div class='ocr_carea' id='block_1_71' title="bbox 2121 1127 3701 1199">
    <p class='ocr_par' dir='ltr' id='par_1_71' title="bbox 2121 1127 3701 1199">
     <span class='ocr_line' id='line_1_71' title="bbox 2121 1127 3701 1199; baseline 0 -19"><span class='ocrx_word' id='word_1_573' title='bbox 2121 1129 2382 1198; x_wconf 89' lang='lat' dir='ltr'><strong>interpres</strong></span> <span class='ocrx_word' id='word_1_574' title='bbox 2413 1144 2428 1182; x_wconf 89' lang='lat'><strong>:</strong></span> <span class='ocrx_word' id='word_1_575' title='bbox 2459 1129 2545 1182; x_wconf 92' lang='lat' dir='ltr'><strong>ubi</strong></span> <span class='ocrx_word' id='word_1_576' title='bbox 2595 1129 2749 1184; x_wconf 81' lang='lat' dir='ltr'><strong>Pater</strong></span> <span class='ocrx_word' id='word_1_577' title='bbox 2796 1130 3089 1199; x_wconf 87' lang='lat' dir='ltr'><strong>ignoratur,</strong></span> <span class='ocrx_word' id='word_1_578' title='bbox 3118 1127 3281 1196; x_wconf 82' lang='lat' dir='ltr'><strong>ignoti</strong></span> <span class='ocrx_word' id='word_1_579' title='bbox 3311 1142 3490 1198; x_wconf 75' lang='lat' dir='ltr'><strong>przcco</strong></span> <span class='ocrx_word' id='word_1_580' title='bbox 3534 1127 3701 1181; x_wconf 84' lang='lat' dir='ltr'><strong>Filius</strong></span> 
     </span>
    </p>
   </div>
   <div class='ocr_carea' id='block_1_72' title="bbox 2120 1219 3701 1284">
    <p class='ocr_par' dir='ltr' id='par_1_72' title="bbox 2120 1219 3701 1284">
     <span class='ocr_line' id='line_1_72' title="bbox 2120 1219 3701 1284; baseline -0.001 -12"><span class='ocrx_word' id='word_1_581' title='bbox 2120 1219 2372 1273; x_wconf 76' lang='lat' dir='ltr'><strong>efﬁcitur.</strong></span> <span class='ocrx_word' id='word_1_582' title='bbox 2413 1220 2573 1284; x_wconf 89' lang='lat' dir='ltr'><strong>Ideo,</strong></span> <span class='ocrx_word' id='word_1_583' title='bbox 2606 1229 2661 1274; x_wconf 92' lang='lat' dir='ltr'><strong>nt</strong></span> <span class='ocrx_word' id='word_1_584' title='bbox 2703 1228 3011 1275; x_wconf 84' lang='lat' dir='ltr'><strong>accuratum</strong></span> <span class='ocrx_word' id='word_1_585' title='bbox 3049 1220 3313 1273; x_wconf 90' lang='lat' dir='ltr'><strong>dictorum</strong></span> <span class='ocrx_word' id='word_1_586' title='bbox 3341 1234 3566 1273; x_wconf 75' lang='lat' dir='ltr'><strong>examen</strong></span> <span class='ocrx_word' id='word_1_587' title='bbox 3609 1233 3701 1270; x_wconf 89' lang='lat' dir='ltr'><strong>ac-</strong></span> 
     </span>
    </p>
   </div>
   <div class='ocr_carea' id='block_1_73' title="bbox 2121 1310 3703 1382">
    <p class='ocr_par' dir='ltr' id='par_1_73' title="bbox 2121 1310 3703 1382">
     <span class='ocr_line' id='line_1_73' title="bbox 2121 1310 3703 1382; baseline 0.001 -20"><span class='ocrx_word' id='word_1_588' title='bbox 2121 1312 2324 1379; x_wconf 81' lang='lat' dir='ltr'><strong>cipias,</strong></span> <span class='ocrx_word' id='word_1_589' title='bbox 2377 1327 2692 1381; x_wconf 87' lang='lat' dir='ltr'><strong>sponsorem</strong></span> <span class='ocrx_word' id='word_1_590' title='bbox 2741 1314 2830 1367; x_wconf 92' lang='lat' dir='ltr'><strong>tibi</strong></span> <span class='ocrx_word' id='word_1_591' title='bbox 2881 1313 3224 1382; x_wconf 81' lang='lat' dir='ltr'><strong>Evangelium</strong></span> <span class='ocrx_word' id='word_1_592' title='bbox 3281 1311 3518 1381; x_wconf 69' lang='lat' dir='ltr'><strong>prmbeo.</strong></span> <span class='ocrx_word' id='word_1_593' title='bbox 3567 1310 3703 1363; x_wconf 81' lang='lat' dir='ltr'><strong>Dicit</strong></span> 
     </span>
    </p>
   </div>
   <div class='ocr_carea' id='block_1_74' title="bbox 2123 1403 3701 1475">
    <p class='ocr_par' dir='ltr' id='par_1_74' title="bbox 2123 1403 3701 1475">
     <span class='ocr_line' id='line_1_74' title="bbox 2123 1403 3701 1475; baseline -0.001 -17"><span class='ocrx_word' id='word_1_594' title='bbox 2123 1403 2377 1458; x_wconf 89' lang='lat' dir='ltr'><strong>Servator</strong></span> <span class='ocrx_word' id='word_1_595' title='bbox 2402 1405 2468 1458; x_wconf 93' lang='lat' dir='ltr'><strong>de</strong></span> <span class='ocrx_word' id='word_1_596' title='bbox 2495 1405 2768 1473; x_wconf 81' lang='lat' dir='ltr'><strong>gentibus:</strong></span> <span class='ocrx_word' id='word_1_597' title='bbox 2799 1405 3002 1458; x_wconf 86' lang='lat' dir='ltr'><strong>Nomen</strong></span> <span class='ocrx_word' id='word_1_598' title='bbox 3027 1415 3164 1457; x_wconf 86' lang='lat' dir='ltr'><strong>tuum</strong></span> <span class='ocrx_word' id='word_1_599' title='bbox 3184 1405 3322 1457; x_wconf 88' lang='lat' dir='ltr'><strong>mani</strong></span> <span class='ocrx_word' id='word_1_600' title='bbox 3327 1405 3501 1475; x_wconf 70' lang='lat' dir='ltr'><strong>j&#39;estaui</strong></span> <span class='ocrx_word' id='word_1_601' title='bbox 3514 1404 3701 1456; x_wconf 86' lang='lat' dir='ltr'><strong>mundo</strong></span> 
     </span>
    </p>
   </div>
   <div class='ocr_carea' id='block_1_75' title="bbox 2125 1492 3700 1565">
    <p class='ocr_par' dir='ltr' id='par_1_75' title="bbox 2125 1492 3700 1565">
     <span class='ocr_line' id='line_1_75' title="bbox 2125 1492 3700 1565; baseline 0.001 -19"><span class='ocrx_word' id='word_1_602' title='bbox 2125 1492 2307 1560; x_wconf 82' lang='lat' dir='ltr'><strong>(Joan.</strong></span> <span class='ocrx_word' id='word_1_603' title='bbox 2341 1495 2429 1549; x_wconf 83' lang='grc'><strong>17.</strong></span> <span class='ocrx_word' id='word_1_604' title='bbox 2456 1495 2552 1565; x_wconf 87' lang='grc'><strong>6);</strong></span> <span class='ocrx_word' id='word_1_605' title='bbox 2606 1497 2712 1550; x_wconf 90' lang='lat' dir='ltr'><strong>imo</strong></span> <span class='ocrx_word' id='word_1_606' title='bbox 2755 1496 3017 1564; x_wconf 87' lang='lat' dir='ltr'><strong>ignoranti</strong></span> <span class='ocrx_word' id='word_1_607' title='bbox 3075 1494 3274 1549; x_wconf 91' lang='lat' dir='ltr'><strong>mundo</strong></span> <span class='ocrx_word' id='word_1_608' title='bbox 3315 1509 3509 1549; x_wconf 91' lang='lat' dir='ltr'><strong>nomen</strong></span> <span class='ocrx_word' id='word_1_609' title='bbox 3554 1503 3700 1547; x_wconf 91' lang='lat' dir='ltr'><strong>tuum</strong></span> 
     </span>
    </p>
   </div>
   <div class='ocr_carea' id='block_1_76' title="bbox 2127 1585 3704 1654">
    <p class='ocr_par' dir='ltr' id='par_1_76' title="bbox 2127 1585 3704 1654">
     <span class='ocr_line' id='line_1_76' title="bbox 2127 1585 3704 1654; baseline 0.001 -16"><span class='ocrx_word' id='word_1_610' title='bbox 2127 1585 2490 1640; x_wconf 78' lang='lat' dir='ltr'><strong>manifesmvi.</strong></span> <span class='ocrx_word' id='word_1_611' title='bbox 2514 1587 2664 1654; x_wconf 88' lang='lat' dir='ltr'><strong>Quod</strong></span> <span class='ocrx_word' id='word_1_612' title='bbox 2709 1603 2903 1641; x_wconf 89' lang='lat' dir='ltr'><strong>nomen</strong></span> <span class='ocrx_word' id='word_1_613' title='bbox 2942 1585 3341 1641; x_wconf 78' lang='lat' dir='ltr'><strong>manifestavit?</strong></span> <span class='ocrx_word' id='word_1_614' title='bbox 3377 1586 3530 1652; x_wconf 90' lang='lat' dir='ltr'><strong>Quod</strong></span> <span class='ocrx_word' id='word_1_615' title='bbox 3566 1588 3704 1640; x_wconf 83' lang='lat' dir='ltr'><strong>Dens</strong></span> 
     </span>
    </p>
   </div>
   <div class='ocr_carea' id='block_1_77' title="bbox 2125 1679 3704 1749">
    <p class='ocr_par' dir='ltr' id='par_1_77' title="bbox 2125 1679 3704 1749">
     <span class='ocr_line' id='line_1_77' title="bbox 2125 1679 3704 1749; baseline 0 -19"><span class='ocrx_word' id='word_1_616' title='bbox 2125 1686 2288 1730; x_wconf 88' lang='lat' dir='ltr'><strong>esset.</strong></span> <span class='ocrx_word' id='word_1_617' title='bbox 2313 1679 2467 1743; x_wconf 87' lang='lat' dir='ltr'><strong>Atqui</strong></span> <span class='ocrx_word' id='word_1_618' title='bbox 2512 1679 2747 1748; x_wconf 91' lang='lat' dir='ltr'><strong>cognitio</strong></span> <span class='ocrx_word' id='word_1_619' title='bbox 2778 1694 2970 1732; x_wconf 90' lang='lat' dir='ltr'><strong>nomen</strong></span> <span class='ocrx_word' id='word_1_620' title='bbox 3025 1689 3498 1749; x_wconf 67' lang='lat' dir='ltr'><strong>prazoccupaverat</strong></span> <span class='ocrx_word' id='word_1_621' title='bbox 3527 1696 3539 1730; x_wconf 88' lang='lat'><strong>:</strong></span> <span class='ocrx_word' id='word_1_622' title='bbox 3581 1695 3704 1731; x_wconf 82' lang='lat' dir='ltr'><strong>nam</strong></span> 
     </span>
    </p>
   </div>
   <div class='ocr_carea' id='block_1_78' title="bbox 2127 1768 3705 1836">
    <p class='ocr_par' dir='ltr' id='par_1_78' title="bbox 2127 1768 3705 1836">
     <span class='ocr_line' id='line_1_78' title="bbox 2127 1768 3705 1836; baseline -0.001 -16"><span class='ocrx_word' id='word_1_623' title='bbox 2127 1768 2284 1820; x_wconf 81' lang='lat' dir='ltr'><strong>etiam</strong></span> <span class='ocrx_word' id='word_1_624' title='bbox 2314 1770 2401 1836; x_wconf 87' lang='lat' dir='ltr'><strong>qui</strong></span> <span class='ocrx_word' id='word_1_625' title='bbox 2434 1770 2482 1821; x_wconf 89' lang='lat' dir='ltr'><strong>itt</strong></span> <span class='ocrx_word' id='word_1_626' title='bbox 2523 1785 2714 1823; x_wconf 88' lang='lat' dir='ltr'><strong>errore</strong></span> <span class='ocrx_word' id='word_1_627' title='bbox 2756 1777 3070 1834; x_wconf 84' lang='lat' dir='ltr'><strong>versantur,</strong></span> <span class='ocrx_word' id='word_1_628' title='bbox 3111 1769 3274 1823; x_wconf 89' lang='lat' dir='ltr'><strong>Deum</strong></span> <span class='ocrx_word' id='word_1_629' title='bbox 3297 1769 3509 1833; x_wconf 88' lang='lat' dir='ltr'><strong>dicunt;</strong></span> <span class='ocrx_word' id='word_1_630' title='bbox 3538 1777 3591 1821; x_wconf 87' lang='lat' dir='ltr'><strong>et</strong></span> <span class='ocrx_word' id='word_1_631' title='bbox 3618 1769 3705 1836; x_wconf 85' lang='lat' dir='ltr'><strong>qui</strong></span> 
     </span>
    </p>
   </div>
   <div class='ocr_carea' id='block_1_79' title="bbox 2135 1858 3705 1929">
    <p class='ocr_par' dir='ltr' id='par_1_79' title="bbox 2135 1858 3705 1929">
     <span class='ocr_line' id='line_1_79' title="bbox 2135 1858 3705 1929; baseline 0.001 -20"><span class='ocrx_word' id='word_1_632' title='bbox 2135 1873 2162 1909; x_wconf 90' lang='lat' dir='ltr'><strong>a</strong></span> <span class='ocrx_word' id='word_1_633' title='bbox 2196 1858 2388 1926; x_wconf 84' lang='lat' dir='ltr'><strong>pietate</strong></span> <span class='ocrx_word' id='word_1_634' title='bbox 2416 1867 2539 1912; x_wconf 91' lang='lat' dir='ltr'><strong>sunt</strong></span> <span class='ocrx_word' id='word_1_635' title='bbox 2565 1859 2719 1912; x_wconf 87' lang='lat' dir='ltr'><strong>alieni</strong></span> <span class='ocrx_word' id='word_1_636' title='bbox 2741 1901 2755 1925; x_wconf 96' lang='lat'><strong>,</strong></span> <span class='ocrx_word' id='word_1_637' title='bbox 2793 1875 2986 1913; x_wconf 87' lang='lat' dir='ltr'><strong>nomen</strong></span> <span class='ocrx_word' id='word_1_638' title='bbox 3015 1875 3120 1913; x_wconf 91' lang='lat' dir='ltr'><strong>non</strong></span> <span class='ocrx_word' id='word_1_639' title='bbox 3173 1871 3392 1929; x_wconf 88' lang='lat' dir='ltr'><strong>negant.</strong></span> <span class='ocrx_word' id='word_1_640' title='bbox 3427 1859 3705 1924; x_wconf 84' lang='lat' dir='ltr'><strong>Quodnam</strong></span> 
     </span>
    </p>
   </div>
   <div class='ocr_carea' id='block_1_80' title="bbox 2130 1949 3702 2018">
    <p class='ocr_par' dir='ltr' id='par_1_80' title="bbox 2130 1949 3702 2018">
     <span class='ocr_line' id='line_1_80' title="bbox 2130 1949 3702 2018; baseline -0.003 -16"><span class='ocrx_word' id='word_1_641' title='bbox 2130 1964 2256 2018; x_wconf 88' lang='lat' dir='ltr'><strong>ergo</strong></span> <span class='ocrx_word' id='word_1_642' title='bbox 2305 1966 2498 2003; x_wconf 87' lang='lat' dir='ltr'><strong>nomen</strong></span> <span class='ocrx_word' id='word_1_643' title='bbox 2549 1950 2961 2004; x_wconf 80' lang='lat' dir='ltr'><strong>manifestavit?</strong></span> <span class='ocrx_word' id='word_1_644' title='bbox 3007 1949 3162 2016; x_wconf 88' lang='lat' dir='ltr'><strong>Quod</strong></span> <span class='ocrx_word' id='word_1_645' title='bbox 3207 1949 3366 2004; x_wconf 77' lang='lat' dir='ltr'><strong>l’atcr</strong></span> <span class='ocrx_word' id='word_1_646' title='bbox 3417 1958 3641 2003; x_wconf 85' lang='lat' dir='ltr'><strong>vocetur</strong></span> <span class='ocrx_word' id='word_1_647' title='bbox 3689 1966 3702 1998; x_wconf 90' lang='lat'>:</span> 
     </span>
    </p>
   </div>
   <div class='ocr_carea' id='block_1_81' title="bbox 2131 2035 3707 2111">
    <p class='ocr_par' dir='ltr' id='par_1_81' title="bbox 2131 2035 3707 2111">
     <span class='ocr_line' id='line_1_81' title="bbox 2131 2035 3707 2111; baseline 0.003 -20"><span class='ocrx_word' id='word_1_648' title='bbox 2131 2038 2459 2108; x_wconf 76' lang='lat' dir='ltr'><strong>Manifestavi</strong></span> <span class='ocrx_word' id='word_1_649' title='bbox 2506 2059 2683 2095; x_wconf 86' lang='lat' dir='ltr'><strong>nomen</strong></span> <span class='ocrx_word' id='word_1_650' title='bbox 2729 2052 2870 2094; x_wconf 83' lang='lat' dir='ltr'><strong>tuum</strong></span> <span class='ocrx_word' id='word_1_651' title='bbox 2914 2042 3123 2095; x_wconf 84' lang='lat' dir='ltr'><strong>mundo.</strong></span> <span class='ocrx_word' id='word_1_652' title='bbox 3160 2035 3340 2096; x_wconf 68' lang='lat' dir='ltr'><strong>Vidcn&#39;</strong></span> <span class='ocrx_word' id='word_1_653' title='bbox 3376 2041 3516 2111; x_wconf 88' lang='lat' dir='ltr'><strong>quod</strong></span> <span class='ocrx_word' id='word_1_654' title='bbox 3545 2082 3562 2106; x_wconf 88' lang='lat'><strong>,</strong></span> <span class='ocrx_word' id='word_1_655' title='bbox 3619 2041 3707 2096; x_wconf 91' lang='lat' dir='ltr'><strong>ubi</strong></span> 
     </span>
    </p>
   </div>
   <div class='ocr_carea' id='block_1_82' title="bbox 2130 2133 3708 2205">
    <p class='ocr_par' dir='ltr' id='par_1_82' title="bbox 2130 2133 3708 2205">
     <span class='ocr_line' id='line_1_82' title="bbox 2130 2133 3708 2205; baseline -0.001 -17"><span class='ocrx_word' id='word_1_656' title='bbox 2130 2133 2288 2188; x_wconf 84' lang='lat' dir='ltr'><strong>Pater</strong></span> <span class='ocrx_word' id='word_1_657' title='bbox 2315 2135 2527 2205; x_wconf 88' lang='lat' dir='ltr'><strong>ignotus</strong></span> <span class='ocrx_word' id='word_1_658' title='bbox 2553 2147 2654 2201; x_wconf 85' lang='lat' dir='ltr'><strong>est,</strong></span> <span class='ocrx_word' id='word_1_659' title='bbox 2679 2135 2846 2190; x_wconf 86' lang='lat' dir='ltr'><strong>Filius</strong></span> <span class='ocrx_word' id='word_1_660' title='bbox 2875 2136 2946 2189; x_wconf 90' lang='lat' dir='ltr'><strong>sit</strong></span> <span class='ocrx_word' id='word_1_661' title='bbox 2973 2135 3259 2204; x_wconf 86' lang='lat' dir='ltr'><strong>interpres,</strong></span> <span class='ocrx_word' id='word_1_662' title='bbox 3285 2136 3374 2204; x_wconf 87' lang='lat' dir='ltr'><strong>qui</strong></span> <span class='ocrx_word' id='word_1_663' title='bbox 3401 2151 3493 2204; x_wconf 91' lang='lat' dir='ltr'><strong>per</strong></span> <span class='ocrx_word' id='word_1_664' title='bbox 3521 2134 3708 2204; x_wconf 69' lang='lat' dir='ltr'><strong>prtedi-</strong></span> 
     </span>
    </p>
   </div>
   <div class='ocr_carea' id='block_1_83' title="bbox 2131 2225 3712 2296">
    <p class='ocr_par' dir='ltr' id='par_1_83' title="bbox 2131 2225 3712 2296">
     <span class='ocr_line' id='line_1_83' title="bbox 2131 2225 3712 2296; baseline 0 -17"><span class='ocrx_word' id='word_1_665' title='bbox 2131 2226 2392 2281; x_wconf 88' lang='lat' dir='ltr'><strong>cationem</strong></span> <span class='ocrx_word' id='word_1_666' title='bbox 2419 2228 2780 2296; x_wconf 85' lang='lat' dir='ltr'><strong>evangelicant</strong></span> <span class='ocrx_word' id='word_1_667' title='bbox 2807 2235 3093 2281; x_wconf 86' lang='lat' dir='ltr'><strong>verttatetn</strong></span> <span class='ocrx_word' id='word_1_668' title='bbox 3123 2226 3355 2280; x_wconf 84' lang='lat' dir='ltr'><strong>declaret</strong></span> <span class='ocrx_word' id='word_1_669' title='bbox 3391 2243 3404 2279; x_wconf 92' lang='lat'><strong>:</strong></span> <span class='ocrx_word' id='word_1_670' title='bbox 3439 2225 3527 2279; x_wconf 83' lang='lat' dir='ltr'><strong>tibi</strong></span> <span class='ocrx_word' id='word_1_671' title='bbox 3581 2240 3712 2279; x_wconf 85' lang='lat' dir='ltr'><strong>vero</strong></span> 
     </span>
    </p>
   </div>
   <div class='ocr_carea' id='block_1_84' title="bbox 2134 2316 3710 2388">
    <p class='ocr_par' dir='ltr' id='par_1_84' title="bbox 2134 2316 3710 2388">
     <span class='ocr_line' id='line_1_84' title="bbox 2134 2316 3710 2388; baseline 0 -18"><span class='ocrx_word' id='word_1_672' title='bbox 2134 2317 2295 2370; x_wconf 86' lang='lat' dir='ltr'><strong>Pater</strong></span> <span class='ocrx_word' id='word_1_673' title='bbox 2317 2329 2474 2372; x_wconf 89' lang='lat' dir='ltr'><strong>notus</strong></span> <span class='ocrx_word' id='word_1_674' title='bbox 2517 2333 2640 2373; x_wconf 90' lang='lat' dir='ltr'><strong>esse</strong></span> <span class='ocrx_word' id='word_1_675' title='bbox 2671 2318 2955 2387; x_wconf 87' lang='lat' dir='ltr'><strong>putabatur</strong></span> <span class='ocrx_word' id='word_1_676' title='bbox 3003 2316 3274 2388; x_wconf 89' lang='lat' dir='ltr'><strong>Filiusqne</strong></span> <span class='ocrx_word' id='word_1_677' title='bbox 3312 2319 3523 2387; x_wconf 88' lang='lat' dir='ltr'><strong>ignotus</strong></span> <span class='ocrx_word' id='word_1_678' title='bbox 3551 2331 3666 2371; x_wconf 88' lang='lat' dir='ltr'><strong>crat</strong></span> <span class='ocrx_word' id='word_1_679' title='bbox 3691 2360 3710 2380; x_wconf 84' lang='lat'><strong>,</strong></span> 
     </span>
    </p>
   </div>
   <div class='ocr_carea' id='block_1_85' title="bbox 2134 2407 3712 2478">
    <p class='ocr_par' dir='ltr' id='par_1_85' title="bbox 2134 2407 3712 2478">
     <span class='ocr_line' id='line_1_85' title="bbox 2134 2407 3712 2478; baseline -0.001 -16"><span class='ocrx_word' id='word_1_680' title='bbox 2134 2407 2290 2462; x_wconf 87' lang='lat' dir='ltr'><strong>Pater</strong></span> <span class='ocrx_word' id='word_1_681' title='bbox 2317 2408 2478 2478; x_wconf 89' lang='lat' dir='ltr'><strong>ignoti</strong></span> <span class='ocrx_word' id='word_1_682' title='bbox 2528 2410 2793 2478; x_wconf 89' lang='lat' dir='ltr'><strong>interpres</strong></span> <span class='ocrx_word' id='word_1_683' title='bbox 2844 2409 2960 2462; x_wconf 80' lang='lat' dir='ltr'><strong>fuit.</strong></span> <span class='ocrx_word' id='word_1_684' title='bbox 3001 2408 3244 2478; x_wconf 81' lang='lat' dir='ltr'><strong>Exempli</strong></span> <span class='ocrx_word' id='word_1_685' title='bbox 3274 2424 3432 2463; x_wconf 88' lang='lat' dir='ltr'><strong>causa</strong></span> <span class='ocrx_word' id='word_1_686' title='bbox 3460 2450 3473 2474; x_wconf 92' lang='lat'><strong>,</strong></span> <span class='ocrx_word' id='word_1_687' title='bbox 3501 2418 3555 2462; x_wconf 91' lang='lat' dir='ltr'><strong>ut</strong></span> <span class='ocrx_word' id='word_1_688' title='bbox 3586 2410 3712 2477; x_wconf 81' lang='lat' dir='ltr'><strong>ipsis</strong></span> 
     </span>
    </p>
   </div>
   <div class='ocr_carea' id='block_1_86' title="bbox 2137 2501 3712 2557">
    <p class='ocr_par' dir='ltr' id='par_1_86' title="bbox 2137 2501 3712 2557">
     <span class='ocr_line' id='line_1_86' title="bbox 2137 2501 3712 2557; baseline 0 -3"><span class='ocrx_word' id='word_1_689' title='bbox 2137 2501 2295 2555; x_wconf 86' lang='lat' dir='ltr'><strong>rebus</strong></span> <span class='ocrx_word' id='word_1_690' title='bbox 2324 2504 2602 2556; x_wconf 89' lang='lat' dir='ltr'><strong>veritatem</strong></span> <span class='ocrx_word' id='word_1_691' title='bbox 2634 2501 2997 2557; x_wconf 85' lang='lat' dir='ltr'><strong>demonstrem</strong></span> <span class='ocrx_word' id='word_1_692' title='bbox 3033 2519 3047 2555; x_wconf 89' lang='lat'>:</span> <span class='ocrx_word' id='word_1_693' title='bbox 3077 2501 3275 2556; x_wconf 85' lang='lat' dir='ltr'><strong>Paulus</strong></span> <span class='ocrx_word' id='word_1_694' title='bbox 3321 2501 3485 2556; x_wconf 90' lang='lat' dir='ltr'><strong>Dettm</strong></span> <span class='ocrx_word' id='word_1_695' title='bbox 3543 2516 3712 2555; x_wconf 87' lang='lat' dir='ltr'><strong>nove-</strong></span> 
     </span>
    </p>
   </div>
   <div class='ocr_carea' id='block_1_87' title="bbox 2137 2591 3710 2656">
    <p class='ocr_par' dir='ltr' id='par_1_87' title="bbox 2137 2591 3710 2656">
     <span class='ocr_line' id='line_1_87' title="bbox 2137 2591 3710 2656; baseline 0 -10"><span class='ocrx_word' id='word_1_696' title='bbox 2137 2600 2255 2656; x_wconf 68' lang='lat' dir='ltr'><strong>rat,</strong></span> <span class='ocrx_word' id='word_1_697' title='bbox 2286 2591 2476 2646; x_wconf 81' lang='lat' dir='ltr'><strong>Filium</strong></span> <span class='ocrx_word' id='word_1_698' title='bbox 2524 2608 2628 2645; x_wconf 90' lang='lat' dir='ltr'><strong>non</strong></span> <span class='ocrx_word' id='word_1_699' title='bbox 2682 2602 2905 2647; x_wconf 90' lang='lat' dir='ltr'><strong>noverat</strong></span> <span class='ocrx_word' id='word_1_700' title='bbox 2937 2611 2951 2646; x_wconf 91' lang='lat'><strong>:</strong></span> <span class='ocrx_word' id='word_1_701' title='bbox 2995 2602 3153 2646; x_wconf 90' lang='lat' dir='ltr'><strong>norat</strong></span> <span class='ocrx_word' id='word_1_702' title='bbox 3183 2593 3346 2646; x_wconf 88' lang='lat' dir='ltr'><strong>Dettm</strong></span> <span class='ocrx_word' id='word_1_703' title='bbox 3369 2635 3382 2656; x_wconf 91' lang='lat'><strong>,</strong></span> <span class='ocrx_word' id='word_1_704' title='bbox 3419 2609 3522 2646; x_wconf 93' lang='lat' dir='ltr'><strong>non</strong></span> <span class='ocrx_word' id='word_1_705' title='bbox 3559 2605 3710 2646; x_wconf 89' lang='lat' dir='ltr'><strong>uorat</strong></span> 
     </span>
    </p>
   </div>
   <div class='ocr_carea' id='block_1_88' title="bbox 2139 2683 3706 2755">
    <p class='ocr_par' dir='ltr' id='par_1_88' title="bbox 2139 2683 3706 2755">
     <span class='ocr_line' id='line_1_88' title="bbox 2139 2683 3706 2755; baseline 0.001 -19"><span class='ocrx_word' id='word_1_706' title='bbox 2139 2684 2302 2739; x_wconf 83' lang='lat' dir='ltr'><strong>l.)eum</strong></span> <span class='ocrx_word' id='word_1_707' title='bbox 2335 2699 2460 2740; x_wconf 74' lang='lat' dir='ltr'><strong>esse</strong></span> <span class='ocrx_word' id='word_1_708' title='bbox 2485 2683 2681 2740; x_wconf 86' lang='lat' dir='ltr'><strong>Christi</strong></span> <span class='ocrx_word' id='word_1_709' title='bbox 2724 2685 2934 2740; x_wconf 86' lang='lat' dir='ltr'><strong>Patrem</strong></span> <span class='ocrx_word' id='word_1_710' title='bbox 2957 2703 2970 2738; x_wconf 92' lang='lat'><strong>:</strong></span> <span class='ocrx_word' id='word_1_711' title='bbox 2993 2695 3213 2755; x_wconf 89' lang='lat' dir='ltr'><strong>eratque</strong></span> <span class='ocrx_word' id='word_1_712' title='bbox 3261 2685 3468 2754; x_wconf 88' lang='lat' dir='ltr'><strong>pietatis</strong></span> <span class='ocrx_word' id='word_1_713' title='bbox 3498 2685 3706 2737; x_wconf 87' lang='lat' dir='ltr'><strong>studio-</strong></span> 
     </span>
    </p>
   </div>
   <div class='ocr_carea' id='block_1_89' title="bbox 2136 2778 3716 2848">
    <p class='ocr_par' dir='ltr' id='par_1_89' title="bbox 2136 2778 3716 2848">
     <span class='ocr_line' id='line_1_89' title="bbox 2136 2778 3716 2848; baseline -0.004 -17"><span class='ocrx_word' id='word_1_714' title='bbox 2136 2791 2248 2841; x_wconf 90' lang='lat' dir='ltr'><strong>sus,</strong></span> <span class='ocrx_word' id='word_1_715' title='bbox 2282 2793 2342 2832; x_wconf 91' lang='lat' dir='ltr'><strong>ac</strong></span> <span class='ocrx_word' id='word_1_716' title='bbox 2371 2793 2465 2847; x_wconf 90' lang='lat' dir='ltr'><strong>pro</strong></span> <span class='ocrx_word' id='word_1_717' title='bbox 2488 2778 2601 2848; x_wconf 87' lang='lat' dir='ltr'><strong>lege</strong></span> <span class='ocrx_word' id='word_1_718' title='bbox 2622 2779 2908 2846; x_wconf 82' lang='lat' dir='ltr'><strong>pugnabat.</strong></span> <span class='ocrx_word' id='word_1_719' title='bbox 2941 2778 3082 2832; x_wconf 90' lang='lat' dir='ltr'><strong>Deus</strong></span> <span class='ocrx_word' id='word_1_720' title='bbox 3113 2778 3282 2832; x_wconf 83' lang='lat' dir='ltr'><strong>zelum</strong></span> <span class='ocrx_word' id='word_1_721' title='bbox 3307 2779 3541 2847; x_wconf 84' lang='lat' dir='ltr'><strong>respexit</strong></span> <span class='ocrx_word' id='word_1_722' title='bbox 3569 2778 3716 2845; x_wconf 84' lang='lat' dir='ltr'><strong>igno.</strong></span> 
     </span>
    </p>
   </div>
   <div class='ocr_carea' id='block_1_90' title="bbox 2138 2855 3718 2938">
    <p class='ocr_par' dir='ltr' id='par_1_90' title="bbox 2138 2855 3718 2938">
     <span class='ocr_line' id='line_1_90' title="bbox 2138 2855 3718 2938; baseline 0.003 -20"><span class='ocrx_word' id='word_1_723' title='bbox 2138 2867 2307 2922; x_wconf 81' lang='lat' dir='ltr'><strong>rantia</strong></span> <span class='ocrx_word' id='word_1_724' title='bbox 2351 2869 2588 2938; x_wconf 88' lang='lat' dir='ltr'><strong>plenum,</strong></span> <span class='ocrx_word' id='word_1_725' title='bbox 2638 2869 2730 2922; x_wconf 90' lang='lat' dir='ltr'><strong>sed</strong></span> <span class='ocrx_word' id='word_1_726' title='bbox 2767 2855 2949 2922; x_wconf 85' lang='lat' dir='ltr'><strong>studio</strong></span> <span class='ocrx_word' id='word_1_727' title='bbox 2989 2869 3301 2924; x_wconf 88' lang='lat' dir='ltr'><strong>ardentem:</strong></span> <span class='ocrx_word' id='word_1_728' title='bbox 3339 2879 3392 2923; x_wconf 88' lang='lat' dir='ltr'><strong>et</strong></span> <span class='ocrx_word' id='word_1_729' title='bbox 3419 2868 3543 2937; x_wconf 89' lang='lat' dir='ltr'><strong>quid</strong></span> <span class='ocrx_word' id='word_1_730' title='bbox 3574 2871 3718 2937; x_wconf 79' lang='lat' dir='ltr'><strong>agit?</strong></span> 
     </span>
    </p>
   </div>
   <div class='ocr_carea' id='block_1_91' title="bbox 2137 2958 3716 3029">
    <p class='ocr_par' dir='ltr' id='par_1_91' title="bbox 2137 2958 3716 3029">
     <span class='ocr_line' id='line_1_91' title="bbox 2137 2958 3716 3029; baseline 0.002 -19"><span class='ocrx_word' id='word_1_731' title='bbox 2137 2959 2470 3012; x_wconf 87' lang='lat' dir='ltr'><strong>demonstrat</strong></span> <span class='ocrx_word' id='word_1_732' title='bbox 2498 2958 2766 3028; x_wconf 86' lang='lat' dir='ltr'><strong>ignoranti</strong></span> <span class='ocrx_word' id='word_1_733' title='bbox 2813 2959 3073 3029; x_wconf 87' lang='lat' dir='ltr'><strong>ignotum.</strong></span> <span class='ocrx_word' id='word_1_734' title='bbox 3119 2958 3249 3026; x_wconf 89' lang='lat' dir='ltr'><strong>Quis</strong></span> <span class='ocrx_word' id='word_1_735' title='bbox 3281 2958 3434 3014; x_wconf 89' lang='lat' dir='ltr'><strong>nobis</strong></span> <span class='ocrx_word' id='word_1_736' title='bbox 3465 2961 3578 3013; x_wconf 79' lang='lat' dir='ltr'><strong>ba:c</strong></span> <span class='ocrx_word' id='word_1_737' title='bbox 3621 2975 3716 3013; x_wconf 77' lang='lat' dir='ltr'><strong>ex-</strong></span> 
     </span>
    </p>
   </div>
   <div class='ocr_carea' id='block_1_92' title="bbox 2141 3049 3714 3120">
    <p class='ocr_par' dir='ltr' id='par_1_92' title="bbox 2141 3049 3714 3120">
     <span class='ocr_line' id='line_1_92' title="bbox 2141 3049 3714 3120; baseline 0 -17"><span class='ocrx_word' id='word_1_738' title='bbox 2141 3050 2389 3119; x_wconf 88' lang='lat' dir='ltr'><strong>plicabit?</strong></span> <span class='ocrx_word' id='word_1_739' title='bbox 2433 3049 2481 3104; x_wconf 89' lang='lat' dir='ltr'><strong>Is</strong></span> <span class='ocrx_word' id='word_1_740' title='bbox 2525 3050 2662 3118; x_wconf 89' lang='lat' dir='ltr'><strong>ipse,</strong></span> <span class='ocrx_word' id='word_1_741' title='bbox 2692 3051 2779 3119; x_wconf 89' lang='lat' dir='ltr'><strong>qui</strong></span> <span class='ocrx_word' id='word_1_742' title='bbox 2810 3051 3099 3120; x_wconf 88' lang='lat' dir='ltr'><strong>aliquando</strong></span> <span class='ocrx_word' id='word_1_743' title='bbox 3131 3052 3414 3120; x_wconf 86' lang='lat' dir='ltr'><strong>ignoravit,</strong></span> <span class='ocrx_word' id='word_1_744' title='bbox 3449 3061 3496 3104; x_wconf 92' lang='lat' dir='ltr'><strong>et</strong></span> <span class='ocrx_word' id='word_1_745' title='bbox 3535 3062 3714 3120; x_wconf 89' lang='lat' dir='ltr'><strong>postea</strong></span> 
     </span>
    </p>
   </div>
   <div class='ocr_carea' id='block_1_93' title="bbox 2138 3139 3716 3211">
    <p class='ocr_par' dir='ltr' id='par_1_93' title="bbox 2138 3139 3716 3211">
     <span class='ocr_line' id='line_1_93' title="bbox 2138 3139 3716 3211; baseline -0.001 -16"><span class='ocrx_word' id='word_1_746' title='bbox 2138 3139 2425 3210; x_wconf 83' lang='lat' dir='ltr'><strong>cognovit;</strong></span> <span class='ocrx_word' id='word_1_747' title='bbox 2464 3141 2554 3211; x_wconf 89' lang='lat' dir='ltr'><strong>qtti</strong></span> <span class='ocrx_word' id='word_1_748' title='bbox 2587 3140 2875 3208; x_wconf 68' lang='lat' dir='ltr'><strong>aliquando</strong></span> <span class='ocrx_word' id='word_1_749' title='bbox 2904 3149 3264 3210; x_wconf 88' lang='lat' dir='ltr'><strong>persequutus</strong></span> <span class='ocrx_word' id='word_1_750' title='bbox 3303 3151 3406 3204; x_wconf 89' lang='lat' dir='ltr'><strong>est,</strong></span> <span class='ocrx_word' id='word_1_751' title='bbox 3439 3153 3495 3194; x_wconf 85' lang='lat' dir='ltr'><strong>et</strong></span> <span class='ocrx_word' id='word_1_752' title='bbox 3537 3151 3716 3210; x_wconf 61' lang='lat' dir='ltr'><strong>postea</strong></span> 
     </span>
    </p>
   </div>
   <div class='ocr_carea' id='block_1_94' title="bbox 2143 3233 3723 3302">
    <p class='ocr_par' dir='ltr' id='par_1_94' title="bbox 2143 3233 3723 3302">
     <span class='ocr_line' id='line_1_94' title="bbox 2143 3233 3723 3302; baseline 0.001 -18"><span class='ocrx_word' id='word_1_753' title='bbox 2143 3233 2466 3301; x_wconf 74' lang='lat' dir='ltr'><strong>przedicavit.</strong></span> <span class='ocrx_word' id='word_1_754' title='bbox 2491 3234 2626 3301; x_wconf 89' lang='lat' dir='ltr'><strong>Quid</strong></span> <span class='ocrx_word' id='word_1_755' title='bbox 2655 3233 2798 3287; x_wconf 89' lang='lat' dir='ltr'><strong>enim</strong></span> <span class='ocrx_word' id='word_1_756' title='bbox 2831 3233 2941 3286; x_wconf 88' lang='lat' dir='ltr'><strong>ait?</strong></span> <span class='ocrx_word' id='word_1_757' title='bbox 2970 3233 3035 3285; x_wconf 77' lang='lat' dir='ltr'><strong>Et</strong></span> <span class='ocrx_word' id='word_1_758' title='bbox 3065 3251 3203 3287; x_wconf 86' lang='lat' dir='ltr'><strong>erant</strong></span> <span class='ocrx_word' id='word_1_759' title='bbox 3245 3234 3456 3287; x_wconf 66' lang='lat' dir='ltr'><strong>tantulus</strong></span> <span class='ocrx_word' id='word_1_760' title='bbox 3501 3245 3723 3302; x_wconf 75' lang='lat' dir='ltr'><strong>paterna:</strong></span> 
     </span>
    </p>
   </div>
   <div class='ocr_carea' id='block_1_95' title="bbox 2141 3324 3723 3395">
    <p class='ocr_par' dir='ltr' id='par_1_95' title="bbox 2141 3324 3723 3395">
     <span class='ocr_line' id='line_1_95' title="bbox 2141 3324 3723 3395; baseline 0 -17"><span class='ocrx_word' id='word_1_761' title='bbox 2141 3325 2283 3395; x_wconf 78' lang='lat' dir='ltr'><strong>legis,</strong></span> <span class='ocrx_word' id='word_1_762' title='bbox 2299 3340 2454 3393; x_wconf 84' lang='lat' dir='ltr'><strong>supra</strong></span> <span class='ocrx_word' id='word_1_763' title='bbox 2472 3326 2670 3378; x_wconf 83' lang='lat' dir='ltr'><strong>modum</strong></span> <span class='ocrx_word' id='word_1_764' title='bbox 2693 3341 2988 3395; x_wconf 83' lang='lat' dir='ltr'><strong>persequens</strong></span> <span class='ocrx_word' id='word_1_765' title='bbox 3006 3324 3280 3378; x_wconf 73' lang='lat' dir='ltr'><strong>Ecclesium</strong></span> <span class='ocrx_word' id='word_1_766' title='bbox 3297 3324 3408 3378; x_wconf 89' lang='lat' dir='ltr'><strong>Dei.</strong></span> <span class='ocrx_word' id='word_1_767' title='bbox 3421 3325 3543 3380; x_wconf 70' lang='lat' dir='ltr'><strong>(‘um</strong></span> <span class='ocrx_word' id='word_1_768' title='bbox 3559 3337 3723 3378; x_wconf 81' lang='lat' dir='ltr'><strong>autem</strong></span> 
     </span>
    </p>
   </div>
   <div class='ocr_carea' id='block_1_96' title="bbox 2143 3414 3720 3488">
    <p class='ocr_par' dir='ltr' id='par_1_96' title="bbox 2143 3414 3720 3488">
     <span class='ocr_line' id='line_1_96' title="bbox 2143 3414 3720 3488; baseline 0.003 -20"><span class='ocrx_word' id='word_1_769' title='bbox 2143 3414 2252 3468; x_wconf 89' lang='lat' dir='ltr'><strong>Deo</strong></span> <span class='ocrx_word' id='word_1_770' title='bbox 2279 3416 2566 3485; x_wconf 83' lang='lat' dir='ltr'><strong>placuisset,</strong></span> <span class='ocrx_word' id='word_1_771' title='bbox 2602 3418 2687 3486; x_wconf 87' lang='lat' dir='ltr'><strong>qui</strong></span> <span class='ocrx_word' id='word_1_772' title='bbox 2717 3434 2795 3470; x_wconf 86' lang='lat' dir='ltr'><strong>me</strong></span> <span class='ocrx_word' id='word_1_773' title='bbox 2820 3419 3094 3488; x_wconf 78' lang='lat' dir='ltr'><strong>segrrgavit</strong></span> <span class='ocrx_word' id='word_1_774' title='bbox 3125 3433 3188 3470; x_wconf 80' lang='lat' dir='ltr'><strong>ea:</strong></span> <span class='ocrx_word' id='word_1_775' title='bbox 3213 3428 3355 3470; x_wconf 88' lang='lat' dir='ltr'><strong>utero</strong></span> <span class='ocrx_word' id='word_1_776' title='bbox 3379 3421 3554 3471; x_wconf 83' lang='lat' dir='ltr'><strong>matris</strong></span> <span class='ocrx_word' id='word_1_777' title='bbox 3580 3436 3720 3481; x_wconf 68' lang='lat' dir='ltr'><strong>ineat,</strong></span> 
     </span>
    </p>
   </div>
   <div class='ocr_carea' id='block_1_97' title="bbox 2143 3507 3726 3578">
    <p class='ocr_par' dir='ltr' id='par_1_97' title="bbox 2143 3507 3726 3578">
     <span class='ocr_line' id='line_1_97' title="bbox 2143 3507 3726 3578; baseline 0.002 -18"><span class='ocrx_word' id='word_1_778' title='bbox 2143 3520 2188 3560; x_wconf 91' lang='lat' dir='ltr'><strong>et</strong></span> <span class='ocrx_word' id='word_1_779' title='bbox 2212 3513 2402 3562; x_wconf 79' lang='lat' dir='ltr'><strong>vocavit</strong></span> <span class='ocrx_word' id='word_1_780' title='bbox 2429 3525 2517 3578; x_wconf 83' lang='lat' dir='ltr'><strong>per</strong></span> <span class='ocrx_word' id='word_1_781' title='bbox 2541 3509 2759 3578; x_wconf 82' lang='lat' dir='ltr'><strong>gratiam</strong></span> <span class='ocrx_word' id='word_1_782' title='bbox 2789 3526 2933 3562; x_wconf 89' lang='lat' dir='ltr'><strong>suam</strong></span> <span class='ocrx_word' id='word_1_783' title='bbox 2959 3509 3179 3562; x_wconf 83' lang='lat' dir='ltr'><strong>revelare</strong></span> <span class='ocrx_word' id='word_1_784' title='bbox 3198 3507 3388 3561; x_wconf 82' lang='lat' dir='ltr'><strong>Filium</strong></span> <span class='ocrx_word' id='word_1_785' title='bbox 3411 3527 3559 3561; x_wconf 78' lang='lat' dir='ltr'><strong>suam</strong></span> <span class='ocrx_word' id='word_1_786' title='bbox 3579 3510 3630 3562; x_wconf 89' lang='lat' dir='ltr'><strong>in</strong></span> <span class='ocrx_word' id='word_1_787' title='bbox 3649 3527 3726 3563; x_wconf 88' lang='lat' dir='ltr'><strong>me</strong></span> 
     </span>
    </p>
   </div>
   <div class='ocr_carea' id='block_1_98' title="bbox 2147 3597 3723 3670">
    <p class='ocr_par' dir='ltr' id='par_1_98' title="bbox 2147 3597 3723 3670">
     <span class='ocr_line' id='line_1_98' title="bbox 2147 3597 3723 3670; baseline 0 -18"><span class='ocrx_word' id='word_1_788' title='bbox 2147 3598 2288 3670; x_wconf 76' lang='lat' dir='ltr'><strong>(Gal.</strong></span> <span class='ocrx_word' id='word_1_789' title='bbox 2323 3599 2368 3652; x_wconf 93' lang='grc'><strong>1.</strong></span> <span class='ocrx_word' id='word_1_790' title='bbox 2397 3599 2481 3652; x_wconf 71' lang='grc'><strong>14.</strong></span> <span class='ocrx_word' id='word_1_791' title='bbox 2510 3599 2594 3652; x_wconf 88' lang='grc'><strong>15.</strong></span> <span class='ocrx_word' id='word_1_792' title='bbox 2621 3597 2730 3669; x_wconf 79' lang='grc'><strong>15).</strong></span> <span class='ocrx_word' id='word_1_793' title='bbox 2754 3609 2858 3652; x_wconf 90' lang='lat' dir='ltr'><strong>etc.</strong></span> <span class='ocrx_word' id='word_1_794' title='bbox 2883 3598 3272 3652; x_wconf 88' lang='lat' dir='ltr'><strong>Testimonium</strong></span> <span class='ocrx_word' id='word_1_795' title='bbox 3295 3601 3488 3668; x_wconf 79' lang='lat' dir='ltr'><strong>quippe</strong></span> <span class='ocrx_word' id='word_1_796' title='bbox 3508 3601 3723 3653; x_wconf 82' lang='lat' dir='ltr'><strong>allatum</strong></span> 
     </span>
    </p>
   </div>
   <div class='ocr_carea' id='block_1_99' title="bbox 2146 3689 3728 3759">
    <p class='ocr_par' dir='ltr' id='par_1_99' title="bbox 2146 3689 3728 3759">
     <span class='ocr_line' id='line_1_99' title="bbox 2146 3689 3728 3759; baseline 0.001 -15"><span class='ocrx_word' id='word_1_797' title='bbox 2146 3700 2229 3744; x_wconf 86' lang='lat' dir='ltr'><strong>est</strong></span> <span class='ocrx_word' id='word_1_798' title='bbox 2257 3690 2320 3744; x_wconf 90' lang='lat' dir='ltr'><strong>ad</strong></span> <span class='ocrx_word' id='word_1_799' title='bbox 2349 3691 2632 3759; x_wconf 64' lang='lat' dir='ltr'><strong>qutesitum</strong></span> <span class='ocrx_word' id='word_1_800' title='bbox 2679 3689 3180 3754; x_wconf 87' lang='lat' dir='ltr'><strong>demonstrandum,</strong></span> <span class='ocrx_word' id='word_1_801' title='bbox 3217 3706 3320 3742; x_wconf 91' lang='lat' dir='ltr'><strong>non</strong></span> <span class='ocrx_word' id='word_1_802' title='bbox 3355 3690 3417 3743; x_wconf 86' lang='lat' dir='ltr'><strong>ad</strong></span> <span class='ocrx_word' id='word_1_803' title='bbox 3452 3691 3554 3744; x_wconf 77' lang='lat' dir='ltr'><strong>loci</strong></span> <span class='ocrx_word' id='word_1_804' title='bbox 3587 3691 3728 3745; x_wconf 89' lang='lat' dir='ltr'><strong>illius</strong></span> 
     </span>
    </p>
   </div>
   <div class='ocr_carea' id='block_1_100' title="bbox 2147 3783 3727 3852">
    <p class='ocr_par' dir='ltr' id='par_1_100' title="bbox 2147 3783 3727 3852">
     <span class='ocr_line' id='line_1_100' title="bbox 2147 3783 3727 3852; baseline 0.001 -16"><span class='ocrx_word' id='word_1_805' title='bbox 2147 3783 2843 3852; x_wconf 86' lang='lat' dir='ltr'><strong>speculationem.Rursum</strong></span> <span class='ocrx_word' id='word_1_806' title='bbox 2885 3784 3138 3838; x_wconf 86' lang='lat' dir='ltr'><strong>Servator</strong></span> <span class='ocrx_word' id='word_1_807' title='bbox 3183 3785 3454 3852; x_wconf 83' lang='lat' dir='ltr'><strong>apostolos</strong></span> <span class='ocrx_word' id='word_1_808' title='bbox 3500 3785 3727 3838; x_wconf 92' lang='lat' dir='ltr'><strong>interro-</strong></span> 
     </span>
    </p>
   </div>
   <div class='ocr_carea' id='block_1_101' title="bbox 2147 3874 3730 3946">
    <p class='ocr_par' dir='ltr' id='par_1_101' title="bbox 2147 3874 3730 3946">
     <span class='ocr_line' id='line_1_101' title="bbox 2147 3874 3730 3946; baseline -0.001 -17"><span class='ocrx_word' id='word_1_809' title='bbox 2147 3886 2268 3946; x_wconf 86' lang='lat' dir='ltr'><strong>gat:</strong></span> <span class='ocrx_word' id='word_1_810' title='bbox 2296 3875 2455 3940; x_wconf 82' lang='lat' dir='ltr'><strong>Quem</strong></span> <span class='ocrx_word' id='word_1_811' title='bbox 2496 3893 2574 3928; x_wconf 89' lang='lat' dir='ltr'><strong>me</strong></span> <span class='ocrx_word' id='word_1_812' title='bbox 2626 3877 2796 3928; x_wconf 84' lang='lat' dir='ltr'><strong>dicunt</strong></span> <span class='ocrx_word' id='word_1_813' title='bbox 2845 3875 3070 3927; x_wconf 80' lang='lat' dir='ltr'><strong>homines</strong></span> <span class='ocrx_word' id='word_1_814' title='bbox 3119 3891 3226 3928; x_wconf 86' lang='lat' dir='ltr'><strong>esse</strong></span> <span class='ocrx_word' id='word_1_815' title='bbox 3275 3874 3464 3928; x_wconf 83' lang='lat' dir='ltr'><strong>Filium</strong></span> <span class='ocrx_word' id='word_1_816' title='bbox 3510 3877 3730 3928; x_wconf 78' lang='lat' dir='ltr'><strong>hominis</strong></span> 
     </span>
    </p>
   </div>
   <div class='ocr_carea' id='block_1_102' title="bbox 2151 3968 3727 4038">
    <p class='ocr_par' dir='ltr' id='par_1_102' title="bbox 2151 3968 3727 4038">
     <span class='ocr_line' id='line_1_102' title="bbox 2151 3968 3727 4038; baseline -0.001 -17"><span class='ocrx_word' id='word_1_817' title='bbox 2151 3968 2366 4038; x_wconf 80' lang='lat' dir='ltr'><strong>(Matth.</strong></span> <span class='ocrx_word' id='word_1_818' title='bbox 2399 3969 2485 4022; x_wconf 83' lang='grc'><strong>16.</strong></span> <span class='ocrx_word' id='word_1_819' title='bbox 2518 3969 2646 4037; x_wconf 76' lang='lat'><strong>15)?</strong></span> <span class='ocrx_word' id='word_1_820' title='bbox 2681 3969 2994 4037; x_wconf 87' lang='lat' dir='ltr'><strong>lntcrrogat,</strong></span> <span class='ocrx_word' id='word_1_821' title='bbox 3031 3983 3138 4020; x_wconf 91' lang='lat' dir='ltr'><strong>non</strong></span> <span class='ocrx_word' id='word_1_822' title='bbox 3169 3976 3227 4020; x_wconf 89' lang='lat' dir='ltr'><strong>ttt</strong></span> <span class='ocrx_word' id='word_1_823' title='bbox 3271 3968 3460 4029; x_wconf 85' lang='lat' dir='ltr'><strong>discat,</strong></span> <span class='ocrx_word' id='word_1_824' title='bbox 3508 3968 3602 4022; x_wconf 87' lang='lat' dir='ltr'><strong>sed</strong></span> <span class='ocrx_word' id='word_1_825' title='bbox 3651 3980 3727 4029; x_wconf 91' lang='lat' dir='ltr'><strong>ut,</strong></span> 
     </span>
    </p>
   </div>
   <div class='ocr_carea' id='block_1_103' title="bbox 2150 4057 3734 4128">
    <p class='ocr_par' dir='ltr' id='par_1_103' title="bbox 2150 4057 3734 4128">
     <span class='ocr_line' id='line_1_103' title="bbox 2150 4057 3734 4128; baseline 0 -15"><span class='ocrx_word' id='word_1_826' title='bbox 2150 4059 2370 4125; x_wconf 86' lang='lat' dir='ltr'><strong>depulsa</strong></span> <span class='ocrx_word' id='word_1_827' title='bbox 2420 4060 2523 4112; x_wconf 87' lang='lat' dir='ltr'><strong>alia</strong></span> <span class='ocrx_word' id='word_1_828' title='bbox 2577 4059 2852 4128; x_wconf 81' lang='lat' dir='ltr'><strong>Opinione,</strong></span> <span class='ocrx_word' id='word_1_829' title='bbox 2906 4058 3185 4112; x_wconf 85' lang='lat' dir='ltr'><strong>veritatem</strong></span> <span class='ocrx_word' id='word_1_830' title='bbox 3218 4057 3412 4112; x_wconf 90' lang='lat' dir='ltr'><strong>ﬁrmet.</strong></span> <span class='ocrx_word' id='word_1_831' title='bbox 3451 4058 3608 4124; x_wconf 83' lang='lat' dir='ltr'><strong>Quem</strong></span> <span class='ocrx_word' id='word_1_832' title='bbox 3653 4076 3734 4113; x_wconf 85' lang='lat' dir='ltr'><strong>me</strong></span> 
     </span>
    </p>
   </div>
   <div class='ocr_carea' id='block_1_104' title="bbox 2151 4147 3733 4220">
    <p class='ocr_par' dir='ltr' id='par_1_104' title="bbox 2151 4147 3733 4220">
     <span class='ocr_line' id='line_1_104' title="bbox 2151 4147 3733 4220; baseline 0.001 -18"><span class='ocrx_word' id='word_1_833' title='bbox 2151 4150 2321 4202; x_wconf 86' lang='lat' dir='ltr'><strong>dicunt</strong></span> <span class='ocrx_word' id='word_1_834' title='bbox 2347 4150 2571 4202; x_wconf 82' lang='lat' dir='ltr'><strong>homines</strong></span> <span class='ocrx_word' id='word_1_835' title='bbox 2583 4150 2608 4201; x_wconf 72' lang='lat'><strong>.9</strong></span> <span class='ocrx_word' id='word_1_836' title='bbox 2624 4148 2866 4217; x_wconf 85' lang='lat' dir='ltr'><strong>Apostoli</strong></span> <span class='ocrx_word' id='word_1_837' title='bbox 2893 4147 3123 4217; x_wconf 89' lang='lat' dir='ltr'><strong>primum</strong></span> <span class='ocrx_word' id='word_1_838' title='bbox 3147 4150 3432 4220; x_wconf 82' lang='lat' dir='ltr'><strong>multorum</strong></span> <span class='ocrx_word' id='word_1_839' title='bbox 3452 4151 3733 4218; x_wconf 89' lang='lat' dir='ltr'><strong>opiniones</strong></span> 
     </span>
    </p>
   </div>
   <div class='ocr_carea' id='block_1_105' title="bbox 2155 4238 3732 4308">
    <p class='ocr_par' dir='ltr' id='par_1_105' title="bbox 2155 4238 3732 4308">
     <span class='ocr_line' id='line_1_105' title="bbox 2155 4238 3732 4308; baseline -0.001 -14"><span class='ocrx_word' id='word_1_840' title='bbox 2155 4239 2572 4304; x_wconf 67' lang='lat' dir='ltr'><strong>refcrttutzdlii,</strong></span> <span class='ocrx_word' id='word_1_841' title='bbox 2616 4239 2880 4308; x_wconf 90' lang='lat' dir='ltr'><strong>inquiunt,</strong></span> <span class='ocrx_word' id='word_1_842' title='bbox 2919 4238 3139 4302; x_wconf 84' lang='lat' dir='ltr'><strong>Heliam,</strong></span> <span class='ocrx_word' id='word_1_843' title='bbox 3174 4239 3262 4292; x_wconf 82' lang='lat' dir='ltr'><strong>alii</strong></span> <span class='ocrx_word' id='word_1_844' title='bbox 3303 4239 3592 4305; x_wconf 79' lang='lat' dir='ltr'><strong>Jeremianr,</strong></span> <span class='ocrx_word' id='word_1_845' title='bbox 3643 4254 3732 4292; x_wconf 86' lang='lat' dir='ltr'><strong>aut</strong></span> 
     </span>
    </p>
   </div>
   <div class='ocr_carea' id='block_1_106' title="bbox 2154 4329 3732 4401">
    <p class='ocr_par' dir='ltr' id='par_1_106' title="bbox 2154 4329 3732 4401">
     <span class='ocr_line' id='line_1_106' title="bbox 2154 4329 3732 4401; baseline 0.001 -18"><span class='ocrx_word' id='word_1_846' title='bbox 2154 4348 2309 4384; x_wconf 82' lang='lat' dir='ltr'><strong>unum</strong></span> <span class='ocrx_word' id='word_1_847' title='bbox 2339 4347 2402 4384; x_wconf 78' lang='lat' dir='ltr'><strong>ea:</strong></span> <span class='ocrx_word' id='word_1_848' title='bbox 2431 4331 2685 4400; x_wconf 87' lang='lat' dir='ltr'><strong>prophetis</strong></span> <span class='ocrx_word' id='word_1_849' title='bbox 2716 4329 2824 4397; x_wconf 88' lang='lat' dir='ltr'><strong>(Ib.</strong></span> <span class='ocrx_word' id='word_1_850' title='bbox 2871 4346 2917 4382; x_wconf 82' lang='grc' dir='ltr'><strong>υ.</strong></span> <span class='ocrx_word' id='word_1_851' title='bbox 2965 4331 3077 4398; x_wconf 74' lang='grc'><strong>14).</strong></span> <span class='ocrx_word' id='word_1_852' title='bbox 3118 4331 3252 4396; x_wconf 87' lang='lat' dir='ltr'><strong>Quid</strong></span> <span class='ocrx_word' id='word_1_853' title='bbox 3285 4348 3413 4401; x_wconf 87' lang='lat' dir='ltr'><strong>ergo</strong></span> <span class='ocrx_word' id='word_1_854' title='bbox 3444 4331 3732 4386; x_wconf 69' lang='lat' dir='ltr'><strong>Senator?</strong></span> 
     </span>
    </p>
   </div>
   <div class='ocr_carea' id='block_1_107' title="bbox 2157 4423 3732 4492">
    <p class='ocr_par' dir='ltr' id='par_1_107' title="bbox 2157 4423 3732 4492">
     <span class='ocr_line' id='line_1_107' title="bbox 2157 4423 3732 4492; baseline -0.001 -14"><span class='ocrx_word' id='word_1_855' title='bbox 2157 4424 2329 4478; x_wconf 86' lang='lat' dir='ltr'><strong>Falsis</strong></span> <span class='ocrx_word' id='word_1_856' title='bbox 2357 4423 2695 4492; x_wconf 88' lang='lat' dir='ltr'><strong>opinionibus</strong></span> <span class='ocrx_word' id='word_1_857' title='bbox 2723 4423 2853 4475; x_wconf 87' lang='lat' dir='ltr'><strong>nihil</strong></span> <span class='ocrx_word' id='word_1_858' title='bbox 2889 4423 3198 4492; x_wconf 79' lang='lat' dir='ltr'><strong>respondet,</strong></span> <span class='ocrx_word' id='word_1_859' title='bbox 3222 4423 3361 4492; x_wconf 89' lang='lat' dir='ltr'><strong>quod</strong></span> <span class='ocrx_word' id='word_1_860' title='bbox 3386 4423 3732 4491; x_wconf 76' lang='lat' dir='ltr'><strong>responsione</strong></span> 
     </span>
    </p>
   </div>
   <div class='ocr_carea' id='block_1_108' title="bbox 2157 4512 3733 4584">
    <p class='ocr_par' dir='ltr' id='par_1_108' title="bbox 2157 4512 3733 4584">
     <span class='ocr_line' id='line_1_108' title="bbox 2157 4512 3733 4584; baseline -0.001 -16"><span class='ocrx_word' id='word_1_861' title='bbox 2157 4517 2396 4582; x_wconf 80' lang='lat' dir='ltr'><strong>indignas</strong></span> <span class='ocrx_word' id='word_1_862' title='bbox 2423 4513 2657 4583; x_wconf 88' lang='lat' dir='ltr'><strong>judicet:</strong></span> <span class='ocrx_word' id='word_1_863' title='bbox 2704 4512 2799 4567; x_wconf 75' lang='lat' dir='ltr'><strong>Vos</strong></span> <span class='ocrx_word' id='word_1_864' title='bbox 2825 4524 2991 4567; x_wconf 85' lang='lat' dir='ltr'><strong>autem</strong></span> <span class='ocrx_word' id='word_1_865' title='bbox 3019 4531 3165 4584; x_wconf 85' lang='lat' dir='ltr'><strong>quem</strong></span> <span class='ocrx_word' id='word_1_866' title='bbox 3193 4531 3268 4566; x_wconf 91' lang='lat' dir='ltr'><strong>me</strong></span> <span class='ocrx_word' id='word_1_867' title='bbox 3289 4531 3394 4567; x_wconf 87' lang='lat' dir='ltr'><strong>esse</strong></span> <span class='ocrx_word' id='word_1_868' title='bbox 3433 4515 3598 4568; x_wconf 87' lang='lat' dir='ltr'><strong>dicitis</strong></span> <span class='ocrx_word' id='word_1_869' title='bbox 3625 4513 3733 4583; x_wconf 87' lang='lat' dir='ltr'><strong>(Ib.</strong></span> 
     </span>
    </p>
   </div>
   <div class='ocr_carea' id='block_1_109' title="bbox 2157 4605 3739 4674">
    <p class='ocr_par' dir='ltr' id='par_1_109' title="bbox 2157 4605 3739 4674">
     <span class='ocr_line' id='line_1_109' title="bbox 2157 4605 3739 4674; baseline -0.001 -14"><span class='ocrx_word' id='word_1_870' title='bbox 2157 4624 2202 4659; x_wconf 86' lang='grc' dir='ltr'><strong>υ.</strong></span> <span class='ocrx_word' id='word_1_871' title='bbox 2232 4606 2358 4674; x_wconf 73' lang='grc' dir='ltr'><strong>15)ἳ</strong></span> <span class='ocrx_word' id='word_1_872' title='bbox 2389 4620 2494 4658; x_wconf 93' lang='lat' dir='ltr'><strong>non</strong></span> <span class='ocrx_word' id='word_1_873' title='bbox 2527 4620 2658 4656; x_wconf 90' lang='lat' dir='ltr'><strong>curo</strong></span> <span class='ocrx_word' id='word_1_874' title='bbox 2689 4605 2883 4658; x_wconf 88' lang='lat' dir='ltr'><strong>multos</strong></span> <span class='ocrx_word' id='word_1_875' title='bbox 2912 4605 3031 4656; x_wconf 90' lang='lat' dir='ltr'><strong>illos</strong></span> <span class='ocrx_word' id='word_1_876' title='bbox 3060 4614 3320 4668; x_wconf 87' lang='lat' dir='ltr'><strong>errantes,</strong></span> <span class='ocrx_word' id='word_1_877' title='bbox 3355 4605 3449 4658; x_wconf 88' lang='lat' dir='ltr'><strong>sed</strong></span> <span class='ocrx_word' id='word_1_878' title='bbox 3479 4621 3572 4657; x_wconf 90' lang='lat' dir='ltr'><strong>vos</strong></span> <span class='ocrx_word' id='word_1_879' title='bbox 3596 4622 3739 4674; x_wconf 78' lang='lat' dir='ltr'><strong>pra:-</strong></span> 
     </span>
    </p>
   </div>
   <div class='ocr_carea' id='block_1_110' title="bbox 2159 4697 3740 4766">
    <p class='ocr_par' dir='ltr' id='par_1_110' title="bbox 2159 4697 3740 4766">
     <span class='ocr_line' id='line_1_110' title="bbox 2159 4697 3740 4766; baseline -0.002 -12"><span class='ocrx_word' id='word_1_880' title='bbox 2159 4716 2345 4754; x_wconf 89' lang='lat' dir='ltr'><strong>cones.</strong></span> <span class='ocrx_word' id='word_1_881' title='bbox 2377 4699 2506 4764; x_wconf 88' lang='lat' dir='ltr'><strong>Quia</strong></span> <span class='ocrx_word' id='word_1_882' title='bbox 2539 4699 2684 4752; x_wconf 90' lang='lat' dir='ltr'><strong>enim</strong></span> <span class='ocrx_word' id='word_1_883' title='bbox 2719 4713 2809 4751; x_wconf 90' lang='lat' dir='ltr'><strong>vos</strong></span> <span class='ocrx_word' id='word_1_884' title='bbox 2857 4699 2989 4751; x_wconf 87' lang='lat' dir='ltr'><strong>estis</strong></span> <span class='ocrx_word' id='word_1_885' title='bbox 3032 4697 3120 4766; x_wconf 92' lang='lat' dir='ltr'><strong>qui</strong></span> <span class='ocrx_word' id='word_1_886' title='bbox 3171 4697 3449 4751; x_wconf 88' lang='lat' dir='ltr'><strong>lucernam</strong></span> <span class='ocrx_word' id='word_1_887' title='bbox 3495 4699 3740 4752; x_wconf 84' lang='lat' dir='ltr'><strong>veritatis</strong></span> 
     </span>
    </p>
   </div>
   <div class='ocr_carea' id='block_1_111' title="bbox 2164 4787 3746 4860">
    <p class='ocr_par' dir='ltr' id='par_1_111' title="bbox 2164 4787 3746 4860">
     <span class='ocr_line' id='line_1_111' title="bbox 2164 4787 3746 4860; baseline -0.003 -16"><span class='ocrx_word' id='word_1_888' title='bbox 2164 4789 2712 4860; x_wconf 67' lang='lat' dir='ltr'><strong>prmdicationemque</strong></span> <span class='ocrx_word' id='word_1_889' title='bbox 2741 4787 2952 4856; x_wconf 90' lang='lat' dir='ltr'><strong>pietatis</strong></span> <span class='ocrx_word' id='word_1_890' title='bbox 2984 4802 3078 4856; x_wconf 89' lang='lat' dir='ltr'><strong>per</strong></span> <span class='ocrx_word' id='word_1_891' title='bbox 3107 4797 3280 4840; x_wconf 90' lang='lat' dir='ltr'><strong>totum</strong></span> <span class='ocrx_word' id='word_1_892' title='bbox 3308 4788 3493 4840; x_wconf 90' lang='lat' dir='ltr'><strong>orbem</strong></span> <span class='ocrx_word' id='word_1_893' title='bbox 3529 4789 3746 4840; x_wconf 91' lang='lat' dir='ltr'><strong>nuntia-</strong></span> 
     </span>
    </p>
   </div>
   <div class='ocr_carea' id='block_1_112' title="bbox 2167 4877 3742 4944">
    <p class='ocr_par' dir='ltr' id='par_1_112' title="bbox 2167 4877 3742 4944">
     <span class='ocr_line' id='line_1_112' title="bbox 2167 4877 3742 4944; baseline -0.003 -9"><span class='ocrx_word' id='word_1_894' title='bbox 2167 4883 2270 4936; x_wconf 91' lang='lat' dir='ltr'><strong>turi</strong></span> <span class='ocrx_word' id='word_1_895' title='bbox 2302 4882 2454 4944; x_wconf 89' lang='lat' dir='ltr'><strong>estis,</strong></span> <span class='ocrx_word' id='word_1_896' title='bbox 2484 4881 2536 4933; x_wconf 92' lang='lat' dir='ltr'><strong>in</strong></span> <span class='ocrx_word' id='word_1_897' title='bbox 2568 4881 2720 4932; x_wconf 86' lang='lat' dir='ltr'><strong>vobis</strong></span> <span class='ocrx_word' id='word_1_898' title='bbox 2750 4890 3032 4933; x_wconf 88' lang='lat' dir='ltr'><strong>versantur</strong></span> <span class='ocrx_word' id='word_1_899' title='bbox 3061 4878 3315 4939; x_wconf 91' lang='lat' dir='ltr'><strong>humana,</strong></span> <span class='ocrx_word' id='word_1_900' title='bbox 3350 4879 3400 4931; x_wconf 88' lang='lat' dir='ltr'><strong>itt</strong></span> <span class='ocrx_word' id='word_1_901' title='bbox 3429 4877 3581 4932; x_wconf 85' lang='lat' dir='ltr'><strong>vobis</strong></span> <span class='ocrx_word' id='word_1_902' title='bbox 3603 4879 3742 4932; x_wconf 82' lang='lat' dir='ltr'><strong>veri-</strong></span> 
     </span>
    </p>
   </div>
   <div class='ocr_carea' id='block_1_113' title="bbox 2166 4971 3745 5041">
    <p class='ocr_par' dir='ltr' id='par_1_113' title="bbox 2166 4971 3745 5041">
     <span class='ocr_line' id='line_1_113' title="bbox 2166 4971 3745 5041; baseline -0.001 -15"><span class='ocrx_word' id='word_1_903' title='bbox 2166 4986 2245 5026; x_wconf 82' lang='lat' dir='ltr'><strong>tas</strong></span> <span class='ocrx_word' id='word_1_904' title='bbox 2291 4974 2658 5041; x_wconf 88' lang='lat' dir='ltr'><strong>periclitatur:</strong></span> <span class='ocrx_word' id='word_1_905' title='bbox 2688 4988 2750 5026; x_wconf 91' lang='lat' dir='ltr'><strong>ac</strong></span> <span class='ocrx_word' id='word_1_906' title='bbox 2797 4973 2935 5025; x_wconf 88' lang='lat' dir='ltr'><strong>sicut</strong></span> <span class='ocrx_word' id='word_1_907' title='bbox 2980 4983 3154 5025; x_wconf 89' lang='lat' dir='ltr'><strong>vestra</strong></span> <span class='ocrx_word' id='word_1_908' title='bbox 3185 4971 3418 5040; x_wconf 84' lang='lat' dir='ltr'><strong>cognitio</strong></span> <span class='ocrx_word' id='word_1_909' title='bbox 3456 4986 3745 5025; x_wconf 85' lang='lat' dir='ltr'><strong>commune</strong></span> 
     </span>
    </p>
   </div>
   <div class='ocr_carea' id='block_1_114' title="bbox 2167 5063 3742 5132">
    <p class='ocr_par' dir='ltr' id='par_1_114' title="bbox 2167 5063 3742 5132">
     <span class='ocr_line' id='line_1_114' title="bbox 2167 5063 3742 5132; baseline 0 -16"><span class='ocrx_word' id='word_1_910' title='bbox 2167 5064 2437 5118; x_wconf 91' lang='lat' dir='ltr'><strong>hominum</strong></span> <span class='ocrx_word' id='word_1_911' title='bbox 2476 5063 2792 5117; x_wconf 89' lang='lat' dir='ltr'><strong>beneﬁcium</strong></span> <span class='ocrx_word' id='word_1_912' title='bbox 2817 5071 2915 5126; x_wconf 88' lang='lat' dir='ltr'><strong>est,</strong></span> <span class='ocrx_word' id='word_1_913' title='bbox 2946 5063 3024 5116; x_wconf 92' lang='lat' dir='ltr'><strong>sic</strong></span> <span class='ocrx_word' id='word_1_914' title='bbox 3055 5073 3230 5117; x_wconf 75' lang='lat' dir='ltr'><strong>vestra</strong></span> <span class='ocrx_word' id='word_1_915' title='bbox 3265 5064 3563 5132; x_wconf 81' lang='lat' dir='ltr'><strong>ignorantia</strong></span> <span class='ocrx_word' id='word_1_916' title='bbox 3589 5078 3742 5118; x_wconf 84' lang='lat' dir='ltr'><strong>eom-</strong></span> 
     </span>
    </p>
   </div>
   <div class='ocr_carea' id='block_1_115' title="bbox 2169 5153 3744 5224">
    <p class='ocr_par' dir='ltr' id='par_1_115' title="bbox 2169 5153 3744 5224">
     <span class='ocr_line' id='line_1_115' title="bbox 2169 5153 3744 5224; baseline 0.001 -16"><span class='ocrx_word' id='word_1_917' title='bbox 2169 5171 2326 5210; x_wconf 90' lang='lat' dir='ltr'><strong>mune</strong></span> <span class='ocrx_word' id='word_1_918' title='bbox 2353 5155 2500 5210; x_wconf 90' lang='lat' dir='ltr'><strong>orbis</strong></span> <span class='ocrx_word' id='word_1_919' title='bbox 2525 5155 2922 5208; x_wconf 85' lang='lat' dir='ltr'><strong>detrimentum.</strong></span> <span class='ocrx_word' id='word_1_920' title='bbox 2954 5153 3157 5208; x_wconf 89' lang='lat' dir='ltr'><strong>Idcirco</strong></span> <span class='ocrx_word' id='word_1_921' title='bbox 3187 5171 3280 5207; x_wconf 85' lang='lat' dir='ltr'><strong>vos</strong></span> <span class='ocrx_word' id='word_1_922' title='bbox 3320 5170 3477 5224; x_wconf 79' lang='lat' dir='ltr'><strong>quem</strong></span> <span class='ocrx_word' id='word_1_923' title='bbox 3509 5171 3595 5209; x_wconf 90' lang='lat' dir='ltr'><strong>me</strong></span> <span class='ocrx_word' id='word_1_924' title='bbox 3623 5170 3744 5210; x_wconf 86' lang='lat' dir='ltr'><strong>esse</strong></span> 
     </span>
    </p>
   </div>
   <div class='ocr_carea' id='block_1_116' title="bbox 2167 5246 3746 5316">
    <p class='ocr_par' dir='ltr' id='par_1_116' title="bbox 2167 5246 3746 5316">
     <span class='ocr_line' id='line_1_116' title="bbox 2167 5246 3746 5316; baseline -0.001 -14"><span class='ocrx_word' id='word_1_925' title='bbox 2167 5248 2380 5302; x_wconf 88' lang='lat' dir='ltr'><strong>dicitis?</strong></span> <span class='ocrx_word' id='word_1_926' title='bbox 2405 5247 2698 5316; x_wconf 82' lang='lat' dir='ltr'><strong>Respondit</strong></span> <span class='ocrx_word' id='word_1_927' title='bbox 2727 5247 2949 5301; x_wconf 85' lang='lat' dir='ltr'><strong>Petrus:</strong></span> <span class='ocrx_word' id='word_1_928' title='bbox 2978 5247 3058 5302; x_wconf 85' lang='lat' dir='ltr'><strong>Tu</strong></span> <span class='ocrx_word' id='word_1_929' title='bbox 3088 5265 3138 5300; x_wconf 87' lang='lat' dir='ltr'><strong>es</strong></span> <span class='ocrx_word' id='word_1_930' title='bbox 3165 5249 3417 5314; x_wconf 81' lang='lat' dir='ltr'><strong>Christus,</strong></span> <span class='ocrx_word' id='word_1_931' title='bbox 3458 5247 3624 5302; x_wconf 83' lang='lat' dir='ltr'><strong>Filius</strong></span> <span class='ocrx_word' id='word_1_932' title='bbox 3648 5246 3746 5300; x_wconf 81' lang='lat' dir='ltr'><strong>Dei</strong></span> 
     </span>
    </p>
   </div>
   <div class='ocr_carea' id='block_1_117' title="bbox 2168 5337 3748 5411">
    <p class='ocr_par' dir='ltr' id='par_1_117' title="bbox 2168 5337 3748 5411">
     <span class='ocr_line' id='line_1_117' title="bbox 2168 5337 3748 5411; baseline 0 -19"><span class='ocrx_word' id='word_1_933' title='bbox 2168 5340 2264 5393; x_wconf 83' lang='lat' dir='ltr'><strong>vivi</strong></span> <span class='ocrx_word' id='word_1_934' title='bbox 2294 5337 2401 5411; x_wconf 92' lang='lat' dir='ltr'><strong>(Ib.</strong></span> <span class='ocrx_word' id='word_1_935' title='bbox 2429 5355 2476 5392; x_wconf 79' lang='grc' dir='ltr'><strong>υ.</strong></span> <span class='ocrx_word' id='word_1_936' title='bbox 2510 5338 2621 5408; x_wconf 80' lang='grc'><strong>16).</strong></span> <span class='ocrx_word' id='word_1_937' title='bbox 2650 5338 2744 5391; x_wconf 79' lang='lat' dir='ltr'><strong>llic</strong></span> <span class='ocrx_word' id='word_1_938' title='bbox 2773 5337 2893 5391; x_wconf 90' lang='lat' dir='ltr'><strong>ﬁdei</strong></span> <span class='ocrx_word' id='word_1_939' title='bbox 2925 5338 3202 5401; x_wconf 91' lang='lat' dir='ltr'><strong>terminus,</strong></span> <span class='ocrx_word' id='word_1_940' title='bbox 3237 5338 3337 5393; x_wconf 88' lang='lat' dir='ltr'><strong>ltoc</strong></span> <span class='ocrx_word' id='word_1_941' title='bbox 3364 5340 3607 5394; x_wconf 89' lang='lat' dir='ltr'><strong>veritatis</strong></span> <span class='ocrx_word' id='word_1_942' title='bbox 3628 5354 3748 5393; x_wconf 78' lang='lat' dir='ltr'><strong>ver-</strong></span> 
     </span>
    </p>
   </div>
   <div class='ocr_carea' id='block_1_118' title="bbox 2170 5428 3742 5498">
    <p class='ocr_par' dir='ltr' id='par_1_118' title="bbox 2170 5428 3742 5498">
     <span class='ocr_line' id='line_1_118' title="bbox 2170 5428 3742 5498; baseline -0.001 -15"><span class='ocrx_word' id='word_1_943' title='bbox 2170 5431 2316 5495; x_wconf 86' lang='lat' dir='ltr'><strong>bum,</strong></span> <span class='ocrx_word' id='word_1_944' title='bbox 2352 5429 2468 5483; x_wconf 73' lang='lat' dir='ltr'><strong>haec</strong></span> <span class='ocrx_word' id='word_1_945' title='bbox 2498 5439 2662 5483; x_wconf 81' lang='lat' dir='ltr'><strong>rectae</strong></span> <span class='ocrx_word' id='word_1_946' title='bbox 2687 5429 2967 5482; x_wconf 86' lang='lat' dir='ltr'><strong>sentcntiae</strong></span> <span class='ocrx_word' id='word_1_947' title='bbox 2989 5428 3256 5484; x_wconf 77' lang='lat' dir='ltr'><strong>coniessio</strong></span> <span class='ocrx_word' id='word_1_948' title='bbox 3275 5439 3376 5483; x_wconf 90' lang='lat' dir='ltr'><strong>est.</strong></span> <span class='ocrx_word' id='word_1_949' title='bbox 3401 5429 3597 5484; x_wconf 81' lang='lat' dir='ltr'><strong>Verum</strong></span> <span class='ocrx_word' id='word_1_950' title='bbox 3622 5429 3742 5498; x_wconf 86' lang='lat' dir='ltr'><strong>quia</strong></span> 
     </span>
    </p>
   </div>
   <div class='ocr_carea' id='block_1_119' title="bbox 2171 5521 3745 5593">
    <p class='ocr_par' dir='ltr' id='par_1_119' title="bbox 2171 5521 3745 5593">
     <span class='ocr_line' id='line_1_119' title="bbox 2171 5521 3745 5593; baseline -0.001 -15"><span class='ocrx_word' id='word_1_951' title='bbox 2171 5523 2284 5578; x_wconf 88' lang='lat' dir='ltr'><strong>ﬁeri</strong></span> <span class='ocrx_word' id='word_1_952' title='bbox 2328 5532 2558 5593; x_wconf 87' lang='lat' dir='ltr'><strong>poterat,</strong></span> <span class='ocrx_word' id='word_1_953' title='bbox 2610 5531 2668 5574; x_wconf 90' lang='lat' dir='ltr'><strong>ut</strong></span> <span class='ocrx_word' id='word_1_954' title='bbox 2717 5521 2832 5576; x_wconf 68' lang='grc' dir='ltr'><strong>Ιταὶο</strong></span> <span class='ocrx_word' id='word_1_955' title='bbox 2871 5537 2977 5575; x_wconf 83' lang='lat' dir='ltr'><strong>vox</strong></span> <span class='ocrx_word' id='word_1_956' title='bbox 3023 5521 3141 5576; x_wconf 90' lang='lat' dir='ltr'><strong>aliis</strong></span> <span class='ocrx_word' id='word_1_957' title='bbox 3183 5523 3404 5591; x_wconf 72' lang='lat' dir='ltr'><strong>mqualis</strong></span> <span class='ocrx_word' id='word_1_958' title='bbox 3434 5522 3745 5584; x_wconf 84' lang='lat' dir='ltr'><strong>haberetur:</strong></span> 
     </span>
    </p>
   </div>
   <div class='ocr_carea' id='block_1_120' title="bbox 2173 5610 3746 5682">
    <p class='ocr_par' dir='ltr' id='par_1_120' title="bbox 2173 5610 3746 5682">
     <span class='ocr_line' id='line_1_120' title="bbox 2173 5610 3746 5682; baseline -0.004 -12"><span class='ocrx_word' id='word_1_959' title='bbox 2173 5615 2294 5670; x_wconf 88' lang='lat' dir='ltr'><strong>illas</strong></span> <span class='ocrx_word' id='word_1_960' title='bbox 2314 5613 2664 5682; x_wconf 86' lang='lat' dir='ltr'><strong>responsione</strong></span> <span class='ocrx_word' id='word_1_961' title='bbox 2695 5627 2799 5666; x_wconf 88' lang='lat' dir='ltr'><strong>non</strong></span> <span class='ocrx_word' id='word_1_962' title='bbox 2842 5612 3090 5681; x_wconf 86' lang='lat' dir='ltr'><strong>dignatus</strong></span> <span class='ocrx_word' id='word_1_963' title='bbox 3117 5621 3221 5679; x_wconf 85' lang='lat' dir='ltr'><strong>est,</strong></span> <span class='ocrx_word' id='word_1_964' title='bbox 3255 5611 3377 5666; x_wconf 87' lang='lat' dir='ltr'><strong>huic</strong></span> <span class='ocrx_word' id='word_1_965' title='bbox 3403 5629 3536 5668; x_wconf 86' lang='lat' dir='ltr'><strong>vero</strong></span> <span class='ocrx_word' id='word_1_966' title='bbox 3564 5610 3746 5666; x_wconf 81' lang='lat' dir='ltr'><strong>ealcu-</strong></span> 
     </span>
    </p>
   </div>
   <div class='ocr_carea' id='block_1_121' title="bbox 2177 5702 3745 5775">
    <p class='ocr_par' dir='ltr' id='par_1_121' title="bbox 2177 5702 3745 5775">
     <span class='ocr_line' id='line_1_121' title="bbox 2177 5702 3745 5775; baseline -0.004 -15"><span class='ocrx_word' id='word_1_967' title='bbox 2177 5707 2285 5761; x_wconf 92' lang='lat' dir='ltr'><strong>lum</strong></span> <span class='ocrx_word' id='word_1_968' title='bbox 2311 5704 2473 5772; x_wconf 90' lang='lat' dir='ltr'><strong>addit,</strong></span> <span class='ocrx_word' id='word_1_969' title='bbox 2501 5703 2697 5774; x_wconf 89' lang='lat' dir='ltr'><strong>etquid</strong></span> <span class='ocrx_word' id='word_1_970' title='bbox 2723 5702 2833 5757; x_wconf 80' lang='lat' dir='ltr'><strong>ait?</strong></span> <span class='ocrx_word' id='word_1_971' title='bbox 2859 5703 2934 5760; x_wconf 88' lang='lat' dir='ltr'><strong>Ne</strong></span> <span class='ocrx_word' id='word_1_972' title='bbox 2951 5713 3227 5775; x_wconf 89' lang='lat' dir='ltr'><strong>putaretur</strong></span> <span class='ocrx_word' id='word_1_973' title='bbox 3243 5703 3344 5760; x_wconf 87' lang='lat' dir='ltr'><strong>hoc</strong></span> <span class='ocrx_word' id='word_1_974' title='bbox 3367 5703 3567 5761; x_wconf 88' lang='lat' dir='ltr'><strong>dictum</strong></span> <span class='ocrx_word' id='word_1_975' title='bbox 3589 5704 3745 5759; x_wconf 85' lang='lat' dir='ltr'><strong>etiam</strong></span> 
     </span>
    </p>
   </div>
  </div>
