4092 6206
314 268 425 325 555

325 383 546 457 Ἐπειδὴ
576 385 686 458 γάρ
718 404 901 458 φησιν,
931 388 1015 440 δτι
1066 386 1225 458 καινὴ
1271 386 1431 456 σοφία
1481 388 1658 439 καινοῖ
1695 386 1794 456 τήν
1849 388 1983 458 ἀλή-

313 471 486 538 θειαν,
519 473 705 544 ἐπειδὴ
741 474 815 543 μὴ
861 473 1057 545 ἐχώρει
1087 475 1120 544 ὴ
1152 473 1469 545 ἀνθρωπίνη
1501 472 1662 543 φύσις
1688 474 1755 527 δι’
1784 476 1985 545 ἑαυτῆς

315 558 635 630 προσελθεῖν
664 559 740 629 τῷ
777 559 915 629 Θεῷ,
968 560 1217 631 μεθόριον
1259 560 1469 628 γίνεται
1496 560 1596 629 τῆς
1634 561 1856 631 κτιστῆς
1893 563 1988 615 καὶ

313 646 416 715 τῆς
444 646 702 699 ἀκτίστου
735 645 949 714 φύσεως
972 649 1001 700 6
1038 647 1165 710 Υίὸς
1191 647 1482 720 προσάγων
1507 645 1605 717 τὴν
1634 648 1984 718 οἰκουμένην.

320 733 386 785 Ὦ
411 733 512 803 τῆς
539 733 732 803 καινῆς
767 732 992 802 μανίαςι
1021 732 1066 786 ὣ
1089 732 1181 787 τοῦ
1211 733 1395 787 καινοῦ
1424 733 1732 803 δράματοςι
1764 736 1797 804 ἠ
1820 734 1987 805 ὐπερ-

312 819 445 891 ϐολὴ
471 819 572 890 τῆς
597 820 690 872 τοῦ
721 820 930 891 Πατρὸς
950 832 977 860 ι
1007 819 1342 891 ἀγαθότητος
1374 819 1669 874 κινδυνεύει
1698 821 1850 891 παρά
1874 807 1987 884 τοὶς

314 908 634 980 αίρετικοῖς,
678 907 942 977 ἀμϐλύνει
987 908 1086 979 τὴν
1130 907 1286 972 ἀξίαν
1316 910 1417 977 τῆς
1466 907 1736 977 θεότητος.
1781 907 1981 979 Ἀλλ’ή

318 996 417 1066 μὲν
452 995 701 1065 αἱρετικὴ
746 996 913 1065 μανία
945 994 1291 1067 θρασύνεται,
1335 997 1367 1066 ὴ
1399 993 1454 1047 δὲ
1483 995 1576 1048 τοῦ
1613 996 1863 1065 Σωτῆρος
1896 995 1986 1048 δύ-

314 1099 480 1151 ναμις
506 1083 606 1134 οὐκ
646 1081 995 1152 ἀμϐλύνεται,
1026 1084 1057 1153 ὴ
1090 1082 1215 1146 δόξα
1242 1083 1303 1135 οὐ
1336 1083 1641 1140 σϐέννυται.
1671 1084 1704 1152 ὴ
1736 1084 1893 1153 χάρις
1924 1084 1983 1136 οὐ

314 1170 680 1239 καθαιρεῖται.
718 1168 871 1231 Ἐὰν,
909 1170 1092 1238 φησὶν,
1120 1169 1293 1237 ἡμεῖς
1318 1169 1730 1238 ἀρνησώμεθα,
1759 1170 1987 1236 ἐκεῖνος

314 1257 534 1321 πιστὸς
574 1257 761 1324 μένει·
804 1254 1192 1324 ἀρνήσασθαι
1225 1256 1333 1327 γάρ
1364 1256 1583 1310 ἑαυτὸν
1613 1260 1685 1311 οὐ
1715 1256 1982 1310 δύναται·

316 1342 658 1412 συγκάθηται
692 1342 791 1410 μὲν
836 1342 924 1394 διὰ.
967 1343 1065 1412 τὴν
1107 1344 1315 1395 οἰκείαν
1363 1342 1541 1408 ἀξίαν,
1590 1343 1789 1414 ἕστηκε
1825 1344 1880 1396 δὲ
1910 1344 1986 1408 ὡς

317 1430 496 1501 ἱερεὺς
519 1430 605 1482 διὰ
628 1430 725 1500 τὴν
753 1429 1067 1500 πρέπουσαν
1094 1429 1241 1500 αὐτῷ
1270 1430 1699 1502 φιλανθρωπίαν.

385 1518 581 1585 γ’.Καὶ
608 1518 710 1589 ὅρα
738 1518 798 1571 16
828 1517 1157 1588 θαυμαστὸν,
1190 1519 1408 1587 ἀδελφέ.
1448 1519 1665 1589 Ἐπειδὴ
1696 1521 1753 1573 ὲν
1774 1518 1982 1590 ὑπηρέ-

312 1621 409 1656 του
452 1604 603 1667 τάξει
660 1605 755 1657 καὶ
805 1606 1045 1675 σχήματι
1081 1604 1454 1669 διακονοῦντος
1484 1605 1885 1676 ὲκλαμϐάνουσι
1924 1606 1984 1659 τὸ

312 1691 499 1763 ῥῆμα,
536 1692 619 1744 ὃτι
668 1691 877 1757 Οὐδείς
915 1692 1150 1761 ἔρχεται
1195 1694 1346 1761 πρὸς
1376 1694 1483 1747 τὸν
1512 1693 1765 1763 Πατέρα,
1808 1697 1859 1747 εὶ
1894 1694 1980 1763 μὴ

312 1778 391 1830 δι’
426 1778 601 1846 ἐμοῦ·
643 1780 937 1847 ἀναγκαῖον
995 1780 1132 1850 πρὸς
1165 1782 1292 1842 τούς
1339 1781 1648 1851 αἱρετικοὺς
1702 1782 1983 1834 ἀποτεῖναι

311 1865 407 1917 τὸν
436 1865 653 1935 ἔλεγχον
681 1868 779 1936 τῆς
808 1866 1062 1930 ἀσεϐείας
1087 1865 1142 1919 δ.
1174 1867 1239 1919 El
1271 1866 1330 1919 16
1357 1868 1654 1937 προσάγειν
1691 1867 1770 1937 τῷ
1809 1870 1983 1938 Πατρὶ

311 1949 405 2003 τὸν
434 1950 559 2003 Υίὸν
590 1949 841 2021 καθαιρεί
871 1951 969 2022 τὴν
1011 1951 1165 2017 ἀξίαν
1191 1950 1284 2005 τοῦ
1316 1953 1702 2022 προσάγοντος,
1746 1953 1839 2006 ἐὰν
1870 1954 1983 2024 ἴδῃς

312 2039 408 2091 τὸν
459 2037 678 2108 Πατέρα
722 2039 801 2107 τῷ
854 2037 969 2109 Υἱῷ
1016 2040 1392 2110 προσάγοντα,
1442 2040 1701 2102 ὲκτείνεις
1731 2043 1847 2094 ἐκεῖ
1883 2042 1981 2111 τὴν

312 2126 586 2180 ἀσέϐειαν.
632 2125 879 2179 Μάλιστα
915 2127 1012 2197 μὲν
1057 2122 1150 2180 οῦν
1180 2128 1260 2190 εἰς
1297 2127 1427 2181 Υίὸν
1458 2127 1692 2190 ἀσεϐῶν,
1728 2128 1818 2181 τὸν
1866 2130 1979 2182 Πα-

309 2213 447 2284 τέρα
480 2212 839 2284 βλασφημεῖς.
863 2215 979 2267 Ἵνα
1010 2214 1209 2281 τοίνυν,
1238 2215 1474 2284 ἀδελφοὶ,
1506 2216 1564 2269 ὲν
1592 2215 1670 2285 τῷ
1698 2215 1841 2286 λόγῳ
1874 2217 1977 2286 τῆς

310 2300 594 2365 εὐσεϐείας
625 2302 718 2354 καὶ
762 2302 860 2371 τῆς
896 2300 1153 2373 ἀληθείας
1195 2302 1290 2355 καὶ
1318 2303 1417 2373 τὴν
1458 2301 1655 2355 κακίαν
1698 2303 1981 2372 ἐπιστομί-

313 2405 517 2458 σωμεν,
556 2389 649 2442 καὶ
685 2389 783 2459 τὴν
817 2388 1014 2459 εὐσεϐῆ
1048 2387 1202 2453 δόξαν
1232 2389 1587 2460 γνωρίσωμεν
1623 2388 1776 2457 (Ζῶν
1812 2390 1919 2459 γὰρ
1948 2393 1981 2443 ὁ

308 2480 496 2545 λόγος
522 2476 631 2531 τοῦ
664 2475 811 2531 Θεοῦ
861 2476 961 2529 καί
1006 2476 1286 2545 ἐνεργὴς,
1324 2477 1426 2529 καὶ
1465 2476 1788 2546 τομώτερος
1828 2476 1981 2546 ὑπὲρ

310 2564 521 2619 πᾶσαν
570 2565 871 2634 μάχαιραν
918 2563 1233 2632 δίστομον·
1280 2562 1533 2634 δίστομον
1580 2564 1638 2616 δὲ
1678 2563 1835 2617 καλεί
1884 2563 1981 2635 τὴν

313 2653 611 2722 μάχαιραν,
638 2652 823 2722 ἐπειδὴ
850 2650 1020 2720 διπλῷ
1046 2651 1311 2723 κέχρηται
1336 2650 1414 2721 τῷ
1441 2651 1604 2723 λόγῳ,
1631 2651 1709 2722 τῷ
1736 2652 1835 2722 μὲν
1863 2668 1977 2724 στη·

312 2739 536 2810 ρίξοντι,
567 2739 646 2808 τῷ
672 2738 730 2791 δὲ
756 2737 1102 2807 καθαιροῦντι
1122 2754 1136 2767 ·
1168 2737 1519 2809 καθαιροῦντι
1552 2739 1652 2808 μὲν
1683 2740 1807 2802 τοὺς
1838 2741 1984 2793 ἐναν-

309 2825 480 2888 τίους,
516 2823 818 2895 στηρίζοντι
844 2824 902 2878 δὲ
928 2824 1053 2887 τοὺς
1085 2825 1318 2888 οίκείους
1355 2825 1455 2894 τῆς
1488 2826 1746 2894 πίστεως)
1767 2843 1781 2858 ο
1815 2825 1981 2879 ἄκουε

312 2914 479 2968 αὐτοῦ
525 2913 621 2966 τοῦ
667 2913 873 2984 Κυρίου
917 2912 1194 2981 λέγοντος·
1240 2912 1451 2980 Οὐδείς
1481 2913 1730 2967 δύναται
1781 2914 1983 2969 ἐλθεῖν

312 3004 464 3071 πρός
495 3018 593 3072 με,
634 3001 743 3055 ἐὰν
775 2999 862 3070 μὴ
901 3004 934 3055 ό
967 3000 1170 3069 Πατήρ
1201 3018 1322 3070 μου
1353 3004 1387 3056 ό
1434 3000 1710 3069 οὐράνιος
1747 3002 1980 3071 ἐλκύσῃ

312 3090 519 3146 αὐτόν.
554 3088 872 3156 Ἀναγκαῖον
920 3086 998 3150 δὲ,
1044 3087 1282 3156 ἀδελφοὶ,
1327 3088 1396 3141 τά
1438 3089 1623 3142 εἰκότα
1671 3089 1806 3160 πρὸς
1850 3091 1977 3153 τούς

312 3177 621 3250 αίρετικούς
639 3177 837 3240 εἰπεῖν,
864 3176 959 3228 καὶ
979 3176 1048 3230 τά
1080 3177 1207 3247 περὶ
1234 3175 1422 3229 τούτου
1442 3177 1534 3229 τοῦ
1560 3178 1829 3246 νοήματος
1852 3179 1978 3242 τούς

314 3267 463 3329 υίούς
502 3267 604 3334 τῆς
644 3263 877 3326 πίστεως
919 3262 1352 3335 πληροφορῆσαι.
1384 3262 1541 3326 Τίνος
1592 3265 1777 3317 ἕνεκεν
1809 3282 1982 3319 κατα-

313 3353 504 3407 διεῖλεν
530 3352 561 3404 6
600 3350 896 3423 μονογενὴς
946 3348 1041 3403 τοῦ
1071 3349 1207 3404 Θεοῦ
1252 3350 1422 3419 Λόγος
1464 3350 1561 3422 τὴν
1595 3354 1980 3423 προσαγωγὴν,

315 3444 391 3512 πῆ
428 3441 527 3511 μὲν
560 3440 690 3509 παρ’
716 3436 882 3491 αὐτοῦ
922 3436 1095 3506 λέγων
1149 3438 1522 3509 προσάγεσθαι
1551 3439 1630 3509 τῷ
1659 3440 1853 3510 Πατρὶ,
1903 3443 1979 3510 πῆ

316 3528 371 3582 δὲ
397 3525 550 3599 παρά
579 3525 673 3580 τοῦ
708 3524 919 3596 Πατρὸς
950 3524 1087 3596 πρὸς
1113 3525 1305 3589 αὐτόν;
1330 3527 1391 3579 οὐ
1419 3526 1527 3598 γάρ
1561 3528 1889 3597 συγκέχυται
1914 3530 1983 3581 τά

316 3615 414 3684 τῆς
445 3612 592 3676 θείας
620 3610 855 3681 φύσεως,
881 3610 995 3665 ἀλλ’
1028 3612 1281 3682 εὐκρινής
1312 3612 1427 3664 ἐστι
1470 3612 1563 3665 καὶ
1600 3613 1926 3684 εὐδιόριστος
1954 3617 1983 3668 6

315 3701 473 3771 λόγος
495 3704 592 3773 τῆς
625 3701 903 3772 ἀληθείας,
922 3701 1074 3754 οὐδὲν
1102 3700 1312 3754 σκολιὸν
1340 3700 1499 3770 ἔχων,
1527 3701 1678 3753 οὐδὲν
1709 3717 1982 3771 στραγγα-

314 3786 531 3851 λιῶδες·
572 3786 767 3842 Πᾶσαι
797 3787 907 3858 γὰρ
938 3790 997 3840 al
1022 3785 1149 3840 όδοί
1176 3785 1396 3854 Κυρίου
1422 3785 1662 3839 εὐθεῖαι.

384 3871 531 3947 *Δρα
564 3875 692 3947 γὰρ,
722 3874 960 3943 ἀδελφοὶ,
982 3876 1011 3927 6
1040 3873 1227 3944 Πατὴρ
1258 3874 1388 3926 ποτὲ
1431 3872 1528 3943 μὲν
1558 3872 1656 3944 τὴν
1702 3873 1983 3946 βασιλικὴν

316 3963 611 4036 προεδρίαν
642 3963 851 4033 ἐπέχων
874 3962 1087 4032 δέχεται
1115 3961 1239 4025 τοὺς
1278 3961 1737 4032 προσαγομένους,
1768 3963 1897 4016 ποτὲ
1925 3964 1982 4017 δὲ

315 4050 398 4123 τῷ
435 4050 552 4121 Υίῷ
580 4052 637 4105 ἐν
676 4049 936 4121 βασιλικῷ
974 4049 1213 4119 σχήματι
1245 4048 1632 4118 προκαθίσαντι
1668 4048 1847 4102 δίδωσι
1885 4051 1981 4122 τὴν

313 4137 557 4208 ὀφειλὴν,
591 4140 685 4191 καὶ
717 4140 774 4190 ὲν
810 4135 1082 4206 ὑπηρέτου
1115 4135 1264 4201 τάξει
1293 4135 1694 4204 παριστάμενος
1720 4137 1983 4207 προσάγει

317 4225 397 4294 τῷ
436 4223 585 4295 Υἱῷς
614 4223 705 4295 Μὴ
733 4223 974 4292 γένοιτο·
1007 4221 1099 4275 ἐπὶ
1129 4222 1237 4291 γάρ
1269 4220 1402 4274 Θεοῦ
1440 4219 1561 4274 οὔτε
1600 4222 1869 4294 καθέδραν
1909 4227 1984 4277 εί-

316 4312 491 4365 πόντα
509 4311 622 4364 ἔστι
661 4328 713 4364 τι
743 4307 1082 4380 ἀνθρώπινον
1129 4307 1399 4376 ἐννοῆσαι,
1439 4308 1559 4361 οὐδὲ
1590 4310 1776 4361 στάσιν
1818 4310 1985 4363 ἀκού-

321 4415 493 4452 σαντα
520 4397 681 4451 πάλιν
712 4397 827 4450 ἔστι
862 4395 1053 4465 νοῆσαί
1082 4411 1136 4448 τι
1170 4393 1278 4446 τῶν
1315 4393 1436 4447 καθ’
1472 4396 1641 4464 ἡμᾶς.
1677 4396 1802 4449 Ἐὰν
1829 4396 1988 4450 ἀκού-

320 4500 425 4559 σῃς
458 4485 587 4553 περὶ
629 4482 763 4536 Θεοῦ
797 4484 878 4535 ὅτι
925 4482 1175 4551 ἔστηκεν,
1221 4479 1281 4532 τὸ
1327 4480 1541 4543 ἀκλινὲς
1573 4482 1667 4535 καὶ
1700 4483 1762 4535 τὸ
1807 4482 1987 4556 ὄρθιον

318 4573 435 4627 νόει
461 4572 557 4641 τῆς
587 4570 735 4633 θείας
766 4569 955 4631 οὐσίας
975 4583 991 4599 ·
1019 4566 1123 4621 κᾶν
1159 4566 1319 4619 πάλιν
1348 4567 1649 4648 ἀναγνῷςῆ
1678 4569 1916 4641 ἀκούσῃς
1934 4581 1986 4632 ο,

318 4662 405 4714 ὅτι
434 4659 687 4728 κάθηται,
724 4656 871 4729 [ΔΟἹ]
899 4656 960 4708 τὸ
995 4655 1204 4725 ἑδραῖον
1233 4654 1327 4706 καὶ
1358 4653 1648 4707 ἀσάλευτον
1678 4655 1987 4727 ἐκλάμϐανε

317 4748 423 4816 τῆς
461 4746 732 4817 μακαρίας
772 4743 1003 4813 φύσεως.
1027 4741 1198 4803 Αὐτὸς
1230 4739 1381 4809 λέγει
1422 4741 1613 4795 ἑαυτὸν
1641 4744 1860 4797 ἑστάναι
1897 4745 1989 4796 καὶ

321 4833 628 4903 καθῆσθαι·
656 4831 735 4902 τῷ
759 4832 981 4885 Μωύσεῖ
1006 4828 1172 4897 λέγει,
1202 4827 1285 4881 Σὺ
1314 4826 1493 4896 στῆθι
1520 4823 1636 4882 ὧδε
1667 4833 1795 4898 μετ’
1819 4829 1985 4900 ἐμοῦ.

320 4922 437 4977 Καὶ
479 4917 560 4992 ἦν
602 4924 634 4975 ό
672 4923 875 4985 τόπος,
914 4913 986 4972 οὗ
1036 4915 1301 4982 εἱστήκει
1344 4918 1377 4969 ὁ
1425 4916 1567 4980 Θεὸς
1614 4916 1873 4985 Ἰσραὴλ,
1912 4919 1991 4985 ὡς

318 5010 496 5075 ,λίθος
526 5007 881 5076 σαπφείρου.
904 5004 1144 5075 Πρόσεχε
1167 5002 1435 5073 ἀκριϐῶς·
1460 5006 1488 5057 6
1520 5005 1758 5075 Μωῦσῆς
1782 5006 1991 5060 ἑστῶτα

320 5097 494 5163 λέγει,
519 5096 612 5148 καὶ
634 5096 663 5147 6
690 5093 823 5155 Θεὸς
848 5090 926 5161 τῷ
954 5092 1199 5155 Μωύσεῖ,
1225 5091 1299 5152 ὡς
1330 5090 1613 5161 ίστάμενός
1638 5107 1789 5162 φησι,
1812 5092 1993 5161 Στῆθι

314 5183 449 5253 μετ’
491 5181 658 5250 ἐμοῦ.
707 5180 772 5234 Τί
817 5176 909 5232 οὖν
962 5176 1223 5247 ποιοῦμεν
1272 5177 1532 5247 Ἱερεμίου
1584 5177 1865 5246 λέγοντος,
1908 5180 1991 5235 Σὺ

322 5267 662 5338 καθήμενος
707 5271 794 5333 είς
823 5266 930 5321 τὸν
956 5264 1161 5329 αίῶνα,
1190 5263 1284 5318 καὶ
1328 5266 1487 5334 ἡμεῖς
1521 5264 1882 5335 ἀπολλύμενοι
1913 5269 1991 5332 είς

322 5364 420 5416 τὸν
453 5360 656 5423 αίῶνα;
697 5359 952 5428 Καθέδρα
994 5356 1087 5410 καὶ
1145 5354 1333 5418 στάσις
1378 5353 1688 5424 ἀνθρώπινα
1742 5357 1990 5427 ῥήματα,

324 5451 465 5506 ἀλλά
509 5450 626 5502 θεῖα
668 5449 943 5518 νοήματα·
976 5445 1063 5499 διὰ
1103 5445 1194 5498 τὸν
1226 5444 1456 5498 ἄστατον
1489 5442 1584 5495 καὶ
1628 5436 1731 5496 ὧδε
1769 5445 1993 5498 κάκεῖσε

394 5542 422 5572 ⁸
452 5539 583 5588 Unus
604 5535 692 5586 τοῦ
712 5542 942 5598 σωτῆρος.

394 5600 424 5640 b
440 5601 590 5650 Savil.
620 5604 675 5648 et
697 5610 823 5645 unus
836 5592 928 5654 ’τῆς
967 5592 1222 5651 εὐσεϐείας,
1263 5596 1318 5640 et
1338 5592 1485 5654 paulo
1509 5597 1621 5653 post
1643 5593 1790 5641 etiam
1814 5595 1902 5651 τήν
1924 5594 1998 5642 εὖ-

328 5664 687 5772 recte
711 5731 853 5768 unus.
880 5718 977 5768 Alii
996 5730 1116 5765 vero
1140 5716 1347 5777 ἀναγνῷς
1368 5714 1448 5761 καὶ
1469 5713 1695 5775 ἀκούσης.

1620 270 1706 325 DE
1748 271 2033 329 SIGILLIS
2072 272 2325 330 SERMO.

3639 271 3746 329 εδδ

2085 389 2478 461 περιαγόμενον
2523 390 2613 444 τὸν
2640 388 2976 462 ἀνθρώπινον
3012 386 3155 458 βίον,
3182 384 3314 447 Θεὸς
3344 383 3558 453 λέγεται
3589 388 3746 441 63-16.-

2082 493 2189 540 ναι,
2221 476 2316 530 καὶ
2358 476 2446 531 διά
2485 478 2585 547 τὴν
2608 478 2931 549 άστήρικτον
2968 476 3061 530 καὶ
3092 472 3394 542 πανταχόσε
3424 490 3745 545 περιτρεπο-

2086 565 2251 634 μένην
2279 564 2387 617 τῶν
2412 564 2534 618 καθ’
2560 566 2706 634 ἡμᾶς
2737 563 3067 618 κατάστασιν
3103 561 3321 629 λέγεται
3362 559 3632 630 καθῆσθαι
3655 561 3743 615 διὰ

2080 651 2143 702 τὸ
2173 651 2414 721 ἑδραῖον·
2445 651 2504 705 τὸ
2536 651 2644 721 γάρ
2680 651 2981 721 καθήμενον
3024 648 3307 720 ῆδρασται.
3350 646 3493 714 Φύγε
3532 646 3601 699 τά
3634 649 3743 701 ἀπὸ

2081 736 2180 806 τῆς
2215 737 2409 802 λέξεως
2445 738 2873 806 ὐποϐαλλόμενα,
2901 738 2993 789 καὶ¹
3022 737 3130 789 νόει
3159 735 3229 789 τά
3255 733 3345 787 διά
3384 733 3480 803 τῆς
3511 732 3744 794 πίστεως

2082 821 2448 894 θεωρούμενα.
2492 824 2615 887 Πῶς
2647 820 2739 878 οὖν
2779 825 3041 894 προσάγει
3085 822 3163 891 τῷ
3204 820 3378 891 Πατρ)⁸
3424 819 3585 884 Υἱός;
3630 817 3746 881 πῶς

2083 911 2273 981 Πατὴρ
2321 911 2399 981 τῷ
2426 912 2567 982 mp;
2589 912 2649 965 οὐ
2684 912 2792 982 γάρ
2815 911 2894 963 δεῖ
2927 909 3241 964 καταλιπεῖν
3268 909 3358 961 τὸν
3398 908 3552 975 λόγον
3586 904 3743 971 ἀνεξ-

2081 996 2323 1055 έταστον.
2360 999 2417 1051 Ὀ
2446 999 2635 1069 Πατὴρ
2673 997 2937 1069 φανερούς
2978 1013 3129 1060 τινας
3162 996 3254 1048 καὶ
3281 988 3744 1064 ὁμολογουμένους

2083 1084 2347 1154 προσάγει
2373 1089 2449 1155 τῷ
2471 1086 2603 1155 Υίῷ,
2631 1087 2659 1137 6
2682 1086 2809 1147 Υἱὸς
2841 1084 3001 1138 πάλιν
3032 1081 3295 1152 φανερούς
3326 1098 3477 1144 τινας
3502 1081 3595 1134 καὶ
3623 1082 3746 1150 ὁμο·

2079 1170 2441 1241 λογουμένους
2474 1172 2736 1243 προσάγει
2769 1170 2846 1242 τῷ
2886 1169 3078 1241 Πατρί.
3112 1169 3202 1239 Μὴ
3245 1166 3529 1238 προλαϐὼν
3567 1168 3746 1238 ἀρπά-

2082 1255 2181 1325 ζῃς
2207 1256 2266 1308 τὸ
2298 1257 2446 1327 ῥῆμα
2474 1258 2552 1318 είς
2584 1256 2855 1327 διαϐολὴν,
2896 1256 3008 1309 ἀλλ’
3031 1256 3321 1325 ἀνάμεινον
3349 1251 3410 1305 τό
3442 1251 3616 1316 τέλος,
3653 1251 3748 1304 καὶ

2082 1347 2264 1415 κρῖνον
2289 1346 2351 1397 τὸ
2380 1345 2695 1415 λεγόμενον·
2733 1347 2806 1417 μή
2838 1345 2988 1414 γίνου
3018 1343 3276 1413 δικαστὴς
3300 1339 3587 1411 δυσμενὴς,
3613 1338 3746 1391 ἀλλά

2083 1431 2487 1502 συναγωνιστὴς
2519 1433 2770 1502 εὐμενής.
2806 1433 2896 1486 Ἐν
2934 1432 3010 1503 τῷ
3042 1430 3256 1501 Ἰσραὴλ
3299 1428 3545 1498 ἐγνώσθη
3593 1427 3689 1497 μὲν
3717 1428 3747 1479 6
3814 1462 3831 1477 .

2080 1518 2210 1581 Θεὸς
2247 1521 2339 1572 καὶ
2373 1520 2581 1590 Πατὴρ,
2620 1521 2859 1589 ἠγνοεῖτο
2897 1519 2953 1572 δὲ
2985 1519 3013 1570 6
3045 1518 3171 1580 Υἱός
3191 1534 3205 1546 ·
3237 1518 3294 1569 έν
3329 1516 3385 1568 δὲ
3426 1517 3539 1578 τοῖς
3571 1512 3746 1566 ἔθνεσι

2079 1606 2176 1659 xal
2216 1607 2244 1657 6
2279 1605 2468 1676 Πατὴρ
2510 1608 2783 1675 ἠγνοεῖτο,
2820 1607 2911 1660 καὶ
2953 1606 2982 1657 6
3026 1604 3183 1668 Υἱός·
3230 1606 3294 1674 τῇ
3345 1600 3453 1672 γάρ
3501 1600 3746 1669 πολυθέῳ

2080 1693 2254 1764 πλάνῃ
2278 1694 2566 1747 δεδούλωτο
2598 1694 2666 1746 τά
2701 1693 2847 1765 ἔθνη.
2877 1694 3052 1747 Ὅπου
3081 1689 3172 1746 οῦν
3203 1690 3387 1761 Πατὴρ
3419 1690 3517 1760 μὲν
3549 1689 3745 1759 γνωρί-

2080 1780 2260 1845 ζεται,
2303 1780 2431 1844 Υἱὸς
2464 1782 2522 1834 δὲ
2565 1782 2626 1834 οὐ
2673 1781 3028 1851 γνωρίζεται,
3075 1780 3343 1850 ἑρμηνεὺς
3395 1779 3601 1846 γίνεται
3650 1774 3744 1830 τοῦ

2078 1869 2444 1939 ἀγνοουμένου
2488 1869 2616 1922 Υἱοῦ
2652 1870 2681 1922 6
2708 1871 2916 1941 Πατὴρ.
2950 1868 3394 1939 Ἐπαναλήψομαι
3434 1865 3525 1919 τὸν
3565 1865 3745 1935 λόγον,

2079 1957 2165 2010 ἵνα
2193 1959 2374 2027 στήσω
2398 1957 2456 2010 τὸ
2485 1957 2577 2028 νόη
2587 1975 2684 2027 μα.
2707 1958 2880 2011 Ὅπου
2910 1956 3097 2027 Πατὴρ
3122 1955 3467 2026 γνωρίζεται,
3490 1954 3586 2007 καὶ
3616 1952 3744 2014 Υίὺς

2076 2043 2506 2114 ἀμφιϐάλλεται,
2556 2046 2828 2116 ἑρμηνεὺς
2874 2044 3082 2113 γίνεται
3128 2046 3157 2097 6
3199 2041 3599 2114 γνωριζόμενος
3646 2037 3744 2093 τοῦ

2078 2133 2469 2201 ἀγνοουμένου·
2497 2135 2630 2186 ὅπου
2664 2133 2853 2203 Πατὴρ
2879 2132 3164 2202 ἠγνόηται,
3195 2129 3366 2201 κήρυξ
3395 2128 3486 2182 τοῦ
3520 2130 3745 2196 ἀγνοου-

2081 2220 2241 2289 μένου
2275 2222 2305 2273 ὁ
2331 2220 2461 2283 Υἱὸς
2494 2220 2721 2287 γίνεται.
2750 2219 2849 2272 Διά
2876 2219 3052 2282 τοῦτο,
3083 2218 3171 2271 ἵνα
3199 2212 3369 2286 λάϐῃς
3402 2216 3602 2286 ἀκριϐῆ
3633 2213 3743 2266 τῶν

2074 2308 2376 2381 είρημένων
2399 2310 2497 2379 τὴν
2531 2308 2792 2373 ἐξέτασιν,
2829 2306 3022 2375 ἕγγυόν
3052 2323 3136 2359 σοι
3172 2305 3396 2376 παρέχω
3425 2303 3484 2356 τὸ
3508 2300 3747 2368 Εὐαγγέ-

2076 2396 2206 2449 λιον.
2249 2396 2410 2463 Λέγει
2439 2398 2468 2449 ό
2507 2395 2696 2465 Σωτὴρ
2735 2396 2862 2466 περὶ
2889 2393 2996 2447 τῶν
3035 2392 3203 2448 ἐθνῶν
3227 2409 3241 2423 ·
3280 2392 3348 2445 Τό
3392 2388 3579 2457 ὄνομά
3626 2402 3745 2442 σου

2073 2481 2420 2551 ἐφανέρωσα
2449 2482 2529 2547 τῷ
2555 2485 2788 2551 κόσμῳ·
2834 2481 3049 2552 μᾶλλον,
3085 2481 3170 2533 ὅτι
3198 2479 3277 2549 τῷ
3304 2477 3583 2546 ἀγνοοῦντι
3615 2477 3748 2543 ὲφα-

2078 2570 2290 2639 νέρωσά
2328 2587 2421 2624 σου
2457 2572 2517 2623 τὸ
2565 2570 2734 2638 ὄνομα
2778 2568 2856 2639 τῷ
2891 2571 3100 2640 κόσμῳ.
3143 2569 3301 2621 Ποῖον
3351 2566 3521 2634 ὄνομα
3550 2562 3747 2630 ἐφανέ-

2080 2673 2251 2727 ρωσες
2285 2657 2407 2711 Ὅτι
2459 2655 2613 2719 Θεὸς.
2648 2655 2809 2709 Ἀλλά
2848 2655 3167 2727 προειλὴφει
3205 2655 3239 2723 ἡ
3293 2650 3494 2719 γνῶσις
3534 2648 3595 2700 τὸ
3629 2647 3747 2699 δνοο

2082 2760 2185 2814 μα·
2226 2745 2317 2798 καὶ
2349 2745 2399 2798 οἱ
2450 2742 2791 2813 πλανώμενοι
2834 2744 2943 2814 γάρ
2983 2743 3200 2811 λέγουσι
3245 2740 3389 2802 θεὸν,
3418 2737 3513 2790 καὶ
3554 2736 3603 2788 οἱ
3637 2735 3745 2786 ἀπ-

2077 2830 2469 2901 εσχοινισμένον,
2507 2831 2605 2901 τῆς
2640 2830 2919 2893 εὐσεϐείας
2974 2831 3075 2883 οὐκ
3103 2826 3391 2899 ἀρνοῦνται
3432 2823 3530 2893 τὴν
3582 2836 3749 2892 προσ-

2075 2920 2337 2990 ηγορίαν·
2382 2922 2530 2971 ποῖον
2568 2914 2659 2971 οὖν
2698 2918 2867 2987 ὄνομα
2899 2917 3220 2985 ὲγνώρισεν;
3260 2914 3383 2967 Ὅτι
3428 2908 3615 2981 Πατὴρ
3648 2925 3751 2962 κασ

2077 3006 2278 3059 λεῖται·
2327 3003 2704 3074 Ἐφανέρωσὰ
2739 3020 2855 3057 σου
2885 3002 2951 3056 τὸ
2985 3002 3173 3070 ὄνομα
3214 2998 3295 3065 τῷ
3325 2999 3547 3067 κόσμῳ.
3584 2997 3749 3067 Ὁρᾷς

2076 3093 2160 3145 ὅτι
2187 3093 2319 3145 ὅπου
2358 3092 2623 3162 ἠγνόηται
2658 3093 2686 3143 6
2726 3088 2934 3159 Πατὴρ,
2971 3088 3243 3159 ἑρμηνεὺς
3288 3084 3495 3152 γίνεται
3520 3084 3549 3134 ό
3587 3082 3745 3146 Υἱὸς.

2075 3179 2155 3246 τῷ
2201 3178 2539 3247 εὐαγγελικῷ
2584 3176 2903 3249 κηρύγματι
2955 3173 3259 3244 σαφηνίζων
3308 3171 3407 3242 τὴν
3456 3169 3735 3238 ἀλήθειαν

2077 3265 2210 3318 ὅπου
2265 3263 2321 3315 δὲ
2367 3264 2396 3314 6
2440 3262 2630 3333 Πατὴρ
2679 3259 2955 3332 ἐνομίζετο
3008 3258 3398 3329 γνωρίζεσθαι,
3446 3257 3473 3308 ὁ
3513 3254 3571 3307 δὲ
3624 3252 3749 3315 Υἱὸς

2082 3350 2156 3421 μὴ
2189 3349 2569 3421 γνωρίζεσθαι,
2604 3350 2873 3420 ἑρμηνεὺς
2911 3347 3119 3416 γίνεται
3143 3344 3302 3408 αὐτὸς
3334 3342 3427 3396 τοῦ
3453 3340 3750 3410 ἀγνοουμέ-

2077 3454 2188 3490 νου.
2208 3432 2352 3499 Οἶον,
2380 3436 2467 3489 ἵνα
2500 3436 2585 3489 ἐπ’
2612 3434 2788 3489 αὐτῶν
2816 3434 2971 3500 δείξω
3002 3433 3109 3486 τῶν
3145 3431 3478 3503 πραγμάτων
3507 3429 3603 3498 τὴν
3620 3426 3749 3498 ἀλή-

2079 3524 2251 3578 θειαν·
2311 3523 2522 3587 Παῦλος
2576 3524 2693 3595 ᾔδει
2726 3523 2816 3576 τὸν
2874 3521 3026 3585 Θεὸν,
3051 3521 3151 3574 ο“κκ
3177 3518 3404 3590 ᾔδειτὺν
3450 3516 3599 3570 Υίόν·
3633 3514 3749 3585 ᾔδει

2077 3613 2231 3680 Θεὸν,
2265 3614 2364 3667 οὐκ
2393 3612 2507 3684 ⁴ἤδει
2556 3612 2613 3665 δὲ
2664 3612 2884 3684 Πατέρα
2911 3611 3038 3664 ὂντα
3071 3609 3166 3663 τοῦ
3196 3603 3427 3679 Χριστοῦ
3471 3603 3562 3656 τὸν
3592 3601 3745 3655 Θεόν·

2078 3702 2171 3755 καὶ
2188 3696 2255 3770 ὴν
2287 3699 2533 3771 ζηλωτὴς
2556 3698 2837 3761 εὐσεϐείας
2870 3698 3009 3767 ὑπὲρ
3040 3696 3136 3749 τοὶ
3164 3695 3329 3764 νόμου
3367 3691 3692 3762 μαχόμενος·
3721 3690 3751 3742 6

2074 3788 2207 3851 Θεὸς
2231 3787 2536 3841 ἀπέϐλεπεν
2585 3788 2664 3848 εἰς
2699 3786 2788 3837 τὸν
2817 3784 2997 3853 ζῆλον,
3018 3784 3114 3851 άγν
3144 3782 3238 3844 δίας
3256 3780 3351 3850 μὲν
3385 3776 3750 3848 πεπληρωμέ-

2077 3893 2186 3938 νον,
2205 3875 2367 3928 πόθου
2391 3875 2447 3928 δὲ
2464 3874 2525 3942 γέ
2535 3889 2719 3944 μοντα’
2740 3874 2833 3926 καὶ
2856 3873 2906 3923 τί
2924 3875 3063 3923 ποιεῖ
3083 3886 3097 3934 ;
3114 3869 3365 3939 γνωρίζει
3384 3867 3460 3938 τῷ
3472 3864 3751 3933 ἀγνοοῦντι

2077 3965 2168 4017 τὸν
2221 3962 2599 4032 ἀγνοούμενον.
2641 3961 2736 4023 Τίς
2788 3961 2918 4028 ἡμῖν
2956 3957 3126 4010 ταῦτα
3167 3954 3449 4027 σαφηνίζει
3470 3948 3495 4017 ς’
3518 3952 3689 4015 Αὐτὸς
3724 3953 3753 4004 6

2080 4050 2212 4103 ποτὲ
2249 4050 2547 4120 ἀγνοήσας.
2602 4047 2695 4099 καὶ
2746 4044 2971 4115 ὕστερον
3028 4043 3320 4112 γνωρίσας,
3362 4041 3524 4103 αὐτὸς
3564 4041 3592 4092 6
3623 4036 3751 4091 ποτε

2079 4135 2294 4201 διώξας,
2329 4137 2423 4187 καὶ
2458 4133 2683 4205 ὕστερον
2711 4130 3220 4200 εὐαγγελισάμενος.
3245 4128 3308 4180 Τί
3331 4128 3438 4198 γάρ
3466 4142 3625 4198 φησι;
3644 4126 3750 4179 Καὶ

2081 4222 2245 4291 ἤμην
2282 4221 2548 4289 ζηλωτὴς
2576 4220 2682 4273 τοῦ
2708 4218 2978 4288 πατρῴου
3017 4218 3225 4285 νόμου,
3256 4216 3383 4269 καθ’
3413 4213 3754 4283 ὑπερϐολὴν

2082 4310 2312 4365 διώκων
2338 4309 2452 4377 τὴν
2495 4309 2868 4375 Ἐκκλησίαν
2899 4306 3004 4361 τοῦ
3036 4305 3202 4359 Θεοῦ.
3236 4304 3375 4356 Ὅτε
3401 4301 3469 4355 δὲ
3496 4301 3752 4368 ηὐδόκη-

2083 4414 2196 4451 σεν
2223 4400 2255 4450 ό
2271 4396 2413 4462 Θεὸς
2442 4398 2474 4448 ό
2497 4396 2795 4463 ἀφορίσας
2810 4410 2884 4461 με
2907 4393 2975 4445 ἐκ
2996 4392 3227 4456 κοιλίας
3246 4390 3472 4458 μητρός
3488 4404 3627 4456 μου,
3654 4385 3752 4439 καί

2082 4482 2348 4547 καλέσας
2402 4480 2500 4534 διὰ
2548 4478 2660 4547 τῆς
2706 4478 2942 4547 χάριτος
2971 4476 3157 4532 αὐτοῦ
3220 4476 3611 4542 ἀποκαλύψαι
3648 4472 3753 4525 τὸν

2094 4570 2229 4624 Υίὸν
2261 4568 2445 4622 αὑτοῦ
2471 4568 2541 4620 ἐν
2576 4567 2728 4635 ἐμοί·
2765 4567 2858 4619 καὶ
2888 4565 2958 4618 τά
2986 4563 3130 4635 ἑξῆς.
3160 4566 3225 4617 Ἡ
3254 4565 3361 4634 γάρ
3398 4561 3673 4633 μαρτυρία
3694 4558 3754 4612 τὸ

2083 4656 2252 4719 δεῖξαι
2279 4655 2341 4707 τὸ
2366 4653 2715 4724 ζητούμενον,
2741 4653 2838 4723 οὐχ
2863 4654 2895 4723 ἡ
2918 4651 3118 4724 θεωρία
3138 4650 3231 4703 τοῦ
3270 4652 3555 4719 νοήματος.
3586 4646 3751 4700 Πάλιν

2085 4745 2264 4814 ἐρωτᾷ
2293 4744 2321 4795 6
2350 4741 2538 4813 Σωτὴρ
2584 4742 2707 4803 τοὺς
2731 4741 3079 4802 ἀποστόλους,
3118 4740 3256 4793 Τίνα
3282 4755 3359 4807 με
3390 4736 3680 4805 λέγουσιν
3698 4737 3750 4788 οί

2085 4831 2379 4899 ἂνθρωποι
2415 4825 2565 4882 εἶναι
2595 4828 2700 4881 τὸν
2726 4828 2860 4882 Υίύν
2888 4828 2992 4881 τοῦ
3016 4825 3166 4898 [608]
3202 4825 3552 4892 ἀνθρώπου;
3587 4824 3745 4894 Ἐρω·

2085 4920 2153 4989 τᾷ
2178 4919 2277 4987 οὐχ
2306 4918 2391 4969 ἵνα
2444 4914 2608 4986 μάθῃ,
2642 4914 2755 4967 ἀλλ’
2777 4914 2863 4967 ἵνα
2900 4914 2998 4984 τὴν
3022 4912 3280 4967 ὑπόνοιαν
3327 4910 3596 4979 ἐξορίσας,
3654 4907 3755 4979 τὴν

2086 5004 2340 5074 ἀλήθειαν
2370 5003 2613 5074 στηρίξῃ.
2657 5001 2801 5055 Τίνα
2827 5018 2904 5068 με
2935 5000 3224 5068 λέγουσιν
3247 5000 3300 5051 οἱ
3328 4997 3655 5063 ἇ›·θρωποι;
3688 4995 3749 5048 Ol

2087 5090 2369 5146 ἀπόστολοι
2403 5090 2613 5161 πρῶτον
2641 5088 2738 5150 τάς
2765 5088 2874 5140 τῶν
2893 5086 3096 5140 πολλῶν
3125 5084 3379 5148 ὑπονοίας
3409 5081 3752 5137 ἀντιϐάλλου-

2090 5194 2191 5232 σιν·
2226 5182 2287 5231 Ol
2299 5178 2415 5247 μὲν
2446 5176 2575 5247 γάρ,
2609 5176 2791 5244 φασὶν,
2827 5176 3054 5236 Ἠλίαν,
3080 5177 3133 5227 οι
3155 5174 3222 5226 δὲ
3256 5172 3552 5242 Ἱερεμίαν,
3581 5171 3619 5238 ἢ
3645 5169 3753 5223 ἕνα

2090 5264 2204 5317 τῶν
2231 5262 2568 5332 προφητῶν.
2605 5262 2670 5314 Τί
2697 5257 2789 5314 οὖν
2817 5263 2845 5313 6
2867 5262 3089 5329 Σωτήρ;
3129 5260 3271 5330 Πρὸς
3294 5261 3391 5329 μὲν
3416 5258 3514 5321 τὰς
3540 5255 3753 5327 ψευδεῖς

2089 5350 2245 5418 δόξας
2272 5350 2526 5420 οὐδεμίαν
2561 5349 2849 5419 ἀπόκρισιν
2870 5352 3123 5410 ποιεῖται,
3164 5347 3387 5413 ἀναξίας
3410 5343 3754 5415 ἀποκρίσεως

2091 5440 2288 5511 κρίνων
2312 5438 2406 5500 τὰς
2439 5436 2650 5506 ψευδεῖς
2684 5435 2957 5498 ὑπονοίας.
2999 5435 3182 5505 Ὑμεῖς
3214 5434 3282 5487 δὲ
3308 5433 3439 5487 τίνα
3452 5449 3527 5501 με
3549 5430 3756 5511 λέγετε

2090 5525 2276 5588 εἷναι;
2299 5525 2359 5577 οὐ
2382 5523 2488 5576 τῶν
2507 5522 2714 5575 πολλῶν
2737 5539 2826 5592 μοι
2851 5522 3007 5591 λόγος
3027 5522 3133 5577 τῶν
3156 5520 3610 5591 πεπλανημένων,
3639 5506 3756 5572 ἀλλ’

2092 5612 2245 5684 ὐμῶν
2274 5610 2382 5664 τῶν
2404 5610 2798 5681 κηρυττόντων.
2848 5610 3067 5682 Ἐπειδὴ
3099 5611 3210 5679 γὰρ
3236 5609 3390 5679 ὑμεῖς
3411 5610 3533 5660 ὲστε
3553 5608 3602 5661 οί
3627 5605 3759 5676 μέλε»

2091 5702 2273 5763 λοντες
2314 5699 2648 5767 διαγγέλλειν
2684 5701 2774 5753 τὸν
2801 5698 3098 5771 λαμπτῆρα
3136 5699 3236 5769 τῆς
3264 5697 3540 5770 ἀληθείας,
3570 5697 3632 5751 τδ
3654 5696 3759 5770 κή-
