4092 6206
400 315 505 371 5N

403 433 693 488 humanam
721 447 844 490 esse
885 435 1214 504 opinionem,
1259 433 1389 489 illud
1432 432 1720 502 obsignans
1747 441 1803 487 et
1829 429 1982 503 sigii-

401 527 511 580 lum
536 526 776 581 veritatis
801 526 1026 592 addens,
1051 525 1215 581 dicit:
1244 524 1433 579 Beatus
1460 541 1531 590 es,
1555 523 1733 578 Simon
1755 522 1984 593 Barjona

398 614 513 684 (Ib.
540 631 591 671 υ.
621 616 733 687 17).
767 617 865 672 llic
891 618 941 671 in
972 619 1284 673 memoriam
1316 631 1530 681 revoca,
1559 616 1771 670 Patrem
1819 615 1979 668 etiam

396 709 449 763 ei
477 709 565 778 qui
589 723 649 763 se
674 719 918 773 noverat,
950 725 1071 764 eum
1094 726 1254 781 quem
1279 708 1555 780 ignorabat
1576 708 1831 762 revelare.
1850 705 1984 760 Beo-

398 808 476 852 tus
506 814 578 862 es,
606 798 788 853 Simon
813 798 1059 869 Barjona,
1088 803 1209 871 quia
1234 817 1353 854 caro
1381 810 1426 853 et
1455 799 1659 868 sanguis
1704 814 1805 851 non
1842 812 1982 848 reve-

400 890 523 943 lavit
542 891 653 954 tibi,
680 892 770 946 sed
794 890 951 946 Pater-
976 909 1138 957 meus,
1161 895 1248 962 qui
1277 894 1329 946 in
1348 892 1485 946 ctelis
1511 900 1603 946 est.
1641 889 1825 943 Viden’
1842 902 1979 957 qun-

396 981 562 1035 modo
589 984 685 1037 toti
712 983 850 1050 orbi,
884 985 974 1055 qui
1009 984 1220 1040 Patrem
1252 984 1550 1055 ignorabat,
1600 982 1766 1038 Filius
1812 982 1979 1050 ignott

396 1072 665 1141 interpres
692 1075 763 1128 sit
789 1091 803 1128 :
835 1089 1120 1147 synagoga:
1143 1085 1321 1131 autem
1353 1085 1407 1130 et
1445 1074 1665 1140 Iudaeis,
1697 1073 1785 1142 qui
1813 1074 1977 1126 Deum

393 1160 621 1231 quidem
642 1178 714 1218 se-
734 1179 894 1220 nosse
922 1167 1197 1234 putabant,
1217 1165 1311 1221 sed
1331 1165 1425 1220 Dei
1443 1165 1663 1220 verbum
1686 1164 1852 1217 Deum
1871 1176 1975 1215 non

392 1264 674 1319 noverant,
700 1256 812 1322 ipse
837 1257 996 1312 Pater
1025 1258 1286 1326 interpres
1314 1258 1477 1328 ignoti
1502 1255 1799 1311 efficiatur?

463 1347 519 1399 4.
558 1344 637 1400 Ne
658 1346 840 1417 itaque
859 1362 1122 1403 summam
1150 1349 1530 1419 benignitatem
1548 1346 1837 1417 impietatis
1860 1344 1977 1398 via-

393 1437 558 1491 ticum
589 1447 825 1504 statuas;
855 1456 923 1497 ne
953 1444 1162 1497 minuas
1198 1441 1509 1513 dignitatem
1552 1451 1770 1511 propter
1795 1440 1976 1495 incar-

391 1531 699 1595 nationem;
729 1547 798 1588 ne
822 1534 1087 1589 curiosius
1109 1535 1346 1605 inquiras
1374 1537 1687 1588 immensam
1712 1531 1857 1585 illam
1883 1546 1977 1585 na-

394 1630 602 1688 turam;
634 1639 702 1679 ne
727 1626 987 1680 scruteris
1029 1626 1319 1680 essentiam
1352 1622 1969 1693 incomprehensibilem.

391 1715 513 1771 Tibi
547 1714 709 1772 Isaias
749 1716 992 1784 suadeat,
1025 1732 1132 1772 non
1179 1732 1300 1773 esse
1341 1717 1430 1772 illa
1471 1715 1839 1785 disquirenda,
1873 1730 1974 1771 nec

395 1808 599 1876 scripto
645 1809 926 1878 agitanda:
955 1824 1077 1863 nam
1128 1809 1222 1870 ait,
1278 1807 1661 1863 Generalionem
1705 1808 1817 1877 ejus
1862 1808 1974 1876 quis

395 1903 652 1957 enarrabit
697 1900 872 1972 (Isai.
902 1903 992 1957 55.
1037 1901 1146 1973 8)?
1182 1900 1310 1966 Sed,
1345 1916 1379 1955 o
1409 1899 1770 1970 impudentem
1810 1898 1975 1953 auda~

390 1992 529 2045 ciam
559 2007 746 2047 eorum
771 1994 860 2062 qui
883 1993 1059 2046 omnia
1092 2003 1295 2047 temere
1324 1993 1561 2047 sentiunt
1596 2000 1651 2046 et
1692 1989 1969 2046 effutiunt!

388 2083 573 2153 Neque
592 2085 742 2139 timet
770 2086 1065 2139 Anomoeus
1089 2084 1180 2138 Dei
1207 2093 1447 2138 naturam
1476 2082 1729 2147 scrutari,
1757 2091 1813 2137 et
1833 2080 1971 2136 inef-

390 2174 568 2229 fabilia
599 2185 801 2231 temere
830 2175 998 2245 loqui,
1031 2186 1193 2244 atque
1222 2185 1402 2231 sancta
1428 2175 1735 2240 traducere;
1763 2189 1827 2229 ac
1847 2174 1972 2243 jure

389 2265 627 2334 quidem.
658 2266 790 2332 Quia
831 2268 973 2322 enim
1017 2268 1295 2322 veritatem
1340 2268 1568 2335 ignorat,
1609 2281 1730 2335 quas
1761 2265 1973 2336 ignorat

387 2358 561 2424 eli'ert,
605 2369 660 2412 ut
681 2375 800 2427 quae
829 2359 1191 2428 praedicantur.
1211 2359 1461 2414 occultet.
1481 2357 1597 2413 Non
1619 2358 1823 2413 audivit
1842 2373 1969 2413 san-

386 2461 527 2502 etam
556 2448 886 2517 Scriptorum
915 2459 1243 2517 monentem,
1275 2452 1402 2518 Quis
1429 2450 1518 2504 tibi
1546 2450 1788 2504 mandata
1827 2460 1967 2515 sunt,

387 2538 493 2591 liceo
519 2540 683 2608 cogita
716 2540 899 2610 (Eccli.
934 2542 986 2596 5.
1036 2541 1167 2613 2‘2):
1197 2557 1368 2610 neque
1411 2544 1553 2597 enim
1608 2542 1821 2596 arcanis
1873 2541 1967 2596 tibi

385 2644 519 2696 opus
547 2641 651 2683 est.
680 2629 874 2685 Beatus
911 2632 1065 2696 Deus,
1096 2633 1183 2701 qui
1202 2633 1348 2688 solus
1362 2634 1622 2688 mirabilia
1649 2643 1858 2704 patrare
1876 2650 1971 2704 po-

386 2729 512 2785 test,
542 2737 663 2775 cum
694 2722 852 2777 vellet
878 2723 1069 2778 Jobum
1102 2725 1248 2779 illum
1277 2727 1529 2795 patientia
1570 2743 1663 2780 sua
1695 2727 1952 2782 illustrem

385 2810 607 2866 historia
626 2815 911 2868 crcatiouis
932 2814 1355 2882 obstupefacere,
1379 2818 1451 2871 ait
1470 2818 1541 2872 illi
1564 2835 1576 2871 :
1601 2817 1697 2873 Ubi
1725 2836 1837 2873 eras
1856 2835 1968 2872 cum

385 2912 572 2958 terram
605 2905 875 2972 fundarem
925 2906 1044 2975 (Job
1090 2908 1178 2964 58.
1220 2910 1279 2980 4)
1316 2908 1340 2961 ?
1369 2925 1488 2965 cum
1521 2926 1670 2966 mare
1700 2911 1886 2967 fieret?
1910 2922 1969 2965 ut

386 2998 568 3067 paucis
593 2997 889 3064 absolvam,
909 2997 1040 3054 Cum
1070 3012 1281 3057 montes
1303 3003 1677 3058 firmarentur?
1693 3004 1771 3059 Tu
1794 3016 1967 3075 partus

386 3089 798 3159 tragelapltorum
840 3091 1112 3146 observasti
1164 3092 1284 3163 (Job
1315 3094 1403 3149 59.
1438 3096 1533 3164 1)?
1579 3097 1779 3150 Euarra
1836 3096 1964 3150 mihi

384 3179 567 3234 mundi
620 3180 1014 3247 formationem,
1062 3182 1294 3239 ferarum
1350 3193 1555 3254 partus,
1603 3187 1964 3255 jumentornm

387 3286 587 3338 escam,
619 3275 1051 3330 constitutionem
1074 3288 1127 3329 et
1154 3278 1466 3332 varietatem
1489 3281 1727 3334 omnium
1755 3298 1873 3350 que
1907 3283 1960 3336 in

385 3365 585 3418 mundo
606 3374 750 3418 sunt.
780 3365 905 3421 llaec
927 3368 1022 3436 ipsi
1041 3368 1270 3435 dicebat,
1296 3378 1352 3422 ut
1368 3370 1515 3424 illum
1543 3371 1784 3435 doceret,
1804 3373 1963 3428 etiam

385 3469 447 3509 ea
475 3454 526 3508 in
555 3456 776 3523 mundo,
804 3473 924 3527 quae
953 3460 1053 3513 sub
1082 3469 1353 3529 aspectum
1401 3462 1621 3529 cadunt,
1654 3478 1758 3517 non
1798 3480 1964 3535 posse

386 3546 455 3601 ab
481 3547 783 3604 hominibus
805 3551 1206 3620 comprehendi.
1238 3552 1438 3608 Deinde
1466 3554 1653 3609 beatus
1675 3556 1762 3610 ille
1780 3557 1968 3611 obstu-

387 3640 629 3708 pefactus
653 3639 816 3696 dicit:
850 3639 1087 3708 Domine,
1132 3645 1283 3699 semel
1308 3644 1546 3714 loquutus
1571 3662 1705 3711 sum,
1747 3651 1966 3702 secundo

387 3747 489 3784 non
516 3732 756 3801 adjiciam
783 3733 907 3801 (Job
944 3733 1033 3790 59.
1063 3735 1173 3805 55).
1206 3736 1399 3801 Quaeso
1421 3745 1495 3802 te,
1522 3752 1700 3791 rerum
1727 3753 1846 3806 quae
1867 3738 1967 3793 sub

385 3832 660 3891 aspectum
692 3824 889 3879 cadunt
928 3826 1243 3895 perquisitio
1286 3827 1479 3883 Jobuxn
1532 3831 1878 3898 compressit;
1911 3841 1969 3886 et

386 3914 669 3969 audaciam
694 3925 835 3971 tuam
870 3933 936 3972 ne
962 3918 1243 3973 ineti‘ahilis
1272 3919 1485 3989 quidem
1513 3919 1781 3990 Unigeniti
1810 3938 1966 3993 gene-

387 4008 526 4063 ratio
550 4008 837 4076 reprimet?
866 4009 1062 4065 Verum
1080 4011 1201 4081 quia
1220 4013 1306 4067 illa
1330 4029 1448 4083 qua:
1471 4014 1681 4085 ignoras
1704 4018 1961 4086 explicas,

386 4112 450 4152 ea
494 4113 615 4168 quae
656 4113 843 4154 onmes
885 4101 1129 4156 novimus
1168 4102 1265 4158 abs
1297 4113 1348 4157 te
1380 4106 1669 4174 qumrenda
1699 4118 1845 4173 sunt,
1877 4108 1967 4164 dic

385 4189 521 4243 mihi
549 4192 819 4260 quomodo
850 4201 989 4247 terra
1017 4208 1180 4263 super
1204 4210 1369 4267 aquas
1386 4197 1599 4253 fundata
1626 4201 1716 4267 sit,
1741 4215 1967 4271 quomo-

383 4279 457 4334 do
491 4282 658 4335 Adam
681 4298 744 4337 ex
779 4294 917 4338 terra
951 4287 1208 4343 formatus
1225 4289 1313 4355 sit,
1333 4291 1601 4360 quomodo
1629 4308 1822 4348 manna
1840 4310 1968 4365 sup-

388 4372 702 4440 peditatum,
733 4377 1000 4443 quomodo
1030 4394 1179 4435 mare
1228 4381 1490 4448 divisum;
1544 4396 1599 4439 et
1646 4402 1713 4442 ne
1759 4388 1967 4461 longior

1672 312 1762 368 ns
1800 311 2082 395 SlGli.l.lS
2118 312 2364 370 SERMO.

3570 340 3679 394 διε

2090 432 2277 488 volens
2303 433 2500 503 effecit,
2534 436 2815 507 videntur;
2866 442 2912 498 is
2958 460 3106 513 vero,
3148 464 3307 519 quem
3335 469 3402 509 ex
3456 466 3675 534 propria

2087 523 2384 579 substantia
2413 528 2600 596 genuit
2624 529 2776 587 invisi
2787 533 2943 591 bilem
2968 536 3157 610 (opera
3177 545 3321 601 enim
3339 523 3470 618 qusi
3486 523 3684 611 viden—.

2089 622 2194 677 tur.
2217 625 2344 672 sunt
2371 618 2546 690 imago
2572 621 2669 676 Dei
2699 625 3019 703 invisibilis),
3044 649 3187 691 nunc
3211 650 3392 695 autem
3416 644 3468 698 in
3500 650 3684 702 ratio--

2086 706 2231 762 cinio
2256 719 2502 765 versatur
2530 712 2813 771 invisibilis
2846 727 3143 794 generatio,
3184 733 3478 794 ratiociniis
3503 740 3673 809 subji-

2082 802 2258 855 citur?
2282 819 2401 873 quae
2428 807 2614 863 volens
2645 810 2770 865 fecit
2789 830 2891 868 non
2911 822 3303 895 examinantur,
3333 834 3546 903 etquod
3572 802 3674 905 per

2084 890 2318 947 divinam
2369 906 2424 950 et
2470 897 2842 958 intemeratum
2891 918 3134 967 naturam
3188 890 3667 986 protulit-curiose

2085 986 2377 1039 scrutaris?
2401 987 2459 1042 Ο·
2485 1007 2673 1045 novam
2718 996 3026 1056 audaciam!
3064 1018 3097 1057 ο
3137 1014 3476 1071 temerarium
3508 1035 3666 1075 cono-

2083 1077 2230 1131 tuml
2279 1092 2312 1129 ο
2342 1081 2623 1136 consilium
2674 1089 2855 1157 turpe!
2899 1106 2932 1144 ο
2966 1103 3206 1152 naturam
3253 1101 3687 1170 inhonorataml'

2081 1165 2668 1277 Jure.dice'bat'bcatus
2695 1181 2896 1238 David:
2927 1185 3059 1243 Filii
3101 1192 3365 1253 hominum
3405 1165 3662 1277 usqusquo

2080 1259 2222 1326 gravi
2242 1262 2429 1317 corde?
2454 1263 2521 1319 Ut
2545 1269 2667 1334 quid
2691 1270 2902 1343 diligitis
2926 1281 3193 1337 vanitatem
3221 1297 3268 1339 et
3288 1259 3510 1359 queritis

2081 1347 2283 1448 defiunt
2309 1353 2482 1448 I’sal.
2507 1364 2558 1412 4.
2589 1361 2684 1431 5)?
2709 1363 3093 1442 Quodcumque
3120 1380 3262 1434 enim
3292 1347 3663 1448 alienumwes't

2079 1452 2108 1491 a
2132 1440 2331 1498 Christi
2355 1445 2621 1517 doctrina,
2642 1469 2838 1511 vanum
2870 1440 3027 1517 estet
3063 1469 3419 1529 mendacium.
3454 1478 3584 1536 Nam
3615 1486 3661 1540 si

2083 1546 2210 1588 vere
2232 1535 2382 1645 dicit,
2409 1537 2519 1645 ligo
2544 1560 2658 1598 sum
2687 1551 2872 1605 ueritas
2897 1552 3079 1625 (loan.
3110 1562 3194 1615 M.
3216 1565 3295 1636 li),
3313 1535 3662 1645 quat-cumque

2077 1634 2227 1680 extra
2250 1625 2445 1686 Christi
2471 1633 2779 1694 doctrinam
2801 1654 2946 1711 sunt,
2979 1649 3045 1702 ad
3075 1625 3410 1715 mendacium
3436 1625 3657 1723 diremit:

2076 1717 2263 1775 Reduc
2290 1724 2532 1781 animum
2563 1738 2710 1785 tuum
2744 1735 2813 1788 ab
2837 1738 3032 1796 inlimis
3061 1744 3165 1800 illis
3197 1717 3662 1819 quiestionibusnet

2076 1823 2107 1912 a
2139 1813 2303 1868 variis
2330 1817 2626 1876 ratiociniis
2647 1824 2712 1878 ad
2741 1828 3025 1888 sublimem
3056 1813 3404 1913 theologiam,
3428 1857 3483 1903 et
3506 1813 3658 1909 mitte

2077 1900 2291 1971 inopem
2325 1906 2467 1962 illam
2507 1912 2912 1976 ratiociniornm
2948 1900 3383 1997 perquisitidnem
3415 1955 3430 1993 :
3474 1943 3658 2014 accipe

2076 1993 2319 2051 veritatis
2342 1998 2684 2061 thesaurum:
2718 2009 2900 2068 Simile
2923 2027 2995 2071 est
3032 1993 3240 2092 regnum
3267 2030 3506 2087 caelorum
3544 1993 3656 2091 ua;-

2074 2099 2227 2139 sauro
2248 2087 2549 2147 abscondito
2576 2096 2789 2168 (Matth.
2837 2105 2923 2159 15.
2956 2087 3493 2180 44).⁷(1υτ·5ω·ντιιοιι
3537 2087 3668 2184 the--

2074 2282 2180 2367 non
2214 2278 2342 2327 tunc
2366 2277 2725 2349 constituitur,
2758 2300 2880 2342 cum
2924 2296 3208 2363 reperitur,
3259 2303 3355 2357 sed
3394 2316 3547 2364 vetus
3575 2320 3658 2367 est

2072 2357 2426 2433 depositione,
2477 2384 2648 2428 novus
2700 2375 2920 2435 inventu
2961 2400 2974 2437 :
3018 2386 3097 2441 sic
3148 2391 3383 2451 salutare
3429 2402 3653 2459 verbum

2072 2464 2224 2510 vetus
2252 2467 2336 2513 est
2359 2460 2636 2531 dignitate,
2670 2478 2724 2523 et
2752 2473 3070 2545 principium
3123 2485 3393 2555 omnium;
3435 2506 3556 2548 nam
3586 2495 3655 2551 In

2073 2547 2325 2656 principio
2349 2564 2457 2607 erat
2486 2557 2686 2612 uerbum
2712 2560 2890 2631 (Joan.
2923 2567 2975 2621 1.
3005 2569 3093 2639 1);
3128 2588 3266 2631 nova
3291 2547 3471 2638 autem
3511 2547 3652 2656 prie:

2071 2637 2266 2696 dicatio
2294 2657 2510 2714 prepter
2534 2651 2711 2707 carnis
2731 2660 3106 2719 oeconomiam.
3127 2666 3195 2722 Et
3215 2683 3363 2739 sane,
3392 2637 3577 2747 fraterr,
3597 2694 3655 2739 ut

2069 2731 2248 2838 discas
2264 2736 2435 2805 ipsum
2457 2741 2691 2800 thesauri
2715 2747 2884 2805 instar
2897 2753 3197 2815 desiderant
3210 2762 3328 2821 ibus
3343 2731 3669 2842 splendere;

2070 2833 2125 2933 et
2150 2827 2238 2933 qui
2272 2828 2398 2884 illud
2421 2836 2695 2902 reperiunt
2724 2844 2877 2909 quasi
2908 2845 2974 2900 ad
3008 2848 3316 2911 thesaurum
3342 2827 3648 2933 accurrere:

2068 2916 2323 3026 andreas.
2347 2920 2505 3026 Petro
2543 2941 2810 2996 repertum
2853 2933 3095 2996 indicans
3122 2944 3229 3002 ait:
3265 2916 3673 3026 Quemscri‘ps'i't-

2074 3003 2356 3109 dloguses
2379 3011 2487 3082 lege
2509 3024 2559 3068 et
2586 3020 2863 3109 prop/reue,
2882 3026 3165 3087 invenimus
3189 3003 3648 3109 annuntio;

2072 3098 2120 3202 1.
2146 3099 2257 3205 15).
2283 3099 2492 3205 Moyses
2513 3107 2657 3162 enim
2688 3120 2741 3164 et
2767 3116 3039 3183 propheta:
3058 3121 3109 3175 in
3128 3127 3295 3181 sacris
3313 3098 3483 3198 libris:
3500 3098 3651 3205 quasi

2067 3190 2121 3245 in
2143 3190 2407 3248 thesauris
2437 3199 2864 3264 prmdicationem
2887 3208 3265 3280 deposuerant.
3291 3190 3485 3280 Verum
3512 3190 3651 3285 sicut

2067 3280 2167 3388 illi,
2199 3283 2288 3385 qui
2315 3288 2580 3344 occultum
2610 3292 2917 3353 thesaurum
2948 3302 3240 3377 deponunt,
3291 3312 3389 3382 ipsi
3433 3280 3647 3388 quidem

2067 3370 2366 3441 depositum
2409 3390 2626 3450 norunt,
2654 3386 2826 3444 oculis
2859 3406 2988 3447 vero
3032 3395 3278 3466 lustrant,
3312 3370 3398 3460 'ne
3426 3370 3495 3463 ἐι)
3531 3410 3651 3467 aliis

2067 3461 2220 3572 facile
2243 3465 2415 3572 abripi
2440 3473 2609 3539 possit
2635 3493 2648 3527 :
2676 3477 2754 3533 sic
2783 3483 3058 3552 propheta:
3083 3488 3207 3547 dum
3228 3461 3498 3556 Christum

2068 3553 2330 3623 diearent,
2364 3562 2691 3624 obscuritate
2720 3574 3002 3632 verborum
3054 3581 3361 3643 thesaurum
3406 3553 3648 3652 occdlta-

2069 3658 2213 3749 runt.
2247 3650 2459 3756 Quare?
2484 3656 2539 3712 Si
2569 3659 2711 3716 clare
2735 3662 3016 3734 dixissent,
3060 3687 3167 3728 non
3197 3675 3386 3736 fuisset
3416 3650 3650 3756 [implie-

2070 3738 2171 3841 tia,
2197 3742 2291 3844 sed
2328 3747 2657 3817 praedicatio,
2687 3763 2742 3808 et
2784 3757 3152 3829 intempestiva
3201 3738 3651 3846 loquutidprhidl-

2068 3829 2305 3941 cationisn
2337 3843 2789 3941 ppportunitatem
2838 3829 3287 3925 praeoccupasset;
3337 3829 3652 3941 Quidiicvrg-o

2070 3919 2305 3978 faciunt?
2336 3925 2761 3999 Interpretantnr
2803 3949 2868 3993 et
2887 3919 3172 4002 occultant.
3197 3950 3325 4019 Quis
3346 3919 3650 4015 incedicivt;

2068 4012 2230 4069 lsaias
2255 4035 2268 4071 :
2301 4019 2366 4071 Et
2389 4021 2482 4074 erit
2513 4023 2595 4077 hic
2634 4026 2760 4081 liber
2792 4035 2940 4100 quasi
2964 4036 3089 4090 liber
3120 4012 3408 4114 obsignatas
3430 4066 3449 4103 :

2068 4108 2215 4164 detur
2242 4113 2350 4167 viro
2379 4115 2559 4170 scienti
2588 4117 2782 4189 literas,
2833 4126 2985 4191 dicet,
3035 4129 3161 4187 Non
3208 4108 3413 4205 possum
3452 4108 3649 4215 legere;

2070 4201 2361 4273 cbsignatus
2390 4208 2521 4262 enim
2548 4222 2641 4265 est.
2672 4211 2738 4266 Et
2763 4216 2808 4269 si
2830 4218 2977 4273 detur
3003 4201 3245 4280 nescienti
3268 4229 3460 4299 literas,
3489 4201 3649 4300 dicet;

2070 4291 2423 4390 lVonpossum
2452 4300 2638 4372 legere,
2668 4308 2789 4377 quia
2816 4325 2917 4363 non
2953 4311 3111 4368 didici
3158 4316 3328 4374 literas
3372 4291 3526 4390 (lini.
3554 4291 3653 4384 29.

2071 4386 2158 4483 tt.
2193 4388 2305 4459 η).
2337 4390 2476 4457 Quid
2516 4395 2617 4449 sibi
2667 4399 2781 4453 Villi.
2811 4401 2914 4458 hoe
2941 4406 3207 4475 mnigma?
3245 4386 3534 4483 Prophetia
3579 4418 3647 4474 de

384 4466 510 4528 sint,
540 4466 742 4535 reliqua
767 4468 1043 4524 miracula.
1070 4472 1163 4527 Dic
1189 4474 1318 4528 mihi
1346 4478 1618 4545 quomodo
1655 4483 1832 4551 angeli
1863 4500 1962 4555 ap-
2069 4478 2303 4548 Christo,
2337 4483 2530 4554 inquit,
2557 4496 2612 4542 et
2639 4489 2900 4547 a-Iudieis
2923 4504 2977 4550 et
3002 4466 3339 4568 agentilibus
3356 4466 3648 4575 ignoraba.

386 4557 617 4624 positum
648 4557 748 4612 sibi
773 4559 841 4613 ab
867 4561 1175 4617 Abraliamo
1202 4566 1423 4620 vitulum
1453 4571 1820 4628 comederint:
1844 4577 1968 4630 nul-
2069 4579 2185 4624 tur:
2218 4586 2248 4626 a
2273 4573 2494 4642 Judmis,
2537 4578 2625 4644 qui
2659 4579 2842 4637 literas
2883 4557 3124 4644 sciebant
3162 4600 3216 4646 et
3245 4557 3414 4664 leget;
3441 4608 3494 4652 et
3524 4614 3646 4668 pro-

386 4646 762 4668 ,___,,,______
1069 4654 1101 4668 ..
1592 4661 1604 4668 .
1731 4664 1741 4668 -
2108 4667 2115 4668 κ

386 4646 556 4702 lusibi
575 4661 783 4714 venter,
808 4651 1012 4705 nullum
1035 4654 1277 4711 ciborum
1299 4661 1698 4728 receptaculum
1729 4664 1780 4718 in
1803 4681 1965 4737 ange-
1990 4704 2016 4749 ν
2067 4667 2275 4734 phetas,
2308 4669 2435 4737 quia
2461 4670 2736 4742 obsignata
2782 4687 2933 4732 erat:
2963 4679 3133 4737 Judtci
3185 4646 3368 4741 literas
3405 4646 3663 4749 sciebant,

386 4738 452 4791 lis
475 4757 487 4769 -
523 4740 626 4805 Qui
668 4740 794 4810 facit
821 4744 1027 4813 angelos
1052 4762 1172 4799 suos
1205 4748 1437 4817 spiritus,
1474 4764 1522 4806 et
1551 4754 1807 4812 ministros
1844 4776 1966 4816 suos
1990 4738 2002 4749 ’
2066 4762 2123 4809 et
2149 4756 2376 4813 instituti
2403 4771 2551 4816 erant
2571 4738 2604 4828 ς.
2620 4764 2848 4837 ideoque
2877 4768 3004 4825 dicit
3027 4771 3131 4828 illis
3165 4774 3337 4831 Deus:
3365 4777 3466 4844 Qui
3489 4793 3652 4853 gesta-.

383 4829 550 4897 ignem
598 4843 823 4885 urentem
873 4834 1042 4906 (Psal.
1075 4837 1196 4892 105.
1226 4838 1307 4911 4).
1337 4840 1618 4908 Quomodo
1650 4846 1964 4918 absumptus

381 4920 535 4974 cibus
579 4922 699 4976 est?
745 4922 936 4979 Statim
967 4927 1247 4984 haereticus
1279 4949 1292 4985 :
1324 4931 1462 4998 Quid
1504 4934 1590 4989 hic
1635 4937 1963 5008 impossibile

379 5016 619 5082 quieris?
645 5018 958 5087 angelorum
990 5021 1184 5080 virtute
1205 5027 1453 5081 evanuit.
1487 5028 1813 5100 Angelorum
1855 5036 1966 5089 vir-

382 5114 549 5158 tutem
573 5106 773 5173 credis,
799 5125 897 5165 nec
919 5114 1217 5181 examinas,
1245 5125 1297 5171 et
1330 5117 1423 5174 Dei
1441 5123 1844 5188 generationem
1868 5141 1965 5181 cu-

379 5196 522 5253 riose
538 5202 828 5256 scrutaris?
840 5203 1121 5269 Quomodo
1146 5208 1268 5262 fecit
1290 5209 1428 5265 Deus
1443 5212 1628 5267 crelum
1652 5223 1707 5268 et
1727 5219 1961 5273 terram?

376 5287 709 5360 Respondet,
740 5293 813 5350 Ut
863 5297 1027 5361 novit,
1079 5305 1138 5352 ut
1185 5300 1374 5355 voluit.
1423 5302 1568 5359 Itane
1599 5306 1691 5360 Dei
1726 5316 1959 5377 potestas

374 5384 675 5439 ratiociniis
708 5402 814 5441 non
844 5387 1146 5458 subjicitur,
1198 5390 1294 5446 sed
1343 5392 1497 5461 lldei;
1546 5396 1726 5452 divina
1773 5410 1952 5457 autem

372 5476 650 5542 generatio
680 5476 973 5533 ratiociniis
992 5478 1306 5536 addicitur?
1330 5481 1446 5537 Non
1468 5484 1660 5540 audisti
1695 5489 1951 5548 Davidem

370 5563 665 5633 dicentem,
717 5568 904 5625 Omnia
953 5587 1277 5643 quiscumque
1328 5575 1493 5630 voluit
1535 5577 1782 5635 Dominus
1833 5584 1953 5653 fecit

369 5655 548 5724 (Psal.
594 5659 716 5716 154.
751 5660 847 5733 6)?
876 5662 1213 5720 Voluntatem
1246 5682 1351 5722 non
1391 5670 1675 5738 perquiris,
1709 5680 1763 5726 et
1787 5682 1951 5730 natu-

371 5765 484 5807 ram
511 5756 726 5815 curiose
767 5762 1067 5817 scrutaris?
1099 5761 1300 5833 Ecquid
1323 5806 1338 5831 ,
1387 5763 1618 5822 fratres?
1642 5767 1773 5835 Qua:
1802 5770 1944 5828 Deus

2067 4847 2193 4901 mini
2216 4864 2281 4903 ea:
2304 4860 2467 4918 utero,
2500 4864 2548 4907 et
2574 4856 2895 4913 instituimini
2937 4877 3095 4930 usque
3134 4865 3207 4921 ad,
3246 4869 3439 4923 senium
3488 4847 3643 4943 (Issi.

2067 4938 2157 4994 46.
2186 4939 2242 5013 5)
2269 4958 2281 4995 :
2311 4941 2539 4999 instituti
2569 4956 2740 5010 erant,
2771 4950 2888 5004 sed‘
2914 4954 3243 5022 nesciebant,
3287 4960 3410 5027 quia
3438 4938 3525 5018 res
3550 4964 3647 5020 οὴη

2067 5034 2323 5089 scuritate
2351 5036 2651 5106 tegebatur.
2690 5040 2736 5093 A
2778 5043 3077 5110 gentilibus
3104 5061 3233 5100 vero
3277 5048 3643 5121 ignorabatur,

2067 5139 2173 5179 non
2206 5136 2426 5195 propter
2449 5127 2854 5209 obscuritatem,
2888 5134 2989 5189 sed
3024 5137 3167 5205 quod
3211 5154 3435 5209 prorsus
3461 5143 3646 5202 literas

2066 5216 2396 5287 ignorarent.
2428 5219 2554 5275 ldeo
2583 5208 2779 5277 Paulus
2804 5224 3106 5296 Timotheo,
3138 5208 3230 5303 qui
3260 5234 3312 5288 in
3356 5235 3474 5306 lege
3507 5237 3642 5294 edu-

2065 5316 2215 5362 catus
2236 5307 2429 5375 fuerat,
2447 5310 2608 5367 dicit:
2641 5313 2771 5379 Quia
2788 5315 2851 5368 ab
2866 5316 3082 5388 infantia
3096 5337 3270 5377 sacras
3291 5325 3462 5381 literas
3487 5330 3643 5399 nosti,

2065 5415 2181 5469 qua:
2208 5411 2256 5455 te
2280 5414 2490 5471 possunt
2539 5404 2785 5460 instruere
2827 5408 2896 5461 ad
2922 5410 3135 5466 salutem
3165 5414 3240 5483 (2.
3276 5415 3409 5470 Tim.
3442 5420 3496 5475 5.
3529 5420 3638 5493 15).

2065 5488 2194 5544 Erat
2217 5505 2346 5561 ergo
2376 5491 2655 5561 prophetia
2685 5504 2745 5549 ut
2772 5495 3057 5554 thesaurus
3079 5500 3132 5556 in
3169 5505 3338 5560 sacris
3366 5506 3524 5564 libris
3552 5488 3640 5567 oc-

2060 5582 2243 5637 culta:
2276 5588 2380 5637 non
2409 5585 2767 5642 recedendum
2796 5591 2943 5646 enim
2971 5602 3053 5648 est
3093 5609 3124 5650 a
3167 5598 3378 5654 ratione
3423 5601 3641 5658 occulti.

2058 5677 2244 5748 Neque
2263 5676 2429 5734 lsaias
2455 5681 2601 5737 solus
2628 5682 2938 5754 prophetias
2959 5687 3179 5745 exhibet
3198 5690 3527 5764 obsignatas,
3549 5696 3645 5750 sed

2058 5780 2220 5828 etiam
2253 5772 2470 5830 Daniel:
2500 5790 2624 5833 nam
2652 5775 2783 5835 dicit
2819 5778 2896 5837 illi
2926 5781 3169 5854 angelus,
3212 5794 3496 5858 postquam
3542 5786 3644 5857 ipsi
