4092 6206
440 303 543 359 539

438 422 735 474 luturorum
760 413 1140 469 revelationem
1163 416 1399 462 monstra
1409 415 1554 459 verat
1578 424 1592 459 :
1619 404 1683 459 Et
1702 415 1774 467 tu,
1802 403 2006 467 Daniel,

441 510 649 580 obsigna
692 505 874 560 librant
918 503 1052 556 hunc
1095 499 1322 561 visionis,
1365 497 1483 566 quia
1523 496 1869 565 interpretatio
1904 496 2013 563 ejus

443 602 620 674 procul
649 599 810 673 (Dan.
846 597 931 651 12.
957 596 1036 663 9).
1070 593 1196 646 Ideo
1225 591 1411 645 beatus
1444 588 1631 654 David,
1674 603 1795 641 cum
1843 587 2011 655 legem

439 706 493 748 et
516 691 805 765 prophetas
829 705 894 743 ex
929 700 1155 755 persona
1189 683 1366 752 p0puli
1395 681 1625 749 legeret;
1661 694 1835 749 neque
1869 678 2013 733 enim

442 788 554 854 ipse
583 784 672 852 qui
699 778 1016 853 prepltetice
1041 776 1381 846 loquebatur,
1408 772 1715 842 ignorabat;
1745 779 1802 824 ut
1830 778 2012 824 osten-

440 877 593 930 deret
623 890 682 929 se
707 871 993 943 quamdam
1021 867 1219 923 Christi
1243 865 1559 920 oeconomia:
1586 863 1827 917 notitiam
1853 877 2015 930 cape-

441 984 521 1032 rc,
551 967 644 1022 sed
673 981 779 1022 non
810 977 969 1034 posse
994 960 1293 1030 intelligere
1324 959 1394 1013 ob
1419 957 1682 1011 dictorum
1712 954 2015 1008 obscurita—

441 1076 572 1128 tem,
591 1057 788 1127 aliquid
819 1054 994 1108 simile
1022 1065 1211 1122 passus
1234 1058 1318 1104 est
1347 1049 1411 1103 iis
1427 1046 1516 1117 qui
1537 1059 1848 1100 crumenam
1875 1043 2020 1097 obsi~

440 1164 652 1225 gnatam
683 1149 884 1203 vident.
907 1144 1042 1212 Quid
1074 1157 1202 1211 ergo
1235 1140 1360 1194 facit
1379 1154 1500 1193 cmn
1524 1137 1707 1191 literas
1736 1133 1898 1197 videt,
1918 1148 2017 1187 nec

443 1254 619 1315 potest
646 1254 865 1297 sensum
893 1235 1121 1302 capere?
1149 1233 1313 1285 dicit:
1344 1230 1531 1283 Revela
1561 1228 1735 1281 oculos
1778 1241 1935 1289 meos,
1969 1234 2016 1278 et

441 1333 767 1392 considerabo
812 1326 1066 1383 mirabilia
1110 1325 1172 1376 de
1201 1324 1308 1392 lege
1333 1331 1420 1374 tua
1448 1318 1620 1389 (Psal.
1650 1317 1775 1372 118.
1808 1318 1935 1386 18);
1964 1324 2019 1369 et

441 1440 675 1487 rursum,
698 1419 999 1476 Benedictus
1017 1431 1090 1478 es,
1119 1413 1355 1474 Domine,
1385 1411 1510 1463 doce
1534 1426 1612 1462 me
1626 1408 2018 1480 justi/icationes

442 1530 556 1573 tuas
605 1513 707 1586 (Ib.
760 1528 809 1564 υ.
857 1508 969 1578 12).
1018 1508 1210 1560 Annon
1258 1503 1427 1573 legisti
1475 1502 1525 1554 in
1572 1500 1723 1570 lege?
1766 1507 2019 1552 annonte

441 1608 651 1680 Moyses
679 1603 991 1672 decalogum
1017 1596 1236 1653 docuit?
1256 1594 1359 1650 Sed
1391 1602 1478 1647 tua
1510 1592 1630 1646 volo
1661 1590 1892 1654 discere,
1922 1588 2019 1642 abs

444 1716 494 1759 te
525 1701 825 1772 legislatore
843 1738 857 1759 ,
885 1711 916 1749 a
944 1694 1088 1747 fonte
1116 1690 1249 1761 legis
1279 1687 1403 1741 volo
1422 1686 1631 1741 discere
1662 1683 1794 1751 legis
1819 1682 2017 1736 verita-

445 1807 574 1852 tem.
609 1794 802 1848 Verum
832 1788 1042 1844 discere
1064 1783 1359 1856 quaerebat,
1385 1778 1477 1835 sed
1499 1778 1668 1849 gratia
1697 1774 2021 1831 recondebat

446 1889 510 1941 iis
540 1886 632 1957 qui
663 1880 984 1938 beneﬁcium
1014 1873 1286 1944 accepturi
1311 1879 1487 1927 erant.
1519 1869 1641 1923 Ideo
1666 1867 1882 1922 dicebat
1902 1865 2021 1920 Ser-

445 1991 597 2033 vator
619 1972 933 2043 discipulis:
976 1968 1126 2023 Multi
1156 1982 1295 2036 reges
1339 1974 1386 2017 et
1406 1964 1536 2034 justi
1565 1961 1915 2015 desiderarunt
1939 1958 2018 2012 ui-

443 2071 561 2123 dere
585 2082 705 2137 qua
727 2080 812 2119 uos
837 2060 1031 2124 uidetis,
1058 2067 1106 2112 et
1128 2073 1226 2111 non
1254 2056 1482 2108 viderunt
1496 2067 1515 2115 ,'
1540 2061 1589 2106 et
1612 2050 1790 2103 audire
1805 2064 1916 2116 qua:
1934 2063 2021 2102 vos

445 2163 654 2224 auditis,
685 2170 732 2213 et
761 2174 863 2212 non
901 2155 1209 2208 audierunt:
1237 2160 1455 2202 vestrum
1483 2156 1650 2200 autem
1692 2144 1825 2198 beati
1860 2143 2018 2208 oculi,

443 2259 559 2325 quia
590 2253 764 2307 ridetis
793 2250 942 2321 (Luc.
964 2246 1051 2302 10.
1074 2245 1161 2299 24.
1194 2243 1308 2312 ‘23).

515 2347 568 2401 5.
596 2344 700 2400 Sed
727 2341 1014 2412 quaerimus
1040 2334 1375 2406 quandonam
1402 2330 1632 2400 sigillum
1659 2327 1883 2382 fractum
1911 2326 2025 2381 lue—

446 2440 550 2499 rit,
584 2435 795 2506 quando
838 2431 1104 2486 vinculum
1152 2424 1465 2496 ignorantiae
1509 2422 1776 2484 solutum,
1816 2427 1869 2472 et
1906 2433 2024 2487 qua:

444 2532 624 2584 clausa
651 2535 825 2587 erant,
857 2531 1038 2591 aperta
1069 2519 1235 2571 fuere.
1270 2514 1504 2569 Postulat
1544 2512 1596 2567 id
1626 2526 1657 2565 a
1687 2510 1842 2564 nobis
1870 2508 2025 2562 audi-

449 2630 531 2675 tor
563 2637 577 2672 :
608 2625 798 2686 praeter
822 2612 1119 2667 dcctrinam
1138 2650 1153 2671 ,
1195 2605 1409 2659 modum
1448 2603 1609 2657 etiam
1640 2600 1797 2670 sigilli
1826 2597 2026 2668 signiﬁ-

447 2711 615 2777 casti,
645 2718 699 2763 et
739 2718 947 2773 tempus
989 2700 1270 2757 solutionis
1307 2698 1425 2767 ejus
1469 2712 1575 2750 non
1617 2695 1792 2749 dicis?
1821 2693 2026 2747 clausas

447 2798 724 2856 ostendisti
766 2797 997 2865 jauuas,
1046 2805 1223 2845 annon
1264 2787 1515 2843 ostendes
1553 2784 1860 2840 reseratas?
1888 2782 2024 2850 Quid

448 2891 613 2961 ergo?
642 2890 759 2947 Uno
796 2887 959 2941 verbo
1002 2886 1164 2938 multa
1211 2881 1532 2950 expediens,
1569 2879 1790 2949 qutesito
1839 2878 2024 2933 faciam

448 2983 596 3036 satis.
629 2978 764 3047 Quid
810 2976 1001 3048 igitur?
1052 2975 1174 3028 Post
1212 2971 1513 3027 Servatoris
1542 2969 1985 3024 resurrectionem
2006 3010 2023 3035 ,

452 3089 573 3128 cum
602 3071 777 3126 divina
821 3067 986 3138 gratia
1030 3066 1206 3134 ignota
1248 3062 1429 3115 multis
1466 3070 1642 3125 esset,
1681 3060 1786 3112 duo
1812 3059 2024 3127 quidam

449 3163 829 3234 discipulorum
862 3160 913 3212 in
946 3159 1118 3212 vicum
1157 3156 1437 3218 abierunt,
1470 3162 1526 3206 et
1566 3161 1747 3205 mutuo
1780 3161 1835 3203 ut
1871 3152 2026 3205 amici

449 3256 502 3310 in
547 3256 630 3307 via
675 3251 1011 3307 disserebant
1052 3249 1118 3303 de
1165 3247 1483 3302 meonemia.
1535 3244 1785 3300 Servator
1826 3254 2026 3300 mutata

452 3347 621 3400 forma
657 3352 714 3400 et
740 3342 886 3397 vocis
917 3354 1051 3393 sono
1082 3338 1256 3407 (quod
1300 3338 1442 3391 enim
1485 3334 1785 3391 videntibus
1831 3335 2025 3402 facies,

453 3438 554 3490 hoc
576 3451 674 3488 vos
702 3433 766 3488 iis
789 3432 877 3501 qui
908 3429 1094 3484 faciem
1125 3446 1228 3482 non
1253 3427 1472 3497 vident),
1502 3427 1734 3480 occultat
1763 3435 1817 3479 et
1842 3440 2026 3480 vocem

451 3536 506 3582 et
532 3526 777 3585 formam,
800 3522 1031 3589 dicitque
1060 3518 1163 3572 illis
1192 3519 1233 3570 is
1258 3517 1348 3585 qui
1372 3516 1552 3569 omnia
1579 3517 1724 3569 novit
1753 3533 1768 3569 :
1795 3514 1892 3581 Qui
1912 3525 2028 3569 sunt

451 3618 533 3672 isti
559 3631 807 3671 sermones
832 3629 958 3684 quos
987 3610 1224 3678 confertis
1257 3607 1326 3661 ad
1360 3608 1609 3661 invicem?
1636 3607 1926 3678 Respondit
1954 3609 2026 3675 ei,

450 3708 541 3776 qui
572 3708 750 3761 omnia
778 3709 1031 3765 noverat,
1064 3699 1110 3753 is
1131 3740 1146 3765 ,
1176 3699 1266 3768 qui
1294 3698 1362 3752 ab
1388 3699 1501 3767 ipso
1526 3698 1702 3752 omnia
1723 3698 1981 3753 didicerat
2012 3717 2024 3752 :

453 3798 533 3851 Tu
561 3795 699 3850 solus
724 3794 1013 3865 peregrinus
1039 3807 1088 3845 es
1113 3790 1165 3843 in
1189 3788 1473 3842 Jerusalem
1498 3830 1513 3855 ,
1544 3798 1590 3843 et
1616 3790 1775 3843 nescis
1800 3788 1895 3843 illa
1920 3806 2031 3860 qua:

454 3896 590 3961 facta
617 3896 732 3941 sunt
759 3887 811 3938 in
840 3885 939 3938 ea?
963 3882 1169 3951 Quibus
1195 3881 1302 3945 ille,
1332 3882 1458 3949 ρυω
1483 3881 1633 3952 (Luc.
1664 3883 1755 3936 2L
1790 3883 1950 3937 17-19
1974 3884 2033 3953 )“ἱ⁴

454 3980 553 4033 Hic
583 3979 720 4030 Deus
743 3976 830 4043 qui
853 3976 1026 4026 omnia
1059 3973 1204 4025 novit
1226 3980 1282 4026 et
1312 3971 1926 4043 ittlerrttgttt,Filiusejus
1948 3983 2031 4027 est

456 4069 545 4138 qui
574 4064 707 4119 dixit
734 4064 919 4127 Caino,
951 4062 1048 4117 Ubi
1075 4071 1144 4116 est
1175 4063 1293 4116 Abel
1321 4063 1480 4130 frater
1518 4074 1633 4116 tuus
1664 4063 1817 4134 (Cen.
1844 4065 1897 4118 4.
1928 4063 2030 4134 9)?

460 4159 650 4214 Dicunt
675 4157 775 4221 illi,
806 4154 885 4208 Ea
914 4171 1025 4224 qua:
1052 4156 1114 4208 de
1139 4153 1262 4208 Jesu
1292 4153 1583 4222 Nazareno,
1608 4157 1693 4226 qui
1720 4159 1814 4224 fuit
1842 4158 1916 4211 uir
1942 4174 2034 4226 po-

455 4263 562 4304 tens
586 4264 737 4318 opere
759 4257 803 4301 et
828 4263 1078 4300 sermone.
1106 4245 1366 4299 Adhucne
1394 4245 1515 4298 vir?
1543 4254 1662 4315 post
1685 4256 1759 4299 tot
1779 4246 2030 4300 miracula

456 4341 579 4396 vir?
606 4348 727 4410 post
751 4348 829 4393 tot
854 4353 1039 4406 onera,
1071 4347 1188 4406 post
1210 4345 1416 4411 tantam
1448 4337 1640 4391 divinae
1665 4339 1916 4408 potentiae
1938 4339 2032 4394 de-

458 4427 939 4487 monstrationem?
973 4424 1083 4479 Nos
1120 4437 1285 4480 autem
1308 4468 1324 4491 ,
1361 4426 1604 4496 inquiunt
1633 4427 1736 4499 (ne
1767 4429 2033 4499 longiores

454 4523 632 4578 omnia
654 4518 942 4575 scrutando
966 4516 1192 4586 simus),
1220 4532 1310 4570 nos
1335 4526 1504 4570 autem
1529 4520 1874 4587 sperabamus,
1899 4521 2033 4591 quod

454 4614 563 4683 ipse
580 4609 932 4678 redemptqu
954 4616 1080 4660 esset
1105 4605 1269 4661 Israel
1290 4606 1466 4675 (Joan.
1493 4608 1583 4663 21.
1604 4608 1720 4680 21).
1748 4610 1877 4666 Vide
1901 4628 2026 4682 quo-

459 4702 618 4758 modo
642 4702 697 4755 in
725 4701 855 4770 ipsis
878 4697 1009 4753 ﬁdes
1038 4698 1147 4752 fere
1173 4699 1432 4752 exstincta
1461 4709 1622 4765 esset,
1646 4711 1698 4755 et
1717 4704 2033 4758 oeconomiae

456 4812 582 4868 spes
610 4795 840 4851 sublata.
870 4791 983 4847 Nos
1003 4790 1432 4861 exspectabamus.
1461 4792 1574 4846 Non
1605 4794 1806 4857 dicunt,
1835 4794 2033 4865 Exspe-

456 4900 701 4953 ctamus,
732 4885 827 4941 sed
850 4928 867 4953 ,
899 4882 1345 4954 Exspectabamus.
1384 4882 1617 4939 Noverat
1648 4884 1756 4954 jam
1789 4884 1947 4940 ﬁdem
1979 4887 2033 4942 in

458 4982 589 5049 ipsis
617 4978 882 5033 inﬁrmam
907 4990 1049 5040 esse,
1081 4983 1136 5029 et
1163 4982 1343 5029 mente
1371 4973 1675 5041 declinare;
1702 4976 2031 5048 adstititque,

454 5073 547 5145 qui
574 5073 817 5128 labantes
841 5069 1014 5123 ﬁrmat
1042 5076 1099 5123 et
1128 5066 1324 5122 fractos
1351 5082 1539 5122 omnes
1561 5068 1737 5138 erigit.
1767 5069 1901 5136 Quid
1932 5070 2034 5126 illis

457 5166 533 5218 ait
561 5160 834 5217 beneﬁcus
864 5157 1013 5229 ipse?
1040 5156 1086 5211 Ο
1110 5157 1251 5211 stulti
1279 5166 1325 5211 et
1355 5158 1490 5211 tardi
1518 5158 1688 5225 corde,
1717 5176 1816 5214 non
1843 5161 2033 5215 intelli-

455 5258 569 5326 gitis
599 5249 935 5321 Scripturas.’
962 5265 1129 5302 nonne
1165 5248 1271 5303 hac
1300 5249 1524 5317 oportuit
1551 5248 1803 5303 Christum
1833 5252 1959 5321 pati,
1988 5260 2035 5305 et

457 5349 646 5401 intrare
669 5344 723 5397 in
746 5339 962 5413 gloriam
989 5356 1132 5394 suam
1148 5343 1174 5394 .9
1201 5339 1264 5393 Et
1288 5339 1533 5407 incipiens
1555 5357 1586 5393 a
1612 5341 1718 5412 lege
1744 5352 1792 5396 et
1818 5343 2035 5412 proplteo

457 5439 551 5501 tis,
577 5433 775 5505 aperuit
817 5432 942 5501 ipsis
969 5429 1263 5501 Scripturas
1294 5430 1454 5502 (Ibid.
1482 5448 1534 5488 υ.
1553 5431 1710 5489 25-27
1733 5433 1774 5509 ).
1810 5433 2037 5489 Viden'?

456 5527 708 5597 quamdiu
725 5522 891 5579 abfuit
905 5520 1166 5589 Christus,
1187 5538 1289 5577 non
1306 5533 1487 5593 aperta
1500 5523 1597 5579 fuit
1608 5525 1838 5580 veritatis
1852 5526 2037 5593 janua,

465 5630 570 5670 non
600 5616 832 5671 solutum
862 5622 947 5669 est
984 5613 1295 5684 ignorantia:
1326 5615 1614 5670 vinculum.
1646 5617 1867 5687 Aperuit
1894 5616 2040 5672 Scri-

461 5717 645 5774 pturas
670 5707 818 5775 quasi
849 5706 1054 5760 clausas
1074 5704 1264 5774 januas
1293 5724 1306 5761 :
1335 5723 1466 5778 quas
1487 5707 1721 5779 januas?
1747 5709 1819 5764 De
1844 5710 2038 5781 quibus

1565 290 1929 345 SEVERIANI
1989 290 2330 350 CABALUR.
2370 294 2583 352 EPISC.

3596 299 3703 356 5ιο

2115 407 2190 460 ait
2217 406 2416 464 Paulus
2447 427 2462 468 :
2497 410 2564 465 Ut
2590 409 2732 465 Deus
2753 414 2951 483 aperiat
2970 413 3445 485 januamgentibus
3472 411 3615 483 (Col.
3640 414 3691 467 4.

2114 496 2207 564 5);
2239 509 2293 551 et
2326 515 2539 555 rursum
2568 500 2635 555 de
2660 501 2913 557 Cornelio
2933 544 2948 569 ,
2984 502 3249 573 Numquid
3284 504 3435 556 etiam
3474 502 3694 571 gentibus

2115 591 2311 655 aperuit
2333 589 2470 645 Deus
2490 594 2704 662 januam
2733 596 3037 664 pmnitentice
3061 596 3197 667 (Act.
3227 598 3314 651 16.
3342 595 3471 666 26)?
3494 594 3562 648 Et
3582 596 3698 650 vide

2116 679 2240 747 quid
2263 679 2539 749 dispenset
2565 683 2653 737 ille
2681 685 2797 740 fons
2822 686 3103 740 bonorum.
3131 686 3262 740 Cum
3283 687 3350 741 ad
3376 686 3551 740 vicum
3575 687 3700 741 Em.

2120 788 2270 827 maus
2313 777 2587 845 pervenit,
2618 793 2725 848 quo
2762 780 3052 835 tendebant
3088 782 3321 835 viatores
3344 821 3361 846 ,
3391 780 3567 834 adhuc
3597 779 3713 845 illis

2118 863 2349 930 ignotus,
2376 866 2638 922 dubitanti
2665 871 2931 939 apparuit.
2960 870 3057 926 Ubi
3085 871 3226 924 enim
3251 886 3372 925 cum
3405 869 3509 923 illis
3538 885 3699 924 recu-

2118 952 2340 1018 butsset,
2374 958 2547 1027 primo
2581 969 2636 1013 ut
2664 961 2976 1030 peregrinus
3006 961 3235 1031 benigne
3258 969 3522 1029 exceptus
3553 961 3700 1032 (nam

2117 1045 2364 1102 dicebant
2388 1067 2401 1102 :
2432 1048 2588 1104 Mane
2610 1052 2887 1119 nobiscum,
2911 1055 3031 1124 quia
3055 1054 3299 1108 inclinata
3324 1064 3396 1108 est
3417 1054 3525 1108 dies
3548 1053 3698 1124 (Luc.

2115 1138 2207 1195 24.
2233 1140 2360 1211 29);
2390 1158 2456 1196 ne
2481 1145 2774 1213 ignorantia
2801 1144 3112 1215 dignitatem
3139 1161 3362 1215 prorsus
3391 1145 3698 1214 obtegeret,

2118 1226 2334 1302 Accepto
2374 1251 2504 1304 pane
2541 1235 2825 1303 benedixit,
2858 1240 3008 1310 fregit
3037 1249 3085 1294 et
3115 1240 3286 1303 dedit,
3316 1249 3363 1294 et
3392 1242 3555 1310 aperti
3585 1249 3703 1294 sunt

2117 1326 2253 1380 oculi
2294 1343 2503 1393 eorum,
2550 1343 2983 1400 cognoveruntque
3027 1334 3171 1386 illum
3218 1331 3380 1404 (Ibid.
3432 1332 3546 1403 50).
3594 1332 3702 1386 Cur

2119 1415 2291 1484 primo
2321 1432 2508 1486 panem
2539 1419 2705 1481 dedit,
2734 1432 2788 1475 et
2814 1424 2989 1491 aperti
3012 1432 3137 1477 stmt
3161 1425 3297 1477 oculi
3319 1439 3502 1478 eorum
3523 1424 3546 1476 ἶ)
3566 1422 3701 1490 Quia

2116 1506 2267 1561 cibus
2296 1508 2483 1563 Adami
2515 1511 2701 1565 oculos
2746 1514 2889 1567 male
2919 1525 3241 1582 aperuerat,
3273 1516 3589 1569 substitutus
3619 1525 3705 1569 est

2119 1611 2259 1651 nunc
2283 1598 2434 1653 cibus
2462 1616 2651 1655 novam
2678 1605 2823 1656 visus
2851 1605 3241 1660 restitutionem
3273 1606 3533 1660 efﬁciens.
3564 1604 3704 1661 Ocu-

2120 1687 2201 1743 los
2240 1692 2482 1759 aperiant
2529 1692 2799 1758 haeretici,
2837 1705 2892 1749 et
2940 1697 3110 1750 lucem
3157 1698 3400 1752 veritatis
3437 1698 3654 1751 videant
3687 1715 3700 1750 :

2121 1779 2269 1834 illum
2301 1781 2538 1849 videant,
2560 1785 2647 1853 qui
2674 1785 2725 1837 in
2752 1787 3017 1856 principio
3046 1787 3185 1841 Deus
3211 1800 3347 1852 erat,
3374 1788 3511 1842 Deus
3532 1797 3586 1840 et
3609 1788 3702 1841 Dei

2120 1871 2352 1928 Verbum
2387 1893 2400 1928 :
2432 1891 2577 1945 sape
2606 1877 2826 1932 audiant
2856 1879 2981 1934 illud
3002 1923 3015 1944 ,
3052 1878 3210 1946 Erat,
3244 1892 3299 1936 et
3326 1891 3536 1936 cessent
3559 1882 3739 1936 dice--

2120 1978 2220 2018 re:
2251 1965 2376 2019 Non
2403 1977 2530 2021 erat.
2571 1967 2637 2022 In
2676 1970 2927 2039 principio
2969 1983 3076 2025 erat
3116 1971 3351 2026 Verbum.
3381 1974 3495 2028 Non
3524 1974 3707 2029 Confe-

2122 2055 2243 2107 stim
2272 2055 2376 2110 hoc
2416 2058 2761 2125 prmdicatum
2800 2060 2926 2121 fuit;
2962 2078 3135 2130 neque
3162 2066 3303 2117 enim
3332 2061 3434 2118 hoc
3462 2066 3705 2134 capiebat

2123 2144 2371 2198 tnundus.
2398 2145 2558 2202 Certe
2585 2160 2815 2218 quatuor
2839 2152 3201 2222 evangelistae,
3233 2153 3535 2220 Mattlueus,
3566 2154 3706 2210 Mar-

2121 2249 2237 2299 cus,
2268 2236 2439 2292 Lucas
2465 2249 2519 2295 et
2547 2240 2816 2309 Joannes,
2849 2259 2968 2297 cum
3015 2246 3447 2315 prmdicaliouem
3487 2250 3704 2317 incepe-

2122 2334 2280 2390 runt,
2312 2343 2418 2381 non
2457 2332 2635 2384 statim
2675 2333 2873 2401 loquuti
2914 2345 3041 2389 sunt
3069 2351 3133 2390 ea
3161 2353 3279 2406 qua:
3304 2338 3420 2405 ejus
3447 2338 3695 2408 dignitati

2122 2420 2513 2487 competebant,
2540 2423 2632 2475 sed
2654 2424 2954 2479 auditorum
2978 2438 3190 2497 captum
3219 2439 3544 2494 spectarunt.
3579 2432 3706 2484 Mat-

2127 2508 2294 2562 lhwus
2320 2511 2400 2564 sic
2429 2512 2770 2582 Evangelium
2802 2516 2985 2585 incipit
3010 2536 3023 2572 :
3048 2517 3196 2572 Liber
3224 2523 3560 2590 generationis
3581 2521 3709 2576 Iesu

2124 2597 2328 2659 Christi,
2359 2600 2454 2667 ﬁlii
2478 2600 2666 2669 David,
2696 2603 2793 2671 ﬁlii
2818 2605 3074 2660 Abraham
3106 2607 3293 2669 (Matth
3345 2611 3396 2663 1.
3427 2611 3503 2681 1).
3532 2610 3709 2678 Quare

2127 2691 2501 2748 nouFiliiDei?
2525 2711 2619 2749 cur
2642 2696 2799 2767 inope
2818 2697 2961 2753 dicto
2982 2699 3292 2770 dignitatem
3319 2704 3589 2757 occultas?
3612 2719 3710 2758 cur

2127 2782 2431 2838 hominibus
2458 2785 2634 2839 divina
2665 2786 2996 2844 abscondis?
3024 2790 3176 2860 Apud
3213 2790 3430 2847 Judaeos
3453 2833 3467 2854 ,
3501 2793 3705 2863 inquit,

2126 2875 2380 2944 praedico,
2403 2876 2493 2944 qui
2524 2877 2808 2944 nejustum
2836 2880 3049 2950 quidem
3079 2883 3346 2939 hominem
3379 2894 3563 2953 putant
3588 2900 3711 2940 esse

2126 2967 2420 3025 Christum.
2472 2968 2663 3023 Filium
2704 2971 2934 3027 Abralun
2977 2975 3213 3030 nondum
3257 2976 3625 3042 admiserunt,
3655 2989 3709 3032 et

2128 3057 2318 3112 Filium
2352 3059 2446 3116 Dei
2474 3063 2776 3117 annuntiari
2805 3065 3116 3134 patientur?
3141 3067 3207 3120 Et
3233 3067 3376 3123 unde
3403 3068 3504 3123 hoc
3524 3070 3548 3121 ἲ
3572 3070 3706 3135 Quia

2128 3165 2226 3203 nec
2253 3165 2319 3205 ex
2347 3167 2543 3221 genere
2569 3154 2798 3209 Abraha:
2827 3170 2948 3211 esse
2977 3156 3388 3214 conﬁtebantur.
3414 3159 3525 3215 Non
3553 3160 3706 3215 audi-

2128 3243 2194 3296 sti
2225 3242 2342 3296 illos
2386 3259 2529 3313 saepe
2560 3244 2992 3315 blaspbentantes
3021 3249 3241 3312 dixisse.
3273 3251 3630 3306 Samaritanus
3656 3268 3711 3306 es

2128 3347 2180 3388 tu
2202 3376 2216 3397 ,
2247 3347 2295 3389 et
2320 3336 2626 3391 daemonium
2658 3339 2810 3393 habes
2840 3339 3035 3411 (Joan.
3066 3342 3120 3397 8.
3150 3344 3219 3398 48
3240 3344 3298 3409 )‘l
3326 3344 3426 3412 Qui
3468 3346 3616 3400 illum
3641 3361 3710 3401 ex

2128 3435 2435 3480 sanctorum
2473 3444 2668 3496 genere
2706 3431 2995 3499 ejiciebant
3016 3474 3032 3499 ,
3061 3434 3448 3505 dignitatemne
3474 3436 3707 3492 divinam

2127 3517 2504 3572 admisissent?
2531 3521 2667 3586 Quid
2701 3537 2829 3592 ergo
2871 3525 2983 3578 ait?
3026 3524 3176 3579 Liber
3214 3528 3549 3598 generationis
3581 3526 3712 3583 Jesu

2128 3606 2333 3675 Christi,
2364 3610 2459 3677 ﬁlii
2487 3608 2675 3677 David,
2699 3613 2797 3682 ﬁlii
2824 3614 3102 3671 Abraham.
3146 3617 3326 3671 Primo
3355 3619 3473 3673 illos
3497 3619 3710 3674 dilectis

2129 3700 2432 3755 nominibus
2480 3701 2717 3767 inducit,
2760 3707 2912 3774 queis
2955 3723 3154 3776 genere
3196 3709 3612 3779 copulabantur,
3655 3721 3715 3766 ut

2131 3789 2256 3845 ltiuc
2296 3792 2476 3846 allecti
2521 3794 2773 3862 paulatim
2815 3797 3093 3852 veritatem
3142 3799 3476 3866 invenirent,
3518 3817 3714 3869 nempe

2128 3884 2527 3950 generationem
2549 3884 2663 3940 sine
2688 3887 2952 3954 passione,
2982 3889 3373 3955 intemeralam,
3402 3891 3512 3946 Deo
3538 3891 3714 3961 dignis

2130 3972 2350 4027 vocibus
2382 3975 2721 4042 praedicatam
2742 4018 2757 4041 ,
2788 3978 3143 4046 omnibusque
3180 3982 3448 4037 traditam.
3481 3983 3712 4039 Rursum

2132 4061 2319 4116 beatus
2350 4063 2577 4130 Marcus,
2613 4066 2961 4137 Evangelium
2989 4086 3295 4140 aggressus,
3322 4075 3577 4129 anteriori
3609 4076 3715 4130 l're-

2133 4159 2216 4205 tus
2249 4155 2541 4221 exercitio,
2579 4155 2709 4211 dicit
2745 4158 2959 4227 quidem
2990 4160 3183 4217 Filium
3227 4165 3350 4230 Dei;
3392 4165 3487 4220 sed
3529 4169 3711 4221 Statim

2131 4256 2431 4298 sermonem
2463 4249 2813 4315 compressit,
2844 4256 2900 4303 et
2936 4264 3089 4305 sensa
3122 4252 3352 4317 minuit,
3385 4264 3444 4309 ut
3475 4255 3712 4311 alliceret

2132 4334 2448 4390 auditorem.
2486 4337 2774 4407 Baptistam
2802 4356 2931 4411 ergo
2956 4344 3133 4397 statim
3165 4355 3449 4414 memorat,
3482 4348 3661 4402 dicens
3687 4366 3701 4402 :

2138 4423 2348 4479 Initium
2392 4424 2659 4498 Evangelii
2698 4430 2823 4483 Jesu
2868 4430 3053 4486 Christi
3097 4434 3225 4487 sicut
3264 4437 3507 4505 scriptum
3552 4448 3622 4491 est
3657 4440 3711 4492 in

2133 4514 2276 4569 Isaia
2300 4520 2544 4588 propheta
2572 4535 2591 4574 :
2613 4518 2747 4574 Ecce
2771 4522 2914 4576 mitto
2938 4523 3173 4592 angelum
3198 4543 3363 4580 meum
3387 4542 3503 4582 ante
3531 4530 3714 4599 [aciem

2135 4616 2271 4661 tuam
2292 4648 2310 4674 ,
2335 4610 2422 4679 qui
2447 4612 2751 4681 praeparabit
2788 4616 2922 4667 viam
2949 4625 3089 4668 tuam
3114 4626 3233 4671 ante
3260 4631 3306 4671 te
3335 4621 3351 4686 (
3375 4619 3539 4672 Marc.
3574 4622 3625 4673 1.
3659 4622 3713 4674 1.

2132 4696 2214 4767 2).
2243 4697 2538 4755 Lucernam
2570 4703 2808 4759 veritatis
2832 4706 3088 4772 ostendit,
3115 4715 3170 4761 et
3202 4711 3381 4762 statim
3408 4710 3717 4765 occultavit.

2138 4787 2208 4843 Et
2247 4791 2419 4859 primo
2451 4791 2653 4862 profert
2687 4796 3024 4863 ministrum,
3056 4808 3111 4853 ut
3140 4815 3270 4856 voce
3312 4801 3398 4855 illa
3442 4801 3717 4856 institutus

2140 4882 2376 4948 auditor,
2404 4900 2589 4939 sanum
2620 4895 2675 4941 et
2704 4887 2998 4956 perfectam
3023 4892 3215 4945 divina:
3239 4894 3561 4962 cognitionis
3594 4911 3722 4950 ver-

2139 4975 2262 5029 bum
2307 4976 2517 5032 tandem
2558 4979 2849 5050 exciperet.
2896 4982 3146 5052 Sequitur
3191 4984 3361 5039 Lucas
3403 4986 3630 5052 tertius,
3661 4998 3718 5043 et

2139 5076 2259 5137 post
2287 5068 2405 5121 illos
2443 5069 2676 5124 medium
2707 5081 2852 5127 tenet
2880 5074 3052 5128 locum
3074 5116 3089 5141 ,
3118 5076 3463 5147 divinumque
3491 5079 3713 5134 verbum

2139 5158 2373 5226 attingit,
2402 5159 2495 5212 sed
2533 5175 2637 5215 non
2668 5162 3081 5233 interpretatur,
3124 5166 3434 5233 dignitatem
3461 5171 3712 5239 explicat,

2140 5247 2236 5301 sed
2266 5248 2374 5313 ait,
2407 5248 2659 5314 Quoniam
2704 5253 2902 5322 quidem
2942 5257 3091 5310 multi
3131 5260 3300 5311 conati
3333 5273 3450 5314 sunt
3478 5262 3715 5316 ordinare

2140 5340 2481 5393 narrationem
2501 5358 2676 5395 earum
2703 5359 2817 5413 qua:
2839 5344 2890 5398 in
2918 5348 3059 5401 nobis
3086 5350 3343 5419 completa:
3372 5363 3491 5406 sunt
3511 5369 3715 5408 rerum:

2141 5432 2303 5485 visum
2341 5441 2412 5484 est
2448 5442 2493 5484 et
2532 5434 2656 5486 mihi
2681 5475 2696 5498 ,
2724 5446 2989 5504 assequuto
3019 5440 3189 5492 omnia
3214 5457 3245 5492 a
3276 5443 3525 5514 principio
3549 5485 3562 5506 ,
3589 5445 3714 5498 sicut

2143 5524 2460 5579 tradiderunt
2501 5525 2662 5594 nobis,
2690 5530 2776 5596 qui
2804 5545 2834 5579 a
2864 5529 3114 5600 principio
3141 5532 3241 5602 ipsi
3270 5534 3520 5600 uiderunt,
3550 5547 3594 5588 et
3624 5536 3715 5588 nti-

2142 5617 2290 5671 nistri
2315 5620 2518 5689 fuerunt
2539 5618 2672 5671 verbi
2693 5616 2842 5690 (Luc.
2873 5623 2925 5675 1.
2953 5621 3038 5677 1οό
3057 5624 3099 5692 ).
3124 5622 3229 5680 Sed
3256 5627 3477 5682 verbum
3504 5627 3712 5696 quidem

2143 5708 2275 5766 dixit
2299 5725 2316 5776 ;
2348 5724 2453 5766 non
2475 5710 2609 5766 dixit
2635 5722 2832 5787 tamen,
2856 5713 2994 5770 Deus
3014 5727 3120 5770 erat
3152 5717 3393 5775 Verbum.
3423 5718 3561 5788 Quid
3589 5732 3715 5788 ergo
