4092 6206
290 316 399 371 559

284 439 599 508 προφήτας,
627 440 811 512 ἐπειδὴ
840 442 1168 514 ἐσφράγιστο
1186 459 1199 472 ·
1234 441 1473 495 Ἰουδαῖοι
1497 440 1798 512 γράμματα
1824 439 1959 509 ᾔδει-

285 541 409 589 οαν,
441 527 538 579 καὶ
583 527 1005 598 ἐπαιδεύθησαν·
1048 529 1135 584 διὰ
1172 529 1329 582 10610
1354 528 1499 597 λέγει
1533 528 1710 591 αὐτοῖς
1745 529 1773 580 6
1804 526 1954 593 Θεὸς,

290 613 358 665 Ol
393 611 824 682 βασταζόμενοι
846 616 927 669 τέκ
960 617 1210 681 κοιλίας,
1251 615 1347 668 καί
1396 614 1810 683 παιδευόμενοι
1846 614 1959 681 ἔως

287 698 545 768 γήρους·
582 697 721 773 ἦσαν
769 703 1161 775 παιδευόμενοι,
1208 702 1321 756 ἀλλ’
1349 701 1448 755 ούκ
1481 701 1718 773 ᾔδεισαν,
1769 701 1954 770 ἐπειδὴ

286 786 354 853 τῇ
394 785 628 857 ἀσαφείᾳ
666 785 984 857 ἐκρύπτετο.
1030 788 1152 851 Τοῖς
1202 788 1259 841 δὲ
1291 786 1547 857 Ἕλλησιν
1597 788 1860 856 ἠγνοεῖτο,
1894 785 1954 838 ού

285 870 377 924 διὰ
400 868 511 940 τὴν
556 873 840 942 ἀσάφειαν,
868 874 1002 927 ἀλλά
1044 874 1132 927 διά
1176 876 1236 928 τὸ
1280 877 1415 939 ὅλως
1448 875 1522 947 μὴ
1552 875 1747 927 είδέναι
1780 874 1958 944 γράμ-

290 974 455 1027 ματα.
507 957 605 1013 Διὰ
653 960 808 1013 τοῦτο
850 959 1060 1023 Παῦλος
1110 962 1375 1034 Τιμοθέῳ,
1406 963 1482 1033 τῷ
1532 960 1850 1032 ἐντραφέντι
1879 959 1956 1030 τῷ

285 1044 458 1115 νόμῳ,
486 1046 653 1113 λέγει,
677 1047 758 1099 ὅτι
801 1049 901 1101 Ἐκ
942 1047 1210 1116 βρέφους
1242 1048 1313 1102 τὰ
1360 1048 1486 1117 ιερὰ
1535 1046 1840 1117 γράμματα
1871 1041 1957 1099 ol-

285 1131 418 1199 δας,
447 1134 520 1187 τὰ
546 1133 851 1203 δυνάμενά
880 1150 954 1189 σε
985 1137 1237 1205 σοφίσαι
1266 1139 1352 1203 είς
1384 1138 1702 1205 σωτηρίαν.
1728 1132 1835 1188 Ἦν
1864 1131 1957 1188 οὖν

287 1221 321 1289 ἡ
369 1220 672 1289 προφητεία
715 1220 1204 1293 τεθησαυρισμένη,
1250 1224 1343 1276 καὶ⁵
1386 1224 1444 1275 ἐν
1492 1226 1613 1285 ταῖς
1658 1223 1837 1290 ἁγίαις
1878 1222 1955 1292 βί-

286 1304 434 1367 ϐλοις
463 1308 882 1378 ἐγκεκρυμμένη
905 1325 918 1338 ·
939 1308 1019 1360 δεῖ
1044 1309 1151 1379 γὰρ
1178 1310 1251 1379 μὴ
1280 1308 1691 1379 ἀποστῆναιτοῦ
1716 1326 1883 1380 κεκρυ
1893 1328 1958 1377 μ-

288 1390 475 1459 μένου.
515 1393 625 1462 Οὐχ
657 1393 879 1456 Ἠσαίας
914 1394 970 1447 δὲ
1012 1396 1170 1463 μόνον
1213 1395 1450 1448 δείκνυσι
1487 1395 1586 1458 τάς
1627 1396 1956 1466 προφητείας

286 1478 746 1549 ἑσφραγισμένας,
790 1480 923 1533 άλλά
979 1482 1073 1535 καί
1118 1482 1346 1553 Δανιήλο
1382 1482 1528 1551 λέγει
1578 1482 1686 1551 γὰρ
1731 1483 1879 1553 αύτῷ
1928 1485 1956 1535 6

287 1562 515 1631 ἄγγελος
549 1565 685 1635 μετά
722 1572 782 1620 16
829 1567 1062 1637 μηνῦσαι
1119 1568 1265 1639 αύτῴ
1316 1569 1415 1639 τὴν
1460 1568 1800 1637 ἀποκάλυψιν
1846 1569 1955 1622 τῶν

287 1649 621 1709 μελλόντωνο
654 1653 762 1706 Καὶ
810 1654 913 1718 σὺ,
958 1655 1202 1723 Δανιὴλ,
1248 1654 1587 1725 σφράγισον
1620 1655 1687 1708 τὸ
1710 1656 1957 1720 βιϐλίον

282 1735 465 1791 τοῦτο
508 1736 616 1806 τῆς
663 1739 944 1808 ὁράσεως,
996 1741 1083 1796 ὅτι
1128 1744 1166 1810 ἡ
1212 1742 1477 1811 δήλωσις
1514 1741 1699 1796 αὐτοῦ
1734 1745 1820 1808 είς
1846 1760 1956 1811 μα-

288 1823 458 1889 κράν.
504 1825 602 1878 Διά
651 1826 805 1880 10610
851 1830 879 1881 6
922 1830 1187 1900 μακάριος
1232 1828 1394 1883 Δαυῒδ
1441 1829 1825 1898 ἀναγινώσκων
1864 1829 1954 1883 τὸν

275 1910 469 1980 νόμον,
500 1912 592 1965 καὶ
629 1913 1013 1982 ἀναγινώσκων
1054 1918 1179 1979 τοὺς
1236 1919 1518 1988 προφήτας
1555 1919 1619 1970 ἐκ
1663 1919 1953 1989 προσώπου

271 1995 376 2047 106
405 1996 535 2051 λαοῦ
559 2014 572 2028 ·
600 2000 661 2053 οὐ
690 2002 797 2071 γάρ
824 2001 983 2065 αὐτὸς
1013 2003 1193 2072 ἠγνόει
1221 2006 1250 2056 6
1282 2004 1665 2074 προφητεύων
1700 2004 1955 2074 βουλόμεο

285 2100 374 2146 νος
398 2083 589 2150 δεῖξαι,
634 2087 716 2139 ὅτι
758 2087 994 2158 ἔμφασιν
1034 2089 1131 2159 μέν
1162 2108 1283 2143 τινα
1329 2091 1540 2160 δέχεται
1569 2092 1666 2163 τῆς
1694 2091 1788 2144 τοῦ
1823 2093 1954 2162 Χρι⁹

284 2169 414 2223 στοῦ
450 2172 777 2243 οίκονομίας,
808 2175 869 2228 ού
899 2174 1118 2229 δύναται
1148 2176 1203 2229 δέ
1229 2177 1414 2247 νοῆσαι
1450 2177 1538 2230 διὰ
1563 2178 1662 2248 τὴν
1690 2178 1955 2247 ἀσάφειαν

281 2255 394 2309 τῶν
419 2257 635 2325 λέξεων,
667 2260 873 2332 ἔπασχέ
914 2279 967 2315 τι
1013 2263 1389 2334 παραπλήσιον
1427 2265 1538 2326 τοῖς
1565 2264 1731 2333 όρῶσι
1762 2262 1955 2335 βαλάν-

282 2359 397 2395 τιον
416 2345 866 2417 ἐσφραγισμένον.
892 2349 955 2401 Τί
980 2346 1072 2402 οὖν
1088 2361 1113 2389 ι
1139 2352 1280 2402 ποιεί
1308 2348 1518 2422 βλέπων
1544 2354 1612 2404 τά
1631 2350 1952 2422 γράμματα,

286 2431 381 2483 καὶ
410 2432 485 2501 μὴ
515 2434 942 2505 καταλαμϐάνων
972 2435 1149 2490 αὐτῶν
1172 2436 1242 2490 τά
1268 2438 1550 2508 νοήματα;
1584 2437 1751 2505 λέγει,
1795 2439 1954 2492 Ἀπο·

283 2518 569 2588 κάλυψον
601 2520 743 2587 τοὺς
780 2522 1123 2592 ὀφθαλμούς
1161 2540 1301 2592 μου,
1348 2525 1445 2578 καὶ
1488 2523 1842 2591 κατανοήσω
1880 2527 1954 2581 τὰ

284 2605 587 2675 θαυμάσια
615 2607 683 2660 ἐκ
713 2609 818 2663 τοῦ
846 2611 1032 2677 νόμου
1067 2626 1184 2664 σου
1203 2628 1216 2640 ·
1248 2611 1342 2664 καὶ
1376 2611 1535 2664 πάλιν
1560 2614 1588 2664 6
1616 2613 1776 2676 αὑτός
1795 2629 1808 2643 ·
1840 2616 1954 2668 Εὐ-

292 2694 539 2761 λογητὸς
579 2690 655 2757 εἴ,
696 2696 891 2762 Κύριε,
929 2695 1177 2761 δίδαξόν
1208 2714 1286 2765 με
1315 2696 1386 2751 τὰ
1421 2697 1781 2767 δικαιώματά
1812 2716 1948 2754 σου.

284 2779 359 2831 Ού
389 2780 500 2850 γάρ
533 2781 771 2850 ἀνέγνως
806 2784 953 2852 παρά
984 2782 1079 2836 τοῦ
1108 2783 1311 2852 νόμους
1356 2784 1457 2838 οὐκ
1498 2786 1782 2839 ἐπαίδευσέ
1828 2803 1887 2840 σε
1924 2789 1953 2841 6

286 2868 521 2937 ιῐωῦσῆς
547 2867 637 2921 τὸν
658 2868 981 2937 δεκάλογον;
1021 2871 1183 2923 Ἀλλά
1223 2871 1293 2924 τά
1336 2871 1404 2925 σά
1446 2872 1701 2944 βούλομαι
1739 2874 1946 2945 μαθεῖν,

285 2954 379 3007 καὶ
403 2954 475 3008 τά
506 2954 657 3025 παρά
700 2956 794 3010 σού
833 2957 925 3010 τοῦ
968 2959 1275 3028 νομοθέτου,
1306 2961 1457 3033 παρά
1496 2962 1595 3033 τῆς
1640 2964 1820 3035 πηγῆς
1859 2964 1951 3018 τοῦ

285 3042 449 3110 νόμου
489 3040 747 3112 βούλομαι
774 3039 804 3081 δ
844 3043 1032 3113 μαθεῖν
1056 3044 1149 3099 τοῦ
1172 3046 1337 3116 νόμου
1373 3048 1472 3116 τὴν
1497 3048 1773 3119 ἀλήθειαν.
1813 3049 1950 3104 Ἀλλ’

286 3128 462 3199 ἐζήτει
499 3130 597 3199 μὲν
628 3130 837 3200 μαθεῖν,
862 3134 896 3202 ἡ
941 3132 995 3185 δὲ
1025 3133 1182 3202 χάρις
1221 3134 1537 3204 ἐταμιεύετο
1562 3139 1671 3200 τοῖς
1701 3138 1951 3208 μέλλουσι

285 3217 579 3285 λαμϐάνειν
610 3216 709 3288 τὴν
753 3219 1089 3289 εὐεργεσίαν.
1135 3220 1235 3273 Διά
1275 3221 1436 3275 10610
1474 3222 1656 3291 ἔλεγεν
1696 3225 1726 3276 6
1763 3225 1951 3297 Σωτὴρ

285 3306 396 3366 10!;
424 3303 691 3375 μαθηταῖς
711 3323 726 3337 ’
775 3307 998 3360 Πολλοί
1033 3307 1317 3373 βασιλεῖς
1348 3308 1447 3361 καὶ
1491 3309 1706 3366 δίκαιοι
1737 3312 1951 3367 ἐπεθύ-

284 3405 488 3459 μησαν
508 3390 658 3445 ίδεῖν
680 3390 718 3446 d
750 3392 1030 3457 βλέπετε,
1065 3396 1161 3450 καὶ
1197 3397 1306 3449 οὐκ
1340 3396 1523 3464 είδον,
1555 3398 1654 3452 καὶ
1695 3399 1951 3454 ἀκοῦσαι

285 3479 325 3534 σι
350 3482 617 3545 ἀκούετε,
641 3482 740 3535 καὶ
778 3485 888 3537 οὐκ
926 3483 1238 3551 ἤκουσαν
1279 3486 1445 3556 ὑμῶν
1483 3486 1553 3542 δὲ
1581 3488 1858 3559 μακάριοι
1894 3493 1950 3545 οί

286 3567 602 3638 ἀφθαλμοι.
630 3569 719 3624 ὅτι
744 3569 1029 3635 βλέπετε.
1092 3596 1099 3609 ι
1200 3566 1273 3607 ὲὶ
1334 3606 1345 3619 κ

354 3662 418 3711 ε’.
467 3658 625 3711 Ἀλλά
649 3658 917 3729 ζητοῦμεν
958 3660 1086 3716 πότε
1118 3661 1254 3724 ὅλως
1282 3665 1314 3731 ἡ
1349 3663 1583 3733 σφραγὶς
1605 3664 1951 3735 ἀπεσφραγί-

286 3742 427 3815 σθη,
475 3745 604 3797 πέντε
638 3747 668 3798 6
707 3745 901 3816 δεσμὸς
941 3748 1040 3817 τῆς
1082 3749 1303 3817 ἀγνοίας
1345 3750 1541 3821 ἐλύθη,
1582 3751 1711 3804 πότε
1751 3752 1817 3805 τά
1862 3770 1951 3806 κε-

284 3831 577 3901 κλεισμένα
630 3831 876 3902 ἀνεῴγει.
925 3835 1171 3889 Ἀπαιτεῖ
1220 3838 1347 3907 παρ’
1386 3840 1420 3909 η
1430 3838 1544 3909 μῶν
1584 3841 1613 3892 6
1658 3840 1949 3911 ἀκροατὴς,

284 3918 402 3985 καὶ,
427 3916 581 3987 Παρὰ
604 3918 694 3972 τὸν
724 3919 879 3989 λόγον
917 3921 1008 3974 τὸν
1048 3924 1245 3993 τρόπον
1288 3942 1398 3994 μοι.
1448 3926 1630 3994 φησὶν,
1674 3928 1951 3997 ἐμήνυσας

285 4005 382 4057 106
407 4004 842 4076 σφραγίσματος,
869 4009 962 4061 τὸν
989 4010 1178 4080 καιρόν
1215 4028 1305 4081 μοι
1335 4013 1431 4081 τῆς
1469 4012 1767 4077 ἐπιλύσεως
1796 4014 1947 4088 [4111

285 4092 396 4145 τῶν
414 4094 867 4164 ἐσφραγισμένων
890 4096 950 4149 ού
971 4095 1147 4165 λέγεις
1167 4115 1182 4164 ;
1219 4098 1608 4165 κεκλεισμένας
1628 4101 1832 4166 ἔδειξας
1853 4104 1951 4168 τάς

284 4178 484 4242 πύλας,
524 4182 870 4251 ἀνεῳγμένας
898 4182 996 4251 οὐχ
1018 4182 1352 4251 ὑποδείξειςς
1382 4186 1447 4238 Τί
1475 4182 1567 4240 οὖν
1591 4204 1605 4249 ;
1656 4188 1789 4241 Ἀπὸ
1833 4190 1951 4256 ἐνὸς

284 4265 532 4334 ῥήματος
560 4266 629 4319 τά
670 4266 839 4319 πολλὰ
870 4268 1284 4340 παρωσάμενος,
1320 4274 1654 4343 παραστήσω
1675 4274 1736 4327 τὸ
1758 4275 1950 4346 ζηλιτού⁹

287 4368 469 4421 μενον.
519 4352 584 4405 Τί
640 4349 766 4419 οὖν;
817 4356 973 4408 Μετά
1022 4356 1119 4427 τὴν
1176 4357 1273 4411 τοῦ
1333 4361 1585 4432 Σωτῆρος
1632 4362 1947 4432 ἀνάστασιν,

284 4439 659 4510 ἀγνοουμένης
683 4444 795 4505 10!;
814 4443 1031 4507 πολλοῖς
1049 4444 1148 4515 τῆς
1170 4444 1320 4510 θείας
1340 4448 1579 4519 χάριτος,
1608 4450 1768 4514 τινὲς,
1793 4453 1948 4523 φησὶ,

282 4526 396 4578 τῶν
432 4527 689 4613 μαθητιῦν
718 4529 813 4583 δύο
853 4530 958 4597 ἔξω
1002 4535 1082 4594 είς
1128 4532 1322 4606 κώμην
1366 4537 1632 4608 ἀπῄεσαν,
1681 4540 1776 4593 καὶ
1812 4542 1951 4613 πρὸς

283 4613 547 4684 ἀλλήλους
575 4609 665 4669 οία
696 4616 839 4686 φίλοι
865 4618 923 4671 ἐν
952 4618 1057 4687 όδῷ
1093 4620 1415 4675 ἀντέϐαλλον
1446 4626 1571 4696 περὶ
1602 4626 1702 4696 τῆς
1746 4609 1950 4681 οἰκονοο

287 4700 439 4769 μίας.
474 4702 531 4755 Ὀ
580 4703 772 4775 Σωτὴρ
819 4705 1054 4777 ἀμείψας
1082 4708 1145 4760 τὸ
1190 4711 1377 4779 σχῆμα
1419 4713 1511 4765 καὶ
1548 4712 1607 4766 τὸ
1647 4713 1950 4785 ἐκφώνημα

287 4787 340 4853 (6
369 4789 479 4859 γάρ
523 4790 638 4843 ἐστι
689 4792 977 4862 πρόσωπον
1006 4797 1120 4858 10!;
1170 4796 1358 4867 ὁρῶσι,
1387 4797 1544 4852 τοῦτο
1573 4801 1725 4872 φωνὴ
1749 4805 1861 4867 10!;
1888 4803 1950 4857 τ’)

287 4876 582 4946 πρόσωπον
608 4878 706 4947 οὐχ
732 4879 943 4949 ὁρῶσι),
978 4880 1209 4951 κρύπτει
1238 4883 1332 4937 καὶ
1369 4884 1469 4958 τὴν
1502 4888 1684 4960 φωνὴν
1723 4891 1815 4943 καὶ
1850 4891 1949 4962 τὴν

290 4963 531 5033 μορφὴν,
567 4966 661 5017 καὶ
707 4964 855 5030 λέγει
887 4967 1069 5030 αὐτοῖς
1096 4971 1125 5022 6
1160 4970 1229 5022 τά
1271 4971 1449 5027 πάντα
1482 4973 1668 5039 εἰδῶς’
1704 4978 1868 5045 Τίνες
1895 4982 1950 5034 οί

286 5049 457 5118 λόγοι
480 5046 661 5116 οὗτοι,
701 5051 809 5118 οὓς
848 5053 1232 5111 ἀντιϐάλλετε
1267 5058 1417 5127 πρὸς
1456 5061 1798 5131 ἀλλήλους;
1842 5067 1948 5120 Λέ-

285 5151 376 5201 γει
410 5135 561 5205 αύτῷ
602 5137 681 5207 τῷ
727 5139 796 5192 τά
843 5140 1021 5195 πάντα
1057 5142 1218 5196 εἰδότι
1244 5146 1273 5197 6
1309 5147 1439 5218 παρ’
1467 5138 1630 5201 αὐτοῦ
1660 5150 1733 5203 τὰ
1773 5153 1952 5208 πάντα

130 5200 153 5235 ¹’
198 5194 216 5219 λ
224 5222 301 5317 β’
290 5194 582 5317 μανθάνων
600 5239 613 5253 ⁸
762 5230 953 5295 μόνος
977 5194 1280 5298 παροικεῖς
1307 5194 1948 5308 τιῶθὸῖαθυλᾜπῖ

224 5311 265 5403 i\
289 5311 633 5403 062561710;
652 5317 740 5403 τὰ
756 5319 1058 5403 γενόμενα
1082 5320 1154 5372 ἐν
1178 5320 1332 5389 αὐτῇ
1344 5338 1363 5385 ;
1392 5324 1552 5392 Λέγει
1577 5342 1590 5356 ·
1621 5327 1767 5381 Ποῖα
1785 5346 1809 5395 ;
1850 5326 1952 5385 06-

284 5412 383 5460 10;
411 5398 441 5449 6
474 5397 607 5461 Θεὸς
639 5402 668 5452 6
696 5401 851 5465 είδὼς
878 5403 947 5456 τά
974 5405 1170 5470 πάντα,
1211 5408 1304 5460 καὶ
1333 5410 1573 5480 ἐρωτῶν,
1600 5412 1636 5464 6
1664 5392 1972 5479 υἱός-ἐστιν’

347 5547 367 5567 ⁸
397 5544 529 5617 υῃιις
552 5547 935 5618 έσφραγισμὲνον.
983 5552 1073 5599 Καὶ
1101 5551 1324 5614 ἀγνοοῦσι
1364 5556 1446 5616 μὲν
1485 5557 1512 5605 ὃ
1551 5558 1666 5620 ἔχει,
1708 5560 1762 5608 ἐκ
1797 5562 1849 5611 δὲ
1869 5569 1953 5622 τῆς

347 5608 541 5658 ῖοαγιδος
560 5624 768 5658 νοουσιν.
791 5611 862 5657 ὅτι
885 5612 939 5658 τὸ
961 5612 1115 5658 τίιιιον
1136 5614 1191 5658 τὸ
1214 5616 1585 5658 ὲναποιείιιινον-
1608 5621 1663 5658 Τί
1688 5620 1768 5658 mnu

286 5614 541 5670 σφραγῐόος
560 5614 768 5666 νοοῦσιν,
791 5614 862 5657 ὅτι
885 5614 939 5681 τὸ
961 5614 1115 5682 τίμιον
1136 5614 1191 5660 τὸ
1214 5614 1663 5679 ἐναποκείμενονΪΤί
1688 5620 1784 5670 οὖν.
1916 5614 1952 5622 Π

287 5668 541 5792 μελξᾷἰιῖι
566 5675 645 5727 τῆς
661 5678 812 5731 πηγῆς
834 5688 918 5720 του
929 5689 1091 5733 νόμου,
1115 5674 1169 5722 ού
1191 5678 1321 5738 παρὰ.
1340 5678 1423 5726 106
1446 5681 1677 5741 ύπηρέτου
1702 5682 1787 5731 106
1807 5685 1953 5745 νόμου

410 5744 538 5790 ομαι.

1670 324 1754 378 DE
1796 321 2083 379 SIGILLIS
2122 323 2371 379 SERMO.

3608 328 3721 384 σεο

2053 440 2260 494 ἐκείνου
2286 440 2378 494 106
2406 439 2656 511 λέγοντος
2693 440 2772 510 τῷ
2802 441 2968 494 Κάῖν’
2998 439 3123 495 Ποῦ
3163 422 3353 507 Ἅϐελ,
3379 444 3411 495 ό
3450 441 3712 512 ἁδελφός

2054 543 2200 593 σονς
2230 519 2490 596 Λέγουσιέ
2523 526 2600 581 Τὰ
2624 527 2756 594 περὶ
2786 527 2989 595 Ἰησοῦ
3015 527 3123 582 τοῦ
3141 528 3494 596 Ναζωραίου,
3511 529 3578 596 ὃς
3590 529 3712 599 ἐτέ-

2052 631 2188 668 νετο
2233 614 2388 681 ἀνὴρ
2432 613 2691 679 δυνατὸς
2738 614 2896 683 λόγῳ
2951 614 3046 668 καί
3095 614 3265 683 ἔργῳ.
3301 613 3509 686 Ἀκμὴν
3543 616 3711 686 mp;

2056 700 2193 770 μετὰ
2210 700 2446 754 τοσαῦτα
2473 698 2725 768 θαύματα
2753 700 2927 770 ἀνήρ;
2962 701 3096 771 μετά
3121 700 3386 765 τοσαύτας
3413 702 3712 772 ἐνεργείας.

2056 787 2195 856 μετά
2238 785 2506 856 τοσαύτην
2535 786 2686 848 θείας
2728 785 3011 855 δυνάμεως
3059 787 3359 855 ἀπόδειξινς
3395 787 3584 857 Ἡμεῖς
3625 786 3712 851 δὲ,

2053 875 2216 943 φησιν
2241 875 2352 942 (ἵνα
2387 873 2463 945 μὴ
2490 874 2666 927 πάντα
2700 872 2972 937 ἐξετάζων
2998 876 3027 926 6
3053 874 3210 941 λόγος
3245 874 3506 946 μηκύνῃ),
3544 875 3723 944 ἡμεῖς,

2051 960 2119 1013 δὲ
2159 960 2503 1029 ἠλπίζομεν,
2539 961 2627 1013 ὅτι
2667 962 2850 1026 αὑτός
2878 962 3049 1014 ἐστιν
3088 962 3120 1014 ὁ
3164 964 3569 1031 λυτρούμενος
3608 962 3731 1016 τὸν

2064 1047 2329 1116 Ἰσραήλ.
2351 1049 2493 1119 Ὅρα
2527 1048 2643 1111 πῶς
2670 1046 2895 1100 ἐσϐεστο
2921 1050 2979 1101 ἐν
3008 1048 3191 1110 αὐτοῖς
3221 1050 3407 1117 σχεδὸν
3435 1050 3468 1120 ἡ
3506 1050 3709 1112 πίστις.

2056 1136 2146 1188 καὶ
2174 1134 2451 1205 καθῄρητο
2500 1134 2682 1188 λοιπὸν
2716 1136 2749 1204 ἡ
2791 1134 2948 1197 ἐλπὶς
2991 1134 3091 1203 τῆς
3137 1136 3472 1203 οἰκονομίας.
3514 1135 3709 1204 Ἡμεῖς

2050 1220 2523 1289 προσεδοκῶμεν.
2573 1218 2649 1274 Ού
2685 1220 2855 1289 λέγει,
2891 1220 3302 1292 Προσδοκιῖψεν,
3331 1222 3487 1287 ἀλλά,
3520 1225 3712 1289 Προσ-

2049 1305 2368 1377 εδοκῶμεν.
2406 1308 2557 1379 ᾜδει
2589 1303 2680 1361 οὖν
2714 1306 2899 1360 λοιπὸν
2940 1306 3268 1361 ἀσθενοῦσαν
3297 1308 3476 1362 αὐτῶν
3493 1309 3591 1379 τὴν
3616 1309 3707 1362 πί-

2052 1411 2188 1459 στιν,
2221 1396 2314 1447 καὶ
2351 1394 2610 1448 κλίνασαν
2652 1393 2830 1447 αὐτῶν
2870 1395 2971 1466 τὴν
2993 1394 3229 1448 διάνοιαν
3251 1411 3265 1426 ο
3310 1395 3403 1449 καὶ
3452 1396 3651 1466 ἐπέστη
3679 1398 3713 1449 6

2052 1482 2322 1552 στηρίζων
2352 1483 2474 1544 τοὺς
2516 1481 3032 1545 καταπεπτωκότας,
3083 1482 3177 1535 καὶ
3223 1482 3466 1553 ἀνορθῶν
3505 1482 3709 1545 πάντας

2045 1569 2173 1632 τοὺς
2207 1568 2705 1640 κατερῤαγμένους.
2727 1570 2836 1621 Kal
2869 1586 2918 1623 τι
2950 1569 3086 1639 πρὸς
3110 1570 3306 1632 αὐτοὺς
3337 1573 3366 1623 6
3386 1570 3710 1640 εύεργέτηςς

2048 1649 2116 1707 Ὦ
2155 1656 2417 1724 ἀνόητοι,
2449 1656 2548 1710 καὶ
2582 1655 2831 1725 βραδεῖς
2853 1654 2927 1725 τῇ
2969 1656 3200 1725 καρδίᾳ,
3232 1659 3304 1711 οὐ
3332 1658 3574 1711 συνίετε
3611 1658 3717 1723 τὰς

2048 1741 2325 1810 Γραφάςς
2365 1746 2436 1796 οὐ
2489 1743 2677 1797 ταῦτα
2715 1742 2837 1797 ἔδει
2886 1744 3098 1798 παθεῖν
3149 1744 3254 1797 τεν
3300 1745 3573 1811 Χριστὸν,
3614 1745 3713 1798 καὶ

2048 1829 2345 1883 εἰσελθεῖν
2368 1831 2457 1894 είς
2483 1828 2597 1898 τὴν
2626 1829 2814 1890 δόξαν
2842 1830 3061 1893 αὐτοῦ;
3095 1829 3204 1884 Καὶ
3236 1829 3568 1899 ἀρξάμενος
3596 1831 3715 1884 ἀπὸ

2048 1915 2155 1969 τοῦ
2182 1918 2372 1983 νόμου
2399 1916 2497 1971 καὶ
2526 1915 2644 1970 τῶν
2674 1916 3016 1986 προφητῶν,
3050 1915 3355 1985 διήνοιγεν
3381 1917 3586 1983 αὐτοῖς
3609 1916 3717 1982 τὰς

2048 2000 2313 2071 Γραφάς.
2331 2002 2510 2073 Ὁρᾷς,
2538 2005 2620 2056 ὅτι
2650 2003 2755 2067 ἓως
2781 2004 2991 2075 ἀπέστη
3015 2006 3047 2039 ³⁸
3070 2004 3324 2075 Χριστὸς,
3349 2005 3448 2057 ούκ
3469 2002 3715 2074 ἀνεῴχθη

2048 2092 2147 2159 τῆς
2177 2088 2433 2172 ἀληθείας
2457 2091 2490 2159 ἡ
2526 2088 2690 2160 πύλη,
2722 2089 2843 2172 ούδέ
2869 2089 3033 2160 ἐλύθη
3061 2092 3091 2143 6
3118 2090 3314 2159 δεσμὸς
3344 2089 3445 2159 τῆς
3468 2090 3712 2158 ἀγνοίας.

2048 2170 2297 2245 Διήνοιγε
2340 2175 2442 2238 τὰς
2487 2175 2710 2245 Γραφάς
2758 2170 2848 2230 οἷά
2881 2193 3032 2239 τινας
3088 2174 3256 2247 θύρας
3305 2174 3714 2245 κεκλεισμένας.

2049 2262 2214 2324 Ποίας
2238 2261 2441 2332 θύρας;
2487 2263 2621 2332 Περὶ
2658 2256 2734 2315 ὧν
2782 2279 2946 2332 φησιν
2984 2263 3013 2316 6
3062 2261 3295 2326 Παῦλος,
3319 2262 3445 2315 Ἵνα
3488 2264 3521 2315 ό
3571 2261 3719 2326 Θεὸς

2048 2347 2259 2415 ἀνοίξῃ
2296 2348 2484 2414 θύραν
2506 2347 2631 2414 τοῖς
2666 2348 2867 2403 ἔθνεσι
2888 2364 2901 2380 ·
2953 2347 3046 2401 καὶ
3080 2347 3239 2401 πάλιν
3268 2348 3360 2400 ἐπὶ
3398 2345 3726 2418 Κορνηλίου.

2046 2429 2191 2501 Ἀρά
2224 2449 2289 2503 γε
2320 2433 2415 2486 καί
2443 2433 2566 2499 τοῖς
2602 2434 2845 2488 ἔθνεσιν
2866 2433 3113 2502 ἤνοιξεν
3150 2436 3181 2488 6
3231 2434 3378 2499 Θεὸς
3410 2436 3597 2502 θύραν
3611 2448 3722 2501 με-

2048 2521 2320 2586 τανοίας;
2362 2522 2470 2574 Kal
2512 2522 2615 2591 ὅρα
2647 2520 2701 2574 τί
2749 2523 3026 2591 οίκονομεῖ
3053 2522 3087 2591 ἡ
3130 2520 3280 2592 πηγὴ
3322 2520 3430 2573 τῶν
3462 2518 3713 2587 ἀγαθῶν

2046 2608 2134 2661 ὅτε
2165 2607 2274 2679 γὰρ
2314 2607 2516 2679 ἐπέστη
2562 2609 2626 2678 τῇ
2679 2606 2841 2678 κώμῃ
2873 2610 2936 2678 τῇ
2965 2607 3269 2678 Ἐμμαοῦς,
3304 2605 3448 2659 καθά
3488 2608 3582 2660 καὶ
3617 2606 3716 2677 τὴν

2051 2694 2226 2766 ὁρμὴν
2251 2690 2395 2764 εἶχον
2437 2696 2486 2746 οί
2532 2694 2826 2758 ὁδεύοντες,
2872 2682 2952 2747 ἔτι
2992 2694 3352 2765 ἀγνοούμενος
3397 2695 3486 2747 ὑπ’
3514 2693 3650 2746 αύτᾶ

2048 2781 2219 2852 ἐφάνη
2244 2780 2323 2851 τῷ
2354 2780 2834 2851 ἀμφιϐαλλομένῳ.
2870 2781 2959 2844 Ὠς
3001 2784 3109 2851 γὰρ
3141 2780 3468 2851 κατεκλίνθη
3512 2783 3716 2843 αὐτοῖς,

2045 2870 2115 2922 τὰ
2146 2868 2340 2939 πρῶτα
2379 2868 2455 2931 ώς
2506 2867 2654 2934 ξένος
2695 2867 3090 2938 φιλοφροσύνης
3126 2867 3442 2937 ἀξιούμενος
3477 2865 3725 2938 (Μεῖνον
3836 2910 3845 2917 .

2046 2955 2177 3027 γάρ,
2208 2956 2362 3026 φησὶ,
2390 2956 2527 3024 παρ’
2565 2954 2729 3024 ἡμῖν,
2764 2955 2851 3007 ὅτι
2882 2955 3124 3009 ἔκλινεν
3148 2954 3186 3021 ὴ
3224 2954 3481 3026 ἡμέρα)·
3516 2954 3602 3009 ἴνα
3640 2955 3719 3024 μὴ

2047 3043 2227 3114 πάντῃ
2252 3044 2284 3113 ἡ
2311 3043 2500 3111 ἀγνοια
2535 3040 2925 3114 κατακαλύπτῃ
2950 3043 3046 3111 τὴν
3076 3040 3252 3106 ἀξίαν,
3284 3044 3494 3096 Λαϐὼν
3533 3041 3716 3109 ἄρτον

2044 3132 2371 3199 ηὐλόγησε,
2398 3129 2495 3182 καὶ
2532 3127 2769 3191 κλάσας
2806 3126 3085 3189 ἐπέδωκε,
3111 3127 3211 3181 καὶ
3237 3128 3576 3196 ἠνοίγησαν
3612 3130 3718 3181 αὐ·

2045 3218 2166 3270 τῶν
2187 3220 2240 3270 οι
2270 3216 2584 3285 ὀφθαλμοὶ,
2615 3215 2712 3267 καὶ
2747 3213 3102 3283 ἐπέγνωσαν
3124 3215 3332 3268 αὐτόν.
3352 3215 3451 3267 Διὰ
3478 3214 3531 3266 τί
3565 3213 3718 3284 πρῶ-

2045 3320 2135 3356 τον
2190 3303 2358 3356 ἔδωκε
2403 3302 2495 3354 τὸν
2551 3301 2733 3372 ἄρτον,
2770 3301 2869 3353 καὶ⁵
2912 3300 3034 3353 τότε
3092 3299 3387 3371 ἠνοίγησαν
3440 3299 3618 3354 αὐτῶν
3666 3302 3715 3353 οί

2044 3387 2344 3459 όφθαλμοί;
2402 3386 2614 3459 Ἐπειδὴ
2648 3385 2851 3457 βρῶσις
2896 3384 2991 3439 τοῦ
3044 3384 3216 3456 Ἀδὰμ
3241 3387 3367 3449 τοὺς
3405 3384 3712 3455 ὀφθαλμοὺς

2047 3475 2232 3537 κακῶς
2268 3473 2500 3544 ήνοιξεν,
2547 3472 2876 3544 ἀντεισήχθη
2898 3471 2995 3526 νῦν
3019 3471 3220 3543 βρῶσις
3255 3471 3355 3543 τὴν
3378 3471 3537 3542 ξένην
3579 3472 3713 3527 ἀνά-

2046 3560 2235 3631 ϐλεψιν
2263 3559 2626 3633 ἐργαζομένη.
2658 3558 3028 3630 Ἀναϐλέψωσι
3076 3560 3171 3613 καὶ
3204 3561 3253 3612 οἱ
3288 3559 3396 3613 τῶν
3428 3558 3717 3630 αἱρετικῶν

2047 3649 2255 3710 παῖδες,
2305 3648 2397 3701 καὶ
2442 3646 2593 3700 ἴδωσι
2635 3646 2697 3700 τὸ
2740 3646 2854 3715 φῶς
2891 3646 2991 3717 τῆς
3033 3645 3311 3717 ἀληθείας,
3346 3644 3492 3698 ίδωσι
3523 3644 3613 3697 τὸν
3658 3646 3717 3697 ἐν

2046 3736 2186 3805 ἀρχῇ
2213 3735 2344 3788 ὄντα
2376 3733 2528 3796 Θεὸν,
2561 3733 2696 3786 Θεὸν
2721 3733 2870 3796 ὄντα,
2902 3733 2997 3786 καὶ
3018 3732 3154 3786 Θεοῦ
3175 3733 3346 3802 Λόγον
3367 3732 3679 3803 ὑπάρχοντα
3699 3748 3714 3762 ⁶

2046 3820 2319 3875 ἀκούσωσι
2348 3820 2608 3883 πολλάκις
2640 3816 2874 3883 τὸ.⁷Ην,
2898 3821 2994 3873 καὶ
3022 3819 3337 3874 παύσωνται
3367 3820 3614 3888 λέγοντες
3632 3818 3717 3886 τὸ,

2039 3913 2159 3964 Οὐκ
2186 3906 2283 3980 ἦν.
2312 3911 2413 3965 Ἑν
2438 3907 2595 3979 ἀρχῇ
2628 3904 2705 3978 ἦν
2734 3911 2766 3963 ό
2790 3908 2999 3978 Λόγος.
3041 3910 3159 3963 Ούκ
3198 3909 3360 3974 εὐθὺς
3397 3907 3556 3963 τοῦτο
3587 3910 3718 3980 ἐκη-

2048 3996 2218 4069 ρύχθη
2238 4014 2252 4027 ’
2287 3997 2347 4049 ού
2388 3997 2496 4066 γάρ
2526 3995 2721 4066 ἐχώρει
2752 3996 2780 4047 6
2812 3996 3037 4065 κόσμος.
3065 3995 3343 4068 Τέσσαρες
3370 3996 3549 4067 μέντοι
3576 3995 3717 4049 είσὶν

2045 4083 2423 4153 εύαγγελισταὶ
2452 4092 2501 4146 ο,
2533 4082 2831 4147 Ματθαῖος,
2863 4082 3108 4155 Μάρκος,
3140 4083 3375 4151 Λουκᾶς,
3411 4082 3505 4137 καὶ
3540 4081 3718 4136 Ἰωάν-

2044 4190 2142 4244 νης
2166 4190 2178 4202 ·
2210 4172 2303 4225 ὅτε
2320 4169 2553 4242 ἧρξαντο
2577 4169 2671 4223 τοῦ
2701 4168 3076 4240 κηρύγματος,
3106 4170 3205 4224 ούκ
3233 4169 3385 4242 [412]
3412 4170 3570 4233 εὐθὺς
3595 4169 3717 4224 ἐλά-

2044 4259 2215 4330 λησαν
2253 4259 2323 4312 τά
2364 4258 2645 4329 πρέποντα
2671 4259 2735 4329 τῇ
2763 4257 2913 4328 ἀξίᾳ,
2956 4255 3090 4309 ἀλλά
3121 4256 3189 4310 τὰ
3243 4257 3550 4326 ἁρμόζοντα
3606 4259 3715 4320 τοῖς

2046 4344 2438 4417 ἀκροωμένοις.
2472 4345 2532 4397 '0
2563 4344 2842 4407 Ματθαῖος
2873 4343 3049 4417 ἀρχὴν
3085 4342 3451 4413 ποιησάμενος
3483 4341 3594 4396 τῶν
3623 4343 3716 4396 56-

2043 4434 2331 4504 αγγελίων,
2384 4434 2568 4503 λέγει·
2618 4435 2838 4500 Βίϐλος
2874 4433 3165 4504 γενέσεως
3207 4431 3409 4500 Ἰησοῦ
3456 4433 3715 4500 Χριστοῦ
3766 4502 3771 4507 ο

2043 4521 2179 4575 υίοῦ
2213 4520 2417 4587 Δαυιδ,
2445 4520 2582 4575 υἱοῦ
2606 4518 2875 4590 Ἀϐραάμ.
2905 4519 3004 4573 Διά
3033 4520 3087 4573 τί
3142 4519 3216 4591 μὴ
3268 4518 3400 4573 Υίοῢ
3429 4518 3596 4584 8506;
3626 4519 3715 4573 διὰ

2043 4608 2097 4663 τί
2126 4611 2316 4680 πτωχῇ
2348 4608 2491 4674 λέξει
2513 4607 2776 4679 κρύπτεις
2808 4607 2905 4668 τὴν
2934 4607 3126 4673 ἀξίανς
3161 4606 3248 4661 διὰ
3274 4606 3326 4660 τί
3358 4609 3469 4670 10!;
3500 4606 3713 4678 ἀνθρώ-

2044 4712 2167 4759 ποις
2190 4694 2259 4752 τά
2286 4694 2404 4748 θεία
2433 4693 2766 4760 καλύπτεις;
2808 4694 2964 4766 Παρά
2998 4693 3288 4757 Ἰουδαίοις,
3324 4694 3478 4765 φησὶ,
3509 4692 3713 4765 κηρύτ-

2043 4800 2142 4846 τω,
2172 4784 2284 4847 τοϊς
2325 4782 2461 4853 μηδὲ
2514 4782 2804 4853 ἄνθρωπον
2836 4782 3041 4836 δίκαιον
3079 4774 3219 4835 εἷναι
3266 4781 3578 4834 πιστεύουσι
3618 4781 3710 4833 τὸν

2044 4868 2299 4941 Χριστόν.
2342 4864 2470 4922 Υίὸ’ν
2504 4867 2757 4939 Ἀϐραὰμ
2796 4867 2948 4921 οὔπω
2980 4867 3245 4931 ἐδέξαντο,
3295 4867 3390 4919 καὶ
3425 4866 3552 4920 Υίὸν
3576 4866 3725 4920 Θεοῦ.

2045 4956 2546 5027 καταγγελλόμενον
2570 4954 2883 5019 ἀνέξονται;
2913 4955 3024 5009 Καὶ
3052 4952 3213 5008 πόθεν
3231 4952 3415 5022 10610;
3445 4952 3568 5009 ’Ότι
3591 4952 3711 5012 οὐδὲ

2044 5044 2140 5099 τοῦ
2175 5045 2369 5114 γένους
2404 5043 2568 5097 αὐτὸν
2601 5041 2913 5113 ὡμολόγουν
2963 5038 3231 5112 Ἀϐραάμ.
3287 5040 3401 5093 Ούκ
3454 5041 3710 5112 ἤκουσας,

2044 5128 2120 5194 ὡς
2148 5129 2408 5192 πολλάκις
2431 5126 2878 5199 βλασφημοῦντες
2906 5125 3087 5192 αὐτὸν,
3112 5125 3317 5194 ἔλεγον·
3345 5124 3712 5195 Σαμαρείτης

2044 5212 2102 5270 εἷ
2126 5216 2230 5281 σὺ,
2269 5218 2368 5269 καὶ
2398 5215 2710 5284 δαιμόνιον
2744 5213 2947 5283 ἔχεις;
2978 5213 3041 5265 Ol
3076 5210 3172 5266 106
3202 5210 3392 5281 γένους
3420 5212 3580 5267 αὐτὸν
3604 5212 3712 5266 τῶν

2050 5303 2222 5371 ἁγίων
2252 5301 2626 5365 ἐκϐάλλοντες,
2653 5299 2752 5372 τὴν
2776 5299 2932 5367 ἀξίαν
2952 5300 3049 5367 τὴν
3080 5297 3260 5353 ἔνθεον
3279 5297 3710 5370 κατελάμϐανον.
3776 5348 3781 5351 _

2047 5391 2112 5444 Τί
2137 5386 2230 5444 06v
2268 5406 2431 5459 φησι;
2462 5389 2679 5455 Βίϐλος
2702 5385 2991 5459 γενέσεως
3022 5386 3228 5455 Ἰησοῦ
3262 5386 3544 5456 Χριστοῦ.
3578 5386 3725 5441 υίοῦν

2047 5477 2246 5542 Διιυίδ,
2278 5476 2411 5531 υίοῦ
2448 5474 2718 5545 Ἀϐραάμ.
2766 5474 2986 5547 Πρῶτον
3019 5475 3215 5538 αὐτοὺς
3248 5465 3432 5542 ἐνάγει
3459 5476 3571 5539 10!;
3600 5473 3716 5527 όνόν

2052 5583 2184 5639 μασι
2221 5568 2333 5629 τοῖς
2365 5564 2559 5635 φίλοις,
2607 5566 2716 5628 τοῖς
2750 5564 2886 5634 πρὸς
2934 5563 3255 5632 συγγένειαν
3294 5560 3611 5633 ἡνωμένοις,
3643 5559 3725 5615 Iv?”

2109 5683 2131 5703 '
2158 5683 2306 5732 Savil.
2330 5684 2421 5738 ἓως
2444 5682 2638 5740 ἐπέστη.

2115 5747 2136 5776 ⁸
2164 5745 2298 5794 L'nu:
2320 5745 2405 5794 sic.
2428 5745 2528 5796 Alii
2550 5739 2733 5807 μακρὰν
2757 5739 2868 5803 ἡιίίν
2886 5743 2931 5791 οι
2956 5741 3110 5805 εύαγγ.
