4092 6206
367 307 460 365 511
1671 301 1759 357 DE
1796 299 1953 358 SlGil

2059 298 2081 356 5
2119 299 2369 358 SERMO.

366 426 519 481 facit?
537 425 822 498 Postquam
842 444 953 483 rem
966 428 1234 498 attigerat,
1247 426 1484 496 cogitans
1501 440 1559 481 se
1577 424 1802 480 mortuis
1814 422 1947 477 auri-

302 538 303 541 η
365 519 461 574 bus
480 519 750 584 insonare,
769 521 1080 590 dignitatem
1094 519 1252 584 celat,
1272 529 1327 575 et
1346 518 1699 575 oeconomiam
1720 515 1950 587 profert:

369 610 486 666 Fuit
502 614 735 666 sacerdos
748 613 1046 677 Zacharias,
1063 614 1370 668 etc.0mnes
1387 629 1514 681 ergo
1536 614 1600 667 ad
1619 613 1794 666 carnis
1812 625 1956 665 uaco-

367 707 595 760 nomiam
628 717 907 773 venerunt,
934 717 985 761 et
1016 722 1108 776 per
1137 706 1388 760 miracula
1419 704 1727 773 dignitatem
1748 700 1946 755 sensim

365 797 1085 853 indit-aruot..Pr:edicahatur
1100 796 1354 852 DeiVerbi
1371 796 1623 865 dignitas,
1642 794 1744 847 tela
1759 802 1943 845 contra

367 891 645 945 batrctiCos
658 891 1080 953 occultabantur,
1098 899 1151 944 et
1179 898 1337 944 rectae
1358 889 1636 942 sententim
1655 900 1957 956 propugna-

361 983 540 1036 culum
574 984 808 1036 nondum
832 983 1040 1051 pietatis
1068 981 1442 1051 praedicatione
1457 980 1742 1034 excitatum
1760 976 1950 1031 fuerat.

416 1052 560 1129 .Trcs
598 1054 791 1145 priores
832 1072 1168 1144 Evangelislae
1207 1074 1449 1143 fulgura,
1497 1069 1722 1124 Joannes
1765 1068 1956 1122 tonitru

364 1166 483 1233 fuit.
522 1195 593 1207 -—
630 1165 863 1220 Joannes
908 1180 1037 1234 ergo
1085 1164 1226 1218 tilius
1275 1162 1491 1218 tonitrui
1542 1172 1842 1231 posuemus
1886 1159 1951 1211 ad

360 1246 686 1325 theologiam
718 1255 946 1309 accessit
978 1263 1096 1323 post
1128 1266 1235 1307 tres
1279 1252 1401 1307 illos
1429 1266 1725 1321 prmcones,
1758 1259 1812 1303 et
1834 1249 1956 1318 jure

364 1347 456 1403 hic
483 1356 742 1415 sequutus
769 1356 887 1412 est;
919 1345 993 1398 illi
1030 1352 1441 1414 praecesserunt,
1471 1352 1526 1398 et
1554 1341 1820 1411 paululum
1854 1340 1954 1394 ful-

365 1438 518 1509 guris
544 1439 857 1495 emiserunt.
887 1434 1348 1503 Quemadmodum
1377 1435 1518 1489 enim
1548 1434 1723 1503 fulgur
1754 1435 1950 1486 tonitru

363 1528 659 1596 praecedit,
702 1542 769 1582 ne
811 1538 1035 1596 repente
1077 1541 1141 1581 ex
1189 1525 1417 1580 nubibus
1467 1539 1754 1592 erumpens
1798 1537 1956 1577 aures

360 1620 671 1694 percellat;
695 1618 764 1673 ita
790 1628 1075 1688 antequam
1104 1617 1337 1671 Joannes
1364 1624 1571 1670 tonaret
1595 1656 1608 1674 .
1640 1624 1750 1668 tres
1778 1629 1943 1667 evan-

354 1710 563 1780 gelista:
595 1710 762 1763 instar
792 1710 1061 1779 fulgurum
1094 1717 1499 1778 pneceSseruut.
1533 1705 1608 1758 lili
1642 1706 1808 1759 instar
1838 1704 1941 1758 ful-

353 1817 547 1872 gurum
584 1802 940 1856 meouomiam
981 1801 1352 1864 illustrarunt;
1387 1799 1471 1851 hic
1512 1797 1831 1865 theologiam
1867 1804 1951 1848 to-

357 1905 475 1949 nat.
509 1894 730 1948 Tonitru
770 1905 949 1948 autem
972 1935 986 1957 ,
1027 1892 1257 1958 fratres,
1288 1900 1407 1961 post
1451 1890 1677 1960 pluviam
1706 1929 1719 1952 ,
1754 1889 1952 1940 tonitru

356 1986 669 2040 terriculum
696 1995 777 2040 est
805 1986 1171 2057 improborum
1204 2001 1218 2035 :
1248 1998 1310 2037 ac
1351 1983 1490 2036 sicut
1517 1981 1706 2035 malum
1752 1979 1953 2032 tonitru

354 2076 458 2133 eeu
489 2081 612 2151 tuba
642 2077 870 2149 quadam
901 2093 1054 2132 usum
1080 2120 1094 2141 ,
1124 2076 1357 2147 pluviam
1390 2075 1650 2137 advorat,
1681 2072 1773 2127 sed
1806 2074 1953 2141 prius

361 2170 599 2242 pluviam
633 2171 869 2233 excitat;
902 2185 1022 2222 nam
1062 2169 1201 2222 Deus
1236 2166 1463 2237 Fulgura
1494 2167 1545 2218 in
1575 2164 1800 2235 pluviam
1834 2164 1951 2235 fecit

370 2254 564 2331 (Psal.
590 2248 734 2315 T54.
776 2260 841 2330 7)
880 2277 893 2314 :
931 2259 1123 2314 deinde
1166 2259 1360 2311 tonitru
1411 2258 1576 2310 mihcs
1621 2262 1937 2309 commovet.

354 2351 499 2419 Quid
529 2350 727 2420 igifur?
754 2350 885 2417 Quia
929 2359 1317 2421 pratcesserant
1349 2357 1490 2401 tanta
1525 2347 1670 2402 verbi
1702 2347 1905 2415 fulgura
1931 2386 1947 2412 ,

353 2434 601 2513 sequitur
637 2442 889 2507 demum,
931 2451 987 2496 ut
1026 2442 1180 2507 dixi,
1223 2443 1420 2495 tonitru
1467 2440 1779 2509 theologiw,
1808 2438 1951 2507 quod

357 2535 561 2588 inultos
594 2534 922 2588 sublimitate
952 2550 1047 2588 sua
1091 2534 1391 2602 percellat,
1430 2532 1523 2586 sed
1567 2531 1952 2586 benedictionis

357 2628 563 2680 imbres
596 2614 832 2680 emittat.
865 2625 931 2680 Et
974 2626 1126 2679 nobis
1163 2623 1377 2694 quidem
1428 2625 1626 2677 tonitru
1672 2623 1953 2692 theologia:

356 2720 631 2784 efficitur;
666 2719 935 2773 haereticis
964 2734 1090 2773 vero
1123 2718 1351 2779 tonitru,
1380 2716 1520 2786 quod
1554 2715 1724 2770 malas
1756 2714 1952 2768 bestias

354 2811 688 2864 Sublimilate
711 2811 857 2864 vocis
878 2809 1131 2879 depellat.
1160 2809 1233 2861 Ab
1261 2808 1607 2876 increpatione
1629 2818 1713 2860 tua
1736 2807 1948 2878 fugient,

354 2919 393 2954 α
420 2918 539 2955 voce
565 2901 773 2954 tonitrui
803 2903 878 2954 tui
906 2900 1253 2972 formidabant
1286 2899 1458 2968 (Psal.
1489 2900 1612 2955 105.
1643 2898 1717 2969 7).

436 2993 491 3048 6.
524 2995 883 3047 Accurramus
914 3007 1043 3062 ergo
1083 2991 1149 3044 ad
1189 3007 1309 3045 eum
1341 2991 1429 3058 qui
1463 2991 1515 3045 in
1556 2990 1814 3060 principio
1837 2999 1954 3044 erat

361 3087 541 3150 Deus,
570 3099 917 3140 occurramus
955 3085 1021 3137 ad
1066 3095 1321 3139 aeternam
1368 3084 1579 3148 lucem,
1610 3097 1953 3137 accurramus

356 3177 430 3231 ad
459 3177 694 3235 Verbum
725 3186 944 3246 propter
976 3166 1027 3229 te
1063 3174 1261 3229 factum
1302 3173 1601 3229 hominem.
1632 3174 1763 3228 Cum
1795 3174 1949 3239 dico,

359 3271 581 3340 factum,
606 3282 713 3320 non
746 3275 1002 3320 mutatam
1032 3266 1153 3320 dico
1191 3275 1457 3327 naturam,
1486 3264 1579 3319 sed
1609 3265 1838 3319 divinam
1867 3264 1951 3318 di-

356 3358 621 3428 gnitatem
672 3366 855 3413 nostra
899 3367 1283 3413 assumeutem.
1335 3358 1465 3412 Illud
1510 3359 1687 3423 enim,
1743 3357 1952 3412 Verbum

358 3465 485 3503 caro
510 3436 703 3520 factum
732 3460 826 3516 est,
860 3465 965 3503 non
996 3451 1197 3518 lapsam
1233 3460 1474 3504 naturam
1504 3451 1720 3518 indicat,
1752 3450 1842 3504 sed
1873 3451 1956 3504 in-

362 3543 671 3613 firmitatem
701 3550 938 3596 nostram
959 3551 1308 3611 assumptam.
1334 3541 1464 3596 Nam
1492 3542 1535 3596 si
1560 3542 1713 3609 illud,
1738 3541 1953 3596 Factum

362 3612 464 3698 est,
492 3627 839 3686 mutationem
868 3645 991 3685 esse
1020 3641 1205 3700 putas;
1234 3631 1278 3685 si
1308 3632 1496 3686 audias
1525 3632 1744 3686 Paulum
1772 3633 1955 3686 dicen-

365 3736 499 3787 tem,
524 3724 752 3777 Christus
782 3738 872 3776 nos
902 3723 1113 3776 redemit
1140 3740 1172 3776 a
1194 3722 1461 3777 maledicto
1492 3724 1637 3795 legis,
1669 3728 1835 3795 factus
1862 3742 1954 3796 pro

363 3817 510 3869 nobis
540 3815 862 3869 maledictum
892 3812 1052 3884 (Gal.
1079 3817 1134 3870 3.
1165 3815 1300 3885 l3);
1331 3815 1672 3869 maledictum
1715 3817 1764 3869 in
1796 3826 1953 3870 natu-

366 3922 485 3961 ram
514 3908 749 3972 referes,
781 3918 833 3961 et
877 3907 1226 3960 mutationem
1274 3906 1541 3960 maledicti
1579 3906 1683 3960 dici
1721 3907 1951 3976 putabis.

372 3997 437 4054 Ut
465 4013 593 4069 ergo
621 3996 775 4062 illud,
808 3995 1000 4050 Factus
1027 3997 1374 4064 maledictum,
1407 3997 1537 4051 nihil
1569 3997 1710 4052 aliud
1750 3999 1953 4069 signifi-

367 4096 484 4151 cat,
515 4103 673 4158 quam
702 4087 842 4156 quod
888 4088 1002 4156 ipse
1041 4086 1380 4143 maledictum
1425 4088 1476 4140 iu
1518 4102 1577 4142 se
1614 4091 1907 4159 susceperit
1937 4108 1952 4145 :

368 4184 449 4236 sic
477 4179 603 4234 illud
625 4221 639 4244 ,
670 4178 739 4232 Et
779 4177 997 4233 Verbum
1027 4195 1148 4232 caro
1178 4184 1369 4250 factum
1409 4190 1514 4243 est,
1548 4189 1593 4234 et
1633 4181 1870 4235 habitavit
1902 4184 1956 4236 in

370 4274 514 4328 nobis
536 4315 551 4337 ,
582 4270 713 4325 nihil
739 4271 883 4325 aliud
916 4269 1179 4340 significat
1198 4311 1212 4331 ,
1241 4285 1398 4340 quam
1428 4272 1606 4326 carnis
1631 4273 1956 4342 assumptio-

303 4353 308 4357 ’
374 4379 521 4418 nem.
563 4361 737 4418 Habes
772 4361 910 4431 apud
943 4371 994 4415 te
1022 4362 1305 4431 imaginem
1340 4379 1353 4414 :
1386 4362 1605 4415 verbum
1638 4364 1752 4417 sive
1780 4377 1957 4418 sermo

374 4454 657 4519 uniscirca
703 4453 799 4508 Dei
829 4453 1061 4508 Verbum
1106 4464 1156 4506 te
1182 4454 1471 4517 instituet,
1504 4470 1608 4508 non
1650 4456 1956 4512 omnimoda

372 4544 718 4599 similitudine
742 4584 757 4606 ,
795 4543 890 4598 sed
933 4543 1076 4613 quod
1119 4545 1399 4615 vestigium
1438 4545 1705 4615 quoddam
1750 4564 1859 4617 pra:
1897 4564 1957 4606 se

371 4636 547 4702 ferat,
575 4645 630 4690 et
654 4635 932 4704 emphasin
972 4636 1166 4691 divina:
1196 4636 1488 4706 dignitatis.
1527 4638 1622 4692 llic
1661 4654 1788 4694 vero
1828 4641 1956 4696 ntilti

371 4730 609 4783 animum
642 4727 842 4782 adhibe
867 4728 1173 4797 diligenter,
1201 4743 1268 4782 ne
1298 4727 1565 4782 incassum
1598 4732 1756 4784 verba
1786 4731 1956 4800 profeo

373 4830 582 4887 rantur,
609 4830 665 4876 et
692 4820 875 4875 divina
904 4835 1062 4875 sensa
1093 4819 1410 4875 obruantur.
1453 4820 1644 4877 Sermo
1682 4822 1957 4878 hominum

374 4913 622 4982 (obscura
643 4921 820 4965 autem
843 4920 925 4966 est
947 4910 1143 4981 imago,
1172 4927 1291 4981 qua:
1318 4925 1423 4965 non
1454 4919 1621 4966 totam
1648 4913 1957 4985 dignitatem

375 5003 646 5072 exprimit,
682 4999 777 5057 sed
806 5019 925 5072 qua:
951 5017 1019 5057 ex
1051 5003 1247 5057 nostris
1274 5018 1334 5057 ea
1366 5018 1486 5073 qua:
1511 5019 1672 5074 supra
1709 5021 1807 5061 nos
1836 5020 1961 5064 sunt

375 5095 599 5165 edocet)
632 5112 645 5149 :
678 5109 857 5148 sermo
892 5102 1077 5148 noster
1108 5093 1457 5164 incorporeus
1499 5106 1610 5162 est,
1657 5096 1957 5167 invisibilis,

379 5186 728 5241 intractabilis
750 5227 764 5249 ,
796 5187 886 5256 qui
925 5186 1107 5240 auditu
1136 5187 1254 5241 solo
1284 5187 1593 5257 percipitur.
1633 5189 1819 5245 Nullus
1847 5207 1961 5248 ser-

379 5292 589 5333 monem
621 5294 688 5333 ex
719 5278 834 5331 visu
865 5278 1035 5343 novit,
1070 5278 1247 5333 nullus
1274 5293 1435 5333 manu
1466 5283 1835 5349 apprehendit,
1863 5287 1959 5340 sed

378 5378 458 5422 est
498 5368 819 5434 invisibilis,
864 5368 1214 5423 intractabilis
1238 5409 1252 5433 ,
1292 5386 1504 5439 unoque
1543 5373 1757 5428 auditus
1797 5390 1960 5431 sensu

379 5459 604 5529 capitur,
635 5458 797 5528 idque
841 5458 1091 5513 invisibili
1136 5459 1317 5515 modo.
1354 5459 1539 5530 Neque
1567 5464 1711 5517 enim
1747 5464 1962 5523 auditus

379 5559 597 5603 extensa
626 5563 786 5602 manu
814 5549 957 5618 capit
989 5549 1165 5616 illum,
1198 5548 1293 5604 sed
1331 5550 1446 5620 ipse
1482 5566 1660 5607 sermo
1688 5554 1963 5626 ingressus

383 5643 610 5693 tenetur.
639 5636 829 5693 Sermo
875 5640 989 5708 ipse
1029 5640 1265 5710 gignitur
1294 5655 1323 5693 a
1355 5651 1570 5708 mente;
1597 5644 1831 5715 gignitur
1867 5663 1966 5703 au-

381 5739 485 5784 tem
514 5745 620 5785 non
651 5728 920 5800 passione,
950 5745 1055 5785 non
1084 5731 1224 5799 visu,
1250 5746 1356 5787 non
1383 5731 1672 5805 divisione;
1704 5751 1808 5792 non
1838 5753 1960 5810 pars

3539 324 3643 381 512

2064 419 2329 513 deciditur
2357 437 2421 477 ex
2453 433 2630 495 mente
2667 431 3008 500 generantis,
3047 448 3154 491 non
3192 451 3506 513 separatur,
3538 460 3644 500 non

2063 512 2343 567 scinditur.
2378 514 2473 568 llic
2496 516 2626 569 mihi
2657 534 2813 573 aures
2844 525 3145 592 commoda,
3179 526 3449 588 hatretice.
3480 512 3643 591 lutei-

2062 601 2167 672 ligo
2199 604 2426 673 pritnutu
2456 615 2539 659 tua
2562 650 2576 673 ,
2605 617 2657 662 et
2685 619 2810 665 tunc
2835 628 2895 666 ea
2928 631 3046 685 qua:
3082 633 3237 687 supra
3272 631 3323 676 te
3352 633 3477 678 sunt
3513 626 3644 683 ima-

2060 697 2246 764 ginare
2280 716 2293 751 :
2322 697 2489 769 gignit
2520 717 2701 766 mens,
2734 706 2907 773 prodit
2938 710 3158 765 verbum
3183 753 3198 778 ,
3243 717 3417 784 prodit
3453 733 3519 774 ex
3549 735 3646 791 ge-

2063 799 2309 855 nerante,
2339 801 2391 845 et
2413 807 2600 847 omnes
2630 796 2715 864 qni
2744 798 2968 854 audiunt
2995 806 3182 871 replet,
3215 823 3312 862 nec
3342 829 3367 861 ει
3400 813 3644 879 genitore

2061 881 2264 936 recedit
2292 901 2306 935 :
2343 886 2518 953 prodit
2551 902 2751 954 Si'l‘lllO,
2782 893 2869 961 qui
2905 893 2954 946 in
2988 910 3176 953 omnes
3202 899 3560 974 distribuitur,
3593 917 3645 965 et

2062 985 2321 1066 nuSquam
2359 977 2638 1032 scinditur.
2676 980 3051 1056 Unusquisque
3093 999 3261 1046 totum
3300 998 3497 1066 excipit
3524 1015 3647 1056 ver-

2061 1059 2219 1127 bum,
2250 1071 2305 1117 et
2333 1076 2415 1119 est
2457 1067 2508 1121 in
2551 1070 2776 1139 singulis
2799 1114 2814 1138 ,
2843 1085 2895 1127 et
2925 1074 2976 1129 in
3011 1086 3089 1132 tot
3118 1059 3435 1139 distributus
3456 1128 3473 1154 ,
3502 1100 3647 1146 totus

2062 1164 2238 1209 tamen
2282 1158 2593 1215 infunditur.
2639 1163 2834 1220 Noster
2865 1168 3041 1240 itaque
3071 1190 3251 1229 sermo
3287 1189 3517 1235 mentem
3550 1198 3648 1252 ge-

2061 1257 2338 1302 nerantem
2385 1250 2437 1304 in
2480 1266 2539 1306 se
2579 1253 2911 1312 demonstrat
2942 1277 2957 1320 ;
2989 1277 3017 1315 a
3044 1264 3211 1318 verbo
3240 1283 3468 1339 namque
3495 1250 3648 1328 mens

2060 1340 2555 1407 comprehenditur.
2604 1345 2735 1403 illud
2779 1360 2955 1406 autem
3004 1357 3396 1415 animadvertas
3437 1364 3593 1419 velim
3629 1382 3646 1426 ;

2062 1427 2167 1484 hoc
2186 1443 2371 1486 nostro
2396 1450 2644 1493 sermone
2674 1442 2810 1496 Deus
2830 1448 3182 1503 teconomiam
3213 1452 3303 1507 Dei
3329 1453 3483 1509 Verbi
3512 1473 3645 1527 prte-

2062 1521 2321 1591 figurans,
2356 1528 2639 1598 imaginem
2683 1536 2970 1603 quamdam
3011 1540 3306 1598 mirabilem
3346 1521 3642 1617 prtemittit.

2064 1618 2292 1670 terrenis
2341 1618 2560 1675 floribus
2603 1623 2945 1691 decoratum.
2992 1646 3110 1700 qtue
3160 1644 3334 1690 tamen
3380 1642 3646 1697 sermonis

2061 1709 2253 1801 rationi
2277 1724 2566 1782 competat.
2601 1716 2736 1785 Quid
2777 1721 2968 1790 igitur?
3007 1725 3320 1783 Sermonem
3364 1742 3643 1801 nostrum,

2060 1797 2419 1867 invisibilem,
2464 1806 2833 1875 incorporeum
2854 1854 2869 1879 ,
2902 1816 2989 1883 qui
3035 1821 3199 1874 teneri
3243 1836 3469 1892 nequeat
3496 1866 3511 1890 ,
3538 1797 3642 1879 alio

2059 1890 2290 1957 quodam
2337 1896 2562 1963 sapienti
2611 1902 2768 1955 modo
2811 1905 3186 1975 conformans,
3224 1914 3274 1967 id
3314 1890 3479 1971 efficit
3504 1928 3557 1971 ut
3586 1930 3640 1973 et

2060 1979 2229 2036 videri
2260 1994 2313 2037 et
2343 1988 2512 2042 teneri
2559 1995 2744 2059 possit.
2788 1996 2922 2063 Quid
2966 2000 3107 2055 enim
3155 2004 3316 2060 facit?
3352 2008 3482 2076 Quia
3526 2013 3641 2066 visit

2059 2086 2175 2169 non
2199 2079 2612 2146 percipiebatur,
2648 2084 2797 2141 illum
2831 2091 2997 2145 literis
3026 2110 3122 2149 ceu
3151 2113 3375 2168 corpore
3406 2106 3637 2169 vestivit,

2058 2170 2113 2214 et
2142 2161 2414 2221 literarum
2448 2173 2681 2238 speciem
2712 2193 2807 2232 ceu
2837 2195 3049 2237 earuem
3083 2186 3178 2256 ipsi
3210 2161 3588 2264 circumpositit

2018 2312 2023 2317 _
2058 2265 2120 2304 ac
2150 2269 2304 2322 quem
2346 2260 2570 2315 audiens
2614 2281 2719 2319 non
2764 2273 3057 2341 cernebas,
3110 2277 3293 2347 legens
3335 2260 3637 2355 consilieis;

2058 2358 2216 2412 quem
2245 2346 2420 2417 legere
2448 2369 2551 2407 non
2582 2368 2815 2424 poteras,
2847 2362 2898 2415 in
2922 2365 3059 2421 libro
3079 2346 3409 2429 circumfers.
3441 2346 3637 2436 Verani

2056 2448 2235 2492 seruio
2268 2455 2360 2508 per
2388 2444 2571 2499 literas
2600 2464 2889 2521 corporeus
2916 2456 3166 2527 efficitur,
3194 2466 3243 2517 in
3271 2467 3435 2523 literis
3461 2481 3637 2527 tamen

2058 2542 2163 2580 nou
2192 2533 2562 2597 cenciuditur;
2595 2541 2686 2595 sed
2718 2554 2799 2597 est
2828 2557 2876 2600 et
2909 2562 3029 2603 enm
3071 2552 3283 2610 dicente
3318 2570 3370 2611 et
3408 2575 3528 2615 cum
3559 2564 3639 2618 le-

2056 2628 2233 2718 gente.
2348 2626 2488 2718 quis,
2520 2627 2733 2699 fratres,
2766 2635 2954 2690 librtnn
2981 2639 3271 2712 discerpat.
3300 2663 3495 2718 corpus
3524 2667 3639 2708 ser-

2058 2712 2233 2765 monis
2255 2713 2488 2779 discidit,
2518 2736 2620 2773 non
2652 2739 2977 2784 sermonem.
3010 2732 3076 2786 Et
3102 2746 3159 2788 ut
3182 2736 3357 2791 discas
3386 2712 3490 2797 non
3516 2761 3643 2801 ron-

2056 2803 2194 2898 snumi
2217 2818 2523 2863 sermonem
2551 2828 2651 2865 una
2679 2830 2799 2870 cum
2825 2820 3012 2887 literis,
3037 2824 3164 2882 dicit
3188 2827 3335 2885 Deus
3354 2832 3640 2898 Jeremiat:

2058 2892 2252 2948 Sedens
2277 2900 2438 2952 scribe
2463 2904 2512 2954 in
2535 2903 2619 2957 libi
2634 2923 2662 2958 ο
2683 2924 2853 2963 omnes
2877 2929 3148 2981 sermones,
3177 2929 3222 2972 et
3243 2924 3386 2976 trade
3405 2924 3643 2983 Joacltim

2055 2986 2164 3083 regi
2194 2987 2329 3055 (Jer.
2362 2992 2449 3045 56.
2484 2994 2598 3065 26).
2633 2998 2759 3052 Erat
2799 3013 2977 3057 autem
3018 3020 3196 3063 sermo
3225 3016 3644 3083 reprehensione

2058 3080 2266 3172 plenus.
2291 3084 2553 3153 Quoniam
2578 3090 2737 3159 igitur
2757 3096 3040 3162 optimates
3066 3080 3514 3172 reprehensiones
3535 3129 3639 3168 non

2056 3169 2266 3271 ferunt;
2298 3191 2468 3271 neque
2490 3181 2630 3233 enim
2660 3184 2891 3253 dignitas
2917 3169 3313 3261 facilejustitite
3338 3201 3637 3271 subjicitur,

2057 3261 2151 3314 sed
2196 3265 2478 3321 veritatem
2523 3269 2813 3340 obseurat;
2859 3293 2950 3332 rex
2991 3261 3498 3351 reprehensionibus
3538 3261 3641 3351 illis

2057 3352 2294 3409 offensus
2320 3398 2334 3421 ,
2369 3358 2517 3413 illum
2549 3363 2804 3433 scalpello
2844 3372 3035 3426 scriba:
3074 3375 3352 3433 discissum
3387 3384 3434 3436 in
3468 3386 3641 3441 locum

2059 3446 2194 3530 ignis
2225 3451 2475 3521 eonjecit.
2504 3454 2638 3522 Quid
2671 3475 2797 3529 ergo
2829 3462 2971 3518 Deus
3008 3468 3072 3520 ad
3102 3468 3421 3528 Jeremiatn?
3448 3476 3643 3534 Sedens

2057 3540 2255 3636 eosdem
2282 3559 2535 3600 sermones
2571 3550 2764 3618 scribe,
2806 3563 2851 3606 et
2880 3558 2946 3608 da
2975 3559 3082 3629 regi
3111 3559 3264 3632 (Jer.
3295 3565 3384 3619 56.
3412 3566 3482 3622 28
3507 3571 3555 3636 ),
3587 3587 3643 3625 nt

2058 3632 2231 3687 discat
2256 3650 2316 3690 se
2342 3636 2525 3692 literas
2549 3640 2871 3699 dissecuisse
2890 3689 2906 3712 ,
2934 3666 3032 3704 nec
3062 3667 3365 3711 sermonem
3398 3632 3639 3717 sold-isse.

2064 3727 2250 3823 Vidi-di
2293 3730 2621 3801 imaginem?
2660 3737 2769 3805 jam
2800 3753 3033 3796 mentem
3064 3747 3113 3799 in
3145 3747 3371 3805 sublime
3398 3768 3511 3823 age.
3548 3755 3641 3811 Dei

2061 3817 2321 3887 Verbum,
2348 3824 2461 3877 sive
2489 3824 2682 3880 Sermo
2707 3828 2848 3883 Dens
2878 3834 3199 3903 unigenitus,
3228 3817 3640 3910 eorpusinduit,

2062 3911 2232 3979 utqui
2269 3927 2375 3967 non
2406 3917 2694 3983 apparebat
2737 3930 3059 3990 appareret;
3088 3942 3301 3984 carnem
3347 3934 3556 4004 induit,
3587 3950 3644 3995 ut

2060 4004 2381 4057 contrectari
2419 4015 2599 4073 posset
2627 4008 2717 4078 qui
2746 4020 2869 4065 ante
2897 4030 3002 4070 non
3030 4024 3483 4081 contreetabatur.
3518 4031 3644 4087 Ideo

2058 4092 2292 4190 Joannes
2321 4111 2441 4151 cum
2473 4099 2765 4158 invenias-et
2794 4104 2923 4160 illud
2954 4107 3310 4172 desiderabile
3329 4160 3343 4185 ,
3371 4122 3511 4190 quod
3541 4123 3640 4178 ali-

2059 4188 2272 4286 quando
2300 4191 2482 4286 auditu
2507 4194 2829 4286 tenebatur,
2858 4198 3182 4285 domumque
3224 4210 3336 4264 visu
3379 4188 3641 4286 percipie-

2061 4278 2217 4333 batur
2239 4323 2252 4346 ,
2282 4281 2408 4336 dicit
2442 4301 2456 4338 :
2487 4284 2638 4351 Quod
2665 4297 2772 4340 erat
2801 4305 2833 4342 a
2860 4282 3111 4362 principio
3134 4336 3149 4361 ,
3182 4303 3318 4367 quod
3353 4278 3569 4361 uidimus
3598 4322 3643 4363 et

2060 4372 2379 4439 audivimus,
2411 4386 2459 4428 et
2492 4395 2671 4434 manus
2701 4392 2886 4437 nostrae
2921 4396 3353 4448 contrectaverunt
3378 4398 3449 4466 (1.
3481 4399 3641 4457 Joan.

2065 4466 2117 4517 1.
2146 4462 2225 4537 1).
2253 4465 2483 4522 Carnem
2511 4470 2687 4540 itaque
2724 4477 2970 4544 gestavit,
3003 4466 3201 4536 vestem
3229 4462 3518 4557 dignitatis,
3547 4509 3641 4548 ve-

2062 4566 2196 4611 stem
2228 4558 2506 4615 decentem
2538 4580 2551 4615 :
2586 4580 2705 4619 nam
2748 4566 2996 4626 Dominus
3024 4578 3281 4647 regnavit,
3310 4581 3539 4638 decorem
3565 4586 3645 4640 in-

2062 4652 2214 4747 dutus
2240 4662 2311 4707 est
2339 4651 2509 4747 (Psal.
2536 4655 2624 4711 92.
2655 4659 2728 4729 1).
2753 4660 2924 4717 Judtei
2951 4648 3259 4742 impugnant
3286 4687 3406 4726 eum
3433 4675 3523 4745 qui
3549 4694 3641 4747 ap.

2064 4743 2269 4811 paruit,
2298 4745 2386 4814 qui
2427 4760 2533 4800 non
2579 4762 2922 4819 apparentem
2964 4757 3312 4827 ignorabant;
3343 4774 3395 4818 et
3424 4743 3640 4824 carnem

2063 4833 2278 4901 quidem
2324 4837 2675 4908 crucifigunt,
2718 4843 2813 4897 sed
2851 4844 3186 4904 divinitatem
3224 4868 3330 4909 non
3369 4859 3640 4918 occidunt.

2063 4923 2195 4977 Nam
2227 4926 2271 4978 si
2312 4942 2492 4983 sermo
2522 4945 2672 4986 meus
2698 4948 2806 4988 nou
2841 4938 2977 5004 perit
3005 4953 3124 4993 cum
3157 4942 3344 5010 literis,
3373 4966 3491 5019 quae
3520 4965 3644 5011 sunt

2064 5016 2436 5074 indumentum
2463 5020 2611 5089 ejus,
2641 5038 2707 5077 an
2739 5025 2882 5082 Deus
2912 5032 3128 5087 verbum
3150 5076 3166 5100 ,
3194 5034 3313 5092 fons
3340 5016 3459 5097 vita:
3480 5084 3496 5109 ,
3522 5061 3645 5103 eum

2063 5125 2225 5166 carne
2252 5113 2506 5181 perierit?
2536 5114 2718 5170 Passio
2745 5121 3009 5189 corporis,
3038 5122 3435 5194 impossibilitas
3464 5136 3640 5208 digni-
3668 5116 3683 5123 ’

2066 5202 2192 5257 tatis
2214 5212 2298 5258 est
2327 5204 2423 5276 (a).
2454 5202 2563 5260 Cur
2589 5222 2689 5278 ego
2716 5208 2845 5264 dicit
2873 5211 3066 5269 Paulus
3090 5232 3105 5272 :
3137 5217 3276 5274 Nam
3309 5224 3357 5277 si
3379 5202 3646 5298 cogndvis-

2063 5308 2191 5360 sent,
2219 5313 2493 5369 numquam
2516 5298 2795 5357 Dominum
2822 5306 2999 5375 gloria:
3022 5312 3389 5381 cruciﬁxissent
3419 5320 3494 5390 (l.
3525 5319 3638 5378 Cor.

2062 5388 2118 5440 2.
2142 5388 2237 5456 8)?
2262 5388 2396 5456 Quia
2424 5391 2502 5456 is,
2536 5395 2624 5462 qui
2654 5409 2869 5451 carnem
2906 5399 3112 5467 induit,
3143 5388 3444 5475 pass‘ouem
3471 5412 3651 5470 carnis

2065 5479 2167 5534 sibi
2204 5482 2471 5552 propriam
2512 5486 2709 5541 reddit.
2749 5488 2962 5546 Vestem
3001 5497 3200 5568 regiam
3240 5500 3283 5554 si
3328 5507 3651 5563 contumelia

2065 5570 2340 5641 effeceris,
2371 5590 2548 5633 annon
2588 5579 2676 5633 illa
2716 5580 2960 5640 indutum
2990 5592 3312 5649 contumelia
3343 5595 3556 5654 aﬂicis?
3582 5616 3651 5656 an

2128 5684 3338 5779 famame.“renumerare-nem
3353 5706 3655 5779 habeon

2066 5748 2432 5803 Theodoreth
2459 5752 2589 5805 mat.
2612 5756 2662 5817 δ,
2684 5754 2751 5807 de
2776 5748 3049 5823 impetibili,
3062 5748 3445 5832 λῑὸἰιῑῗὶῗρεἰξῗ
3454 5748 3557 5823 1ἑεὶ
