  <div class='ocr_page' id='page_1' title='image "/cluster/home/n/w/nwhite01/storage/ocr_20150623/63/hvd.32044054112164/437.png"; bbox 0 0 4092 6206; ppageno 0'>
   <div class='ocr_carea' id='block_1_1' title="bbox 509 273 612 327">
    <p class='ocr_par' dir='ltr' id='par_1_1' title="bbox 509 273 612 327">
     <span class='ocr_line' id='line_1_1' title="bbox 509 273 612 327; baseline -0.019 0"><span class='ocrx_word' id='word_1_1' title='bbox 509 273 612 327; x_wconf 70' lang='grc' dir='ltr'><strong>5ἱῦ</strong></span> 
     </span>
    </p>
   </div>
   <div class='ocr_carea' id='block_1_2' title="bbox 513 379 2093 452">
    <p class='ocr_par' dir='ltr' id='par_1_2' title="bbox 513 379 2093 452">
     <span class='ocr_line' id='line_1_2' title="bbox 513 379 2093 452; baseline -0.001 -14"><span class='ocrx_word' id='word_1_2' title='bbox 513 383 688 439; x_wconf 85' lang='lat' dir='ltr'><strong>nescis</strong></span> <span class='ocrx_word' id='word_1_3' title='bbox 714 398 836 437; x_wconf 88' lang='lat' dir='ltr'><strong>eum</strong></span> <span class='ocrx_word' id='word_1_4' title='bbox 868 384 956 451; x_wconf 89' lang='lat' dir='ltr'><strong>qui</strong></span> <span class='ocrx_word' id='word_1_5' title='bbox 987 381 1146 450; x_wconf 72' lang='lat' dir='ltr'><strong>regite</strong></span> <span class='ocrx_word' id='word_1_6' title='bbox 1174 380 1388 452; x_wconf 79' lang='lat' dir='ltr'><strong>imagini</strong></span> <span class='ocrx_word' id='word_1_7' title='bbox 1417 380 1795 437; x_wconf 89' lang='lat' dir='ltr'><strong>contumeliam</strong></span> <span class='ocrx_word' id='word_1_8' title='bbox 1827 379 2006 445; x_wconf 90' lang='lat' dir='ltr'><strong>infert,</strong></span> <span class='ocrx_word' id='word_1_9' title='bbox 2038 380 2093 436; x_wconf 89' lang='lat' dir='ltr'><strong>in</strong></span> 
     </span>
    </p>
   </div>
   <div class='ocr_carea' id='block_1_3' title="bbox 512 473 2091 548">
    <p class='ocr_par' dir='ltr' id='par_1_3' title="bbox 512 473 2091 548">
     <span class='ocr_line' id='line_1_3' title="bbox 512 473 2091 548; baseline -0.003 -16"><span class='ocrx_word' id='word_1_10' title='bbox 512 478 819 548; x_wconf 85' lang='lat' dir='ltr'><strong>dignitatem</strong></span> <span class='ocrx_word' id='word_1_11' title='bbox 864 475 1133 547; x_wconf 78' lang='lat' dir='ltr'><strong>prototypi</strong></span> <span class='ocrx_word' id='word_1_12' title='bbox 1162 473 1543 529; x_wconf 80' lang='lat' dir='ltr'><strong>contumeliam</strong></span> <span class='ocrx_word' id='word_1_13' title='bbox 1574 474 1818 529; x_wconf 76' lang='lat' dir='ltr'><strong>vertere?</strong></span> <span class='ocrx_word' id='word_1_14' title='bbox 1844 488 1911 527; x_wconf 90' lang='lat' dir='ltr'><strong>an</strong></span> <span class='ocrx_word' id='word_1_15' title='bbox 1939 474 2091 544; x_wconf 81' lang='lat' dir='ltr'><strong>igno-</strong></span> 
     </span>
    </p>
   </div>
   <div class='ocr_carea' id='block_1_4' title="bbox 512 564 2090 639">
    <p class='ocr_par' dir='ltr' id='par_1_4' title="bbox 512 564 2090 639">
     <span class='ocr_line' id='line_1_4' title="bbox 512 564 2090 639; baseline -0.004 -15"><span class='ocrx_word' id='word_1_16' title='bbox 512 585 597 624; x_wconf 91' lang='lat' dir='ltr'><strong>ras</strong></span> <span class='ocrx_word' id='word_1_17' title='bbox 618 586 742 625; x_wconf 85' lang='lat' dir='ltr'><strong>eum</strong></span> <span class='ocrx_word' id='word_1_18' title='bbox 769 570 858 639; x_wconf 89' lang='lat' dir='ltr'><strong>qui</strong></span> <span class='ocrx_word' id='word_1_19' title='bbox 885 567 967 622; x_wconf 87' lang='lat' dir='ltr'><strong>vei</strong></span> <span class='ocrx_word' id='word_1_20' title='bbox 998 568 1223 638; x_wconf 83' lang='lat' dir='ltr'><strong>ligneam</strong></span> <span class='ocrx_word' id='word_1_21' title='bbox 1251 566 1333 619; x_wconf 85' lang='lat' dir='ltr'><strong>vel</strong></span> <span class='ocrx_word' id='word_1_22' title='bbox 1360 580 1564 619; x_wconf 74' lang='lat' dir='ltr'><strong>teneam</strong></span> <span class='ocrx_word' id='word_1_23' title='bbox 1607 574 1838 620; x_wconf 80' lang='lat' dir='ltr'><strong>statuam</strong></span> <span class='ocrx_word' id='word_1_24' title='bbox 1877 564 2090 633; x_wconf 85' lang='lat' dir='ltr'><strong>dejicit,</strong></span> 
     </span>
    </p>
   </div>
   <div class='ocr_carea' id='block_1_5' title="bbox 511 658 2091 731">
    <p class='ocr_par' dir='ltr' id='par_1_5' title="bbox 511 658 2091 731">
     <span class='ocr_line' id='line_1_5' title="bbox 511 658 2091 731; baseline -0.002 -14"><span class='ocrx_word' id='word_1_25' title='bbox 511 678 615 717; x_wconf 87' lang='lat' dir='ltr'><strong>non</strong></span> <span class='ocrx_word' id='word_1_26' title='bbox 649 664 796 731; x_wconf 91' lang='lat' dir='ltr'><strong>quasi</strong></span> <span class='ocrx_word' id='word_1_27' title='bbox 829 662 1056 730; x_wconf 80' lang='lat' dir='ltr'><strong>ligneam</strong></span> <span class='ocrx_word' id='word_1_28' title='bbox 1084 659 1359 714; x_wconf 86' lang='lat' dir='ltr'><strong>materiam</strong></span> <span class='ocrx_word' id='word_1_29' title='bbox 1390 660 1585 713; x_wconf 74' lang='lat' dir='ltr'><strong>laeserit</strong></span> <span class='ocrx_word' id='word_1_30' title='bbox 1614 659 1793 727; x_wconf 88' lang='lat' dir='ltr'><strong>plecti,</strong></span> <span class='ocrx_word' id='word_1_31' title='bbox 1821 658 1914 714; x_wconf 90' lang='lat' dir='ltr'><strong>sed</strong></span> <span class='ocrx_word' id='word_1_32' title='bbox 1941 660 2091 729; x_wconf 90' lang='lat' dir='ltr'><strong>quasi</strong></span> 
     </span>
    </p>
   </div>
   <div class='ocr_carea' id='block_1_6' title="bbox 510 750 2094 822">
    <p class='ocr_par' dir='ltr' id='par_1_6' title="bbox 510 750 2094 822">
     <span class='ocr_line' id='line_1_6' title="bbox 510 750 2094 822; baseline 0.001 -17"><span class='ocrx_word' id='word_1_33' title='bbox 510 755 561 806; x_wconf 92' lang='lat' dir='ltr'><strong>in</strong></span> <span class='ocrx_word' id='word_1_34' title='bbox 596 768 767 822; x_wconf 80' lang='lat' dir='ltr'><strong>ipsum</strong></span> <span class='ocrx_word' id='word_1_35' title='bbox 812 766 993 820; x_wconf 86' lang='lat' dir='ltr'><strong>regem</strong></span> <span class='ocrx_word' id='word_1_36' title='bbox 1035 766 1225 805; x_wconf 92' lang='lat' dir='ltr'><strong>manus</strong></span> <span class='ocrx_word' id='word_1_37' title='bbox 1265 750 1565 805; x_wconf 77' lang='lat' dir='ltr'><strong>extenderit</strong></span> <span class='ocrx_word' id='word_1_38' title='bbox 1602 750 1672 806; x_wconf 91' lang='lat' dir='ltr'><strong>de</strong></span> <span class='ocrx_word' id='word_1_39' title='bbox 1718 751 1895 805; x_wconf 89' lang='lat' dir='ltr'><strong>medio</strong></span> <span class='ocrx_word' id='word_1_40' title='bbox 1934 752 2094 806; x_wconf 79' lang='lat' dir='ltr'><strong>tolli?</strong></span> 
     </span>
    </p>
   </div>
   <div class='ocr_carea' id='block_1_7' title="bbox 512 841 2094 910">
    <p class='ocr_par' dir='ltr' id='par_1_7' title="bbox 512 841 2094 910">
     <span class='ocr_line' id='line_1_7' title="bbox 512 841 2094 910; baseline 0 -14"><span class='ocrx_word' id='word_1_41' title='bbox 512 842 727 896; x_wconf 76' lang='lat' dir='ltr'><strong>Materia</strong></span> <span class='ocrx_word' id='word_1_42' title='bbox 758 842 1046 895; x_wconf 85' lang='lat' dir='ltr'><strong>inanitnata</strong></span> <span class='ocrx_word' id='word_1_43' title='bbox 1074 857 1191 910; x_wconf 75' lang='lat' dir='ltr'><strong>qua:</strong></span> <span class='ocrx_word' id='word_1_44' title='bbox 1223 841 1363 910; x_wconf 89' lang='lat' dir='ltr'><strong>regis</strong></span> <span class='ocrx_word' id='word_1_45' title='bbox 1391 841 1674 910; x_wconf 78' lang='lat' dir='ltr'><strong>imaginem</strong></span> <span class='ocrx_word' id='word_1_46' title='bbox 1705 842 1936 910; x_wconf 71' lang='lat' dir='ltr'><strong>pra-fert,</strong></span> <span class='ocrx_word' id='word_1_47' title='bbox 1966 858 2094 896; x_wconf 83' lang='lat' dir='ltr'><strong>con-</strong></span> 
     </span>
    </p>
   </div>
   <div class='ocr_carea' id='block_1_8' title="bbox 510 930 2091 1001">
    <p class='ocr_par' dir='ltr' id='par_1_8' title="bbox 510 930 2091 1001">
     <span class='ocr_line' id='line_1_8' title="bbox 510 930 2091 1001; baseline -0.001 -14"><span class='ocrx_word' id='word_1_48' title='bbox 510 933 783 987; x_wconf 86' lang='lat' dir='ltr'><strong>tumeliam</strong></span> <span class='ocrx_word' id='word_1_49' title='bbox 818 932 869 985; x_wconf 88' lang='lat' dir='ltr'><strong>in</strong></span> <span class='ocrx_word' id='word_1_50' title='bbox 910 947 1090 1001; x_wconf 78' lang='lat' dir='ltr'><strong>regem</strong></span> <span class='ocrx_word' id='word_1_51' title='bbox 1137 930 1430 985; x_wconf 72' lang='lat' dir='ltr'><strong>transfert:</strong></span> <span class='ocrx_word' id='word_1_52' title='bbox 1464 931 1630 985; x_wconf 91' lang='lat' dir='ltr'><strong>forma</strong></span> <span class='ocrx_word' id='word_1_53' title='bbox 1660 940 1839 986; x_wconf 91' lang='lat' dir='ltr'><strong>autem</strong></span> <span class='ocrx_word' id='word_1_54' title='bbox 1871 933 2091 998; x_wconf 88' lang='lat' dir='ltr'><strong>vivens,</strong></span> 
     </span>
    </p>
   </div>
   <div class='ocr_carea' id='block_1_9' title="bbox 508 1020 2089 1093">
    <p class='ocr_par' dir='ltr' id='par_1_9' title="bbox 508 1020 2089 1093">
     <span class='ocr_line' id='line_1_9' title="bbox 508 1020 2089 1093; baseline 0.002 -19"><span class='ocrx_word' id='word_1_55' title='bbox 508 1038 667 1093; x_wconf 86' lang='lat' dir='ltr'><strong>quam</strong></span> <span class='ocrx_word' id='word_1_56' title='bbox 699 1021 872 1077; x_wconf 89' lang='lat' dir='ltr'><strong>induit</strong></span> <span class='ocrx_word' id='word_1_57' title='bbox 904 1021 1043 1076; x_wconf 86' lang='lat' dir='ltr'><strong>Deus</strong></span> <span class='ocrx_word' id='word_1_58' title='bbox 1078 1020 1308 1075; x_wconf 90' lang='lat' dir='ltr'><strong>Verbum</strong></span> <span class='ocrx_word' id='word_1_59' title='bbox 1328 1061 1342 1083; x_wconf 88' lang='lat'><strong>,</strong></span> <span class='ocrx_word' id='word_1_60' title='bbox 1372 1021 1419 1075; x_wconf 91' lang='lat' dir='ltr'><strong>si</strong></span> <span class='ocrx_word' id='word_1_61' title='bbox 1449 1022 1773 1076; x_wconf 86' lang='lat' dir='ltr'><strong>contumelia</strong></span> <span class='ocrx_word' id='word_1_62' title='bbox 1802 1021 2089 1087; x_wconf 82' lang='lat' dir='ltr'><strong>afﬁciatur,</strong></span> 
     </span>
    </p>
   </div>
   <div class='ocr_carea' id='block_1_10' title="bbox 1796 1162 2009 1171">
    <p class='ocr_par' dir='ltr' id='par_1_10' title="bbox 1796 1162 2009 1171">
     <span class='ocr_line' id='line_1_10' title="bbox 1796 1162 2009 1171; baseline 0.005 -2"><span class='ocrx_word' id='word_1_63' title='bbox 1796 1162 2009 1171; x_wconf 59' lang='lat'><strong>~—</strong></span> 
     </span>
    </p>
   </div>
   <div class='ocr_carea' id='block_1_11' title="bbox 511 1159 1722 1238">
    <p class='ocr_par' dir='ltr' id='par_1_11' title="bbox 511 1160 1722 1212">
     <span class='ocr_line' id='line_1_11' title="bbox 511 1160 1722 1212; baseline 0.005 -5"><span class='ocrx_word' id='word_1_64' title='bbox 511 1161 1722 1212; x_wconf 45' lang='grc' dir='ltr'><strong>Ἠ,</strong></span> <span class='ocrx_word' id='word_1_65' title='bbox 912 1163 1074 1210; x_wconf 76' lang='lat'><strong>.__.:</strong></span> <span class='ocrx_word' id='word_1_66' title='bbox 1509 1160 1596 1169; x_wconf 31' lang='grc' dir='ltr'>μ’</span> <span class='ocrx_word' id='word_1_67' title='bbox 1666 1164 1708 1167; x_wconf 34' lang='grc' dir='ltr'><strong>’λ</strong></span> 
     </span>
    </p>
   </div>
   <div class='ocr_carea' id='block_1_12' title="bbox 2032 268 2257 323">
    <p class='ocr_par' dir='ltr' id='par_1_12' title="bbox 2032 268 2257 323">
     <span class='ocr_line' id='line_1_12' title="bbox 2032 268 2257 323; baseline 0.009 -2"><span class='ocrx_word' id='word_1_68' title='bbox 2032 268 2257 323; x_wconf 79' lang='lat' dir='ltr'><strong>DUBIA.</strong></span> 
     </span>
    </p>
   </div>
   <div class='ocr_carea' id='block_1_13' title="bbox 2113 1165 2341 1177">
    <p class='ocr_par' dir='ltr' id='par_1_13' title="bbox 2113 1165 2341 1177">
     <span class='ocr_line' id='line_1_13' title="bbox 2113 1165 2341 1177; baseline 0 0"><span class='ocrx_word' id='word_1_69' title='bbox 2113 1165 2341 1177; x_wconf 57' lang='grc' dir='ltr'><strong>..ρ--ι--υ</strong></span> 
     </span>
    </p>
   </div>
   <div class='ocr_carea' id='block_1_14' title="bbox 1722 1161 2606 1374">
    <p class='ocr_par' dir='ltr' id='par_1_14' title="bbox 1722 1178 2606 1374">
     <span class='ocr_line' id='line_1_14' title="bbox 1722 1178 2606 1374; baseline 0.009 -7"><span class='ocrx_word' id='word_1_70' title='bbox 1722 1178 2606 1374; x_wconf 67' lang='lat' dir='ltr'><strong>m</strong></span> 
     </span>
    </p>
   </div>
   <div class='ocr_carea' id='block_1_15' title="bbox 3689 271 3795 327">
    <p class='ocr_par' dir='ltr' id='par_1_15' title="bbox 3689 271 3795 327">
     <span class='ocr_line' id='line_1_15' title="bbox 3689 271 3795 327; baseline 0.009 -1"><span class='ocrx_word' id='word_1_71' title='bbox 3689 271 3795 327; x_wconf 67' lang='lat' dir='ltr'><strong>5N</strong></span> 
     </span>
    </p>
   </div>
   <div class='ocr_carea' id='block_1_16' title="bbox 2198 384 3791 460">
    <p class='ocr_par' dir='ltr' id='par_1_16' title="bbox 2198 384 3791 460">
     <span class='ocr_line' id='line_1_16' title="bbox 2198 384 3791 460; baseline 0.006 -23"><span class='ocrx_word' id='word_1_72' title='bbox 2198 395 2378 438; x_wconf 89' lang='lat' dir='ltr'><strong>annon</strong></span> <span class='ocrx_word' id='word_1_73' title='bbox 2403 385 2781 442; x_wconf 83' lang='lat' dir='ltr'><strong>contumeliam</strong></span> <span class='ocrx_word' id='word_1_74' title='bbox 2811 384 2864 443; x_wconf 90' lang='lat' dir='ltr'><strong>In</strong></span> <span class='ocrx_word' id='word_1_75' title='bbox 2902 386 3074 454; x_wconf 86' lang='lat' dir='ltr'><strong>illum,</strong></span> <span class='ocrx_word' id='word_1_76' title='bbox 3103 388 3193 460; x_wconf 88' lang='lat' dir='ltr'><strong>qui</strong></span> <span class='ocrx_word' id='word_1_77' title='bbox 3221 405 3283 445; x_wconf 86' lang='lat' dir='ltr'><strong>ea</strong></span> <span class='ocrx_word' id='word_1_78' title='bbox 3313 388 3575 460; x_wconf 76' lang='lat' dir='ltr'><strong>indultur,</strong></span> <span class='ocrx_word' id='word_1_79' title='bbox 3607 397 3791 447; x_wconf 84' lang='lat' dir='ltr'><strong>trans-</strong></span> 
     </span>
    </p>
   </div>
   <div class='ocr_carea' id='block_1_17' title="bbox 2198 473 3776 553">
    <p class='ocr_par' dir='ltr' id='par_1_17' title="bbox 2198 473 3776 553">
     <span class='ocr_line' id='line_1_17' title="bbox 2198 473 3776 553; baseline 0.009 -24"><span class='ocrx_word' id='word_1_80' title='bbox 2198 473 2376 532; x_wconf 81' lang='lat' dir='ltr'><strong>feret?</strong></span> <span class='ocrx_word' id='word_1_81' title='bbox 2407 476 2727 547; x_wconf 79' lang='lat' dir='ltr'><strong>Dignitatem</strong></span> <span class='ocrx_word' id='word_1_82' title='bbox 2770 480 3009 553; x_wconf 87' lang='lat' dir='ltr'><strong>intellige</strong></span> <span class='ocrx_word' id='word_1_83' title='bbox 3030 525 3047 549; x_wconf 94' lang='lat'><strong>,</strong></span> <span class='ocrx_word' id='word_1_84' title='bbox 3078 493 3133 539; x_wconf 93' lang='lat' dir='ltr'><strong>et</strong></span> <span class='ocrx_word' id='word_1_85' title='bbox 3161 485 3519 539; x_wconf 51' lang='lat' dir='ltr'><strong>oeconomiam</strong></span> <span class='ocrx_word' id='word_1_86' title='bbox 3559 501 3629 542; x_wconf 88' lang='lat' dir='ltr'><strong>ne</strong></span> <span class='ocrx_word' id='word_1_87' title='bbox 3656 503 3776 544; x_wconf 87' lang='lat' dir='ltr'><strong>coo-</strong></span> 
     </span>
    </p>
   </div>
   <div class='ocr_carea' id='block_1_18' title="bbox 2199 567 3779 651">
    <p class='ocr_par' dir='ltr' id='par_1_18' title="bbox 2199 567 3779 651">
     <span class='ocr_line' id='line_1_18' title="bbox 2199 567 3779 651; baseline 0.009 -30"><span class='ocrx_word' id='word_1_88' title='bbox 2199 567 2415 622; x_wconf 89' lang='lat' dir='ltr'><strong>tumelia</strong></span> <span class='ocrx_word' id='word_1_89' title='bbox 2453 569 2674 624; x_wconf 82' lang='lat' dir='ltr'><strong>afﬁcias.</strong></span> <span class='ocrx_word' id='word_1_90' title='bbox 2710 570 2907 627; x_wconf 88' lang='lat' dir='ltr'><strong>Verum</strong></span> <span class='ocrx_word' id='word_1_91' title='bbox 2950 574 3064 629; x_wconf 59' lang='lat' dir='ltr'><strong>haec</strong></span> <span class='ocrx_word' id='word_1_92' title='bbox 3102 575 3212 647; x_wconf 87' lang='lat' dir='ltr'><strong>jam</strong></span> <span class='ocrx_word' id='word_1_93' title='bbox 3259 577 3391 631; x_wconf 86' lang='lat' dir='ltr'><strong>satis</strong></span> <span class='ocrx_word' id='word_1_94' title='bbox 3429 588 3589 632; x_wconf 89' lang='lat' dir='ltr'><strong>sunto</strong></span> <span class='ocrx_word' id='word_1_95' title='bbox 3621 597 3635 633; x_wconf 86' lang='lat'><strong>:</strong></span> <span class='ocrx_word' id='word_1_96' title='bbox 3664 597 3779 651; x_wconf 65' lang='lat' dir='ltr'><strong>quae</strong></span> 
     </span>
    </p>
   </div>
   <div class='ocr_carea' id='block_1_19' title="bbox 2199 663 3779 735">
    <p class='ocr_par' dir='ltr' id='par_1_19' title="bbox 2199 663 3779 735">
     <span class='ocr_line' id='line_1_19' title="bbox 2199 663 3779 735; baseline 0.01 -23"><span class='ocrx_word' id='word_1_97' title='bbox 2199 675 2326 713; x_wconf 79' lang='lat' dir='ltr'><strong>vero</strong></span> <span class='ocrx_word' id='word_1_98' title='bbox 2354 672 2557 716; x_wconf 85' lang='lat' dir='ltr'><strong>restant</strong></span> <span class='ocrx_word' id='word_1_99' title='bbox 2584 663 2652 718; x_wconf 88' lang='lat' dir='ltr'><strong>de</strong></span> <span class='ocrx_word' id='word_1_100' title='bbox 2685 664 2793 718; x_wconf 85' lang='lat' dir='ltr'><strong>Deo</strong></span> <span class='ocrx_word' id='word_1_101' title='bbox 2823 665 2996 720; x_wconf 90' lang='lat' dir='ltr'><strong>Verbo</strong></span> <span class='ocrx_word' id='word_1_102' title='bbox 3023 669 3296 723; x_wconf 87' lang='lat' dir='ltr'><strong>tractanda</strong></span> <span class='ocrx_word' id='word_1_103' title='bbox 3320 709 3334 735; x_wconf 91' lang='lat'><strong>,</strong></span> <span class='ocrx_word' id='word_1_104' title='bbox 3364 669 3518 724; x_wconf 80' lang='lat' dir='ltr'><strong>alteri</strong></span> <span class='ocrx_word' id='word_1_105' title='bbox 3553 673 3779 728; x_wconf 88' lang='lat' dir='ltr'><strong>orationi</strong></span> 
     </span>
    </p>
   </div>
   <div class='ocr_carea' id='block_1_20' title="bbox 2198 758 3779 833">
    <p class='ocr_par' dir='ltr' id='par_1_20' title="bbox 2198 758 3779 833">
     <span class='ocr_line' id='line_1_20' title="bbox 2198 758 3779 833; baseline 0.006 -25"><span class='ocrx_word' id='word_1_106' title='bbox 2198 765 2559 819; x_wconf 79' lang='lat' dir='ltr'><strong>reservantes,</strong></span> <span class='ocrx_word' id='word_1_107' title='bbox 2592 758 2779 813; x_wconf 88' lang='lat' dir='ltr'><strong>ordine</strong></span> <span class='ocrx_word' id='word_1_108' title='bbox 2807 759 3036 829; x_wconf 89' lang='lat' dir='ltr'><strong>quodam</strong></span> <span class='ocrx_word' id='word_1_109' title='bbox 3071 761 3493 817; x_wconf 85' lang='lat' dir='ltr'><strong>moderationem</strong></span> <span class='ocrx_word' id='word_1_110' title='bbox 3528 764 3645 833; x_wconf 85' lang='lat' dir='ltr'><strong>ejus</strong></span> <span class='ocrx_word' id='word_1_111' title='bbox 3685 764 3779 817; x_wconf 83' lang='lat' dir='ltr'><strong>ho-</strong></span> 
     </span>
    </p>
   </div>
   <div class='ocr_carea' id='block_1_21' title="bbox 2198 846 3779 922">
    <p class='ocr_par' dir='ltr' id='par_1_21' title="bbox 2198 846 3779 922">
     <span class='ocr_line' id='line_1_21' title="bbox 2198 846 3779 922; baseline 0.009 -25"><span class='ocrx_word' id='word_1_112' title='bbox 2198 860 2330 899; x_wconf 87' lang='lat' dir='ltr'><strong>nore</strong></span> <span class='ocrx_word' id='word_1_113' title='bbox 2357 846 2652 903; x_wconf 80' lang='lat' dir='ltr'><strong>afficiamus</strong></span> <span class='ocrx_word' id='word_1_114' title='bbox 2671 890 2687 916; x_wconf 93' lang='lat'><strong>,</strong></span> <span class='ocrx_word' id='word_1_115' title='bbox 2717 859 2765 904; x_wconf 90' lang='lat' dir='ltr'><strong>et</strong></span> <span class='ocrx_word' id='word_1_116' title='bbox 2797 851 2905 906; x_wconf 87' lang='lat' dir='ltr'><strong>Deo</strong></span> <span class='ocrx_word' id='word_1_117' title='bbox 2929 851 3155 922; x_wconf 80' lang='lat' dir='ltr'><strong>gloriam</strong></span> <span class='ocrx_word' id='word_1_118' title='bbox 3198 853 3493 911; x_wconf 87' lang='lat' dir='ltr'><strong>referamus</strong></span> <span class='ocrx_word' id='word_1_119' title='bbox 3512 898 3527 920; x_wconf 94' lang='lat'><strong>,</strong></span> <span class='ocrx_word' id='word_1_120' title='bbox 3560 857 3702 912; x_wconf 86' lang='lat' dir='ltr'><strong>Patri</strong></span> <span class='ocrx_word' id='word_1_121' title='bbox 3728 870 3779 912; x_wconf 91' lang='lat' dir='ltr'><strong>et</strong></span> 
     </span>
    </p>
   </div>
   <div class='ocr_carea' id='block_1_22' title="bbox 2198 938 3779 1016">
    <p class='ocr_par' dir='ltr' id='par_1_22' title="bbox 2198 938 3779 1016">
     <span class='ocr_line' id='line_1_22' title="bbox 2198 938 3779 1016; baseline 0.008 -24"><span class='ocrx_word' id='word_1_122' title='bbox 2198 938 2333 993; x_wconf 87' lang='lat' dir='ltr'><strong>Filio</strong></span> <span class='ocrx_word' id='word_1_123' title='bbox 2356 952 2411 994; x_wconf 90' lang='lat' dir='ltr'><strong>et</strong></span> <span class='ocrx_word' id='word_1_124' title='bbox 2435 938 2655 1010; x_wconf 89' lang='lat' dir='ltr'><strong>Spiritui</strong></span> <span class='ocrx_word' id='word_1_125' title='bbox 2683 953 2890 1007; x_wconf 89' lang='lat' dir='ltr'><strong>sancto,</strong></span> <span class='ocrx_word' id='word_1_126' title='bbox 2918 960 3059 1000; x_wconf 89' lang='lat' dir='ltr'><strong>nunc</strong></span> <span class='ocrx_word' id='word_1_127' title='bbox 3083 954 3139 1000; x_wconf 89' lang='lat' dir='ltr'><strong>et</strong></span> <span class='ocrx_word' id='word_1_128' title='bbox 3158 961 3392 1016; x_wconf 88' lang='lat' dir='ltr'><strong>semper,</strong></span> <span class='ocrx_word' id='word_1_129' title='bbox 3419 957 3473 1003; x_wconf 86' lang='lat' dir='ltr'><strong>et</strong></span> <span class='ocrx_word' id='word_1_130' title='bbox 3502 949 3552 1003; x_wconf 93' lang='lat' dir='ltr'><strong>in</strong></span> <span class='ocrx_word' id='word_1_131' title='bbox 3582 952 3779 1005; x_wconf 71' lang='lat' dir='ltr'><strong>saacula</strong></span> 
     </span>
    </p>
   </div>
   <div class='ocr_carea' id='block_1_23' title="bbox 2197 1032 2756 1089">
    <p class='ocr_par' dir='ltr' id='par_1_23' title="bbox 2197 1032 2756 1089">
     <span class='ocr_line' id='line_1_23' title="bbox 2197 1032 2756 1089; baseline 0.004 -3"><span class='ocrx_word' id='word_1_132' title='bbox 2197 1032 2537 1087; x_wconf 69' lang='lat' dir='ltr'><strong>swculorum.</strong></span> <span class='ocrx_word' id='word_1_133' title='bbox 2565 1036 2756 1089; x_wconf 88' lang='lat' dir='ltr'><strong>Amen.</strong></span> 
     </span>
    </p>
   </div>
   <div class='ocr_carea' id='block_1_24' title="bbox 2382 1166 2712 1180">
    <p class='ocr_par' dir='ltr' id='par_1_24' title="bbox 2382 1166 2712 1180">
     <span class='ocr_line' id='line_1_24' title="bbox 2382 1166 2712 1180; baseline 0.006 -6"><span class='ocrx_word' id='word_1_134' title='bbox 2382 1166 2712 1180; x_wconf 52' lang='grc' dir='ltr'>Μ</span> 
     </span>
    </p>
   </div>
   <div class='ocr_carea' id='block_1_25' title="bbox 2606 1186 3777 1238">
    <p class='ocr_par' dir='ltr' id='par_1_25' title="bbox 2606 1186 3777 1235">
     <span class='ocr_line' id='line_1_25' title="bbox 3100 1186 3489 1190; baseline 0.01 -7"><span class='ocrx_word' id='word_1_135' title='bbox 3100 1186 3131 1188; x_wconf 88' lang='lat'>_</span> <span class='ocrx_word' id='word_1_136' title='bbox 3426 1186 3489 1190; x_wconf 59' lang='lat'><strong>_,</strong></span> 
     </span>
     <span class='ocr_line' id='line_1_26' title="bbox 2606 1186 3777 1235; baseline 0.011 -15"><span class='ocrx_word' id='word_1_137' title='bbox 2606 1186 3777 1235; x_wconf 51' lang='grc' dir='ltr'>Μ</span> 
     </span>
    </p>
   </div>
   <div class='ocr_carea' id='block_1_26' title="bbox 2716 1173 2857 1182">
    <p class='ocr_par' dir='ltr' id='par_1_26' title="bbox 2716 1173 2857 1182">
     <span class='ocr_line' id='line_1_27' title="bbox 2716 1173 2857 1182; baseline 0.014 -3"><span class='ocrx_word' id='word_1_138' title='bbox 2716 1173 2857 1182; x_wconf 46' lang='lat'><strong>*—</strong></span> 
     </span>
    </p>
   </div>
   <div class='ocr_carea' id='block_1_27' title="bbox 1661 1423 2628 1505">
    <p class='ocr_par' dir='ltr' id='par_1_27' title="bbox 1661 1423 2628 1505">
     <span class='ocr_line' id='line_1_28' title="bbox 1661 1423 2628 1505; baseline 0.008 -19"><span class='ocrx_word' id='word_1_139' title='bbox 1661 1423 1746 1486; x_wconf 88' lang='lat' dir='ltr'><strong>IN</strong></span> <span class='ocrx_word' id='word_1_140' title='bbox 1789 1425 2202 1489; x_wconf 80' lang='lat' dir='ltr'><strong>HOMILIAM</strong></span> <span class='ocrx_word' id='word_1_141' title='bbox 2243 1430 2326 1491; x_wconf 87' lang='lat' dir='ltr'><strong>IN</strong></span> <span class='ocrx_word' id='word_1_142' title='bbox 2367 1431 2628 1505; x_wconf 91' lang='lat' dir='ltr'><strong>ILLUD,</strong></span> 
     </span>
    </p>
   </div>
   <div class='ocr_carea' id='block_1_28' title="bbox 1569 1542 2698 1614">
    <p class='ocr_par' dir='ltr' id='par_1_28' title="bbox 1569 1542 2698 1614">
     <span class='ocr_line' id='line_1_29' title="bbox 1569 1542 2698 1614; baseline 0.014 -17"><span class='ocrx_word' id='word_1_143' title='bbox 1569 1542 1656 1598; x_wconf 88' lang='lat' dir='ltr'><strong>IN</strong></span> <span class='ocrx_word' id='word_1_144' title='bbox 1698 1544 2101 1603; x_wconf 85' lang='lat' dir='ltr'><strong>PRINCIPIO</strong></span> <span class='ocrx_word' id='word_1_145' title='bbox 2139 1550 2331 1605; x_wconf 78' lang='lat' dir='ltr'><strong>ERAT</strong></span> <span class='ocrx_word' id='word_1_146' title='bbox 2379 1552 2698 1614; x_wconf 77' lang='lat' dir='ltr'><strong>VERBUM.</strong></span> 
     </span>
    </p>
   </div>
   <div class='ocr_carea' id='block_1_29' title="bbox 573 1637 2079 1712">
    <p class='ocr_par' dir='ltr' id='par_1_29' title="bbox 573 1637 2079 1712">
     <span class='ocr_line' id='line_1_30' title="bbox 573 1637 2079 1712; baseline 0.001 -17"><span class='ocrx_word' id='word_1_147' title='bbox 573 1641 741 1711; x_wconf 86' lang='lat' dir='ltr'><strong>Quem</strong></span> <span class='ocrx_word' id='word_1_148' title='bbox 766 1640 959 1695; x_wconf 85' lang='lat' dir='ltr'><strong>habeat</strong></span> <span class='ocrx_word' id='word_1_149' title='bbox 980 1646 1252 1694; x_wconf 86' lang='lat' dir='ltr'><strong>auctorem</strong></span> <span class='ocrx_word' id='word_1_150' title='bbox 1281 1637 1397 1694; x_wconf 72' lang='lat' dir='ltr'><strong>haec</strong></span> <span class='ocrx_word' id='word_1_151' title='bbox 1424 1640 1614 1695; x_wconf 85' lang='lat' dir='ltr'><strong>concio</strong></span> <span class='ocrx_word' id='word_1_152' title='bbox 1638 1656 1744 1695; x_wconf 89' lang='lat' dir='ltr'><strong>non</strong></span> <span class='ocrx_word' id='word_1_153' title='bbox 1772 1641 1926 1697; x_wconf 89' lang='lat' dir='ltr'><strong>facile</strong></span> <span class='ocrx_word' id='word_1_154' title='bbox 1958 1659 2079 1712; x_wconf 89' lang='lat' dir='ltr'><strong>per-</strong></span> 
     </span>
    </p>
   </div>
   <div class='ocr_carea' id='block_1_30' title="bbox 502 1734 2082 1806">
    <p class='ocr_par' dir='ltr' id='par_1_30' title="bbox 502 1734 2082 1806">
     <span class='ocr_line' id='line_1_31' title="bbox 502 1734 2082 1806; baseline -0.001 -15"><span class='ocrx_word' id='word_1_155' title='bbox 502 1737 716 1806; x_wconf 86' lang='lat' dir='ltr'><strong>cipitur,</strong></span> <span class='ocrx_word' id='word_1_156' title='bbox 750 1749 957 1788; x_wconf 91' lang='lat' dir='ltr'><strong>necnon</strong></span> <span class='ocrx_word' id='word_1_157' title='bbox 985 1747 1091 1803; x_wconf 90' lang='lat' dir='ltr'><strong>quo</strong></span> <span class='ocrx_word' id='word_1_158' title='bbox 1123 1742 1385 1802; x_wconf 84' lang='lat' dir='ltr'><strong>tempore,</strong></span> <span class='ocrx_word' id='word_1_159' title='bbox 1418 1748 1520 1802; x_wconf 90' lang='lat' dir='ltr'><strong>qua</strong></span> <span class='ocrx_word' id='word_1_160' title='bbox 1565 1734 1616 1787; x_wconf 93' lang='lat' dir='ltr'><strong>in</strong></span> <span class='ocrx_word' id='word_1_161' title='bbox 1647 1735 1862 1790; x_wconf 90' lang='lat' dir='ltr'><strong>civitate</strong></span> <span class='ocrx_word' id='word_1_162' title='bbox 1905 1736 2082 1790; x_wconf 89' lang='lat' dir='ltr'><strong>habita</strong></span> 
     </span>
    </p>
   </div>
   <div class='ocr_carea' id='block_1_31' title="bbox 505 1824 2085 1895">
    <p class='ocr_par' dir='ltr' id='par_1_31' title="bbox 505 1824 2085 1895">
     <span class='ocr_line' id='line_1_32' title="bbox 505 1824 2085 1895; baseline 0.001 -14"><span class='ocrx_word' id='word_1_163' title='bbox 505 1828 682 1882; x_wconf 89' lang='lat' dir='ltr'><strong>fuerit.</strong></span> <span class='ocrx_word' id='word_1_164' title='bbox 710 1827 912 1881; x_wconf 76' lang='lat' dir='ltr'><strong>Dictum</strong></span> <span class='ocrx_word' id='word_1_165' title='bbox 937 1824 1102 1880; x_wconf 84' lang='lat' dir='ltr'><strong>fuisse</strong></span> <span class='ocrx_word' id='word_1_166' title='bbox 1127 1826 1340 1895; x_wconf 89' lang='lat' dir='ltr'><strong>planum</strong></span> <span class='ocrx_word' id='word_1_167' title='bbox 1366 1834 1448 1880; x_wconf 89' lang='lat' dir='ltr'><strong>est</strong></span> <span class='ocrx_word' id='word_1_168' title='bbox 1468 1833 1652 1881; x_wconf 91' lang='lat' dir='ltr'><strong>contra</strong></span> <span class='ocrx_word' id='word_1_169' title='bbox 1674 1827 2085 1883; x_wconf 88' lang='lat' dir='ltr'><strong>Pneumatoma-</strong></span> 
     </span>
    </p>
   </div>
   <div class='ocr_carea' id='block_1_32' title="bbox 501 1919 2080 1992">
    <p class='ocr_par' dir='ltr' id='par_1_32' title="bbox 501 1919 2080 1992">
     <span class='ocr_line' id='line_1_33' title="bbox 501 1919 2080 1992; baseline 0.002 -18"><span class='ocrx_word' id='word_1_170' title='bbox 501 1919 632 1974; x_wconf 86' lang='lat' dir='ltr'><strong>chos</strong></span> <span class='ocrx_word' id='word_1_171' title='bbox 670 1930 722 1974; x_wconf 91' lang='lat' dir='ltr'><strong>et</strong></span> <span class='ocrx_word' id='word_1_172' title='bbox 767 1921 1057 1975; x_wconf 76' lang='lat' dir='ltr'><strong>Anommos</strong></span> <span class='ocrx_word' id='word_1_173' title='bbox 1098 1919 1446 1990; x_wconf 84' lang='lat' dir='ltr'><strong>Eunomiique</strong></span> <span class='ocrx_word' id='word_1_174' title='bbox 1480 1927 1793 1989; x_wconf 86' lang='lat' dir='ltr'><strong>sectatores,</strong></span> <span class='ocrx_word' id='word_1_175' title='bbox 1838 1923 1925 1992; x_wconf 91' lang='lat' dir='ltr'><strong>qui</strong></span> <span class='ocrx_word' id='word_1_176' title='bbox 1976 1939 2080 1977; x_wconf 92' lang='lat' dir='ltr'><strong>non</strong></span> 
     </span>
    </p>
   </div>
   <div class='ocr_carea' id='block_1_33' title="bbox 503 2014 2083 2085">
    <p class='ocr_par' dir='ltr' id='par_1_33' title="bbox 503 2014 2083 2085">
     <span class='ocr_line' id='line_1_34' title="bbox 503 2014 2083 2085; baseline 0 -18"><span class='ocrx_word' id='word_1_177' title='bbox 503 2016 571 2069; x_wconf 89' lang='lat' dir='ltr'><strong>ita</strong></span> <span class='ocrx_word' id='word_1_178' title='bbox 608 2014 813 2085; x_wconf 86' lang='lat' dir='ltr'><strong>pridem</strong></span> <span class='ocrx_word' id='word_1_179' title='bbox 850 2015 903 2069; x_wconf 92' lang='lat' dir='ltr'><strong>in</strong></span> <span class='ocrx_word' id='word_1_180' title='bbox 930 2015 1148 2069; x_wconf 89' lang='lat' dir='ltr'><strong>civitate</strong></span> <span class='ocrx_word' id='word_1_181' title='bbox 1180 2014 1276 2067; x_wconf 89' lang='lat' dir='ltr'><strong>ista</strong></span> <span class='ocrx_word' id='word_1_182' title='bbox 1306 2014 1505 2084; x_wconf 88' lang='lat' dir='ltr'><strong>primas</strong></span> <span class='ocrx_word' id='word_1_183' title='bbox 1533 2014 1875 2069; x_wconf 78' lang='lat' dir='ltr'><strong>obtinuerant</strong></span> <span class='ocrx_word' id='word_1_184' title='bbox 1899 2024 1953 2068; x_wconf 82' lang='lat' dir='ltr'><strong>et</strong></span> <span class='ocrx_word' id='word_1_185' title='bbox 1980 2015 2083 2069; x_wconf 84' lang='lat' dir='ltr'><strong>Ca-</strong></span> 
     </span>
    </p>
   </div>
   <div class='ocr_carea' id='block_1_34' title="bbox 502 2105 2083 2178">
    <p class='ocr_par' dir='ltr' id='par_1_34' title="bbox 502 2105 2083 2178">
     <span class='ocr_line' id='line_1_35' title="bbox 502 2105 2083 2178; baseline -0.001 -17"><span class='ocrx_word' id='word_1_186' title='bbox 502 2109 727 2163; x_wconf 83' lang='lat' dir='ltr'><strong>tholieos</strong></span> <span class='ocrx_word' id='word_1_187' title='bbox 752 2116 1150 2178; x_wconf 84' lang='lat' dir='ltr'><strong>oppresserant.</strong></span> <span class='ocrx_word' id='word_1_188' title='bbox 1180 2109 1350 2173; x_wconf 75' lang='lat' dir='ltr'><strong>Quam</strong></span> <span class='ocrx_word' id='word_1_189' title='bbox 1380 2121 1491 2161; x_wconf 91' lang='lat' dir='ltr'><strong>rem</strong></span> <span class='ocrx_word' id='word_1_190' title='bbox 1525 2107 1595 2160; x_wconf 87' lang='lat' dir='ltr'><strong>ita</strong></span> <span class='ocrx_word' id='word_1_191' title='bbox 1624 2105 1879 2161; x_wconf 87' lang='lat' dir='ltr'><strong>describit</strong></span> <span class='ocrx_word' id='word_1_192' title='bbox 1902 2117 2083 2160; x_wconf 90' lang='lat' dir='ltr'><strong>orator</strong></span> 
     </span>
    </p>
   </div>
   <div class='ocr_carea' id='block_1_35' title="bbox 502 2194 2084 2265">
    <p class='ocr_par' dir='ltr' id='par_1_35' title="bbox 502 2194 2084 2265">
     <span class='ocr_line' id='line_1_36' title="bbox 502 2194 2084 2265; baseline -0.001 -14"><span class='ocrx_word' id='word_1_193' title='bbox 502 2200 586 2253; x_wconf 93' lang='lat' dir='ltr'><strong>hic</strong></span> <span class='ocrx_word' id='word_1_194' title='bbox 606 2200 747 2255; x_wconf 91' lang='lat' dir='ltr'><strong>circa</strong></span> <span class='ocrx_word' id='word_1_195' title='bbox 780 2197 1009 2252; x_wconf 88' lang='lat' dir='ltr'><strong>medium</strong></span> <span class='ocrx_word' id='word_1_196' title='bbox 1033 2197 1309 2251; x_wconf 87' lang='lat' dir='ltr'><strong>concionis</strong></span> <span class='ocrx_word' id='word_1_197' title='bbox 1335 2214 1349 2251; x_wconf 87' lang='lat'><strong>:</strong></span> <span class='ocrx_word' id='word_1_198' title='bbox 1372 2194 1500 2251; x_wconf 87' lang='lat' dir='ltr'><strong>Cum</strong></span> <span class='ocrx_word' id='word_1_199' title='bbox 1523 2197 1654 2250; x_wconf 79' lang='lat' dir='ltr'><strong>mim</strong></span> <span class='ocrx_word' id='word_1_200' title='bbox 1675 2197 1874 2265; x_wconf 81' lang='lat' dir='ltr'><strong>ﬂoreret</strong></span> <span class='ocrx_word' id='word_1_201' title='bbox 1904 2198 2084 2265; x_wconf 87' lang='lat' dir='ltr'><strong>impie-</strong></span> 
     </span>
    </p>
   </div>
   <div class='ocr_carea' id='block_1_36' title="bbox 499 2289 2081 2357">
    <p class='ocr_par' dir='ltr' id='par_1_36' title="bbox 499 2289 2081 2357">
     <span class='ocr_line' id='line_1_37' title="bbox 499 2289 2081 2357; baseline 0 -14"><span class='ocrx_word' id='word_1_202' title='bbox 499 2303 596 2355; x_wconf 80' lang='lat' dir='ltr'><strong>tas,</strong></span> <span class='ocrx_word' id='word_1_203' title='bbox 626 2308 739 2345; x_wconf 84' lang='lat' dir='ltr'><strong>cum</strong></span> <span class='ocrx_word' id='word_1_204' title='bbox 761 2293 890 2344; x_wconf 82' lang='lat' dir='ltr'><strong>hanc</strong></span> <span class='ocrx_word' id='word_1_205' title='bbox 912 2290 1081 2344; x_wconf 86' lang='lat' dir='ltr'><strong>urbem</strong></span> <span class='ocrx_word' id='word_1_206' title='bbox 1103 2291 1380 2344; x_wconf 81' lang='lat' dir='ltr'><strong>devastaret</strong></span> <span class='ocrx_word' id='word_1_207' title='bbox 1404 2290 1630 2347; x_wconf 65' lang='lat' dir='ltr'><strong>haeresis,</strong></span> <span class='ocrx_word' id='word_1_208' title='bbox 1662 2289 1916 2357; x_wconf 79' lang='lat' dir='ltr'><strong>absumpti</strong></span> <span class='ocrx_word' id='word_1_209' title='bbox 1936 2300 2081 2343; x_wconf 84' lang='lat' dir='ltr'><strong>erant</strong></span> 
     </span>
    </p>
   </div>
   <div class='ocr_carea' id='block_1_37' title="bbox 503 2380 2083 2451">
    <p class='ocr_par' dir='ltr' id='par_1_37' title="bbox 503 2380 2083 2451">
     <span class='ocr_line' id='line_1_38' title="bbox 503 2380 2083 2451; baseline -0.001 -16"><span class='ocrx_word' id='word_1_210' title='bbox 503 2383 743 2437; x_wconf 73' lang='lat' dir='ltr'><strong>Ecclesia!</strong></span> <span class='ocrx_word' id='word_1_211' title='bbox 769 2382 1025 2451; x_wconf 81' lang='lat' dir='ltr'><strong>ﬁlii.......</strong></span> <span class='ocrx_word' id='word_1_212' title='bbox 1062 2380 1246 2435; x_wconf 86' lang='lat' dir='ltr'><strong>Verum</strong></span> <span class='ocrx_word' id='word_1_213' title='bbox 1276 2382 1442 2442; x_wconf 82' lang='lat' dir='ltr'><strong>hodie,</strong></span> <span class='ocrx_word' id='word_1_214' title='bbox 1490 2380 1677 2439; x_wconf 71' lang='lat' dir='ltr'><strong>dilecti,</strong></span> <span class='ocrx_word' id='word_1_215' title='bbox 1708 2381 1862 2448; x_wconf 79' lang='lat' dir='ltr'><strong>ejecta</strong></span> <span class='ocrx_word' id='word_1_216' title='bbox 1903 2389 1973 2432; x_wconf 80' lang='lat' dir='ltr'><strong>est</strong></span> <span class='ocrx_word' id='word_1_217' title='bbox 1995 2396 2083 2449; x_wconf 86' lang='lat' dir='ltr'><strong>pe-</strong></span> 
     </span>
    </p>
   </div>
   <div class='ocr_carea' id='block_1_38' title="bbox 498 2469 2080 2543">
    <p class='ocr_par' dir='ltr' id='par_1_38' title="bbox 498 2469 2080 2543">
     <span class='ocr_line' id='line_1_39' title="bbox 498 2469 2080 2543; baseline -0.001 -18"><span class='ocrx_word' id='word_1_218' title='bbox 498 2476 674 2543; x_wconf 72' lang='lat' dir='ltr'><strong>stifera</strong></span> <span class='ocrx_word' id='word_1_219' title='bbox 699 2474 789 2526; x_wconf 80' lang='lat' dir='ltr'><strong>illa</strong></span> <span class='ocrx_word' id='word_1_220' title='bbox 816 2473 1067 2535; x_wconf 81' lang='lat' dir='ltr'><strong>doctrina,</strong></span> <span class='ocrx_word' id='word_1_221' title='bbox 1097 2481 1142 2525; x_wconf 81' lang='lat' dir='ltr'><strong>et</strong></span> <span class='ocrx_word' id='word_1_222' title='bbox 1170 2472 1394 2542; x_wconf 82' lang='lat' dir='ltr'><strong>ingressa</strong></span> <span class='ocrx_word' id='word_1_223' title='bbox 1413 2480 1483 2523; x_wconf 73' lang='lat' dir='ltr'><strong>est</strong></span> <span class='ocrx_word' id='word_1_224' title='bbox 1511 2470 1750 2523; x_wconf 80' lang='lat' dir='ltr'><strong>salutaris</strong></span> <span class='ocrx_word' id='word_1_225' title='bbox 1778 2470 1964 2539; x_wconf 83' lang='lat' dir='ltr'><strong>gratia.</strong></span> <span class='ocrx_word' id='word_1_226' title='bbox 1986 2469 2080 2524; x_wconf 89' lang='lat' dir='ltr'><strong>llic</strong></span> 
     </span>
    </p>
   </div>
   <div class='ocr_carea' id='block_1_39' title="bbox 496 2558 2080 2631">
    <p class='ocr_par' dir='ltr' id='par_1_39' title="bbox 496 2558 2080 2631">
     <span class='ocr_line' id='line_1_40' title="bbox 496 2558 2080 2631; baseline 0 -17"><span class='ocrx_word' id='word_1_227' title='bbox 496 2564 713 2616; x_wconf 70' lang='lat' dir='ltr'><strong>muniuo</strong></span> <span class='ocrx_word' id='word_1_228' title='bbox 766 2562 975 2616; x_wconf 88' lang='lat' dir='ltr'><strong>videtur</strong></span> <span class='ocrx_word' id='word_1_229' title='bbox 1012 2562 1096 2631; x_wconf 84' lang='lat' dir='ltr'><strong>agi</strong></span> <span class='ocrx_word' id='word_1_230' title='bbox 1137 2561 1204 2615; x_wconf 90' lang='lat' dir='ltr'><strong>de</strong></span> <span class='ocrx_word' id='word_1_231' title='bbox 1250 2560 1417 2630; x_wconf 81' lang='lat' dir='ltr'><strong>pulsis</strong></span> <span class='ocrx_word' id='word_1_232' title='bbox 1466 2576 1494 2611; x_wconf 90' lang='lat' dir='ltr'><strong>a</strong></span> <span class='ocrx_word' id='word_1_233' title='bbox 1548 2558 1848 2612; x_wconf 90' lang='lat' dir='ltr'><strong>Theodosio</strong></span> <span class='ocrx_word' id='word_1_234' title='bbox 1893 2559 2080 2628; x_wconf 78' lang='lat' dir='ltr'><strong>Magno</strong></span> 
     </span>
    </p>
   </div>
   <div class='ocr_carea' id='block_1_40' title="bbox 501 2650 2079 2720">
    <p class='ocr_par' dir='ltr' id='par_1_40' title="bbox 501 2650 2079 2720">
     <span class='ocr_line' id='line_1_41' title="bbox 501 2650 2079 2720; baseline -0.003 -15"><span class='ocrx_word' id='word_1_235' title='bbox 501 2654 773 2707; x_wconf 70' lang='lat' dir='ltr'><strong>Anoinuzis</strong></span> <span class='ocrx_word' id='word_1_236' title='bbox 798 2665 851 2707; x_wconf 91' lang='lat' dir='ltr'><strong>et</strong></span> <span class='ocrx_word' id='word_1_237' title='bbox 878 2653 1110 2714; x_wconf 80' lang='lat' dir='ltr'><strong>Arianis,</strong></span> <span class='ocrx_word' id='word_1_238' title='bbox 1139 2652 1226 2720; x_wconf 86' lang='lat' dir='ltr'><strong>qui</strong></span> <span class='ocrx_word' id='word_1_239' title='bbox 1268 2650 1521 2706; x_wconf 88' lang='lat' dir='ltr'><strong>ecclesias</strong></span> <span class='ocrx_word' id='word_1_240' title='bbox 1550 2652 1744 2705; x_wconf 87' lang='lat' dir='ltr'><strong>multas</strong></span> <span class='ocrx_word' id='word_1_241' title='bbox 1776 2650 2079 2703; x_wconf 84' lang='lat' dir='ltr'><strong>Constanti-</strong></span> 
     </span>
    </p>
   </div>
   <div class='ocr_carea' id='block_1_41' title="bbox 497 2741 2074 2815">
    <p class='ocr_par' dir='ltr' id='par_1_41' title="bbox 497 2741 2074 2815">
     <span class='ocr_line' id='line_1_42' title="bbox 497 2741 2074 2815; baseline 0 -19"><span class='ocrx_word' id='word_1_242' title='bbox 497 2743 674 2811; x_wconf 89' lang='lat' dir='ltr'><strong>nopoli</strong></span> <span class='ocrx_word' id='word_1_243' title='bbox 718 2743 1068 2815; x_wconf 84' lang='lat' dir='ltr'><strong>occupabant.</strong></span> <span class='ocrx_word' id='word_1_244' title='bbox 1114 2742 1245 2797; x_wconf 87' lang='lat' dir='ltr'><strong>Illud</strong></span> <span class='ocrx_word' id='word_1_245' title='bbox 1276 2742 1467 2796; x_wconf 91' lang='lat' dir='ltr'><strong>accidit</strong></span> <span class='ocrx_word' id='word_1_246' title='bbox 1504 2758 1645 2796; x_wconf 92' lang='lat' dir='ltr'><strong>anno</strong></span> <span class='ocrx_word' id='word_1_247' title='bbox 1689 2741 1888 2795; x_wconf 89' lang='lat' dir='ltr'><strong>Christi</strong></span> <span class='ocrx_word' id='word_1_248' title='bbox 1928 2742 2074 2796; x_wconf 76' lang='lat'><strong>580:</strong></span> 
     </span>
    </p>
   </div>
   <div class='ocr_carea' id='block_1_42' title="bbox 494 2834 2074 2902">
    <p class='ocr_par' dir='ltr' id='par_1_42' title="bbox 494 2834 2074 2902">
     <span class='ocr_line' id='line_1_43' title="bbox 494 2834 2074 2902; baseline 0.001 -15"><span class='ocrx_word' id='word_1_249' title='bbox 494 2844 654 2902; x_wconf 82' lang='lat' dir='ltr'><strong>atque</strong></span> <span class='ocrx_word' id='word_1_250' title='bbox 675 2834 808 2888; x_wconf 75' lang='lat' dir='ltr'><strong>adeo</strong></span> <span class='ocrx_word' id='word_1_251' title='bbox 833 2836 971 2888; x_wconf 90' lang='lat' dir='ltr'><strong>dicta</strong></span> <span class='ocrx_word' id='word_1_252' title='bbox 991 2834 1149 2890; x_wconf 86' lang='lat' dir='ltr'><strong>fuerit</strong></span> <span class='ocrx_word' id='word_1_253' title='bbox 1169 2836 1283 2890; x_wconf 57' lang='lat' dir='ltr'><strong>ha‘c</strong></span> <span class='ocrx_word' id='word_1_254' title='bbox 1304 2835 1519 2889; x_wconf 89' lang='lat' dir='ltr'><strong>homilia</strong></span> <span class='ocrx_word' id='word_1_255' title='bbox 1545 2850 1688 2890; x_wconf 88' lang='lat' dir='ltr'><strong>anno</strong></span> <span class='ocrx_word' id='word_1_256' title='bbox 1708 2835 1919 2888; x_wconf 88' lang='lat' dir='ltr'><strong>circiter</strong></span> <span class='ocrx_word' id='word_1_257' title='bbox 1935 2834 2031 2889; x_wconf 75' lang='lat'><strong>38!</strong></span> <span class='ocrx_word' id='word_1_258' title='bbox 2060 2853 2074 2889; x_wconf 91' lang='lat'><strong>:</strong></span> 
     </span>
    </p>
   </div>
   <div class='ocr_carea' id='block_1_43' title="bbox 497 2924 2080 2995">
    <p class='ocr_par' dir='ltr' id='par_1_43' title="bbox 497 2924 2080 2995">
     <span class='ocr_line' id='line_1_44' title="bbox 497 2924 2080 2995; baseline 0.003 -22"><span class='ocrx_word' id='word_1_259' title='bbox 497 2941 617 2993; x_wconf 74' lang='lat' dir='ltr'><strong>qua:</strong></span> <span class='ocrx_word' id='word_1_260' title='bbox 660 2925 784 2980; x_wconf 89' lang='lat' dir='ltr'><strong>item</strong></span> <span class='ocrx_word' id='word_1_261' title='bbox 814 2926 909 2980; x_wconf 89' lang='lat' dir='ltr'><strong>fuit</strong></span> <span class='ocrx_word' id='word_1_262' title='bbox 936 2926 1262 2981; x_wconf 88' lang='lat' dir='ltr'><strong>Tillemontii</strong></span> <span class='ocrx_word' id='word_1_263' title='bbox 1308 2926 1570 2981; x_wconf 88' lang='lat' dir='ltr'><strong>sententia</strong></span> <span class='ocrx_word' id='word_1_264' title='bbox 1605 2926 1655 2978; x_wconf 92' lang='lat' dir='ltr'><strong>in</strong></span> <span class='ocrx_word' id='word_1_265' title='bbox 1688 2924 1803 2979; x_wconf 86' lang='lat' dir='ltr'><strong>Vita</strong></span> <span class='ocrx_word' id='word_1_266' title='bbox 1843 2924 2080 2995; x_wconf 84' lang='lat' dir='ltr'><strong>Chryso-</strong></span> 
     </span>
    </p>
   </div>
   <div class='ocr_carea' id='block_1_44' title="bbox 494 3015 2077 3090">
    <p class='ocr_par' dir='ltr' id='par_1_44' title="bbox 494 3015 2077 3090">
     <span class='ocr_line' id='line_1_45' title="bbox 494 3015 2077 3090; baseline -0.001 -19"><span class='ocrx_word' id='word_1_267' title='bbox 494 3017 675 3084; x_wconf 86' lang='lat' dir='ltr'><strong>stomi,</strong></span> <span class='ocrx_word' id='word_1_268' title='bbox 712 3032 829 3090; x_wconf 83' lang='lat' dir='ltr'><strong>pag.</strong></span> <span class='ocrx_word' id='word_1_269' title='bbox 874 3016 981 3072; x_wconf 76' lang='grc'><strong>592</strong></span> <span class='ocrx_word' id='word_1_270' title='bbox 1021 3025 1075 3072; x_wconf 89' lang='lat' dir='ltr'><strong>et</strong></span> <span class='ocrx_word' id='word_1_271' title='bbox 1115 3017 1237 3072; x_wconf 80' lang='lat'><strong>587.</strong></span> <span class='ocrx_word' id='word_1_272' title='bbox 1284 3016 1365 3071; x_wconf 85' lang='lat' dir='ltr'><strong>Ad</strong></span> <span class='ocrx_word' id='word_1_273' title='bbox 1422 3016 1559 3071; x_wconf 89' lang='lat' dir='ltr'><strong>hanc</strong></span> <span class='ocrx_word' id='word_1_274' title='bbox 1599 3031 1726 3070; x_wconf 87' lang='lat' dir='ltr'><strong>vero</strong></span> <span class='ocrx_word' id='word_1_275' title='bbox 1773 3015 2077 3084; x_wconf 88' lang='lat' dir='ltr'><strong>opinionem</strong></span> 
     </span>
    </p>
   </div>
   <div class='ocr_carea' id='block_1_45' title="bbox 492 3107 2077 3185">
    <p class='ocr_par' dir='ltr' id='par_1_45' title="bbox 492 3107 2077 3185">
     <span class='ocr_line' id='line_1_46' title="bbox 492 3107 2077 3185; baseline 0 -22"><span class='ocrx_word' id='word_1_276' title='bbox 492 3117 669 3169; x_wconf 69' lang='lat' dir='ltr'><strong>&quot;Illllla</strong></span> <span class='ocrx_word' id='word_1_277' title='bbox 710 3115 997 3185; x_wconf 87' lang='lat' dir='ltr'><strong>quadrant.</strong></span> <span class='ocrx_word' id='word_1_278' title='bbox 1040 3112 1171 3170; x_wconf 85' lang='lat' dir='ltr'><strong>Nam</strong></span> <span class='ocrx_word' id='word_1_279' title='bbox 1217 3110 1703 3180; x_wconf 88' lang='lat' dir='ltr'><strong>Constantinopoli,</strong></span> <span class='ocrx_word' id='word_1_280' title='bbox 1755 3108 1842 3163; x_wconf 89' lang='lat' dir='ltr'><strong>ubi</strong></span> <span class='ocrx_word' id='word_1_281' title='bbox 1895 3107 2077 3163; x_wconf 86' lang='lat' dir='ltr'><strong>habita</strong></span> 
     </span>
    </p>
   </div>
   <div class='ocr_carea' id='block_1_46' title="bbox 495 3204 2078 3277">
    <p class='ocr_par' dir='ltr' id='par_1_46' title="bbox 495 3204 2078 3277">
     <span class='ocr_line' id='line_1_47' title="bbox 495 3204 2078 3277; baseline -0.003 -17"><span class='ocrx_word' id='word_1_282' title='bbox 495 3208 662 3263; x_wconf 87' lang='lat' dir='ltr'><strong>luisse</strong></span> <span class='ocrx_word' id='word_1_283' title='bbox 689 3219 903 3277; x_wconf 84' lang='lat' dir='ltr'><strong>putatur</strong></span> <span class='ocrx_word' id='word_1_284' title='bbox 948 3208 1185 3273; x_wconf 87' lang='lat' dir='ltr'><strong>homilia,</strong></span> <span class='ocrx_word' id='word_1_285' title='bbox 1221 3205 1433 3276; x_wconf 90' lang='lat' dir='ltr'><strong>plurimi</strong></span> <span class='ocrx_word' id='word_1_286' title='bbox 1475 3215 1627 3258; x_wconf 90' lang='lat' dir='ltr'><strong>erant</strong></span> <span class='ocrx_word' id='word_1_287' title='bbox 1667 3204 2078 3257; x_wconf 75' lang='lat' dir='ltr'><strong>Pneumatuma-</strong></span> 
     </span>
    </p>
   </div>
   <div class='ocr_carea' id='block_1_47' title="bbox 2196 1648 3779 1732">
    <p class='ocr_par' dir='ltr' id='par_1_47' title="bbox 2196 1648 3779 1732">
     <span class='ocr_line' id='line_1_48' title="bbox 2196 1648 3779 1732; baseline 0.015 -31"><span class='ocrx_word' id='word_1_288' title='bbox 2196 1648 2281 1701; x_wconf 89' lang='lat' dir='ltr'><strong>ehi</strong></span> <span class='ocrx_word' id='word_1_289' title='bbox 2324 1658 2378 1703; x_wconf 91' lang='lat' dir='ltr'><strong>et</strong></span> <span class='ocrx_word' id='word_1_290' title='bbox 2405 1652 2649 1707; x_wconf 77' lang='lat' dir='ltr'><strong>Anomtei</strong></span> <span class='ocrx_word' id='word_1_291' title='bbox 2693 1655 2866 1717; x_wconf 89' lang='lat' dir='ltr'><strong>multi.</strong></span> <span class='ocrx_word' id='word_1_292' title='bbox 2899 1672 3033 1727; x_wconf 86' lang='lat' dir='ltr'><strong>quos</strong></span> <span class='ocrx_word' id='word_1_293' title='bbox 3050 1659 3389 1732; x_wconf 83' lang='lat' dir='ltr'><strong>exagitathie</strong></span> <span class='ocrx_word' id='word_1_294' title='bbox 3417 1665 3661 1732; x_wconf 73' lang='lat' dir='ltr'><strong>quisquis</strong></span> <span class='ocrx_word' id='word_1_295' title='bbox 3703 1670 3779 1724; x_wconf 90' lang='lat' dir='ltr'><strong>sit</strong></span> 
     </span>
    </p>
   </div>
   <div class='ocr_carea' id='block_1_48' title="bbox 2192 1740 3777 1816">
    <p class='ocr_par' dir='ltr' id='par_1_48' title="bbox 2192 1740 3777 1816">
     <span class='ocr_line' id='line_1_49' title="bbox 2192 1740 3777 1816; baseline 0.013 -25"><span class='ocrx_word' id='word_1_296' title='bbox 2192 1740 2422 1809; x_wconf 76' lang='lat' dir='ltr'><strong>scriptor</strong></span> <span class='ocrx_word' id='word_1_297' title='bbox 2452 1758 2465 1794; x_wconf 91' lang='lat'><strong>:</strong></span> <span class='ocrx_word' id='word_1_298' title='bbox 2500 1740 2550 1794; x_wconf 88' lang='lat' dir='ltr'><strong>bi</strong></span> <span class='ocrx_word' id='word_1_299' title='bbox 2578 1742 2644 1795; x_wconf 88' lang='lat' dir='ltr'><strong>ab</strong></span> <span class='ocrx_word' id='word_1_300' title='bbox 2675 1743 2930 1799; x_wconf 88' lang='lat' dir='ltr'><strong>Ecclesiis</strong></span> <span class='ocrx_word' id='word_1_301' title='bbox 2952 1747 3108 1816; x_wconf 88' lang='lat' dir='ltr'><strong>ejecti</strong></span> <span class='ocrx_word' id='word_1_302' title='bbox 3134 1758 3293 1814; x_wconf 90' lang='lat' dir='ltr'><strong>sunt;</strong></span> <span class='ocrx_word' id='word_1_303' title='bbox 3321 1763 3506 1808; x_wconf 89' lang='lat' dir='ltr'><strong>contra</strong></span> <span class='ocrx_word' id='word_1_304' title='bbox 3533 1756 3777 1812; x_wconf 85' lang='lat' dir='ltr'><strong>Catholi-</strong></span> 
     </span>
    </p>
   </div>
   <div class='ocr_carea' id='block_1_49' title="bbox 2190 1831 3775 1919">
    <p class='ocr_par' dir='ltr' id='par_1_49' title="bbox 2190 1831 3775 1919">
     <span class='ocr_line' id='line_1_50' title="bbox 2190 1831 3775 1919; baseline 0.015 -38"><span class='ocrx_word' id='word_1_305' title='bbox 2190 1843 2283 1882; x_wconf 77' lang='lat' dir='ltr'><strong>cos</strong></span> <span class='ocrx_word' id='word_1_306' title='bbox 2305 1840 2477 1884; x_wconf 80' lang='lat' dir='ltr'><strong>tamen</strong></span> <span class='ocrx_word' id='word_1_307' title='bbox 2501 1831 2946 1901; x_wconf 82' lang='lat' dir='ltr'><strong>digladiabantur,</strong></span> <span class='ocrx_word' id='word_1_308' title='bbox 2971 1837 3112 1906; x_wconf 88' lang='lat' dir='ltr'><strong>quod</strong></span> <span class='ocrx_word' id='word_1_309' title='bbox 3135 1840 3293 1894; x_wconf 90' lang='lat' dir='ltr'><strong>etiam</strong></span> <span class='ocrx_word' id='word_1_310' title='bbox 3317 1843 3382 1895; x_wconf 89' lang='lat' dir='ltr'><strong>ad</strong></span> <span class='ocrx_word' id='word_1_311' title='bbox 3411 1858 3578 1914; x_wconf 90' lang='lat' dir='ltr'><strong>usque</strong></span> <span class='ocrx_word' id='word_1_312' title='bbox 3595 1845 3775 1919; x_wconf 82' lang='lat' dir='ltr'><strong>Chry-</strong></span> 
     </span>
    </p>
   </div>
   <div class='ocr_carea' id='block_1_50' title="bbox 2191 1921 3770 2008">
    <p class='ocr_par' dir='ltr' id='par_1_50' title="bbox 2191 1921 3770 2008">
     <span class='ocr_line' id='line_1_51' title="bbox 2191 1921 3770 2008; baseline 0.016 -38"><span class='ocrx_word' id='word_1_313' title='bbox 2191 1921 2413 1973; x_wconf 90' lang='lat' dir='ltr'><strong>sostomi</strong></span> <span class='ocrx_word' id='word_1_314' title='bbox 2445 1929 2682 1989; x_wconf 85' lang='lat' dir='ltr'><strong>tempora</strong></span> <span class='ocrx_word' id='word_1_315' title='bbox 2724 1929 3105 1992; x_wconf 85' lang='lat' dir='ltr'><strong>perseveravit.</strong></span> <span class='ocrx_word' id='word_1_316' title='bbox 3139 1939 3195 1984; x_wconf 91' lang='lat' dir='ltr'><strong>ut</strong></span> <span class='ocrx_word' id='word_1_317' title='bbox 3222 1931 3404 1987; x_wconf 85' lang='lat' dir='ltr'><strong>videre</strong></span> <span class='ocrx_word' id='word_1_318' title='bbox 3440 1944 3523 1989; x_wconf 90' lang='lat' dir='ltr'><strong>est</strong></span> <span class='ocrx_word' id='word_1_319' title='bbox 3553 1937 3605 1991; x_wconf 92' lang='lat' dir='ltr'><strong>in</strong></span> <span class='ocrx_word' id='word_1_320' title='bbox 3646 1939 3770 2008; x_wconf 85' lang='lat' dir='ltr'><strong>ejus</strong></span> 
     </span>
    </p>
   </div>
   <div class='ocr_carea' id='block_1_51' title="bbox 2190 2011 3775 2097">
    <p class='ocr_par' dir='ltr' id='par_1_51' title="bbox 2190 2011 3775 2097">
     <span class='ocr_line' id='line_1_52' title="bbox 2190 2011 3775 2097; baseline 0.015 -35"><span class='ocrx_word' id='word_1_321' title='bbox 2190 2019 2374 2063; x_wconf 90' lang='lat' dir='ltr'><strong>contra</strong></span> <span class='ocrx_word' id='word_1_322' title='bbox 2430 2011 2722 2068; x_wconf 72' lang='lat' dir='ltr'><strong>Anomtnos</strong></span> <span class='ocrx_word' id='word_1_323' title='bbox 2768 2014 2986 2070; x_wconf 87' lang='lat' dir='ltr'><strong>homilia</strong></span> <span class='ocrx_word' id='word_1_324' title='bbox 3035 2017 3499 2094; x_wconf 84' lang='lat' dir='ltr'><strong>Constantinopoli</strong></span> <span class='ocrx_word' id='word_1_325' title='bbox 3552 2027 3775 2097; x_wconf 81' lang='lat' dir='ltr'><strong>habita,</strong></span> 
     </span>
    </p>
   </div>
   <div class='ocr_carea' id='block_1_52' title="bbox 2190 2099 3773 2176">
    <p class='ocr_par' dir='ltr' id='par_1_52' title="bbox 2190 2099 3773 2176">
     <span class='ocr_line' id='line_1_53' title="bbox 2190 2099 3773 2176; baseline 0.015 -23"><span class='ocrx_word' id='word_1_326' title='bbox 2190 2099 2253 2155; x_wconf 88' lang='lat' dir='ltr'><strong>T.</strong></span> <span class='ocrx_word' id='word_1_327' title='bbox 2282 2101 2331 2165; x_wconf 83' lang='lat' dir='ltr'><strong>l,</strong></span> <span class='ocrx_word' id='word_1_328' title='bbox 2355 2102 2459 2157; x_wconf 78' lang='lat' dir='ltr'><strong>rol.</strong></span> <span class='ocrx_word' id='word_1_329' title='bbox 2482 2102 2579 2158; x_wconf 86' lang='lat' dir='ltr'><strong>70l</strong></span> <span class='ocrx_word' id='word_1_330' title='bbox 2605 2113 2788 2176; x_wconf 86' lang='lat' dir='ltr'><strong>etsqq.</strong></span> <span class='ocrx_word' id='word_1_331' title='bbox 2815 2106 2870 2161; x_wconf 89' lang='lat' dir='ltr'><strong>ln</strong></span> <span class='ocrx_word' id='word_1_332' title='bbox 2898 2108 3000 2163; x_wconf 82' lang='lat' dir='ltr'><strong>fine</strong></span> <span class='ocrx_word' id='word_1_333' title='bbox 3027 2121 3205 2166; x_wconf 87' lang='lat' dir='ltr'><strong>autem</strong></span> <span class='ocrx_word' id='word_1_334' title='bbox 3233 2113 3460 2170; x_wconf 69' lang='lat' dir='ltr'><strong>homiiite</strong></span> <span class='ocrx_word' id='word_1_335' title='bbox 3485 2121 3773 2176; x_wconf 83' lang='lat' dir='ltr'><strong>conciona-</strong></span> 
     </span>
    </p>
   </div>
   <div class='ocr_carea' id='block_1_53' title="bbox 2188 2197 3774 2281">
    <p class='ocr_par' dir='ltr' id='par_1_53' title="bbox 2188 2197 3774 2281">
     <span class='ocr_line' id='line_1_54' title="bbox 2188 2197 3774 2281; baseline 0.015 -37"><span class='ocrx_word' id='word_1_336' title='bbox 2188 2197 2273 2244; x_wconf 89' lang='lat' dir='ltr'><strong>tor</strong></span> <span class='ocrx_word' id='word_1_337' title='bbox 2303 2200 2469 2246; x_wconf 90' lang='lat' dir='ltr'><strong>totum</strong></span> <span class='ocrx_word' id='word_1_338' title='bbox 2514 2205 2711 2250; x_wconf 89' lang='lat' dir='ltr'><strong>coetum</strong></span> <span class='ocrx_word' id='word_1_339' title='bbox 2756 2200 3055 2255; x_wconf 89' lang='lat' dir='ltr'><strong>communis</strong></span> <span class='ocrx_word' id='word_1_340' title='bbox 3104 2204 3271 2273; x_wconf 89' lang='lat' dir='ltr'><strong>patris</strong></span> <span class='ocrx_word' id='word_1_341' title='bbox 3300 2214 3355 2260; x_wconf 89' lang='lat' dir='ltr'><strong>et</strong></span> <span class='ocrx_word' id='word_1_342' title='bbox 3385 2206 3621 2264; x_wconf 81' lang='lat' dir='ltr'><strong>doctoris</strong></span> <span class='ocrx_word' id='word_1_343' title='bbox 3647 2226 3774 2281; x_wconf 87' lang='lat' dir='ltr'><strong>pre-</strong></span> 
     </span>
    </p>
   </div>
   <div class='ocr_carea' id='block_1_54' title="bbox 2186 2282 3773 2360">
    <p class='ocr_par' dir='ltr' id='par_1_54' title="bbox 2186 2282 3773 2360">
     <span class='ocr_line' id='line_1_55' title="bbox 2186 2282 3773 2360; baseline 0.015 -24"><span class='ocrx_word' id='word_1_344' title='bbox 2186 2282 2337 2337; x_wconf 89' lang='lat' dir='ltr'><strong>cibus</strong></span> <span class='ocrx_word' id='word_1_345' title='bbox 2382 2288 2740 2342; x_wconf 86' lang='lat' dir='ltr'><strong>commendat.</strong></span> <span class='ocrx_word' id='word_1_346' title='bbox 2802 2289 2895 2345; x_wconf 87' lang='lat' dir='ltr'><strong>Ille</strong></span> <span class='ocrx_word' id='word_1_347' title='bbox 2944 2307 3073 2349; x_wconf 91' lang='lat' dir='ltr'><strong>vero</strong></span> <span class='ocrx_word' id='word_1_348' title='bbox 3125 2294 3300 2352; x_wconf 85' lang='lat' dir='ltr'><strong>adhuc</strong></span> <span class='ocrx_word' id='word_1_349' title='bbox 3354 2297 3601 2357; x_wconf 82' lang='lat' dir='ltr'><strong>fortassis</strong></span> <span class='ocrx_word' id='word_1_350' title='bbox 3651 2314 3773 2360; x_wconf 85' lang='lat' dir='ltr'><strong>erat</strong></span> 
     </span>
    </p>
   </div>
   <div class='ocr_carea' id='block_1_55' title="bbox 2187 2372 3772 2463">
    <p class='ocr_par' dir='ltr' id='par_1_55' title="bbox 2187 2372 3772 2463">
     <span class='ocr_line' id='line_1_56' title="bbox 2187 2372 3772 2463; baseline 0.015 -36"><span class='ocrx_word' id='word_1_351' title='bbox 2187 2372 2248 2429; x_wconf 89' lang='lat' dir='ltr'><strong>S.</strong></span> <span class='ocrx_word' id='word_1_352' title='bbox 2280 2373 2572 2445; x_wconf 81' lang='lat' dir='ltr'><strong>Gregorius</strong></span> <span class='ocrx_word' id='word_1_353' title='bbox 2600 2378 2985 2449; x_wconf 83' lang='lat' dir='ltr'><strong>Nazianzenus,</strong></span> <span class='ocrx_word' id='word_1_354' title='bbox 3028 2386 3118 2454; x_wconf 92' lang='lat' dir='ltr'><strong>qui</strong></span> <span class='ocrx_word' id='word_1_355' title='bbox 3157 2388 3351 2443; x_wconf 89' lang='lat' dir='ltr'><strong>eodem</strong></span> <span class='ocrx_word' id='word_1_356' title='bbox 3381 2406 3526 2444; x_wconf 89' lang='lat' dir='ltr'><strong>anno</strong></span> <span class='ocrx_word' id='word_1_357' title='bbox 3552 2395 3772 2463; x_wconf 84' lang='lat' dir='ltr'><strong>episco-</strong></span> 
     </span>
    </p>
   </div>
   <div class='ocr_carea' id='block_1_56' title="bbox 2187 2467 3526 2538">
    <p class='ocr_par' dir='ltr' id='par_1_56' title="bbox 2187 2467 3526 2538">
     <span class='ocr_line' id='line_1_57' title="bbox 2187 2467 3526 2538; baseline 0.018 -25"><span class='ocrx_word' id='word_1_358' title='bbox 2187 2473 2364 2532; x_wconf 85' lang='lat' dir='ltr'><strong>patum</strong></span> <span class='ocrx_word' id='word_1_359' title='bbox 2396 2467 2454 2520; x_wconf 90' lang='lat' dir='ltr'><strong>C.</strong></span> <span class='ocrx_word' id='word_1_360' title='bbox 2488 2468 2550 2521; x_wconf 89' lang='lat' dir='ltr'><strong>P.</strong></span> <span class='ocrx_word' id='word_1_361' title='bbox 2582 2470 2728 2538; x_wconf 74' lang='lat' dir='ltr'><strong>pacis</strong></span> <span class='ocrx_word' id='word_1_362' title='bbox 2751 2473 3029 2528; x_wconf 70' lang='lat' dir='ltr'><strong>servanda:</strong></span> <span class='ocrx_word' id='word_1_363' title='bbox 3051 2491 3209 2531; x_wconf 87' lang='lat' dir='ltr'><strong>causa</strong></span> <span class='ocrx_word' id='word_1_364' title='bbox 3238 2479 3526 2537; x_wconf 88' lang='lat' dir='ltr'><strong>abdicavit.</strong></span> 
     </span>
    </p>
   </div>
   <div class='ocr_carea' id='block_1_57' title="bbox 2255 2553 3773 2645">
    <p class='ocr_par' dir='ltr' id='par_1_57' title="bbox 2255 2553 3773 2645">
     <span class='ocr_line' id='line_1_58' title="bbox 2255 2553 3773 2645; baseline 0.016 -36"><span class='ocrx_word' id='word_1_365' title='bbox 2255 2553 2418 2611; x_wconf 89' lang='lat' dir='ltr'><strong>Stilus</strong></span> <span class='ocrx_word' id='word_1_366' title='bbox 2447 2561 2666 2613; x_wconf 90' lang='lat' dir='ltr'><strong>omnino</strong></span> <span class='ocrx_word' id='word_1_367' title='bbox 2699 2564 2984 2631; x_wconf 85' lang='lat' dir='ltr'><strong>perplexus</strong></span> <span class='ocrx_word' id='word_1_368' title='bbox 3023 2578 3076 2622; x_wconf 89' lang='lat' dir='ltr'><strong>et</strong></span> <span class='ocrx_word' id='word_1_369' title='bbox 3116 2567 3341 2635; x_wconf 88' lang='lat' dir='ltr'><strong>ferreus,</strong></span> <span class='ocrx_word' id='word_1_370' title='bbox 3383 2574 3525 2629; x_wconf 90' lang='lat' dir='ltr'><strong>unde</strong></span> <span class='ocrx_word' id='word_1_371' title='bbox 3546 2576 3773 2645; x_wconf 87' lang='lat' dir='ltr'><strong>quidam</strong></span> 
     </span>
    </p>
   </div>
   <div class='ocr_carea' id='block_1_58' title="bbox 2185 2644 3767 2731">
    <p class='ocr_par' dir='ltr' id='par_1_58' title="bbox 2185 2644 3767 2731">
     <span class='ocr_line' id='line_1_59' title="bbox 2185 2644 3767 2731; baseline 0.017 -33"><span class='ocrx_word' id='word_1_372' title='bbox 2185 2644 2327 2699; x_wconf 88' lang='lat' dir='ltr'><strong>illam</strong></span> <span class='ocrx_word' id='word_1_373' title='bbox 2358 2647 2650 2705; x_wconf 88' lang='lat' dir='ltr'><strong>Severiano</strong></span> <span class='ocrx_word' id='word_1_374' title='bbox 2678 2652 3000 2711; x_wconf 86' lang='lat' dir='ltr'><strong>Gabalorum</strong></span> <span class='ocrx_word' id='word_1_375' title='bbox 3031 2661 3284 2731; x_wconf 88' lang='lat' dir='ltr'><strong>episcopo</strong></span> <span class='ocrx_word' id='word_1_376' title='bbox 3312 2664 3381 2718; x_wconf 88' lang='lat' dir='ltr'><strong>ob</strong></span> <span class='ocrx_word' id='word_1_377' title='bbox 3402 2644 3613 2722; x_wconf 87' lang='lat' dir='ltr'><strong>dicendi</strong></span> <span class='ocrx_word' id='word_1_378' title='bbox 3643 2671 3767 2724; x_wconf 78' lang='lat' dir='ltr'><strong>alli-</strong></span> 
     </span>
    </p>
   </div>
   <div class='ocr_carea' id='block_1_59' title="bbox 2184 2741 3773 2817">
    <p class='ocr_par' dir='ltr' id='par_1_59' title="bbox 2184 2741 3773 2817">
     <span class='ocr_line' id='line_1_60' title="bbox 2184 2741 3773 2817; baseline 0.015 -23"><span class='ocrx_word' id='word_1_379' title='bbox 2184 2741 2403 2795; x_wconf 67' lang='lat' dir='ltr'><strong>nitatem</strong></span> <span class='ocrx_word' id='word_1_380' title='bbox 2429 2742 2851 2815; x_wconf 82' lang='lat' dir='ltr'><strong>adscripserunt.</strong></span> <span class='ocrx_word' id='word_1_381' title='bbox 2878 2749 3071 2806; x_wconf 89' lang='lat' dir='ltr'><strong>Verum</strong></span> <span class='ocrx_word' id='word_1_382' title='bbox 3103 2753 3216 2809; x_wconf 67' lang='lat' dir='ltr'><strong>haec</strong></span> <span class='ocrx_word' id='word_1_383' title='bbox 3245 2756 3520 2813; x_wconf 88' lang='lat' dir='ltr'><strong>Severiani</strong></span> <span class='ocrx_word' id='word_1_384' title='bbox 3546 2763 3773 2817; x_wconf 63' lang='lat' dir='ltr'><strong>concio.</strong></span> 
     </span>
    </p>
   </div>
   <div class='ocr_carea' id='block_1_60' title="bbox 2185 2834 3768 2917">
    <p class='ocr_par' dir='ltr' id='par_1_60' title="bbox 2185 2834 3768 2917">
     <span class='ocr_line' id='line_1_61' title="bbox 2185 2834 3768 2917; baseline 0.016 -32"><span class='ocrx_word' id='word_1_385' title='bbox 2185 2834 2358 2887; x_wconf 89' lang='lat' dir='ltr'><strong>nantis</strong></span> <span class='ocrx_word' id='word_1_386' title='bbox 2388 2843 2599 2889; x_wconf 54' lang='lat' dir='ltr'><strong>a&#39;tatem</strong></span> <span class='ocrx_word' id='word_1_387' title='bbox 2625 2840 2934 2907; x_wconf 62' lang='lat' dir='ltr'><strong>praecedunt</strong></span> <span class='ocrx_word' id='word_1_388' title='bbox 2961 2860 2977 2900; x_wconf 86' lang='lat'><strong>:</strong></span> <span class='ocrx_word' id='word_1_389' title='bbox 3009 2860 3182 2915; x_wconf 90' lang='lat' dir='ltr'><strong>neque</strong></span> <span class='ocrx_word' id='word_1_390' title='bbox 3208 2848 3323 2917; x_wconf 90' lang='lat' dir='ltr'><strong>ipse</strong></span> <span class='ocrx_word' id='word_1_391' title='bbox 3351 2852 3500 2906; x_wconf 90' lang='lat' dir='ltr'><strong>solus</strong></span> <span class='ocrx_word' id='word_1_392' title='bbox 3527 2852 3630 2909; x_wconf 91' lang='lat' dir='ltr'><strong>boc</strong></span> <span class='ocrx_word' id='word_1_393' title='bbox 3656 2856 3768 2910; x_wconf 90' lang='lat' dir='ltr'><strong>stili</strong></span> 
     </span>
    </p>
   </div>
   <div class='ocr_carea' id='block_1_61' title="bbox 2183 2922 3765 3009">
    <p class='ocr_par' dir='ltr' id='par_1_61' title="bbox 2183 2922 3765 3009">
     <span class='ocr_line' id='line_1_62' title="bbox 2183 2922 3765 3009; baseline 0.015 -35"><span class='ocrx_word' id='word_1_394' title='bbox 2183 2922 2311 2975; x_wconf 87' lang='lat' dir='ltr'><strong>vitio</strong></span> <span class='ocrx_word' id='word_1_395' title='bbox 2354 2923 2651 2991; x_wconf 80' lang='lat' dir='ltr'><strong>laborabat,</strong></span> <span class='ocrx_word' id='word_1_396' title='bbox 2688 2938 2741 2981; x_wconf 91' lang='lat' dir='ltr'><strong>ut</strong></span> <span class='ocrx_word' id='word_1_397' title='bbox 2793 2946 2937 3000; x_wconf 67' lang='lat' dir='ltr'><strong>szepe</strong></span> <span class='ocrx_word' id='word_1_398' title='bbox 2976 2933 3228 2991; x_wconf 84' lang='lat' dir='ltr'><strong>vidimus.</strong></span> <span class='ocrx_word' id='word_1_399' title='bbox 3262 2936 3765 3009; x_wconf 86' lang='lat' dir='ltr'><strong>lnterpretationem</strong></span> 
     </span>
    </p>
   </div>
   <div class='ocr_carea' id='block_1_62' title="bbox 2182 3013 3768 3106">
    <p class='ocr_par' dir='ltr' id='par_1_62' title="bbox 2182 3013 3768 3106">
     <span class='ocr_line' id='line_1_63' title="bbox 2182 3013 3768 3106; baseline 0.013 -37"><span class='ocrx_word' id='word_1_400' title='bbox 2182 3013 2423 3069; x_wconf 88' lang='lat' dir='ltr'><strong>Latinam</strong></span> <span class='ocrx_word' id='word_1_401' title='bbox 2448 3016 2673 3073; x_wconf 83' lang='lat' dir='ltr'><strong>Joannis</strong></span> <span class='ocrx_word' id='word_1_402' title='bbox 2699 3018 2883 3075; x_wconf 86' lang='lat' dir='ltr'><strong>Jacobi</strong></span> <span class='ocrx_word' id='word_1_403' title='bbox 2918 3024 3159 3089; x_wconf 87' lang='lat' dir='ltr'><strong>Benreri,</strong></span> <span class='ocrx_word' id='word_1_404' title='bbox 3203 3029 3343 3099; x_wconf 87' lang='lat' dir='ltr'><strong>quod</strong></span> <span class='ocrx_word' id='word_1_405' title='bbox 3386 3046 3448 3086; x_wconf 90' lang='lat' dir='ltr'><strong>ea</strong></span> <span class='ocrx_word' id='word_1_406' title='bbox 3480 3036 3768 3106; x_wconf 81' lang='lat' dir='ltr'><strong>paraphra-</strong></span> 
     </span>
    </p>
   </div>
   <div class='ocr_carea' id='block_1_63' title="bbox 2182 3107 3770 3196">
    <p class='ocr_par' dir='ltr' id='par_1_63' title="bbox 2182 3107 3770 3196">
     <span class='ocr_line' id='line_1_64' title="bbox 2182 3107 3770 3196; baseline 0.014 -37"><span class='ocrx_word' id='word_1_407' title='bbox 2182 3107 2303 3160; x_wconf 82' lang='lat' dir='ltr'><strong>stice</strong></span> <span class='ocrx_word' id='word_1_408' title='bbox 2343 3117 2485 3162; x_wconf 83' lang='lat' dir='ltr'><strong>esset</strong></span> <span class='ocrx_word' id='word_1_409' title='bbox 2530 3110 2869 3180; x_wconf 87' lang='lat' dir='ltr'><strong>concinnata,</strong></span> <span class='ocrx_word' id='word_1_410' title='bbox 2913 3114 3219 3185; x_wconf 86' lang='lat' dir='ltr'><strong>rejecimus,</strong></span> <span class='ocrx_word' id='word_1_411' title='bbox 3268 3136 3569 3193; x_wconf 83' lang='lat' dir='ltr'><strong>novamque</strong></span> <span class='ocrx_word' id='word_1_412' title='bbox 3610 3143 3770 3196; x_wconf 85' lang='lat' dir='ltr'><strong>para-</strong></span> 
     </span>
    </p>
   </div>
   <div class='ocr_carea' id='block_1_64' title="bbox 2184 3214 2379 3254">
    <p class='ocr_par' dir='ltr' id='par_1_64' title="bbox 2184 3214 2379 3254">
     <span class='ocr_line' id='line_1_65' title="bbox 2184 3214 2379 3254; baseline 0.015 -4"><span class='ocrx_word' id='word_1_413' title='bbox 2184 3214 2379 3254; x_wconf 86' lang='lat' dir='ltr'><strong>vmtus.</strong></span> 
     </span>
    </p>
   </div>
   <div class='ocr_carea' id='block_1_65' title="bbox 499 3303 3768 3341">
    <p class='ocr_par' dir='ltr' id='par_1_65' title="bbox 499 3303 3768 3341">
     <span class='ocr_line' id='line_1_66' title="bbox 499 3303 3768 3341; baseline 0.006 -20"><span class='ocrx_word' id='word_1_414' title='bbox 499 3303 3768 3341; x_wconf 40' lang='lat'><strong>_____—————————————_—————‘———-§———___.__-</strong></span> 
     </span>
    </p>
   </div>
   <div class='ocr_carea' id='block_1_66' title="bbox 497 3408 2025 3477">
    <p class='ocr_par' dir='ltr' id='par_1_66' title="bbox 497 3408 2025 3477">
     <span class='ocr_line' id='line_1_67' title="bbox 497 3408 2025 3477; baseline -0.014 -9"><span class='ocrx_word' id='word_1_415' title='bbox 497 3425 560 3469; x_wconf 68' lang='grc' dir='ltr'><strong><em>Π</em></strong></span> <span class='ocrx_word' id='word_1_416' title='bbox 604 3424 816 3477; x_wconf 80' lang='lat' dir='ltr'><strong>ILLUD,</strong></span> <span class='ocrx_word' id='word_1_417' title='bbox 861 3421 926 3464; x_wconf 79' lang='lat' dir='ltr'><strong>IN</strong></span> <span class='ocrx_word' id='word_1_418' title='bbox 962 3418 1279 3463; x_wconf 77' lang='lat' dir='ltr'><strong>PRINCIPIO</strong></span> <span class='ocrx_word' id='word_1_419' title='bbox 1323 3413 1490 3458; x_wconf 71' lang='grc' dir='ltr'>ΕιιΑτ</span> <span class='ocrx_word' id='word_1_420' title='bbox 1538 3410 1824 3464; x_wconf 77' lang='lat' dir='ltr'><strong>VERBUM,</strong></span> <span class='ocrx_word' id='word_1_421' title='bbox 1884 3408 2025 3450; x_wconf 83' lang='lat' dir='ltr'><strong>ETC.</strong></span> 
     </span>
    </p>
   </div>
   <div class='ocr_carea' id='block_1_67' title="bbox 577 3491 1689 3582">
    <p class='ocr_par' dir='ltr' id='par_1_67' title="bbox 577 3491 1689 3582">
     <span class='ocr_line' id='line_1_68' title="bbox 577 3491 1689 3582; baseline -0.014 -13"><span class='ocrx_word' id='word_1_422' title='bbox 577 3524 911 3569; x_wconf 64' lang='lat' dir='ltr'><strong>enervam</strong></span> <span class='ocrx_word' id='word_1_423' title='bbox 954 3522 1062 3564; x_wconf 78' lang='lat' dir='ltr'><strong>nm</strong></span> <span class='ocrx_word' id='word_1_424' title='bbox 1109 3501 1195 3582; x_wconf 92' lang='grc'><strong>(1.</strong></span> <span class='ocrx_word' id='word_1_425' title='bbox 1241 3500 1384 3563; x_wconf 83' lang='lat' dir='ltr'><strong>Cor.</strong></span> <span class='ocrx_word' id='word_1_426' title='bbox 1430 3499 1490 3558; x_wconf 80' lang='lat'><strong>2.</strong></span> <span class='ocrx_word' id='word_1_427' title='bbox 1538 3491 1689 3577; x_wconf 78' lang='lat'><strong>10):</strong></span> 
     </span>
    </p>
   </div>
   <div class='ocr_carea' id='block_1_68' title="bbox 566 3717 2074 3785">
    <p class='ocr_par' dir='ltr' id='par_1_68' title="bbox 566 3717 2074 3785">
     <span class='ocr_line' id='line_1_69' title="bbox 566 3717 2074 3785; baseline -0.006 -5"><span class='ocrx_word' id='word_1_428' title='bbox 566 3727 620 3780; x_wconf 77' lang='grc'><strong>1.</strong></span> <span class='ocrx_word' id='word_1_429' title='bbox 678 3724 934 3779; x_wconf 90' lang='lat' dir='ltr'><strong>llesterna</strong></span> <span class='ocrx_word' id='word_1_430' title='bbox 980 3720 1069 3775; x_wconf 91' lang='lat' dir='ltr'><strong>die</strong></span> <span class='ocrx_word' id='word_1_431' title='bbox 1114 3718 1267 3772; x_wconf 85' lang='lat' dir='ltr'><strong>nobis</strong></span> <span class='ocrx_word' id='word_1_432' title='bbox 1306 3731 1486 3771; x_wconf 85' lang='lat' dir='ltr'><strong>sermo</strong></span> <span class='ocrx_word' id='word_1_433' title='bbox 1531 3717 1583 3770; x_wconf 91' lang='lat' dir='ltr'><strong>in</strong></span> <span class='ocrx_word' id='word_1_434' title='bbox 1631 3731 1836 3783; x_wconf 69' lang='lat' dir='ltr'><strong>magna:</strong></span> <span class='ocrx_word' id='word_1_435' title='bbox 1882 3717 2074 3785; x_wconf 80' lang='lat' dir='ltr'><strong>aqnihe</strong></span> 
     </span>
    </p>
   </div>
   <div class='ocr_carea' id='block_1_69' title="bbox 497 3808 2069 3887">
    <p class='ocr_par' dir='ltr' id='par_1_69' title="bbox 497 3808 2069 3887">
     <span class='ocr_line' id='line_1_70' title="bbox 497 3808 2069 3887; baseline -0.007 -15"><span class='ocrx_word' id='word_1_436' title='bbox 497 3816 922 3887; x_wconf 78' lang='lat' dir='ltr'><strong>speculationem</strong></span> <span class='ocrx_word' id='word_1_437' title='bbox 950 3812 1132 3878; x_wconf 91' lang='lat' dir='ltr'><strong>desiit,</strong></span> <span class='ocrx_word' id='word_1_438' title='bbox 1161 3809 1371 3878; x_wconf 64' lang='lat' dir='ltr'><strong>aquila},</strong></span> <span class='ocrx_word' id='word_1_439' title='bbox 1401 3808 1639 3878; x_wconf 87' lang='lat' dir='ltr'><strong>inquam,</strong></span> <span class='ocrx_word' id='word_1_440' title='bbox 1672 3808 1814 3862; x_wconf 92' lang='lat' dir='ltr'><strong>illius</strong></span> <span class='ocrx_word' id='word_1_441' title='bbox 1844 3824 2069 3878; x_wconf 62' lang='lat' dir='ltr'><strong>magnm,</strong></span> 
     </span>
    </p>
   </div>
   <div class='ocr_carea' id='block_1_70' title="bbox 494 3902 2074 3981">
    <p class='ocr_par' dir='ltr' id='par_1_70' title="bbox 494 3902 2074 3981">
     <span class='ocr_line' id='line_1_71' title="bbox 494 3902 2074 3981; baseline -0.007 -17"><span class='ocrx_word' id='word_1_442' title='bbox 494 3926 615 3981; x_wconf 71' lang='lat' dir='ltr'><strong>qua:</strong></span> <span class='ocrx_word' id='word_1_443' title='bbox 642 3908 834 3979; x_wconf 90' lang='lat' dir='ltr'><strong>spiritu</strong></span> <span class='ocrx_word' id='word_1_444' title='bbox 875 3904 1064 3961; x_wconf 77' lang='lat' dir='ltr'><strong>czelum</strong></span> <span class='ocrx_word' id='word_1_445' title='bbox 1092 3910 1149 3958; x_wconf 92' lang='lat' dir='ltr'><strong>et</strong></span> <span class='ocrx_word' id='word_1_446' title='bbox 1183 3902 1431 3957; x_wconf 70' lang='lat' dir='ltr'><strong>caelestes</strong></span> <span class='ocrx_word' id='word_1_447' title='bbox 1463 3907 1755 3969; x_wconf 87' lang='lat' dir='ltr'><strong>potestates</strong></span> <span class='ocrx_word' id='word_1_448' title='bbox 1796 3910 2074 3954; x_wconf 86' lang='lat' dir='ltr'><strong>transcen-</strong></span> 
     </span>
    </p>
   </div>
   <div class='ocr_carea' id='block_1_71' title="bbox 495 3990 2072 4066">
    <p class='ocr_par' dir='ltr' id='par_1_71' title="bbox 495 3990 2072 4066">
     <span class='ocr_line' id='line_1_72' title="bbox 495 3990 2072 4066; baseline -0.007 -11"><span class='ocrx_word' id='word_1_449' title='bbox 495 4002 593 4066; x_wconf 89' lang='lat' dir='ltr'><strong>dit,</strong></span> <span class='ocrx_word' id='word_1_450' title='bbox 624 4011 678 4056; x_wconf 91' lang='lat' dir='ltr'><strong>et</strong></span> <span class='ocrx_word' id='word_1_451' title='bbox 705 4015 732 4051; x_wconf 89' lang='lat' dir='ltr'><strong>a</strong></span> <span class='ocrx_word' id='word_1_452' title='bbox 762 4012 939 4052; x_wconf 90' lang='lat' dir='ltr'><strong>rerum</strong></span> <span class='ocrx_word' id='word_1_453' title='bbox 967 3994 1204 4050; x_wconf 89' lang='lat' dir='ltr'><strong>omnium</strong></span> <span class='ocrx_word' id='word_1_454' title='bbox 1228 3994 1381 4062; x_wconf 86' lang='lat' dir='ltr'><strong>apice</strong></span> <span class='ocrx_word' id='word_1_455' title='bbox 1410 3991 1639 4047; x_wconf 90' lang='lat' dir='ltr'><strong>orditur.</strong></span> <span class='ocrx_word' id='word_1_456' title='bbox 1669 3990 1904 4046; x_wconf 83' lang='lat' dir='ltr'><strong>Joannes</strong></span> <span class='ocrx_word' id='word_1_457' title='bbox 1929 3991 2072 4044; x_wconf 89' lang='lat' dir='ltr'><strong>enim</strong></span> 
     </span>
    </p>
   </div>
   <div class='ocr_carea' id='block_1_72' title="bbox 497 4081 2072 4163">
    <p class='ocr_par' dir='ltr' id='par_1_72' title="bbox 497 4081 2072 4163">
     <span class='ocr_line' id='line_1_73' title="bbox 497 4081 2072 4163; baseline -0.01 -12"><span class='ocrx_word' id='word_1_458' title='bbox 497 4095 649 4151; x_wconf 88' lang='lat' dir='ltr'><strong>nobis</strong></span> <span class='ocrx_word' id='word_1_459' title='bbox 678 4092 852 4163; x_wconf 86' lang='lat' dir='ltr'><strong>primo</strong></span> <span class='ocrx_word' id='word_1_460' title='bbox 879 4088 1188 4160; x_wconf 59' lang='lat' dir='ltr'><strong>praedicavit</strong></span> <span class='ocrx_word' id='word_1_461' title='bbox 1218 4086 1371 4151; x_wconf 87' lang='lat' dir='ltr'><strong>illud,</strong></span> <span class='ocrx_word' id='word_1_462' title='bbox 1406 4084 1469 4139; x_wconf 84' lang='lat' dir='ltr'><strong>In</strong></span> <span class='ocrx_word' id='word_1_463' title='bbox 1510 4085 1761 4153; x_wconf 85' lang='lat' dir='ltr'><strong>principio</strong></span> <span class='ocrx_word' id='word_1_464' title='bbox 1798 4092 1906 4138; x_wconf 81' lang='lat' dir='ltr'><strong>erat</strong></span> <span class='ocrx_word' id='word_1_465' title='bbox 1948 4081 2072 4136; x_wconf 87' lang='lat' dir='ltr'><strong>Ver-</strong></span> 
     </span>
    </p>
   </div>
   <div class='ocr_carea' id='block_1_73' title="bbox 497 4172 2070 4252">
    <p class='ocr_par' dir='ltr' id='par_1_73' title="bbox 497 4172 2070 4252">
     <span class='ocr_line' id='line_1_74' title="bbox 497 4172 2070 4252; baseline -0.009 -12"><span class='ocrx_word' id='word_1_466' title='bbox 497 4188 635 4252; x_wconf 86' lang='lat' dir='ltr'><strong>bum,</strong></span> <span class='ocrx_word' id='word_1_467' title='bbox 679 4194 733 4239; x_wconf 92' lang='lat' dir='ltr'><strong>et</strong></span> <span class='ocrx_word' id='word_1_468' title='bbox 770 4181 838 4237; x_wconf 91' lang='lat' dir='ltr'><strong>de</strong></span> <span class='ocrx_word' id='word_1_469' title='bbox 883 4182 1115 4235; x_wconf 88' lang='lat' dir='ltr'><strong>increata</strong></span> <span class='ocrx_word' id='word_1_470' title='bbox 1163 4185 1349 4231; x_wconf 90' lang='lat' dir='ltr'><strong>natura</strong></span> <span class='ocrx_word' id='word_1_471' title='bbox 1392 4175 1795 4246; x_wconf 90' lang='lat' dir='ltr'><strong>philosophatus</strong></span> <span class='ocrx_word' id='word_1_472' title='bbox 1836 4184 1952 4237; x_wconf 88' lang='lat' dir='ltr'><strong>est;</strong></span> <span class='ocrx_word' id='word_1_473' title='bbox 1981 4172 2070 4243; x_wconf 89' lang='lat' dir='ltr'><strong>qui</strong></span> 
     </span>
    </p>
   </div>
   <div class='ocr_carea' id='block_1_74' title="bbox 499 4267 2073 4341">
    <p class='ocr_par' dir='ltr' id='par_1_74' title="bbox 499 4267 2073 4341">
     <span class='ocr_line' id='line_1_75' title="bbox 499 4267 2073 4341; baseline -0.008 -9"><span class='ocrx_word' id='word_1_474' title='bbox 499 4294 610 4333; x_wconf 89' lang='lat' dir='ltr'><strong>rem</strong></span> <span class='ocrx_word' id='word_1_475' title='bbox 628 4285 861 4331; x_wconf 88' lang='lat' dir='ltr'><strong>creatam</strong></span> <span class='ocrx_word' id='word_1_476' title='bbox 884 4288 1097 4328; x_wconf 88' lang='lat' dir='ltr'><strong>omnem</strong></span> <span class='ocrx_word' id='word_1_477' title='bbox 1125 4271 1244 4341; x_wconf 89' lang='lat' dir='ltr'><strong>plus</strong></span> <span class='ocrx_word' id='word_1_478' title='bbox 1264 4284 1423 4339; x_wconf 87' lang='lat' dir='ltr'><strong>quam</strong></span> <span class='ocrx_word' id='word_1_479' title='bbox 1454 4267 1628 4336; x_wconf 88' lang='lat' dir='ltr'><strong>aquila</strong></span> <span class='ocrx_word' id='word_1_480' title='bbox 1661 4275 2073 4336; x_wconf 67' lang='lat' dir='ltr'><strong>prmtergressus</strong></span> 
     </span>
    </p>
   </div>
   <div class='ocr_carea' id='block_1_75' title="bbox 494 4358 2070 4431">
    <p class='ocr_par' dir='ltr' id='par_1_75' title="bbox 494 4358 2070 4431">
     <span class='ocr_line' id='line_1_76' title="bbox 494 4358 2070 4431; baseline -0.008 -7"><span class='ocrx_word' id='word_1_481' title='bbox 494 4378 594 4429; x_wconf 88' lang='lat' dir='ltr'><strong>est,</strong></span> <span class='ocrx_word' id='word_1_482' title='bbox 613 4368 914 4431; x_wconf 85' lang='lat' dir='ltr'><strong>tonitruque</strong></span> <span class='ocrx_word' id='word_1_483' title='bbox 934 4377 1120 4417; x_wconf 91' lang='lat' dir='ltr'><strong>sonum</strong></span> <span class='ocrx_word' id='word_1_484' title='bbox 1144 4360 1434 4430; x_wconf 89' lang='lat' dir='ltr'><strong>superavit,</strong></span> <span class='ocrx_word' id='word_1_485' title='bbox 1456 4369 1514 4411; x_wconf 92' lang='lat' dir='ltr'><strong>ut</strong></span> <span class='ocrx_word' id='word_1_486' title='bbox 1538 4358 1627 4427; x_wconf 87' lang='lat' dir='ltr'><strong>qui</strong></span> <span class='ocrx_word' id='word_1_487' title='bbox 1651 4359 1797 4412; x_wconf 92' lang='lat' dir='ltr'><strong>solus</strong></span> <span class='ocrx_word' id='word_1_488' title='bbox 1815 4368 2070 4411; x_wconf 65' lang='lat' dir='ltr'><strong>aeternam</strong></span> 
     </span>
    </p>
   </div>
   <div class='ocr_carea' id='block_1_76' title="bbox 494 4447 2069 4525">
    <p class='ocr_par' dir='ltr' id='par_1_76' title="bbox 494 4447 2069 4525">
     <span class='ocr_line' id='line_1_77' title="bbox 494 4447 2069 4525; baseline -0.011 -8"><span class='ocrx_word' id='word_1_489' title='bbox 494 4469 550 4517; x_wconf 90' lang='lat' dir='ltr'><strong>et</strong></span> <span class='ocrx_word' id='word_1_490' title='bbox 565 4459 829 4515; x_wconf 88' lang='lat' dir='ltr'><strong>ca-lestem</strong></span> <span class='ocrx_word' id='word_1_491' title='bbox 850 4451 1240 4525; x_wconf 86' lang='lat' dir='ltr'><strong>philosophiam</strong></span> <span class='ocrx_word' id='word_1_492' title='bbox 1256 4448 1646 4519; x_wconf 85' lang='lat' dir='ltr'><strong>praedicaverit.</strong></span> <span class='ocrx_word' id='word_1_493' title='bbox 1664 4447 1888 4502; x_wconf 90' lang='lat' dir='ltr'><strong>Tonitru</strong></span> <span class='ocrx_word' id='word_1_494' title='bbox 1916 4463 2069 4501; x_wconf 89' lang='lat' dir='ltr'><strong>nam-</strong></span> 
     </span>
    </p>
   </div>
   <div class='ocr_carea' id='block_1_77' title="bbox 493 4538 2067 4624">
    <p class='ocr_par' dir='ltr' id='par_1_77' title="bbox 493 4538 2067 4624">
     <span class='ocr_line' id='line_1_78' title="bbox 493 4538 2067 4624; baseline -0.008 -17"><span class='ocrx_word' id='word_1_495' title='bbox 493 4568 618 4624; x_wconf 89' lang='lat' dir='ltr'><strong>que,</strong></span> <span class='ocrx_word' id='word_1_496' title='bbox 638 4550 846 4613; x_wconf 87' lang='lat' dir='ltr'><strong>fratres,</strong></span> <span class='ocrx_word' id='word_1_497' title='bbox 864 4556 919 4602; x_wconf 92' lang='lat' dir='ltr'><strong>et</strong></span> <span class='ocrx_word' id='word_1_498' title='bbox 937 4552 1101 4601; x_wconf 87' lang='lat' dir='ltr'><strong>terret</strong></span> <span class='ocrx_word' id='word_1_499' title='bbox 1118 4542 1367 4613; x_wconf 88' lang='lat' dir='ltr'><strong>etirrigat</strong></span> <span class='ocrx_word' id='word_1_500' title='bbox 1387 4560 1401 4596; x_wconf 87' lang='lat'><strong>:</strong></span> <span class='ocrx_word' id='word_1_501' title='bbox 1423 4540 1608 4611; x_wconf 85' lang='lat' dir='ltr'><strong>irrigat</strong></span> <span class='ocrx_word' id='word_1_502' title='bbox 1622 4538 1841 4594; x_wconf 90' lang='lat' dir='ltr'><strong>nubium</strong></span> <span class='ocrx_word' id='word_1_503' title='bbox 1876 4539 2067 4606; x_wconf 89' lang='lat' dir='ltr'><strong>imbre,</strong></span> 
     </span>
    </p>
   </div>
   <div class='ocr_carea' id='block_1_78' title="bbox 495 4634 2069 4709">
    <p class='ocr_par' dir='ltr' id='par_1_78' title="bbox 495 4634 2069 4709">
     <span class='ocr_line' id='line_1_79' title="bbox 495 4634 2069 4709; baseline -0.01 -10"><span class='ocrx_word' id='word_1_504' title='bbox 495 4651 659 4699; x_wconf 89' lang='lat' dir='ltr'><strong>terret</strong></span> <span class='ocrx_word' id='word_1_505' title='bbox 686 4650 741 4697; x_wconf 92' lang='lat' dir='ltr'><strong>et</strong></span> <span class='ocrx_word' id='word_1_506' title='bbox 766 4636 1008 4709; x_wconf 89' lang='lat' dir='ltr'><strong>percellit</strong></span> <span class='ocrx_word' id='word_1_507' title='bbox 1050 4650 1207 4691; x_wconf 90' lang='lat' dir='ltr'><strong>sono.</strong></span> <span class='ocrx_word' id='word_1_508' title='bbox 1241 4634 1496 4688; x_wconf 82' lang='lat' dir='ltr'><strong>Diversas</strong></span> <span class='ocrx_word' id='word_1_509' title='bbox 1535 4647 1663 4702; x_wconf 89' lang='lat' dir='ltr'><strong>ergo</strong></span> <span class='ocrx_word' id='word_1_510' title='bbox 1694 4641 1870 4700; x_wconf 92' lang='lat' dir='ltr'><strong>partes</strong></span> <span class='ocrx_word' id='word_1_511' title='bbox 1913 4644 2069 4684; x_wconf 84' lang='lat' dir='ltr'><strong>assu-</strong></span> 
     </span>
    </p>
   </div>
   <div class='ocr_carea' id='block_1_79' title="bbox 495 4720 2069 4796">
    <p class='ocr_par' dir='ltr' id='par_1_79' title="bbox 495 4720 2069 4796">
     <span class='ocr_line' id='line_1_80' title="bbox 495 4720 2069 4796; baseline -0.009 -7"><span class='ocrx_word' id='word_1_512' title='bbox 495 4734 591 4789; x_wconf 86' lang='lat' dir='ltr'><strong>mit</strong></span> <span class='ocrx_word' id='word_1_513' title='bbox 617 4747 722 4786; x_wconf 76' lang='lat' dir='ltr'><strong>vox</strong></span> <span class='ocrx_word' id='word_1_514' title='bbox 752 4728 974 4785; x_wconf 82' lang='lat' dir='ltr'><strong>Joannis</strong></span> <span class='ocrx_word' id='word_1_515' title='bbox 1001 4745 1015 4782; x_wconf 89' lang='lat'><strong>:</strong></span> <span class='ocrx_word' id='word_1_516' title='bbox 1048 4725 1233 4796; x_wconf 89' lang='lat' dir='ltr'><strong>irrigat</strong></span> <span class='ocrx_word' id='word_1_517' title='bbox 1260 4723 1580 4784; x_wconf 88' lang='lat' dir='ltr'><strong>Ecclesiam,</strong></span> <span class='ocrx_word' id='word_1_518' title='bbox 1610 4729 1666 4775; x_wconf 91' lang='lat' dir='ltr'><strong>et</strong></span> <span class='ocrx_word' id='word_1_519' title='bbox 1696 4720 2069 4775; x_wconf 65' lang='lat' dir='ltr'><strong>haereticorum</strong></span> 
     </span>
    </p>
   </div>
   <div class='ocr_carea' id='block_1_80' title="bbox 493 4813 2070 4898">
    <p class='ocr_par' dir='ltr' id='par_1_80' title="bbox 493 4813 2070 4898">
     <span class='ocr_line' id='line_1_81' title="bbox 493 4813 2070 4898; baseline -0.009 -17"><span class='ocrx_word' id='word_1_520' title='bbox 493 4842 681 4898; x_wconf 84' lang='lat' dir='ltr'><strong>agmen</strong></span> <span class='ocrx_word' id='word_1_521' title='bbox 710 4820 1096 4894; x_wconf 89' lang='lat' dir='ltr'><strong>perterrefacit.</strong></span> <span class='ocrx_word' id='word_1_522' title='bbox 1123 4818 1254 4873; x_wconf 90' lang='lat' dir='ltr'><strong>Cum</strong></span> <span class='ocrx_word' id='word_1_523' title='bbox 1283 4815 1424 4870; x_wconf 90' lang='lat' dir='ltr'><strong>enim</strong></span> <span class='ocrx_word' id='word_1_524' title='bbox 1456 4828 1589 4868; x_wconf 82' lang='lat' dir='ltr'><strong>vana</strong></span> <span class='ocrx_word' id='word_1_525' title='bbox 1617 4813 1921 4884; x_wconf 88' lang='lat' dir='ltr'><strong>loquuntur,</strong></span> <span class='ocrx_word' id='word_1_526' title='bbox 1947 4828 2070 4868; x_wconf 92' lang='lat' dir='ltr'><strong>cum</strong></span> 
     </span>
    </p>
   </div>
   <div class='ocr_carea' id='block_1_81' title="bbox 493 4908 2068 4987">
    <p class='ocr_par' dir='ltr' id='par_1_81' title="bbox 493 4908 2068 4987">
     <span class='ocr_line' id='line_1_82' title="bbox 493 4908 2068 4987; baseline -0.008 -13"><span class='ocrx_word' id='word_1_527' title='bbox 493 4928 679 4974; x_wconf 85' lang='lat' dir='ltr'><strong>contra</strong></span> <span class='ocrx_word' id='word_1_528' title='bbox 708 4931 867 4987; x_wconf 89' lang='lat' dir='ltr'><strong>quam</strong></span> <span class='ocrx_word' id='word_1_529' title='bbox 897 4915 996 4984; x_wconf 91' lang='lat' dir='ltr'><strong>ipsi</strong></span> <span class='ocrx_word' id='word_1_530' title='bbox 1036 4912 1215 4968; x_wconf 91' lang='lat' dir='ltr'><strong>sciunt</strong></span> <span class='ocrx_word' id='word_1_531' title='bbox 1239 4908 1487 4979; x_wconf 67' lang='lat' dir='ltr'><strong>quaedam</strong></span> <span class='ocrx_word' id='word_1_532' title='bbox 1520 4923 1643 4964; x_wconf 90' lang='lat' dir='ltr'><strong>esse</strong></span> <span class='ocrx_word' id='word_1_533' title='bbox 1690 4917 1904 4978; x_wconf 88' lang='lat' dir='ltr'><strong>negant,</strong></span> <span class='ocrx_word' id='word_1_534' title='bbox 1946 4922 2068 4962; x_wconf 91' lang='lat' dir='ltr'><strong>cum</strong></span> 
     </span>
    </p>
   </div>
   <div class='ocr_carea' id='block_1_82' title="bbox 492 5000 2071 5079">
    <p class='ocr_par' dir='ltr' id='par_1_82' title="bbox 492 5000 2071 5079">
     <span class='ocr_line' id='line_1_83' title="bbox 492 5000 2071 5079; baseline -0.007 -13"><span class='ocrx_word' id='word_1_535' title='bbox 492 5014 721 5068; x_wconf 89' lang='lat' dir='ltr'><strong>humana</strong></span> <span class='ocrx_word' id='word_1_536' title='bbox 766 5009 945 5079; x_wconf 88' lang='lat' dir='ltr'><strong>lingua</strong></span> <span class='ocrx_word' id='word_1_537' title='bbox 986 5014 1171 5060; x_wconf 91' lang='lat' dir='ltr'><strong>contra</strong></span> <span class='ocrx_word' id='word_1_538' title='bbox 1215 5003 1451 5058; x_wconf 87' lang='lat' dir='ltr'><strong>divinam</strong></span> <span class='ocrx_word' id='word_1_539' title='bbox 1502 5000 1833 5070; x_wconf 86' lang='lat' dir='ltr'><strong>Scripturam</strong></span> <span class='ocrx_word' id='word_1_540' title='bbox 1881 5000 2071 5055; x_wconf 89' lang='lat' dir='ltr'><strong>decer-</strong></span> 
     </span>
    </p>
   </div>
   <div class='ocr_carea' id='block_1_83' title="bbox 491 5093 2068 5163">
    <p class='ocr_par' dir='ltr' id='par_1_83' title="bbox 491 5093 2068 5163">
     <span class='ocr_line' id='line_1_84' title="bbox 491 5093 2068 5163; baseline -0.01 0"><span class='ocrx_word' id='word_1_541' title='bbox 491 5114 607 5163; x_wconf 89' lang='lat' dir='ltr'><strong>tant</strong></span> <span class='ocrx_word' id='word_1_542' title='bbox 639 5122 652 5158; x_wconf 91' lang='lat'><strong>:</strong></span> <span class='ocrx_word' id='word_1_543' title='bbox 684 5113 811 5157; x_wconf 89' lang='lat' dir='ltr'><strong>tunc</strong></span> <span class='ocrx_word' id='word_1_544' title='bbox 853 5101 1048 5155; x_wconf 82' lang='lat' dir='ltr'><strong>clamat</strong></span> <span class='ocrx_word' id='word_1_545' title='bbox 1076 5098 1333 5160; x_wconf 84' lang='lat' dir='ltr'><strong>Joannes,</strong></span> <span class='ocrx_word' id='word_1_546' title='bbox 1384 5094 1531 5154; x_wconf 84' lang='lat' dir='ltr'><strong>Erat.</strong></span> <span class='ocrx_word' id='word_1_547' title='bbox 1576 5104 1703 5149; x_wconf 88' lang='lat' dir='ltr'><strong>ante</strong></span> <span class='ocrx_word' id='word_1_548' title='bbox 1745 5093 1898 5157; x_wconf 90' lang='lat' dir='ltr'><strong>illud,</strong></span> <span class='ocrx_word' id='word_1_549' title='bbox 1948 5094 2068 5147; x_wconf 86' lang='lat' dir='ltr'><strong>Non</strong></span> 
     </span>
    </p>
   </div>
   <div class='ocr_carea' id='block_1_84' title="bbox 496 5184 2068 5267">
    <p class='ocr_par' dir='ltr' id='par_1_84' title="bbox 496 5184 2068 5267">
     <span class='ocr_line' id='line_1_85' title="bbox 496 5184 2068 5267; baseline -0.008 -15"><span class='ocrx_word' id='word_1_550' title='bbox 496 5206 603 5253; x_wconf 80' lang='lat' dir='ltr'><strong>erat</strong></span> <span class='ocrx_word' id='word_1_551' title='bbox 626 5194 720 5267; x_wconf 71' lang='grc' dir='ltr'><strong>(ὑ).</strong></span> <span class='ocrx_word' id='word_1_552' title='bbox 767 5191 835 5247; x_wconf 84' lang='grc' dir='ltr'><em>1η</em></span> <span class='ocrx_word' id='word_1_553' title='bbox 874 5188 1126 5262; x_wconf 78' lang='lat' dir='ltr'><strong>principio</strong></span> <span class='ocrx_word' id='word_1_554' title='bbox 1171 5198 1278 5243; x_wconf 85' lang='lat' dir='ltr'><strong>erat</strong></span> <span class='ocrx_word' id='word_1_555' title='bbox 1327 5184 1561 5251; x_wconf 84' lang='lat' dir='ltr'><strong>Verbum,</strong></span> <span class='ocrx_word' id='word_1_556' title='bbox 1609 5195 1657 5241; x_wconf 83' lang='lat' dir='ltr'><strong>et</strong></span> <span class='ocrx_word' id='word_1_557' title='bbox 1710 5184 1926 5240; x_wconf 84' lang='lat' dir='ltr'><strong>Verbum</strong></span> <span class='ocrx_word' id='word_1_558' title='bbox 1961 5195 2068 5240; x_wconf 79' lang='lat' dir='ltr'><strong>erat</strong></span> 
     </span>
    </p>
   </div>
   <div class='ocr_carea' id='block_1_85' title="bbox 551 5320 2068 5393">
    <p class='ocr_par' dir='ltr' id='par_1_85' title="bbox 551 5320 2068 5393">
     <span class='ocr_line' id='line_1_86' title="bbox 551 5320 2068 5393; baseline -0.005 -14"><span class='ocrx_word' id='word_1_559' title='bbox 551 5330 627 5393; x_wconf 87' lang='lat' dir='ltr'><strong>(a)</strong></span> <span class='ocrx_word' id='word_1_560' title='bbox 648 5326 832 5382; x_wconf 84' lang='lat' dir='ltr'><strong>Collata</strong></span> <span class='ocrx_word' id='word_1_561' title='bbox 861 5339 971 5377; x_wconf 88' lang='lat' dir='ltr'><strong>eum</strong></span> <span class='ocrx_word' id='word_1_562' title='bbox 994 5324 1185 5393; x_wconf 67' lang='lat' dir='ltr'><strong>Codice</strong></span> <span class='ocrx_word' id='word_1_563' title='bbox 1214 5321 1375 5385; x_wconf 79' lang='lat' dir='ltr'><strong>Regio</strong></span> <span class='ocrx_word' id='word_1_564' title='bbox 1410 5321 1546 5381; x_wconf 73' lang='grc'><strong>1958,</strong></span> <span class='ocrx_word' id='word_1_565' title='bbox 1569 5321 1652 5384; x_wconf 83' lang='lat' dir='ltr'><strong>qui</strong></span> <span class='ocrx_word' id='word_1_566' title='bbox 1674 5320 1865 5371; x_wconf 84' lang='lat' dir='ltr'><strong>mendis</strong></span> <span class='ocrx_word' id='word_1_567' title='bbox 1888 5325 2068 5382; x_wconf 78' lang='lat' dir='ltr'><strong>scatet,</strong></span> 
     </span>
    </p>
   </div>
   <div class='ocr_carea' id='block_1_86' title="bbox 484 5388 1362 5458">
    <p class='ocr_par' dir='ltr' id='par_1_86' title="bbox 484 5388 1362 5458">
     <span class='ocr_line' id='line_1_87' title="bbox 484 5388 1362 5458; baseline -0.011 -15"><span class='ocrx_word' id='word_1_568' title='bbox 484 5388 843 5458; x_wconf 44' lang='lat' dir='ltr'><strong>quibus‘mtssis</strong></span> <span class='ocrx_word' id='word_1_569' title='bbox 865 5388 1100 5458; x_wconf 57' lang='lat' dir='ltr'><strong>praecipua</strong></span> <span class='ocrx_word' id='word_1_570' title='bbox 1125 5394 1362 5458; x_wconf 70' lang='lat' dir='ltr'><strong>notamus.</strong></span> 
     </span>
    </p>
   </div>
   <div class='ocr_carea' id='block_1_87' title="bbox 548 5446 2061 5517">
    <p class='ocr_par' dir='ltr' id='par_1_87' title="bbox 548 5446 2061 5517">
     <span class='ocr_line' id='line_1_88' title="bbox 548 5446 2061 5517; baseline -0.001 -13"><span class='ocrx_word' id='word_1_571' title='bbox 548 5454 619 5517; x_wconf 74' lang='grc' dir='ltr'><strong>(ὁ)</strong></span> <span class='ocrx_word' id='word_1_572' title='bbox 650 5453 757 5504; x_wconf 74' lang='lat' dir='ltr'><strong>Hoc</strong></span> <span class='ocrx_word' id='word_1_573' title='bbox 791 5446 886 5517; x_wconf 69' lang='lat' dir='ltr'><strong>est,</strong></span> <span class='ocrx_word' id='word_1_574' title='bbox 911 5450 960 5498; x_wconf 86' lang='lat' dir='ltr'><strong>ni</strong></span> <span class='ocrx_word' id='word_1_575' title='bbox 989 5446 1164 5517; x_wconf 48' lang='grc' dir='ltr'><strong>βιζος</strong></span> <span class='ocrx_word' id='word_1_576' title='bbox 1190 5447 1334 5497; x_wconf 90' lang='lat' dir='ltr'><strong>Prius</strong></span> <span class='ocrx_word' id='word_1_577' title='bbox 1334 5446 1476 5517; x_wconf 42' lang='lat' dir='ltr'><strong>uixit</strong></span> <span class='ocrx_word' id='word_1_578' title='bbox 1496 5448 1559 5497; x_wconf 91' lang='lat' dir='ltr'><strong>de</strong></span> <span class='ocrx_word' id='word_1_579' title='bbox 1581 5449 1752 5507; x_wconf 87' lang='lat' dir='ltr'><strong>verbo.</strong></span> <span class='ocrx_word' id='word_1_580' title='bbox 1794 5455 1904 5517; x_wconf 71' lang='lat' dir='ltr'><strong>Erat</strong></span> <span class='ocrx_word' id='word_1_581' title='bbox 1944 5458 2061 5517; x_wconf 56' lang='lat' dir='ltr'><strong>{fer-</strong></span> 
     </span>
    </p>
   </div>
   <div class='ocr_carea' id='block_1_88' title="bbox 483 5508 2062 5588">
    <p class='ocr_par' dir='ltr' id='par_1_88' title="bbox 483 5508 2062 5588">
     <span class='ocr_line' id='line_1_89' title="bbox 483 5508 2062 5588; baseline 0 0"><span class='ocrx_word' id='word_1_582' title='bbox 483 5508 613 5588; x_wconf 61' lang='grc' dir='ltr'><strong>ρειίηξ</strong></span> <span class='ocrx_word' id='word_1_583' title='bbox 637 5527 783 5588; x_wconf 53' lang='lat' dir='ltr'><strong>quam</strong></span> <span class='ocrx_word' id='word_1_584' title='bbox 813 5508 1692 5588; x_wconf 50' lang='lat' dir='ltr'><strong>directaeSeaeesﬁaetessien</strong></span> <span class='ocrx_word' id='word_1_585' title='bbox 1713 5520 1817 5588; x_wconf 64' lang='lat' dir='ltr'><strong>eis!</strong></span> <span class='ocrx_word' id='word_1_586' title='bbox 1838 5511 1933 5588; x_wconf 66' lang='lat' dir='ltr'><strong>ins</strong></span> <span class='ocrx_word' id='word_1_587' title='bbox 1955 5508 2062 5588; x_wconf 68' lang='grc' dir='ltr'><strong>ίυιςς</strong></span> 
     </span>
    </p>
   </div>
   <div class='ocr_carea' id='block_1_89' title="bbox 484 5554 2065 5639">
    <p class='ocr_par' dir='ltr' id='par_1_89' title="bbox 484 5554 2065 5639">
     <span class='ocr_line' id='line_1_90' title="bbox 484 5554 2065 5639; baseline -0.001 -10"><span class='ocrx_word' id='word_1_588' title='bbox 799 5554 1691 5639; x_wconf 58' lang='lat' dir='ltr'><strong>ada&#39;asua‘sie“pa;sir;i§aaaa;&#39;</strong></span> <span class='ocrx_word' id='word_1_589' title='bbox 1836 5554 2065 5628; x_wconf 46' lang='lat' dir='ltr'><strong>suis;</strong></span> 
     </span>
    </p>
   </div>
   <div class='ocr_carea' id='block_1_90' title="bbox 486 5637 727 5692">
    <p class='ocr_par' dir='ltr' id='par_1_90' title="bbox 486 5637 727 5692">
     <span class='ocr_line' id='line_1_91' title="bbox 486 5637 727 5692; baseline -0.017 0"><span class='ocrx_word' id='word_1_590' title='bbox 486 5637 727 5692; x_wconf 83' lang='lat' dir='ltr'><strong>mendum.</strong></span> 
     </span>
    </p>
   </div>
   <div class='ocr_carea' id='block_1_91' title="bbox 2136 3389 2582 3470">
    <p class='ocr_par' dir='ltr' id='par_1_91' title="bbox 2136 3389 2582 3470">
     <span class='ocr_line' id='line_1_92' title="bbox 2136 3389 2582 3470; baseline 0 -20"><span class='ocrx_word' id='word_1_591' title='bbox 2136 3389 2351 3468; x_wconf 78' lang='lat' dir='ltr'><strong>(Joan.</strong></span> <span class='ocrx_word' id='word_1_592' title='bbox 2416 3390 2475 3449; x_wconf 89' lang='grc'><strong>1.</strong></span> <span class='ocrx_word' id='word_1_593' title='bbox 2523 3390 2582 3470; x_wconf 88' lang='grc'><strong>1)</strong></span> 
     </span>
    </p>
   </div>
   <div class='ocr_carea' id='block_1_92' title="bbox 1737 3507 3686 3595">
    <p class='ocr_par' dir='ltr' id='par_1_92' title="bbox 1737 3507 3686 3595">
     <span class='ocr_line' id='line_1_93' title="bbox 1737 3507 3686 3595; baseline 0.011 -43"><span class='ocrx_word' id='word_1_594' title='bbox 1737 3511 1817 3552; x_wconf 82' lang='lat' dir='ltr'><strong>ET</strong></span> <span class='ocrx_word' id='word_1_595' title='bbox 1861 3510 1927 3552; x_wconf 86' lang='lat' dir='ltr'><strong>IN</strong></span> <span class='ocrx_word' id='word_1_596' title='bbox 1971 3508 2209 3551; x_wconf 75' lang='lat' dir='ltr'><strong>RECENS</strong></span> <span class='ocrx_word' id='word_1_597' title='bbox 2254 3507 2697 3569; x_wconf 76' lang='lat' dir='ltr'><strong>ILLUMINATOS,</strong></span> <span class='ocrx_word' id='word_1_598' title='bbox 2745 3514 2825 3557; x_wconf 71' lang='grc' dir='ltr'><strong>ΕΤ</strong></span> <span class='ocrx_word' id='word_1_599' title='bbox 2866 3517 3113 3564; x_wconf 68' lang='lat' dir='ltr'><strong>CONTRA</strong></span> <span class='ocrx_word' id='word_1_600' title='bbox 3157 3523 3523 3572; x_wconf 71' lang='lat' dir='ltr'><strong>HBRETICOS</strong></span> <span class='ocrx_word' id='word_1_601' title='bbox 3573 3511 3686 3595; x_wconf 89' lang='lat' dir='ltr'><strong>(a).</strong></span> 
     </span>
    </p>
   </div>
   <div class='ocr_carea' id='block_1_93' title="bbox 2050 3614 2441 3669">
    <p class='ocr_par' dir='ltr' id='par_1_93' title="bbox 2050 3614 2441 3669">
     <span class='ocr_line' id='line_1_94' title="bbox 2050 3614 2441 3669; baseline -0.008 0"><span class='ocrx_word' id='word_1_602' title='bbox 2050 3614 2441 3669; x_wconf 54' lang='lat' dir='ltr'><strong>MED-—</strong></span> 
     </span>
    </p>
   </div>
   <div class='ocr_carea' id='block_1_94' title="bbox 2633 3412 3773 3472">
    <p class='ocr_par' dir='ltr' id='par_1_94' title="bbox 2633 3412 3773 3472">
     <span class='ocr_line' id='line_1_95' title="bbox 2633 3412 3773 3472; baseline 0.018 -20"><span class='ocrx_word' id='word_1_603' title='bbox 2633 3413 2648 3452; x_wconf 75' lang='grc'><strong>2</strong></span> <span class='ocrx_word' id='word_1_604' title='bbox 2695 3412 2775 3454; x_wconf 83' lang='grc' dir='ltr'><strong>ΕΤ</strong></span> <span class='ocrx_word' id='word_1_605' title='bbox 2831 3414 3000 3467; x_wconf 85' lang='lat' dir='ltr'><strong>QUOD</strong></span> <span class='ocrx_word' id='word_1_606' title='bbox 3052 3419 3334 3466; x_wconf 77' lang='lat' dir='ltr'><strong>SPIRITUS</strong></span> <span class='ocrx_word' id='word_1_607' title='bbox 3394 3425 3773 3472; x_wconf 70' lang='grc' dir='ltr'><strong>εαιιυτετυιι</strong></span> 
     </span>
    </p>
   </div>
   <div class='ocr_carea' id='block_1_95' title="bbox 2186 3710 3770 3794">
    <p class='ocr_par' dir='ltr' id='par_1_95' title="bbox 2186 3710 3770 3794">
     <span class='ocr_line' id='line_1_96' title="bbox 2186 3710 3770 3794; baseline 0.016 -28"><span class='ocrx_word' id='word_1_608' title='bbox 2186 3712 2327 3783; x_wconf 82' lang='lat' dir='ltr'><strong>apud</strong></span> <span class='ocrx_word' id='word_1_609' title='bbox 2354 3710 2536 3780; x_wconf 85' lang='lat' dir='ltr'><strong>Deum,</strong></span> <span class='ocrx_word' id='word_1_610' title='bbox 2568 3725 2616 3771; x_wconf 83' lang='lat' dir='ltr'><strong>et</strong></span> <span class='ocrx_word' id='word_1_611' title='bbox 2657 3719 2791 3774; x_wconf 80' lang='lat' dir='ltr'><strong>Deus</strong></span> <span class='ocrx_word' id='word_1_612' title='bbox 2835 3732 2943 3776; x_wconf 85' lang='lat' dir='ltr'><strong>erat</strong></span> <span class='ocrx_word' id='word_1_613' title='bbox 2981 3722 3216 3794; x_wconf 82' lang='lat' dir='ltr'><strong>Verbum,</strong></span> <span class='ocrx_word' id='word_1_614' title='bbox 3246 3744 3377 3785; x_wconf 89' lang='lat' dir='ltr'><strong>voce</strong></span> <span class='ocrx_word' id='word_1_615' title='bbox 3421 3748 3514 3786; x_wconf 90' lang='lat' dir='ltr'><strong>sua</strong></span> <span class='ocrx_word' id='word_1_616' title='bbox 3555 3743 3770 3793; x_wconf 85' lang='lat' dir='ltr'><strong>terrens</strong></span> 
     </span>
    </p>
   </div>
   <div class='ocr_carea' id='block_1_96' title="bbox 2179 3804 3766 3885">
    <p class='ocr_par' dir='ltr' id='par_1_96' title="bbox 2179 3804 3766 3885">
     <span class='ocr_line' id='line_1_97' title="bbox 2179 3804 3766 3885; baseline 0.016 -27"><span class='ocrx_word' id='word_1_617' title='bbox 2179 3804 2516 3862; x_wconf 87' lang='lat' dir='ltr'><strong>adversarios</strong></span> <span class='ocrx_word' id='word_1_618' title='bbox 2547 3825 2560 3861; x_wconf 94' lang='lat'><strong>:</strong></span> <span class='ocrx_word' id='word_1_619' title='bbox 2597 3810 2795 3866; x_wconf 85' lang='lat' dir='ltr'><strong>Davide</strong></span> <span class='ocrx_word' id='word_1_620' title='bbox 2841 3815 3159 3871; x_wconf 84' lang='lat' dir='ltr'><strong>testificante</strong></span> <span class='ocrx_word' id='word_1_621' title='bbox 3203 3834 3266 3874; x_wconf 89' lang='lat' dir='ltr'><strong>ac</strong></span> <span class='ocrx_word' id='word_1_622' title='bbox 3295 3822 3529 3885; x_wconf 81' lang='lat' dir='ltr'><strong>dicente.</strong></span> <span class='ocrx_word' id='word_1_623' title='bbox 3575 3827 3651 3880; x_wconf 80' lang='lat' dir='ltr'><strong>Ab</strong></span> <span class='ocrx_word' id='word_1_624' title='bbox 3677 3832 3766 3882; x_wconf 83' lang='lat' dir='ltr'><strong>in-</strong></span> 
     </span>
    </p>
   </div>
   <div class='ocr_carea' id='block_1_97' title="bbox 2179 3897 3764 3977">
    <p class='ocr_par' dir='ltr' id='par_1_97' title="bbox 2179 3897 3764 3977">
     <span class='ocr_line' id='line_1_98' title="bbox 2179 3897 3764 3977; baseline 0.016 -30"><span class='ocrx_word' id='word_1_625' title='bbox 2179 3897 2468 3965; x_wconf 80' lang='lat' dir='ltr'><strong>crepatione</strong></span> <span class='ocrx_word' id='word_1_626' title='bbox 2492 3908 2580 3952; x_wconf 84' lang='lat' dir='ltr'><strong>tua</strong></span> <span class='ocrx_word' id='word_1_627' title='bbox 2607 3902 2820 3971; x_wconf 80' lang='lat' dir='ltr'><strong>fugient,</strong></span> <span class='ocrx_word' id='word_1_628' title='bbox 2862 3920 2894 3956; x_wconf 89' lang='lat' dir='ltr'><strong>a</strong></span> <span class='ocrx_word' id='word_1_629' title='bbox 2932 3921 3049 3959; x_wconf 78' lang='lat' dir='ltr'><strong>voce</strong></span> <span class='ocrx_word' id='word_1_630' title='bbox 3075 3909 3286 3963; x_wconf 84' lang='lat' dir='ltr'><strong>lonitrui</strong></span> <span class='ocrx_word' id='word_1_631' title='bbox 3311 3914 3384 3965; x_wconf 80' lang='lat' dir='ltr'><strong>tui</strong></span> <span class='ocrx_word' id='word_1_632' title='bbox 3408 3914 3764 3977; x_wconf 77' lang='lat' dir='ltr'><strong>formidabant</strong></span> 
     </span>
    </p>
   </div>
   <div class='ocr_carea' id='block_1_98' title="bbox 2182 3985 3767 4067">
    <p class='ocr_par' dir='ltr' id='par_1_98' title="bbox 2182 3985 3767 4067">
     <span class='ocr_line' id='line_1_99' title="bbox 2182 3985 3767 4067; baseline 0.018 -30"><span class='ocrx_word' id='word_1_633' title='bbox 2182 3985 2350 4055; x_wconf 80' lang='lat' dir='ltr'><strong>(Psal.</strong></span> <span class='ocrx_word' id='word_1_634' title='bbox 2384 3988 2508 4045; x_wconf 76' lang='grc'><strong>105.</strong></span> <span class='ocrx_word' id='word_1_635' title='bbox 2542 3992 2618 4057; x_wconf 89' lang='lat'><strong>7).</strong></span> <span class='ocrx_word' id='word_1_636' title='bbox 2652 3991 2717 4046; x_wconf 88' lang='lat' dir='ltr'><strong>In</strong></span> <span class='ocrx_word' id='word_1_637' title='bbox 2745 3994 2994 4066; x_wconf 82' lang='lat' dir='ltr'><strong>principio</strong></span> <span class='ocrx_word' id='word_1_638' title='bbox 3033 4009 3138 4051; x_wconf 80' lang='lat' dir='ltr'><strong>erat</strong></span> <span class='ocrx_word' id='word_1_639' title='bbox 3178 3999 3413 4067; x_wconf 81' lang='lat' dir='ltr'><strong>Verbum,</strong></span> <span class='ocrx_word' id='word_1_640' title='bbox 3460 4015 3507 4059; x_wconf 84' lang='lat' dir='ltr'><strong>et</strong></span> <span class='ocrx_word' id='word_1_641' title='bbox 3542 4006 3767 4066; x_wconf 75' lang='lat' dir='ltr'><strong>Verbum</strong></span> 
     </span>
    </p>
   </div>
   <div class='ocr_carea' id='block_1_99' title="bbox 2177 4080 3764 4162">
    <p class='ocr_par' dir='ltr' id='par_1_99' title="bbox 2177 4080 3764 4162">
     <span class='ocr_line' id='line_1_100' title="bbox 2177 4080 3764 4162; baseline 0.016 -31"><span class='ocrx_word' id='word_1_642' title='bbox 2177 4088 2286 4131; x_wconf 84' lang='lat' dir='ltr'><strong>erat</strong></span> <span class='ocrx_word' id='word_1_643' title='bbox 2333 4081 2474 4150; x_wconf 84' lang='lat' dir='ltr'><strong>apud</strong></span> <span class='ocrx_word' id='word_1_644' title='bbox 2516 4080 2700 4147; x_wconf 86' lang='lat' dir='ltr'><strong>Deum,</strong></span> <span class='ocrx_word' id='word_1_645' title='bbox 2746 4093 2793 4137; x_wconf 80' lang='lat' dir='ltr'><strong>et</strong></span> <span class='ocrx_word' id='word_1_646' title='bbox 2837 4084 2979 4139; x_wconf 82' lang='lat' dir='ltr'><strong>Deus</strong></span> <span class='ocrx_word' id='word_1_647' title='bbox 3019 4100 3127 4142; x_wconf 79' lang='lat' dir='ltr'><strong>erat</strong></span> <span class='ocrx_word' id='word_1_648' title='bbox 3167 4089 3401 4147; x_wconf 82' lang='lat' dir='ltr'><strong>Verbum.</strong></span> <span class='ocrx_word' id='word_1_649' title='bbox 3435 4096 3569 4162; x_wconf 84' lang='lat' dir='ltr'><strong>Quia</strong></span> <span class='ocrx_word' id='word_1_650' title='bbox 3615 4102 3764 4156; x_wconf 87' lang='lat' dir='ltr'><strong>enim</strong></span> 
     </span>
    </p>
   </div>
   <div class='ocr_carea' id='block_1_100' title="bbox 2182 4171 3762 4260">
    <p class='ocr_par' dir='ltr' id='par_1_100' title="bbox 2182 4171 3762 4260">
     <span class='ocr_line' id='line_1_101' title="bbox 2182 4171 3762 4260; baseline 0.016 -38"><span class='ocrx_word' id='word_1_651' title='bbox 2182 4171 2446 4236; x_wconf 81' lang='lat' dir='ltr'><strong>passionis</strong></span> <span class='ocrx_word' id='word_1_652' title='bbox 2476 4187 2671 4242; x_wconf 80' lang='lat' dir='ltr'><strong>expers</strong></span> <span class='ocrx_word' id='word_1_653' title='bbox 2696 4185 2779 4229; x_wconf 92' lang='lat' dir='ltr'><strong>est</strong></span> <span class='ocrx_word' id='word_1_654' title='bbox 2806 4179 2952 4231; x_wconf 89' lang='lat' dir='ltr'><strong>verbi</strong></span> <span class='ocrx_word' id='word_1_655' title='bbox 2978 4182 3274 4248; x_wconf 84' lang='lat' dir='ltr'><strong>generatio,</strong></span> <span class='ocrx_word' id='word_1_656' title='bbox 3309 4184 3537 4241; x_wconf 88' lang='lat' dir='ltr'><strong>Verbum</strong></span> <span class='ocrx_word' id='word_1_657' title='bbox 3572 4193 3762 4260; x_wconf 86' lang='lat' dir='ltr'><strong>appel-</strong></span> 
     </span>
    </p>
   </div>
   <div class='ocr_carea' id='block_1_101' title="bbox 2181 4258 3767 4346">
    <p class='ocr_par' dir='ltr' id='par_1_101' title="bbox 2181 4258 3767 4346">
     <span class='ocr_line' id='line_1_102' title="bbox 2181 4258 3767 4346; baseline 0.016 -34"><span class='ocrx_word' id='word_1_658' title='bbox 2181 4258 2274 4327; x_wconf 88' lang='lat' dir='ltr'><strong>lat,</strong></span> <span class='ocrx_word' id='word_1_659' title='bbox 2303 4271 2362 4315; x_wconf 90' lang='lat' dir='ltr'><strong>ut</strong></span> <span class='ocrx_word' id='word_1_660' title='bbox 2387 4277 2484 4332; x_wconf 89' lang='lat' dir='ltr'><strong>per</strong></span> <span class='ocrx_word' id='word_1_661' title='bbox 2508 4279 2570 4318; x_wconf 87' lang='lat' dir='ltr'><strong>ea</strong></span> <span class='ocrx_word' id='word_1_662' title='bbox 2596 4281 2717 4336; x_wconf 67' lang='lat' dir='ltr'><strong>qua:</strong></span> <span class='ocrx_word' id='word_1_663' title='bbox 2759 4270 2809 4321; x_wconf 94' lang='lat' dir='ltr'><strong>in</strong></span> <span class='ocrx_word' id='word_1_664' title='bbox 2839 4277 2894 4323; x_wconf 90' lang='lat' dir='ltr'><strong>te</strong></span> <span class='ocrx_word' id='word_1_665' title='bbox 2924 4280 3069 4335; x_wconf 87' lang='lat' dir='ltr'><strong>sunt,</strong></span> <span class='ocrx_word' id='word_1_666' title='bbox 3110 4287 3170 4326; x_wconf 87' lang='lat' dir='ltr'><strong>ea</strong></span> <span class='ocrx_word' id='word_1_667' title='bbox 3200 4289 3321 4343; x_wconf 70' lang='lat' dir='ltr'><strong>qua:</strong></span> <span class='ocrx_word' id='word_1_668' title='bbox 3360 4291 3518 4346; x_wconf 87' lang='lat' dir='ltr'><strong>supra</strong></span> <span class='ocrx_word' id='word_1_669' title='bbox 3552 4258 3617 4335; x_wconf 88' lang='lat' dir='ltr'><strong>te</strong></span> <span class='ocrx_word' id='word_1_670' title='bbox 3635 4258 3767 4338; x_wconf 79' lang='lat' dir='ltr'><strong>sunt</strong></span> 
     </span>
    </p>
   </div>
   <div class='ocr_carea' id='block_1_102' title="bbox 2180 4353 3767 4441">
    <p class='ocr_par' dir='ltr' id='par_1_102' title="bbox 2180 4353 3767 4441">
     <span class='ocr_line' id='line_1_103' title="bbox 2180 4353 3767 4441; baseline 0.015 -34"><span class='ocrx_word' id='word_1_671' title='bbox 2180 4361 2233 4408; x_wconf 88' lang='lat' dir='ltr'><strong>te</strong></span> <span class='ocrx_word' id='word_1_672' title='bbox 2273 4353 2486 4412; x_wconf 89' lang='lat' dir='ltr'><strong>doceat.</strong></span> <span class='ocrx_word' id='word_1_673' title='bbox 2518 4357 2650 4413; x_wconf 82' lang='lat' dir='ltr'><strong>Nam</strong></span> <span class='ocrx_word' id='word_1_674' title='bbox 2701 4361 2840 4415; x_wconf 90' lang='lat' dir='ltr'><strong>sicut</strong></span> <span class='ocrx_word' id='word_1_675' title='bbox 2886 4378 3038 4419; x_wconf 88' lang='lat' dir='ltr'><strong>mens</strong></span> <span class='ocrx_word' id='word_1_676' title='bbox 3080 4366 3300 4421; x_wconf 87' lang='lat' dir='ltr'><strong>verbum</strong></span> <span class='ocrx_word' id='word_1_677' title='bbox 3348 4370 3594 4441; x_wconf 87' lang='lat' dir='ltr'><strong>gignens,</strong></span> <span class='ocrx_word' id='word_1_678' title='bbox 3644 4376 3767 4431; x_wconf 83' lang='lat' dir='ltr'><strong>sine</strong></span> 
     </span>
    </p>
   </div>
   <div class='ocr_carea' id='block_1_103' title="bbox 2181 4446 3761 4538">
    <p class='ocr_par' dir='ltr' id='par_1_103' title="bbox 2181 4446 3761 4538">
     <span class='ocr_line' id='line_1_104' title="bbox 2181 4446 3761 4538; baseline 0.016 -41"><span class='ocrx_word' id='word_1_679' title='bbox 2181 4446 2426 4513; x_wconf 86' lang='lat' dir='ltr'><strong>passione</strong></span> <span class='ocrx_word' id='word_1_680' title='bbox 2455 4449 2642 4519; x_wconf 87' lang='lat' dir='ltr'><strong>gignit,</strong></span> <span class='ocrx_word' id='word_1_681' title='bbox 2675 4467 2779 4505; x_wconf 92' lang='lat' dir='ltr'><strong>non</strong></span> <span class='ocrx_word' id='word_1_682' title='bbox 2811 4466 3045 4520; x_wconf 85' lang='lat' dir='ltr'><strong>secatur,</strong></span> <span class='ocrx_word' id='word_1_683' title='bbox 3076 4473 3180 4511; x_wconf 88' lang='lat' dir='ltr'><strong>non</strong></span> <span class='ocrx_word' id='word_1_684' title='bbox 3207 4459 3395 4527; x_wconf 84' lang='lat' dir='ltr'><strong>efﬂuit,</strong></span> <span class='ocrx_word' id='word_1_685' title='bbox 3426 4479 3530 4517; x_wconf 92' lang='lat' dir='ltr'><strong>non</strong></span> <span class='ocrx_word' id='word_1_686' title='bbox 3561 4480 3761 4538; x_wconf 86' lang='lat' dir='ltr'><strong>corpo-</strong></span> 
     </span>
    </p>
   </div>
   <div class='ocr_carea' id='block_1_104' title="bbox 2179 4540 3760 4623">
    <p class='ocr_par' dir='ltr' id='par_1_104' title="bbox 2179 4540 3760 4623">
     <span class='ocr_line' id='line_1_105' title="bbox 2179 4540 3760 4623; baseline 0.016 -34"><span class='ocrx_word' id='word_1_687' title='bbox 2179 4551 2329 4592; x_wconf 92' lang='lat' dir='ltr'><strong>reum</strong></span> <span class='ocrx_word' id='word_1_688' title='bbox 2356 4540 2627 4609; x_wconf 90' lang='lat' dir='ltr'><strong>quidpiam</strong></span> <span class='ocrx_word' id='word_1_689' title='bbox 2661 4544 2859 4611; x_wconf 89' lang='lat' dir='ltr'><strong>patitur</strong></span> <span class='ocrx_word' id='word_1_690' title='bbox 2891 4563 2905 4599; x_wconf 88' lang='lat'><strong>:</strong></span> <span class='ocrx_word' id='word_1_691' title='bbox 2934 4546 3013 4601; x_wconf 89' lang='lat' dir='ltr'><strong>sic</strong></span> <span class='ocrx_word' id='word_1_692' title='bbox 3041 4548 3221 4605; x_wconf 89' lang='lat' dir='ltr'><strong>divina</strong></span> <span class='ocrx_word' id='word_1_693' title='bbox 3270 4561 3327 4607; x_wconf 90' lang='lat' dir='ltr'><strong>et</strong></span> <span class='ocrx_word' id='word_1_694' title='bbox 3355 4556 3622 4623; x_wconf 82' lang='lat' dir='ltr'><strong>passionis</strong></span> <span class='ocrx_word' id='word_1_695' title='bbox 3660 4574 3760 4615; x_wconf 81' lang='lat' dir='ltr'><strong>ex-</strong></span> 
     </span>
    </p>
   </div>
   <div class='ocr_carea' id='block_1_105' title="bbox 2176 4632 3758 4715">
    <p class='ocr_par' dir='ltr' id='par_1_105' title="bbox 2176 4632 3758 4715">
     <span class='ocr_line' id='line_1_106' title="bbox 2176 4632 3758 4715; baseline 0.015 -34"><span class='ocrx_word' id='word_1_696' title='bbox 2176 4641 2302 4691; x_wconf 84' lang='lat' dir='ltr'><strong>pers</strong></span> <span class='ocrx_word' id='word_1_697' title='bbox 2327 4632 2606 4698; x_wconf 86' lang='lat' dir='ltr'><strong>generatio</strong></span> <span class='ocrx_word' id='word_1_698' title='bbox 2637 4632 2922 4690; x_wconf 82' lang='lat' dir='ltr'><strong>ineffabilis</strong></span> <span class='ocrx_word' id='word_1_699' title='bbox 2949 4647 3004 4691; x_wconf 93' lang='lat' dir='ltr'><strong>et</strong></span> <span class='ocrx_word' id='word_1_700' title='bbox 3054 4639 3612 4709; x_wconf 87' lang='lat' dir='ltr'><strong>incomprehensibilis</strong></span> <span class='ocrx_word' id='word_1_701' title='bbox 3654 4660 3758 4715; x_wconf 82' lang='lat' dir='ltr'><strong>est,</strong></span> 
     </span>
    </p>
   </div>
   <div class='ocr_carea' id='block_1_106' title="bbox 2180 4724 3763 4807">
    <p class='ocr_par' dir='ltr' id='par_1_106' title="bbox 2180 4724 3763 4807">
     <span class='ocr_line' id='line_1_107' title="bbox 2180 4724 3763 4807; baseline 0.015 -37"><span class='ocrx_word' id='word_1_702' title='bbox 2180 4732 2284 4772; x_wconf 92' lang='lat' dir='ltr'><strong>non</strong></span> <span class='ocrx_word' id='word_1_703' title='bbox 2335 4731 2568 4786; x_wconf 85' lang='lat' dir='ltr'><strong>secatur,</strong></span> <span class='ocrx_word' id='word_1_704' title='bbox 2602 4739 2708 4778; x_wconf 92' lang='lat' dir='ltr'><strong>non</strong></span> <span class='ocrx_word' id='word_1_705' title='bbox 2754 4724 3047 4794; x_wconf 88' lang='lat' dir='ltr'><strong>dividitur;</strong></span> <span class='ocrx_word' id='word_1_706' title='bbox 3099 4732 3190 4785; x_wconf 86' lang='lat' dir='ltr'><strong>sed</strong></span> <span class='ocrx_word' id='word_1_707' title='bbox 3216 4732 3343 4787; x_wconf 90' lang='lat' dir='ltr'><strong>dum</strong></span> <span class='ocrx_word' id='word_1_708' title='bbox 3373 4735 3444 4789; x_wconf 84' lang='lat' dir='ltr'><strong>ab</strong></span> <span class='ocrx_word' id='word_1_709' title='bbox 3483 4737 3662 4807; x_wconf 90' lang='lat' dir='ltr'><strong>impiis</strong></span> <span class='ocrx_word' id='word_1_710' title='bbox 3704 4749 3763 4794; x_wconf 83' lang='lat' dir='ltr'><strong>et</strong></span> 
     </span>
    </p>
   </div>
   <div class='ocr_carea' id='block_1_107' title="bbox 2178 4808 3761 4895">
    <p class='ocr_par' dir='ltr' id='par_1_107' title="bbox 2178 4808 3761 4895">
     <span class='ocr_line' id='line_1_108' title="bbox 2178 4808 3761 4895; baseline 0.014 -32"><span class='ocrx_word' id='word_1_711' title='bbox 2178 4808 2465 4867; x_wconf 88' lang='lat' dir='ltr'><strong>incredulis</strong></span> <span class='ocrx_word' id='word_1_712' title='bbox 2501 4815 2769 4872; x_wconf 64' lang='lat' dir='ltr'><strong>haereticis</strong></span> <span class='ocrx_word' id='word_1_713' title='bbox 2814 4821 2952 4875; x_wconf 89' lang='lat' dir='ltr'><strong>male</strong></span> <span class='ocrx_word' id='word_1_714' title='bbox 2995 4833 3225 4887; x_wconf 85' lang='lat' dir='ltr'><strong>secatur,</strong></span> <span class='ocrx_word' id='word_1_715' title='bbox 3254 4841 3283 4878; x_wconf 89' lang='lat' dir='ltr'><strong>a</strong></span> <span class='ocrx_word' id='word_1_716' title='bbox 3315 4827 3417 4895; x_wconf 88' lang='lat' dir='ltr'><strong>piis</strong></span> <span class='ocrx_word' id='word_1_717' title='bbox 3464 4830 3582 4883; x_wconf 87' lang='lat' dir='ltr'><strong>sine</strong></span> <span class='ocrx_word' id='word_1_718' title='bbox 3623 4830 3761 4885; x_wconf 86' lang='lat' dir='ltr'><strong>divi-</strong></span> 
     </span>
    </p>
   </div>
   <div class='ocr_carea' id='block_1_108' title="bbox 2176 4901 3754 4987">
    <p class='ocr_par' dir='ltr' id='par_1_108' title="bbox 2176 4901 3754 4987">
     <span class='ocr_line' id='line_1_109' title="bbox 2176 4901 3754 4987; baseline 0.013 -31"><span class='ocrx_word' id='word_1_719' title='bbox 2176 4901 2329 4957; x_wconf 87' lang='lat' dir='ltr'><strong>sione</strong></span> <span class='ocrx_word' id='word_1_720' title='bbox 2358 4914 2504 4960; x_wconf 88' lang='lat' dir='ltr'><strong>recte</strong></span> <span class='ocrx_word' id='word_1_721' title='bbox 2533 4921 2796 4962; x_wconf 89' lang='lat' dir='ltr'><strong>servatur.</strong></span> <span class='ocrx_word' id='word_1_722' title='bbox 2844 4908 2953 4964; x_wconf 91' lang='lat' dir='ltr'><strong>Cur</strong></span> <span class='ocrx_word' id='word_1_723' title='bbox 2982 4913 3153 4968; x_wconf 87' lang='lat' dir='ltr'><strong>noluit</strong></span> <span class='ocrx_word' id='word_1_724' title='bbox 3178 4918 3504 4987; x_wconf 83' lang='lat' dir='ltr'><strong>evangelista</strong></span> <span class='ocrx_word' id='word_1_725' title='bbox 3550 4920 3754 4987; x_wconf 83' lang='lat' dir='ltr'><strong>dicere,</strong></span> 
     </span>
    </p>
   </div>
   <div class='ocr_carea' id='block_1_109' title="bbox 2176 4992 3757 5078">
    <p class='ocr_par' dir='ltr' id='par_1_109' title="bbox 2176 4992 3757 5078">
     <span class='ocr_line' id='line_1_110' title="bbox 2176 4992 3757 5078; baseline 0.013 -32"><span class='ocrx_word' id='word_1_726' title='bbox 2176 4992 2232 5047; x_wconf 93' lang='lat' dir='ltr'><strong>ln</strong></span> <span class='ocrx_word' id='word_1_727' title='bbox 2260 4994 2524 5065; x_wconf 89' lang='lat' dir='ltr'><strong>principio</strong></span> <span class='ocrx_word' id='word_1_728' title='bbox 2564 5008 2678 5051; x_wconf 85' lang='lat' dir='ltr'><strong>erat</strong></span> <span class='ocrx_word' id='word_1_729' title='bbox 2711 4998 2912 5054; x_wconf 83' lang='lat' dir='ltr'><strong>Filius?</strong></span> <span class='ocrx_word' id='word_1_730' title='bbox 2939 5000 3016 5057; x_wconf 89' lang='lat' dir='ltr'><strong>Ne</strong></span> <span class='ocrx_word' id='word_1_731' title='bbox 3045 5004 3132 5057; x_wconf 88' lang='lat' dir='ltr'><strong>lilii</strong></span> <span class='ocrx_word' id='word_1_732' title='bbox 3166 5021 3362 5062; x_wconf 91' lang='lat' dir='ltr'><strong>nomen</strong></span> <span class='ocrx_word' id='word_1_733' title='bbox 3400 5009 3634 5078; x_wconf 71' lang='lat' dir='ltr'><strong>passioni</strong></span> <span class='ocrx_word' id='word_1_734' title='bbox 3662 5011 3757 5065; x_wconf 83' lang='lat' dir='ltr'><strong>ob—</strong></span> 
     </span>
    </p>
   </div>
   <div class='ocr_carea' id='block_1_110' title="bbox 2175 5087 3755 5158">
    <p class='ocr_par' dir='ltr' id='par_1_110' title="bbox 2175 5087 3755 5158">
     <span class='ocr_line' id='line_1_111' title="bbox 2175 5087 3755 5158; baseline 0.012 -19"><span class='ocrx_word' id='word_1_735' title='bbox 2175 5087 2393 5140; x_wconf 81' lang='lat' dir='ltr'><strong>noxiam</strong></span> <span class='ocrx_word' id='word_1_736' title='bbox 2438 5093 2841 5158; x_wconf 81' lang='lat' dir='ltr'><strong>generationem</strong></span> <span class='ocrx_word' id='word_1_737' title='bbox 2893 5094 3171 5151; x_wconf 82' lang='lat' dir='ltr'><strong>induceret</strong></span> <span class='ocrx_word' id='word_1_738' title='bbox 3217 5116 3232 5152; x_wconf 87' lang='lat'><strong><em>:</em></strong></span> <span class='ocrx_word' id='word_1_739' title='bbox 3273 5100 3368 5154; x_wconf 90' lang='lat' dir='ltr'><strong>sed</strong></span> <span class='ocrx_word' id='word_1_740' title='bbox 3420 5102 3569 5157; x_wconf 90' lang='lat' dir='ltr'><strong>illum</strong></span> <span class='ocrx_word' id='word_1_741' title='bbox 3624 5103 3755 5158; x_wconf 89' lang='lat' dir='ltr'><strong>dicit</strong></span> 
     </span>
    </p>
   </div>
   <div class='ocr_carea' id='block_1_111' title="bbox 2180 5175 3753 5257">
    <p class='ocr_par' dir='ltr' id='par_1_111' title="bbox 2180 5175 3753 5257">
     <span class='ocr_line' id='line_1_112' title="bbox 2180 5175 3753 5257; baseline 0.011 -27"><span class='ocrx_word' id='word_1_742' title='bbox 2180 5175 2432 5242; x_wconf 90' lang='lat' dir='ltr'><strong>Verbum,</strong></span> <span class='ocrx_word' id='word_1_743' title='bbox 2469 5188 2525 5232; x_wconf 93' lang='lat' dir='ltr'><strong>ut</strong></span> <span class='ocrx_word' id='word_1_744' title='bbox 2552 5184 2949 5250; x_wconf 85' lang='lat' dir='ltr'><strong>generationem</strong></span> <span class='ocrx_word' id='word_1_745' title='bbox 2978 5188 3095 5243; x_wconf 78' lang='lat' dir='ltr'><strong>sine</strong></span> <span class='ocrx_word' id='word_1_746' title='bbox 3122 5191 3369 5257; x_wconf 86' lang='lat' dir='ltr'><strong>passione</strong></span> <span class='ocrx_word' id='word_1_747' title='bbox 3394 5192 3650 5249; x_wconf 87' lang='lat' dir='ltr'><strong>declaret.</strong></span> <span class='ocrx_word' id='word_1_748' title='bbox 3675 5196 3753 5249; x_wconf 81' lang='lat' dir='ltr'><strong>Ac</strong></span> 
     </span>
    </p>
   </div>
   <div class='ocr_carea' id='block_1_112' title="bbox 2175 5272 3751 5353">
    <p class='ocr_par' dir='ltr' id='par_1_112' title="bbox 2175 5272 3751 5353">
     <span class='ocr_line' id='line_1_113' title="bbox 2175 5272 3751 5353; baseline 0.01 -30"><span class='ocrx_word' id='word_1_749' title='bbox 2175 5284 2243 5324; x_wconf 91' lang='lat' dir='ltr'><strong>ne</strong></span> <span class='ocrx_word' id='word_1_750' title='bbox 2270 5272 2600 5339; x_wconf 89' lang='lat' dir='ltr'><strong>prolatitium</strong></span> <span class='ocrx_word' id='word_1_751' title='bbox 2644 5290 2766 5330; x_wconf 79' lang='lat' dir='ltr'><strong>esse</strong></span> <span class='ocrx_word' id='word_1_752' title='bbox 2792 5278 3014 5333; x_wconf 83' lang='lat' dir='ltr'><strong>verbum</strong></span> <span class='ocrx_word' id='word_1_753' title='bbox 3046 5290 3278 5349; x_wconf 89' lang='lat' dir='ltr'><strong>putares,</strong></span> <span class='ocrx_word' id='word_1_754' title='bbox 3330 5284 3609 5353; x_wconf 82' lang='lat' dir='ltr'><strong>subjunxit</strong></span> <span class='ocrx_word' id='word_1_755' title='bbox 3639 5303 3654 5339; x_wconf 86' lang='lat'><strong><em>:</em></strong></span> <span class='ocrx_word' id='word_1_756' title='bbox 3686 5285 3751 5339; x_wconf 84' lang='lat' dir='ltr'><strong>Et</strong></span> 
     </span>
    </p>
   </div>
   <div class='ocr_carea' id='block_1_113' title="bbox 2175 5359 3751 5446">
    <p class='ocr_par' dir='ltr' id='par_1_113' title="bbox 2175 5359 3751 5446">
     <span class='ocr_line' id='line_1_114' title="bbox 2175 5359 3751 5446; baseline 0.011 -31"><span class='ocrx_word' id='word_1_757' title='bbox 2175 5359 2312 5416; x_wconf 75' lang='lat' dir='ltr'><strong>Deus</strong></span> <span class='ocrx_word' id='word_1_758' title='bbox 2353 5373 2459 5417; x_wconf 85' lang='lat' dir='ltr'><strong>erat</strong></span> <span class='ocrx_word' id='word_1_759' title='bbox 2511 5363 2725 5420; x_wconf 84' lang='lat' dir='ltr'><strong>Verbum</strong></span> <span class='ocrx_word' id='word_1_760' title='bbox 2756 5383 2775 5422; x_wconf 90' lang='lat'><strong><em>:</em></strong></span> <span class='ocrx_word' id='word_1_761' title='bbox 2807 5379 2862 5423; x_wconf 80' lang='grc' dir='ltr'>ιιι</span> <span class='ocrx_word' id='word_1_762' title='bbox 2903 5371 3048 5427; x_wconf 89' lang='lat' dir='ltr'><strong>verbi</strong></span> <span class='ocrx_word' id='word_1_763' title='bbox 3095 5374 3309 5430; x_wconf 88' lang='lat' dir='ltr'><strong>nomine</strong></span> <span class='ocrx_word' id='word_1_764' title='bbox 3358 5376 3751 5446; x_wconf 81' lang='lat' dir='ltr'><strong>impassibilita-</strong></span> 
     </span>
    </p>
   </div>
   <div class='ocr_carea' id='block_1_114' title="bbox 2171 5455 3748 5535">
    <p class='ocr_par' dir='ltr' id='par_1_114' title="bbox 2171 5455 3748 5535">
     <span class='ocr_line' id='line_1_115' title="bbox 2171 5455 3748 5535; baseline 0.011 -28"><span class='ocrx_word' id='word_1_765' title='bbox 2171 5461 2300 5518; x_wconf 88' lang='lat' dir='ltr'><strong>tem,</strong></span> <span class='ocrx_word' id='word_1_766' title='bbox 2336 5455 2427 5510; x_wconf 91' lang='lat' dir='ltr'><strong>Dei</strong></span> <span class='ocrx_word' id='word_1_767' title='bbox 2453 5472 2582 5512; x_wconf 85' lang='lat' dir='ltr'><strong>vero</strong></span> <span class='ocrx_word' id='word_1_768' title='bbox 2607 5460 2822 5514; x_wconf 89' lang='lat' dir='ltr'><strong>nomine</strong></span> <span class='ocrx_word' id='word_1_769' title='bbox 2843 5462 3153 5531; x_wconf 86' lang='lat' dir='ltr'><strong>dignitatem</strong></span> <span class='ocrx_word' id='word_1_770' title='bbox 3178 5466 3527 5535; x_wconf 86' lang='lat' dir='ltr'><strong>intelligeres.</strong></span> <span class='ocrx_word' id='word_1_771' title='bbox 3549 5469 3748 5526; x_wconf 86' lang='lat' dir='ltr'><strong>Deinde</strong></span> 
     </span>
    </p>
   </div>
   <div class='ocr_carea' id='block_1_115' title="bbox 2169 5544 3752 5629">
    <p class='ocr_par' dir='ltr' id='par_1_115' title="bbox 2169 5544 3752 5629">
     <span class='ocr_line' id='line_1_116' title="bbox 2169 5544 3752 5629; baseline 0.011 -31"><span class='ocrx_word' id='word_1_772' title='bbox 2169 5544 2284 5615; x_wconf 88' lang='lat' dir='ltr'><strong>ejus</strong></span> <span class='ocrx_word' id='word_1_773' title='bbox 2333 5548 2575 5616; x_wconf 85' lang='lat' dir='ltr'><strong>exposita</strong></span> <span class='ocrx_word' id='word_1_774' title='bbox 2623 5552 2988 5620; x_wconf 84' lang='lat' dir='ltr'><strong>generatione.</strong></span> <span class='ocrx_word' id='word_1_775' title='bbox 3035 5552 3306 5613; x_wconf 90' lang='lat' dir='ltr'><strong>Creatoris</strong></span> <span class='ocrx_word' id='word_1_776' title='bbox 3342 5557 3657 5629; x_wconf 82' lang='lat' dir='ltr'><strong>dignitatem</strong></span> <span class='ocrx_word' id='word_1_777' title='bbox 3699 5563 3752 5607; x_wconf 69' lang='lat' dir='ltr'><strong>Cl</strong></span> 
     </span>
    </p>
   </div>
   <div class='ocr_carea' id='block_1_116' title="bbox 2174 5638 3746 5720">
    <p class='ocr_par' dir='ltr' id='par_1_116' title="bbox 2174 5638 3746 5720">
     <span class='ocr_line' id='line_1_117' title="bbox 2174 5638 3746 5720; baseline 0.01 -30"><span class='ocrx_word' id='word_1_778' title='bbox 2174 5638 2463 5706; x_wconf 88' lang='lat' dir='ltr'><strong>potentiam</strong></span> <span class='ocrx_word' id='word_1_779' title='bbox 2509 5639 2710 5696; x_wconf 89' lang='lat' dir='ltr'><strong>inducit</strong></span> <span class='ocrx_word' id='word_1_780' title='bbox 2761 5661 2773 5695; x_wconf 90' lang='lat'><strong><em>:</em></strong></span> <span class='ocrx_word' id='word_1_781' title='bbox 2814 5644 2997 5699; x_wconf 77' lang='lat' dir='ltr'><strong>Omnia</strong></span> <span class='ocrx_word' id='word_1_782' title='bbox 3049 5663 3139 5716; x_wconf 77' lang='lat' dir='ltr'><strong>per</strong></span> <span class='ocrx_word' id='word_1_783' title='bbox 3191 5649 3359 5718; x_wconf 77' lang='lat' dir='ltr'><strong>ipsum</strong></span> <span class='ocrx_word' id='word_1_784' title='bbox 3406 5654 3546 5720; x_wconf 74' lang='lat' dir='ltr'><strong>facta</strong></span> <span class='ocrx_word' id='word_1_785' title='bbox 3590 5657 3746 5707; x_wconf 71' lang='lat' dir='ltr'><strong>sunt:</strong></span> 
     </span>
    </p>
   </div>
  </div>
