4092 6206
370 289 482 345 ὕπέὄ

383 410 550 477 ιὺτῷ.
585 412 651 465 Et
673 429 725 464 τι
753 406 845 464 οῦν
882 410 1101 477 γέγονεν
1127 410 1183 461 ἐν
1216 409 1382 479 αὐτῷ,
1414 411 1512 481 οὐχ
1537 413 1569 481 ἡ
1600 410 1849 472 ἀχτιστος
1880 426 2040 478 φυσις

382 500 465 555 τοῦ
498 500 833 569 Πνεύματος.
884 494 1024 550 ’Δλλ⁴
1055 497 1288 567 εἴρηται,
1322 498 1476 567 φησὶ,
1525 497 1742 552 πάντα.
1787 498 1925 552 Ἀλλ’
1964 500 2041 569 ἡ,

377 591 447 642 τὰ
496 587 710 647 πάντα,
769 585 917 656 φωνὴ
963 585 1024 637 ού
1061 584 1454 654 περιλαμϐάνει
1486 586 1581 655 τὴν
1607 586 1859 640 ἄκτιστον
1884 587 2043 654 φύσιν

379 676 518 746 μετά
548 674 648 743 τῆς
688 674 929 741 κτιστῆς.
970 674 1029 725 Εἰ
1063 672 1116 725 δὲ
1147 675 1235 741 τῇ,
1273 673 1468 725 πάντα
1493 712 1507 733 ,
1541 675 1689 742 φωνῇ
1742 674 2038 744 προσέχων,

376 762 783 831 κατετόλμησας
814 764 912 828 τῆς
934 761 1093 827 ἁγίας
1123 762 1359 827 φύσεως.
1409 760 1502 812 ἐάν
1540 761 1777 831 ἀκούσῃς
1807 761 1899 814 τοῦ
1936 764 2045 814 Κυο

379 850 492 919 ρίου
512 848 760 915 λέγοντος
780 866 794 878 ⁸
819 848 1047 912 Πάντες
1082 847 1216 899 ὅσοι
1247 843 1438 915 ἦλθον
1460 847 1572 914 πρὸ
1605 848 1772 915 ἐμοῦ,
1794 850 2044 903 κλέπται

377 933 539 1006 ἦσαν
566 936 663 989 καί
683 936 926 1003 λῃσταί,
954 933 1005 985 τί
1034 932 1095 984 ἂν
1116 935 1289 995 εἴποις
1313 950 1327 997 ;
1361 934 1599 1003 Μωῦσῆν
1627 935 1828 1005 λῃστὴν
1850 935 2047 1004 ὀνομά-

377 1022 511 1088 ζεις,
542 1022 638 1076 καὶ
668 1024 793 1084 τοὺς
824 1020 1105 1090 προφήτας
1138 1018 1375 1081 κλέπτας
1402 1020 1827 1091 προσαγορεύεις
1848 1038 1862 1085 ;
1887 1021 2044 1074 Πάν-

376 1129 475 1175 τες
522 1110 649 1180 γὰρ,
699 1108 834 1161 ὅσοι
886 1106 998 1175 πρὸ
1035 1106 1181 1174 ἐμοῦ
1215 1102 1425 1175 ἦλθον,
1463 1106 1712 1161 κλέπται
1749 1104 1911 1177 ἦσαν
1947 1110 2043 1162 καί

376 1196 619 1263 λῃσταὶ,
653 1194 834 1261 φησίν.
874 1194 939 1246 Ἦ
973 1193 1030 1246 δέ
1053 1192 1230 1245 ἔννοια
1266 1193 1475 1263 μερίζει
1507 1195 1600 1247 καὶ
1649 1196 1775 1265 περὶ
1827 1196 1986 1248 τίνων
2018 1200 2046 1251 6

376 1283 552 1351 λόγος,
582 1281 674 1333 καὶ
708 1280 844 1351 πρὸς
870 1280 1039 1342 τίνας.
1074 1280 1183 1333 Καὶ¹
1215 1280 1308 1332 νῦν
1333 1280 1458 1350 περὶ
1502 1280 1860 1351 δημιουργίας
1898 1284 1927 1334 6
1962 1282 2049 1335 λό-

377 1388 492 1439 γος,
516 1372 608 1423 καὶ
636 1367 734 1438 τὴν
765 1367 1119 1437 δημιουργίαν
1152 1365 1300 1435 λέγει
1329 1366 1395 1419 δι’
1420 1366 1584 1420 αὑτοῦ
1612 1369 1957 1437 γεγενῆσθαι,
1984 1370 2046 1422 οὐ

376 1458 475 1529 τὴν
500 1455 595 1509 τοῦ
650 1454 967 1525 Πνεύματος
998 1454 1203 1517 οὐσίαν,
1242 1453 1339 1523 τὴν
1389 1453 1530 1507 οὕτω
1581 1455 1949 1525 γνωρίζουσαν
1980 1458 2048 1509 τά

378 1545 470 1599 τοῦ
492 1543 648 1603 Θεοῦ,
679 1543 755 1606 ὡς
786 1543 845 1596 τὸ
881 1541 974 1595 τοῦ
1016 1540 1300 1612 ἀνθρώπου
1328 1542 1541 1612 πνεῦμα
1582 1543 1647 1596 :6
1677 1545 1733 1595 ἐν
1753 1544 1922 1613 αὐτῷ,
1952 1562 2049 1597 κα-

378 1631 485 1696 θὼς
509 1630 656 1699 λέγει
699 1629 911 1692 Παῦλος
936 1642 949 1657 ⁸
973 1627 1179 1694 Οὐδείς
1208 1624 1332 1682 οἵδε
1377 1629 1447 1682 τὰ
1476 1630 1581 1683 τοῦ
1611 1630 1944 1698 ἀνθρώπου,
1996 1635 2049 1686 εί

378 1719 457 1789 μὴ
492 1720 557 1773 τὸ
589 1718 822 1787 πνεῦμα
850 1716 957 1770 τοῦ
986 1715 1300 1784 ἀνθρώπου
1331 1715 1396 1769 τό
1417 1719 1487 1769 ἐν
1523 1716 1682 1783 αὐτῷ
1706 1720 2043 1774 κατοικοῦν.

379 1809 440 1860 El
466 1802 557 1860 οὖν
588 1805 648 1858 τὸ
664 1804 878 1874 πνεῦμα
897 1804 953 1855 τὸ
976 1802 1105 1873 ἐμὸν
1122 1802 1398 1872 ἀλλότριον
1419 1804 1514 1873 τῆς
1536 1804 1675 1875 ἐμῆς
1698 1804 1930 1872 φύσεως,
1958 1807 2050 1859 καὶ

376 1896 438 1947 τὸ
455 1893 677 1963 Πνεῦμα
696 1892 786 1946 τοῦ
806 1892 939 1944 Θεοῦ
955 1890 1039 1963 [41
1054 1890 1107 1963 7]
1125 1890 1403 1962 ἀλλότριον
1429 1893 1523 1960 τῆς
1545 1890 1638 1944 τοῦ
1660 1892 1794 1946 Θεοῦ
1813 1893 2043 1962 φύσεως·

384 1981 455 2034 7‘6
485 1982 593 2052 γάρ
615 1979 871 2047 Πνεῦμα.
906 1979 1056 2047 φησὶ.
1082 1977 1276 2031 πάντα
1300 1978 1531 2046 ἐρευνᾷ,
1558 1979 1655 2032 καί
1679 1979 1749 2032 τὰ
1760 1981 1920 2043 βάθη
1943 1981 2050 2036 τοῦ

379 2068 549 2122 Θεοῦ.
587 2067 722 2120 Ἀλλ’
749 2068 777 2118 6
806 2066 1076 2139 αἱρετικὸς
1099 2066 1197 2136 μὲν
1224 2065 1302 2131 τὸ,
1334 2066 1570 2133 ἐρευνᾷ,
1607 2068 1812 2128 ἀκούει,
1868 2069 1965 2139 τὴν
1992 2070 2049 2121 δέ

379 2155 587 2207 ἔννοιαν
611 2152 795 2216 κακῶς
817 2152 1166 2222 ἐκλαμϐάνει.
1196 2152 1256 2206 Et
1279 2152 1386 2224 γὰρ
1406 2153 1539 2224 ᾔδει,
1570 2154 1721 2224 φησὶ,
1744 2155 1804 2206 τὸ
1827 2155 2049 2225 Πνεῦμα

377 2241 445 2294 τά
474 2244 530 2294 ἐν
560 2241 636 2311 τῷ
668 2239 807 2310 Θεῷ,
842 2240 940 2291 ούκ
969 2239 1033 2291 ἂν
1060 2240 1267 2307 ἠρεύνα
1291 2254 1304 2268 ⁸
1338 2243 1604 2310 μαρτυρεῖ
1639 2241 1745 2310 γὰρ
1774 2242 1934 2294 αὑτοῦ
1983 2247 2046 2313 τῆ

377 2328 572 2396 ἀγνοία
621 2329 653 2397 ἠ
709 2328 925 2396 ἔρευνα.
961 2327 1022 2378 El
1072 2326 1250 2378 τοίνυν
1286 2326 1344 2378 τὸ
1386 2329 1610 2397 ἐρευνᾷν
1633 2328 1693 2379 τὸ
1720 2329 1944 2399 Πνεῦμα
1989 2332 2050 2384 τὸ

378 2416 531 2483 ἆγιον
564 2414 631 2467 τά
685 2415 820 2483 βάθη
876 2413 969 2464 τοῦ
1019 2412 1175 2474 Θεοῦ,
1236 2413 1458 2480 ἀγνοίας
1522 2416 1853 2485 κατηγορίαν
1901 2418 2049 2488 αύτῷ

379 2502 595 2569 ἐπάγει,
622 2501 750 2553 ὅταν
796 2501 909 2570 ἴδῃς
935 2500 1025 2551 τὸν
1052 2499 1182 2551 θεὸν
1230 2499 1532 2568 ἐρευνῶντα
1559 2500 1654 2563 τὰς
1690 2501 1912 2570 καρδίας
1940 2504 2047 2556 τῶν

378 2587 701 2656 ἀνθρώπων,
732 2586 950 2652 ἀγνοίας
971 2585 1134 2637 αὑτοῦ
1161 2586 1540 2656 καταφηφίζμ
1579 2589 1774 2641 ’Ἄκουε
1799 2590 1930 2657 γοῦν
1954 2592 2045 2643 τοῦ

379 2674 591 2727 Παύλου
645 2673 928 2740 λέγοντος⁸
988 2671 1063 2733 ὡς
1101 2673 1348 2742 περὶτοῦ
1401 2674 1715 2742 Πνεύματος
1771 2670 1926 2739 εἷπε,
1976 2678 2045 2731 Τὸ

377 2761 620 2828 Πνεῦμα
650 2760 844 2812 πάντα
876 2758 1110 2826 ἐρευνᾷ,
1140 2760 1233 2812 καί
1264 2761 1335 2812 τὰ
1355 2759 1516 2825 βάθη
1558 2761 1660 2812 τοῦ
1692 2763 1840 2816 Θεοῦ
1862 2782 1875 2794 ⁸
1905 2764 2046 2818 οὕτω

378 2848 627 2914 καὶπερὶ
664 2846 757 2898 τοῦ
800 2845 934 2897 Θεοῦ
981 2845 1284 2914 φιλοσοφῶν
1330 2849 1358 2899 6
1402 2846 1609 2908 Παῦλος
1648 2851 1830 2918 φησὶν,
1880 2852 1941 2905 Ὀ
1979 2852 2048 2906 δὲ

376 2934 641 3002 ἐρευνῶν
667 2937 772 2999 τὰς
801 2932 1067 3000 καρδίας,
1089 2930 1213 2987 οἵδε
1251 2934 1309 2987 τί
1336 2934 1400 2986 τὸ
1423 2937 1695 3003 φρόνημα
1733 2937 1838 2992 τοῦ
1864 2942 2043 2993 Πνεύ·

376 3040 581 3094 ματος.
629 3022 691 3073 Εί
745 3017 838 3073 οῦν
894 3020 1027 3083 Θεὸς
1075 3022 1268 3091 ἐρευνᾷ
1306 3022 1535 3089 ἀγνοῶν,
1588 3027 1678 3076 καὶ
1719 3024 1779 3077 τὸ
1824 3026 2046 3095 Πνεῦμα

378 3109 605 3177 ἀγνοοῦν
650 3109 864 3180 ἐρευνᾷ.
923 3107 1083 3161 Ἀλλά
1120 3109 1206 3161 ἵνα
1255 3109 1430 3181 μάθῃς
1478 3111 1647 3165 ὅτιτὸ
1698 3113 1920 3186 ἐρευνᾷν
1947 3116 2044 3169 ούκ

378 3197 699 3267 ἀγνοοῦντός
723 3199 889 3259 ἐστιν,
924 3196 1039 3250 ἀλλ’
1068 3197 1287 3259 εἰδότος,
1324 3200 1600 3267 ἐπήγαγεν
1620 3215 1633 3228 ⁸
1673 3203 1836 3256 Οὕτω
1859 3204 1951 3257 καί
1976 3207 2046 3259 τὰ

380 3284 486 3339 τοῦ
535 3285 683 3339 Θεοῦ
712 3283 907 3349 οὐδεὶς
931 3284 1104 3352 ἔγνω,
1131 3287 1178 3337 εί
1203 3284 1287 3352 μὴ
1320 3286 1385 3337 τὸ
1412 3287 1653 3356 Πνεῦμα
1709 3290 1814 3344 τοῦ
1854 3294 1999 3346 Θεοῦ
2028 3310 2040 3323 ⁸

379 3373 475 3427 καὶ
503 3372 703 3440 γνῶσιν
725 3370 1017 3439 ἐπιγράφει
1044 3370 1120 3439 τῷ
1151 3372 1452 3439 Πνεύματι,
1483 3373 1543 3425 ού
1577 3377 1675 3445 τὴν
1722 3379 1784 3429 ἐκ
1817 3378 1914 3449 τῆς
1943 3380 2047 3447 φύ-

380 3477 519 3522 σεως
551 3458 874 3529 κατάληψιν,
909 3457 1043 3512 ἀλλά
1068 3458 1165 3526 τὴν
1191 3459 1255 3511 ἐκ
1280 3460 1380 3528 τῆς
1412 3460 1626 3528 φύσεως
1660 3465 1971 3531 ἐπίγνωσιν.

452 3546 517 3616 β’.
541 3543 841 3615 Τοιγαροῦν
874 3544 947 3615 μὴ
983 3544 1170 3614 μέριζε
1205 3544 1302 3615 τὴν
1330 3546 1624 3617 ἀμέριστον
1650 3549 1827 3618 φύσιν,
1866 3552 1939 3622 μὴ
1962 3554 2048 3607 τέ.

383 3651 481 3702 μνε
528 3634 627 3700 τὴν
662 3632 964 3701 ἀδιαίρετον
1022 3632 1244 3685 ούσίαν⁸
1293 3631 1524 3703 γνώριζε
1580 3635 1639 3688 δὲ
1704 3637 1903 3707 μᾶλλον
1951 3641 2049 3712 τὴν

377 3720 607 3788 δύναμιν
635 3718 895 3789 ἀκριϐῶς.
963 3714 1055 3780 Εἷς
1082 3718 1341 3789 κέκληται
1370 3721 1398 3771 6
1458 3722 1647 3794 Πατὴρ
1707 3728 1798 3777 καὶ
1857 3729 1885 3780 6
1921 3728 2049 3793 Υἱός

380 3810 477 3861 καὶ
522 3808 581 3859 τὸ
644 3807 867 3876 Πνεῦμα
890 3805 951 3858 τὸ
999 3806 1171 3873 ἆγιον.
1225 3808 1356 3877 Περὶ
1414 3808 1511 3877 μὲν
1557 3811 1664 3883 γὰρ
1710 3813 1802 3865 τοῦ
1838 3817 2050 3887 Πατρὸς

378 3896 523 3963 λέγει
548 3896 577 3947 6
622 3895 771 3958 Υἱὸς,
808 3896 992 3946 Ὅταν
1028 3894 1192 3960 ιδητε
1245 3896 1351 3948 τὸν
1390 3897 1527 3949 ΥΙὸν
1581 3899 1689 3952 τοῦ
1731 3902 2048 3971 ἀνθρώπου

379 3980 719 4049 καθήμενον
751 3981 819 4033 ἐκ
852 3979 1064 4043 δεξιῶν
1091 3978 1197 4051 τῆς
1226 3981 1530 4052 δυνάμεως
1548 4002 1561 4015 ·
1600 3989 1692 4041 καὶ
1719 3989 1945 4059 δύναμιν
1975 3993 2052 4045 εί-

380 4067 595 4140 ρηκὼς,
638 4067 833 4136 ἔστησε
862 4067 958 4137 τὴν
1012 4068 1169 4132 δόξαν
1191 4108 1204 4132 ,
1246 4071 1331 4122 ἵνα
1364 4071 1651 4145 θαυμάσῃς
1690 4077 1788 4146 τὴν
1820 4077 2047 4132 ἔννοιαν.

383 4155 549 4207 ’Ὅθεν
578 4154 736 4207 αὑτὸν
764 4154 853 4207 τὶν
883 4156 1099 4226 Πατέρα
1135 4158 1228 4209 καὶ
1258 4157 1390 4209 Θεὸν
1424 4160 1602 4211 καλῶν
1631 4161 1879 4229 δύναμιν.
1918 4165 2050 4235 πρὸς

381 4244 637 4312 Καϊάφαν
658 4241 1054 4313 διαλεγόμενος,
1083 4244 1186 4315 ἔφη
1206 4259 1219 4273 ⁸
1244 4245 1429 4298 Ὅταν
1449 4247 1612 4314 ἴδητε
1644 4250 1754 4321 τὸν
1780 4251 1913 4303 Υίὸν
1945 4255 2050 4309 τοῦ

380 4330 696 4399 ἀνθρώπου
738 4330 1075 4399 καθήμενον
1102 4332 1169 4384 ἐκ
1210 4330 1423 4396 δεξιῶν
1454 4331 1563 4402 τῆς
1602 4336 1924 4405 δυνάμεως.
1958 4341 2055 4394 Δύ-

381 4436 544 4489 ναμις
584 4414 675 4472 οὖν
705 4419 734 4471 6
779 4419 997 4488 Πατήρ⁸
1027 4417 1252 4488 δύναμις
1288 4419 1344 4472 δὲ
1386 4420 1478 4473 καὶ
1517 4428 1545 4475 0
1593 4423 1738 4487 Υἱὸς,
1779 4424 1854 4488 ὡς
1902 4427 2051 4496 λέγει

382 4506 632 4569 Παῦλοςο
682 4505 936 4573 Χριστὸς
989 4504 1137 4558 Θεοῦ
1184 4506 1436 4574 δύναμις
1478 4508 1575 4563 καί
1628 4512 1775 4564 Θεοῦ
1828 4516 2046 4583 σοφία·

380 4593 608 4665 δύναμις
630 4595 723 4647 καὶ
753 4592 815 4646 τὸ
837 4590 1059 4662 Πνεῦμα
1082 4593 1142 4646 τὸ
1171 4591 1324 4662 ἅγιον
1341 4611 1353 4624 ⁸
1391 4595 1538 4663 λέγει
1563 4593 1654 4651 οὖν
1674 4601 1709 4653 ,ό
1730 4600 1916 4672 Σωτὴρ
1940 4606 2051 4667 τοῖς

386 4681 676 4750 μαθηταῖς
710 4681 964 4735 Μείνατε
982 4680 1051 4732 ἐν
1080 4680 1467 4751 Ἰερουσαλὴμ
1489 4683 1598 4751 ἕως
1619 4682 1689 4740 οὗ
1710 4687 2053 4756 ἐνδύσησθε

382 4767 639 4838 δύναμιν
652 4768 719 4833 ἐξ
735 4769 950 4838 ὕψους.
967 4767 1134 4832 Εἰδὼς
1153 4765 1264 4833 οὖν,
1282 4772 1552 4841 ἀγαπητέ,
1567 4774 1625 4825 ἐν
1647 4774 1821 4846 Πατρὶ
1843 4778 2053 4850 καὶΥίῷ

383 4857 478 4910 καὶ
505 4856 645 4927 ἁγίῳ
678 4855 955 4926 Πνεύματι
991 4855 1088 4926 τὴν
1122 4858 1312 4926 ὁμοίαν
1342 4857 1544 4929 ταύτην
1570 4858 1817 4932 δύναμιν,
1839 4862 1928 4934 ἔχε
1952 4867 2052 4935 τὴν

385 4944 569 4996 πίστιν
599 4943 893 4997 ἀσάλευτον
916 4960 930 4973 ⁸
968 4942 1042 5014 μὴ
1075 4944 1304 5015 μερίσῃς
1340 4945 1437 5017 τὴν
1464 4946 1622 5011 δόξαν
1652 4948 1748 5021 τήν
1779 4952 2054 5025 ἀγατάλη..

384 5049 538 5095 πτον,
560 5031 673 5085 ἀλλ’
700 5032 959 5101 ἐπίγνωθι
986 5031 1083 5095 τὰς
1113 5033 1381 5104 συνθήκας
1401 5034 1495 5088 τοῦ
1526 5037 1901 5109 φωτίσματος⁸
1929 5040 2053 5112 βλέ-

383 5138 454 5174 πε
493 5122 619 5184 τοὺς
650 5120 800 5182 υἱοὺς
830 5121 928 5189 τῆς
973 5122 1195 5191 χάριτος
1225 5122 1313 5176 διὰ
1355 5123 1451 5176 τοῦ
1486 5126 1720 5194 μεγάλου
1751 5127 2055 5199 ἀρχιερέως

383 5209 747 5279 ἀνθήσαντας,
781 5206 943 5277 βλέπε
973 5207 1042 5261 :6
1082 5209 1249 5263 τέκνα
1280 5209 1373 5263 τοῦ
1414 5213 1588 5279 gap-:6;
1617 5212 1888 5284 δραμόντα
1918 5216 2054 5287 πρὸς

384 5299 509 5358 τοὺς
548 5297 797 5367 κήρυκας
836 5293 931 5347 τοῦ
967 5295 1176 5363 φωτός·
1222 5297 1303 5349 δεῖ
1328 5298 1435 5369 γὰρ
1474 5300 1599 5362 τοὺς
1629 5301 1738 5354 ἀπὸ
1768 5301 1860 5355 τοῦ
1888 5302 2055 5371 φωτί-

386 5400 588 5454 σματος
614 5381 1074 5453 ἀναγεννηθέντας
1095 5383 1319 5455 δραμεῖν
1355 5387 1489 5458 πρὸς
1517 5390 1642 5452 τοὺς
1667 5389 1765 5460 τὴν
1805 5392 2057 5463 οἰκουμέ-

386 5487 483 5540 νην
508 5471 993 5541 ἀναγεννήσαντας.
1024 5470 1278 5542 Είπωμεν
1305 5474 1397 5526 καὶ
1430 5478 1589 5545 ἡμεῖς
1617 5477 1756 5545 μετά
1788 5479 1881 5531 τοῦ
1917 5496 2053 5550 προ-

388 5558 561 5627 φήτου
602 5558 695 5610 καὶ
729 5557 838 5610 τῶν
867 5557 1213 5614 ἀποστόλων*
1265 5560 1629 5630 Ἀνάϐλεψον
1667 5562 1792 5631 τοῖς
1832 5565 2054 5634 ὀφθαλ-

448 5737 477 5767 .
509 5733 617 5782 Mss.
639 5734 876 5793 τῆέννοῖα.

1982 288 2213 348 DUBIA.

3711 299 3815 355 566

2147 408 2301 478 μοῖς,
2337 411 2433 464 καί
2475 410 2563 466 ἴδε
2594 410 2945 482 συνηῃιένα
2988 412 3059 468 τὰ
3091 413 3273 469 τέκνα
3313 428 3430 468 σου
3450 431 3462 444 ⁸
3494 414 3589 468 καὶ
3621 417 3815 470 πάλιν*

2149 497 2240 551 Ζῶ
2268 500 2401 569 ἐγὼ,
2430 502 2590 571 λέγει
2625 501 2867 570 Κύριος,
2906 502 2994 555 ὄτι
3029 502 3261 569 πάντας
3300 504 3522 569 αὐτοὺς
3537 502 3764 573 ἐνδύσῃ
3789 511 3813 546 ιι

2147 587 2228 652 ὠς
2262 590 2494 656 κόσμον
2528 589 2788 657 νύμφης.
2830 589 3069 659 Ἔστηκε
3100 589 3277 643 τοίνυν
3321 591 3548 654 Ἡσαΐας
3579 593 3816 662 σήμερον

2147 673 2320 741 λέγων
2350 675 2484 745 πρὸς
2511 676 2579 728 τά
2609 676 2717 728 τῶν
2752 676 3125 744 φωτισθέντων
3148 678 3347 748 πλήθη,
3382 679 3507 741 τοὺς
3535 679 3817 747 γεννηθέν-

2147 780 2245 826 τας
2280 766 2342 816 ἐκ
2383 765 2696 834 Πνεύματος
2727 766 2902 834 ἁγίου,
2930 766 3057 830 τοὺς
3092 766 3286 834 ἀθρόον
3318 766 3821 833 ἀνακαινισθέντας,

2147 853 2272 915 τοὺς
2293 853 2349 904 ἐν
2377 853 2475 921 μιᾷ
2504 854 2644 922 ῥοπῇ
2673 853 3125 923 μεταϐληθέντας,
3153 854 3277 916 τοὺς
3299 855 3407 906 ἀπὸ
3427 855 3619 923 γηῒνης
3650 872 3815 908 κατα-

2151 942 2393 1003 στάσεως
2433 942 2511 1003 είς
2548 942 2798 1011 οὐράνιον
2839 941 3020 994 εἰκόνα
3057 941 3547 1013 μεταποιηθέντας⁸
3583 942 3818 1012 ἐκπλήτ-

2146 1045 2299 1081 τεται
2330 1026 2438 1098 γὰρ
2476 1029 2702 1091 Ἡσαΐας
2726 1028 2897 1097 λέγων
2916 1046 2929 1059 ⁸
2964 1029 3057 1094 Τίς
3077 1026 3219 1089 εἶδε,
3251 1030 3343 1094 τίς
3369 1027 3598 1096 ἤκουσε
3622 1030 3822 1083 τοιαῦθ

2149 1132 2241 1178 τα,
2265 1116 2353 1168 ὅτι
2383 1115 2590 1168 ἔτεκεν
2618 1116 2656 1182 ἠ
2685 1113 2759 1184 γῆ
2807 1115 2877 1168 τὰ
2917 1116 3099 1168 τέκνα
3132 1114 3323 1182 αὐτῆς
3355 1115 3425 1167 ὲν
3467 1116 3655 1183 ἡμέρᾳ
3689 1114 3817 1184 μιᾷ,

2150 1204 2246 1256 καί
2269 1202 2480 1272 ἐτέχθη
2503 1203 2679 1268 ἔθνος
2702 1204 2791 1268 είς
2813 1201 2974 1266 ἅπαξ
2988 1219 3005 1267 ;
3035 1202 3236 1272 Ταχεῖα
3264 1203 3371 1274 γὰρ
3390 1203 3483 1255 τοῦ
3509 1203 3825 1273 Πνεύματος

2150 1299 2181 1367 ἡ
2213 1296 2571 1365 ἀναγέννησις
2592 1309 2607 1322 ⁸
2648 1295 2749 1347 ούκ
2778 1294 3039 1364 ἀναμένει
3071 1294 3291 1364 χρόνον,
3328 1294 3388 1346 ού
3426 1292 3665 1346 δουλεύει
3698 1311 3827 1348 και-

2154 1386 2265 1453 ροῖς
2294 1385 2390 1436 καὶ
2424 1385 2674 1451 γενεαῖς,
2707 1381 2821 1435 ἀλλ’
2870 1381 2986 1452 ἀμα
3017 1380 3291 1451 βούλεται,
3335 1382 3453 1451 ἅμα
3493 1383 3735 1435 τίκτεται
3765 1382 3831 1435 τὸ

2151 1469 2615 1540 ἀναγεννώμενον.
2665 1470 2911 1541 Ἔπρεπε
2944 1472 3055 1532 τοῖς
3086 1471 3219 1531 υἱοῖς
3261 1468 3354 1522 τοῦ
3386 1470 3561 1537 φωτὸς
3604 1471 3827 1522 ἃπασαν

2151 1561 2248 1630 τὴν
2299 1558 2507 1628 ἀγοράν
2557 1557 2865 1629 πομπεύειν
2930 1560 3025 1611 καὶ
3085 1556 3326 1623 δοξάζειν
3374 1558 3469 1611 καὶ
3525 1559 3827 1626 ἀναφωνεῖν

2153 1649 2358 1700 ἐκεῖνον
2386 1647 2478 1700 τὸν
2530 1646 2596 1699 δι’
2647 1647 2846 1709 αὐτοὺς
2879 1645 3101 1699 ἐλθόντα
3138 1648 3318 1709 κάτω,
3357 1646 3442 1698 ἴνα
3475 1646 3691 1699 ἃπασαν
3728 1646 3828 1716 τὴν

2152 1737 2483 1806 οἰκουμένην
2531 1735 2786 1808 ἀναγάγῃ
2830 1735 2966 1806 πρὸς
3005 1734 3195 1787 ἐαυτὸν
3238 1732 3390 1805 [ίίὸῖ
3433 1734 3564 1787 ἀνω.
3595 1732 3829 1805 Χριστὸς

2154 1823 2422 1893 κατῆλθεν
2461 1824 2524 1876 ἐκ
2556 1822 2662 1875 τῶν
2702 1820 2947 1893 οὐρανῶν
2970 1835 2983 1850 ⁸
3021 1820 3289 1889 κατῆλθεν
3325 1823 3387 1873 οὐ
3421 1821 3693 1890 μεταστὰς
3720 1819 3833 1873 τῶν

2154 1909 2398 1981 οὐρανῶν
2415 1926 2428 1939 ⁸
2463 1907 2695 1977 ἀνῆλθεν
2719 1909 2780 1960 οὐ
2818 1905 3090 1978 μεταστὰς
3112 1907 3209 1977 τῆς
3246 1907 3346 1977 γῆς
3368 1921 3382 1935 ⁸
3410 1904 3533 1960 οὔτε
3559 1906 3668 1975 γὰρ
3692 1924 3831 1959 κατ-

2155 1996 2323 2050 ελθὼν
2348 1998 2473 2060 τοὺς
2503 1996 2769 2066 οὐρανοὺς
2809 1996 3052 2065 ἐρήμους
3073 1994 3379 2057 κατέλιπεν,
3415 1993 3537 2046 οὔτε
3568 1993 3829 2057 ἀνελθὼν,

2154 2086 2358 2157 ἔρημον
2388 2085 2485 2154 τὴν
2508 2086 2611 2155 γῆν
2636 2083 2737 2154 τῆς
2758 2082 2953 2136 ἐαυτοῦ
2981 2081 3302 2145 ἐπιστασίας
3322 2082 3601 2135 ἀπέλιπεν.
3621 2083 3833 2152 Ἔπρε-

2155 2191 2222 2227 πε
2251 2185 2273 2213 ι·
2309 2177 2421 2236 τοῖς
2454 2175 2588 2235 υἱοῖς
2616 2172 2710 2225 τοῦ
2738 2170 2911 2238 φωτὸς
2944 2170 3043 2234 τὴν
3077 2169 3337 2240 λαμπάδα
3361 2169 3455 2223 τοῦ
3483 2170 3640 2237 λόγου
3669 2186 3828 2239 περι·

2154 2261 2338 2332 φέρειν
2367 2263 2425 2313 ἐν
2453 2264 2572 2324 ταῖς
2603 2261 2827 2330 ἀγοραῖς
2850 2276 2864 2290 ⁸
2898 2258 2997 2327 οὐχ
3020 2256 3273 2329 ὑϐρίζετο
3297 2257 3358 2309 τὸ
3388 2260 3705 2328 μυστήριον,
3729 2257 3832 2309 οὐκ

2150 2348 2447 2419 ὴτιμάζετο
2479 2347 2588 2400 τῶν
2617 2346 2989 2414 νεοψωτίστων
3028 2347 3057 2398 6
3089 2345 3374 2417 χαρακτὴρ
3410 2345 3509 2414 τῆς
3548 2343 3847 2412 ἀληθείας.ο

2156 2438 2401 2505 Ἔπρεπε
2434 2436 2525 2489 καὶ
2562 2436 2744 2497 αὐτοῖς
2802 2434 2860 2486 ἐν
2896 2432 3180 2495 πλατείαις
3223 2433 3410 2501 ὑμνεῖν
3432 2449 3447 2463 ⁸
3495 2432 3684 2500 Σοφία
3716 2433 3832 2501 γὰρ

2151 2524 2220 2577 ἐν
2244 2523 2476 2587 ἐξόδοις
2496 2521 2788 2590 ὑμνεῖται,
2808 2522 2879 2574 ἐν
2896 2519 2965 2573 δὲ
2987 2520 3296 2585 πλατείαις
3316 2520 3657 2588 παρρησίαν
3678 2518 3828 2588 ἄγει,

2151 2614 2235 2667 ἐπ’
2269 2613 2451 2683 ἄκρων
2478 2612 2534 2666 δέ
2559 2612 2784 2682 τειχέων
2819 2610 3166 2682 κηρύττεται.
3183 2610 3526 2681 Καθάρωμεν
3552 2611 3643 2663 τὸν
3666 2611 3827 2682 ἀέρα,

2149 2701 2208 2753 ὃν
2238 2700 2425 2769 ἐμίανε
2465 2701 2534 2753 :6
2580 2698 2815 2770 πορνικά
2855 2698 3096 2769 ᾄσματα,
3128 2698 3221 2752 καὶ
3260 2697 3492 2770 ἔχρανάν
3544 2715 3673 2752 ποτε
3711 2697 3831 2767 βοαὶ

2149 2787 2385 2847 ἀσεϐῶν,
2417 2789 2513 2840 καὶ
2541 2787 2829 2857 ὀλολυγμοὶ
2853 2786 2960 2838 τῶν
2992 2785 3383 2840 ἐπιτελούντων
3407 2787 3476 2838 τά
3495 2784 3605 2838 τῶν
3637 2786 3831 2856 δαιμό-

2148 2892 2256 2927 νων
2285 2875 2586 2945 μιάσματα.
2632 2872 3105 2944 Ἐκαθαρίσθησαν
3136 2872 3212 2944 τῷ
3235 2872 3377 2944 λόγῳ
3405 2871 3498 2925 τοῦ
3531 2871 3709 2941 φωτὸς
3736 2876 3830 2925 καὶ

2148 2961 2177 3012 6
2210 2961 2339 3031 ἀὴρ,
2377 2962 2470 3013 καὶ
2516 2958 2667 3030 ήγῆ,
2696 2960 2789 3012 καὶ
2827 2961 2855 3012 6
2891 2960 3140 3029 οὐρανός.
3178 2960 3387 3029 Ὥσπερ
3427 2958 3536 3029 γὰρ
3580 2959 3839 3022 στενάζει

2149 3047 2245 3099 καὶ
2270 3049 2297 3101 6
2322 3046 2549 3117 οὐρανὸς
2574 3047 2667 3100 καὶ
2689 3048 2720 3116 ἡ
2756 3047 2824 3118 γῆ
2855 3048 2945 3099 ἐπὶ
2976 3049 3041 3118 τῇ
3069 3048 3238 3117 κακίᾳ
3269 3045 3379 3099 τῶν
3402 3045 3633 3110 ἀσεϐῶν,
3656 3043 3830 3110 οὕτως

2148 3133 2497 3203 εὐφραίνεται
2522 3133 2682 3187 πάλιν
2708 3135 2801 3186 ἐπὶ
2828 3135 2893 3204 τῇ
2916 3133 3230 3204 δικαιοσύνῃ
3255 3132 3363 3185 τῶν
3386 3133 3824 3203 κατορθούντιον⁸

2149 3221 2277 3274 ὅταν
2305 3221 2405 3291 μέν
2438 3221 2547 3291 γὰρ
2592 3220 2882 3293 ἁμαρτάνῃ
2920 3220 3225 3290 ἄνθρωπος,
3275 3220 3629 3288 ἀγανακτεῖό
3660 3221 3828 3291 ούρα-

2149 3309 2258 3373 νὸς,
2294 3309 2591 3374 ἀγανακτεῖ
2615 3307 2671 3360 δὲ
2709 3308 2800 3360 καὶ.
2837 3309 2870 3377 ἡ
2913 3306 3007 3376 γῆ,
3046 3306 3122 3371 ὦς
3154 3324 3317 3377 φησιν
3352 3306 3652 3377 Ἱερεμίας·
3696 3307 3828 3371 Ἐε-

2149 3396 2298 3461 έστη
2332 3398 2364 3448 ό
2402 3394 2658 3461 οὐρανὸς
2699 3394 2796 3447 ἐπὶ
2837 3396 3056 3459 τούτῳ,
3097 3395 3196 3449 καί
3240 3395 3485 3463 ἔφριξεν
3524 3397 3562 3462 ἡ
3601 3394 3701 3462 γῆ.
3738 3395 3832 3449 ὅτι

2150 3480 2259 3533 δύο
2291 3480 2385 3532 καὶ
2416 3481 2649 3547 πονηρὰ
2672 3480 2964 3547 ἐποίησεν
2992 3484 3025 3534 ὀ
3046 3481 3217 3546 λαός.
3253 3480 3416 3550 Ὁρᾷς
3456 3480 3574 3543 πῶς
3613 3480 3827 3551 φρίττει

2150 3569 2179 3621 6
2207 3567 2433 3638 οὐρανὸς
2466 3567 2559 3620 καὶ
2591 3568 2623 3637 ἡ
2648 3568 2739 3636 γῆ,
2772 3568 3193 3639 ἁμαρτανόντων
3216 3568 3323 3621 τῶν
3355 3566 3696 3639 ἀνθρώπων;
3724 3569 3835 3622 Me-

2151 3654 2516 3709 ταποιούντων
2550 3655 2607 3708 δέ
2653 3655 2877 3719 ἑαυτοὺς
2909 3656 2989 3718 είς
3022 3655 3329 3718 εὐσέϐειαν,
3364 3654 3528 3709 ἄκουε
3566 3654 3661 3708 τοῦ
3696 3672 3827 3725 προ-

2154 3744 2323 3814 φήτου
2381 3743 2657 3810 λέγοντος⁸
2717 3744 3266 3811 Εὑρραινέσθωσαν
3317 3746 3370 3796 οί
3429 3743 3671 3810 οὐρανοί
3727 3742 3828 3799 καὶ

2152 3833 2592 3903 ἀγαλλιᾶσθωὴ
2623 3831 2700 3901 γῆ
2721 3851 2734 3863 ⁸
2765 3833 3003 3900 ῥηξάτω
3036 3832 3107 3885 τὰ
3146 3833 3250 3901 ὅρη
3289 3834 3699 3901 εὐφροσύνην,
3727 3832 3827 3887 καί

2152 3925 2205 3976 οἱ
2228 3922 2446 3986 βουνοί
2474 3923 2861 3989 ἁγαλλίασιν,
2897 3921 2983 3973 ὅτι
3015 3921 3282 3988 ἠλέησεν
3311 3924 3344 3974 ό
3380 3922 3522 3988 Θεὸς
3550 3921 3834 3974 τὸνλαὸν

2153 4009 2359 4063 αὐτοῦ.
2387 4008 2603 4076 Λεγέτω
2647 4009 2801 4080 καίή
2852 4007 3147 4077 Ἐκκλησία
3187 4010 3220 4079 ή
3259 4010 3499 4079 τοσούτῳ
3550 4008 3693 4079 δχλῳ
3734 4010 3829 4062 καὶ

2153 4096 2266 4167 λαῷ
2314 4096 2541 4165 κομῶσα
2566 4110 2579 4125 ⁸
2658 4094 2800 4163 Ἐγὼ
2841 4093 3199 4164 κατελείφθην
3230 4111 3358 4148 ποτε
3393 4095 3561 4165 μόνη,
3595 4090 3743 4148 οὗτοι
3770 4094 3827 4147 δέ

2157 4201 2246 4254 μοι
2269 4182 2372 4235 ποῦ
2396 4178 2573 4253 ἦσανς
2602 4181 2712 4250 ἐγὼ
2742 4181 2963 4245 ἄτεκνος
2994 4181 3087 4235 καὶ
3114 4181 3275 4252 χήρα,
3302 4181 3521 4242 τούτους
3546 4182 3602 4234 δέ
3637 4199 3729 4252 μοι
3746 4182 3830 4245 τίς

2153 4270 2437 4340 ἐγέννησε;
2464 4269 2683 4337 Λεγέτω
2710 4269 2804 4322 καὶ
2827 4268 2897 4322 τά
2922 4267 3092 4323 τέκνα
3119 4271 3217 4341 τῆς
3250 4269 3576 4339 Ἐκκλησίας
3600 4270 3673 4322 τὰ
3702 4286 3831 4321 συν.

2154 4358 2388 4428 εχόμενα
2416 4355 2492 4426 τῷ
2543 4355 2736 4425 πλήθει
2769 4356 2903 4428 πρὸς
2929 4356 3020 4410 τόν
3050 4357 3182 4410 Θεὸν
3206 4357 3304 4428 τὴν
3337 4358 3521 4426 φωνὴν
3556 4357 3663 4410 τῶν
3693 4375 3829 4427 προε

2155 4445 2342 4515 φητῶν
2358 4460 2372 4475 ⁸
2400 4444 2618 4510 Στενός
2646 4461 2748 4513 μοι
2783 4446 2815 4498 ό
2839 4445 3023 4507 τόπος
3043 4461 3056 4474 ⁸
3080 4446 3341 4513 ποίησόν
3360 4461 3462 4515 μοι
3490 4446 3699 4508 τόπον,
3726 4446 3832 4499 ἵνα

2155 4530 2512 4599 κατοικήσω.

2225 4619 2355 4672 Ὅτε
2382 4616 2490 4689 γάρ
2519 4614 2733 4688 ήκμαζε
2757 4616 2828 4670 τὰ
2851 4618 2950 4688 τῆς
2980 4618 3044 4674 πὶ
3056 4618 3205 4691 ἀνης,
3235 4618 3325 4672 ὅτε
3345 4615 3371 4656 ἀ
3404 4617 3703 4688 ἐπενέμετο
3730 4617 3830 4689 τὴν

2156 4706 2309 4760 πόλιν
2343 4704 2605 4776 ταύτηνή
2648 4704 2785 4777 νομὴ
2824 4706 2923 4776 τῆς
2954 4706 3237 4776 αἱρέσεως,
3272 4704 3515 4777 ἀνήλωτο
3557 4703 3628 4758 :6
3662 4704 3833 4758 τέκνα

2154 4794 2255 4869 τῆς
2295 4792 2654 4864 Ἐκκλησίας⁸
2692 4792 2817 4845 ’καὶ
2849 4791 3037 4865 ὥσπερ
3081 4793 3242 4863 ἀκρὶς
3280 4791 3581 4846 ἐπελθοῦσα
3620 4794 3687 4863 τῇ
3732 4792 3827 4845 ὑπ’

2156 4880 2405 4953 οὐρανὸν,
2429 4880 2709 4934 ἀναλίσκει
2735 4881 2861 4944 τοὺς
2886 4881 3130 4952 καρποὺς
3146 4880 3336 4950 αὐτῆς,
3366 4879 3536 4942 οὕτως
3564 4882 3599 4949 ή
3629 4880 3827 4950 φθορο-

2157 4968 2307 5031 ποιὸς
2333 4967 2645 5022 διδασκαλία
2689 4968 2813 5030 τοὺς
2846 4969 3093 5039 καρποὺς
3132 4968 3232 5038 τῆς
3269 4967 3437 5030 ὅντως
3474 4966 3827 5030 διδασκαλίας

2156 5055 2412 5127 ἀνήλισκε
2442 5056 2537 5110 καὶ
2564 5056 2663 5126 τῆς
2700 5055 2998 5119 εὐσεϐείας.
3040 5055 3200 5109 Ἀλλά
3234 5057 3491 5126 σήμερον,
3520 5055 3821 5124 ἀγαπητοὶ,

2156 5142 2422 5213 ἐξεϐλήθη
2452 5145 2485 5214 ή
2523 5142 2844 5213 φθοροποιὸς
2872 5143 3205 5202 διδασκαλία.
3246 5144 3339 5197 καὶ
3373 5141 3617 5214 εἰσῆλθεν
3649 5143 3683 5213 ή
3718 5158 3829 5195 σω-

2154 5232 2341 5301 τήριος
2371 5230 2531 5300 χάρις
2571 5230 2921 5297 ἀναγεννῶσα
2970 5230 3061 5283 τὸν
3108 5230 3255 5293 λαὸν,
3285 5230 3379 5285 καὶ
3416 5230 3647 5300 λέγουσα
3688 5229 3829 5301 πρὸς

2156 5319 2317 5372 αὐτόν
2336 5336 2349 5349 ⁸
2404 5317 2540 5372 Νῦν
2573 5317 2976 5372 ἀνταποδώσω
3007 5319 3139 5373 ἀντὶ
3184 5318 3303 5374 τῶν
3330 5320 3540 5390 τόνων,
3567 5311 3656 5372 ὧν
3682 5333 3825 5371 κατ-

2217 5442 2247 5482 ι»
2269 5441 2391 5504 Reg.
2405 5442 2595 5504 ἐνδύσῃ,
2606 5448 2763 5490 recte.
2776 5442 2845 5504 [ta
2861 5443 2992 5491 enim
3012 5443 3275 5503 legendum
3293 5444 3558 5493 secundum
3571 5454 3632 5490 ex
3640 5442 3829 5504 empla-

2155 5505 2227 5579 εἰει
2255 5502 2689 5564 Heliraicaﬁmca
2708 5509 2763 5553 et
2780 5503 3033 5564 Lattna,et
3063 5502 3137 5554 Sic
3156 5502 3731 5568 IegeralBeurerus.Ed;
3749 5502 3831 5550 έν-

2157 5567 2401 5690 ὃυὲωέόίιξὶ
2422 5627 2572 5690 οὕτως
2594 5626 2780 5688 ἔπρεπε.
2807 5626 2907 5678 Sed
2945 5628 3095 5685 οὕτως
3118 5627 3261 5679 deest
3284 5629 3336 5678 in
3387 5626 3533 5690 393.,
3557 5638 3723 5687 neque
3748 5625 3833 5678 le-

2158 5691 2290 5753 gisse
2311 5688 2507 5736 videtur
2520 5688 2783 5737 Beurerus.

2222 5748 2249 5788 ‘
2271 5750 2378 5812 Reg
2416 5750 2477 5797 τὰ
2500 5756 2583 5807 τῆς
2603 5749 2825 5812 αἱρέσεως
2844 5750 2941 5799 ὅτε.
