4092 6206
376 271 484 329 515

383 386 562 440 omnia
594 398 787 454 nempe
815 381 972 445 facta,
1002 395 1105 434 non
1133 390 1187 434 ιιι
1217 380 1450 436 hmretici
1483 381 1750 450 effutiunt,
1780 385 1869 455 qui
1899 384 1949 438 in

385 478 488 531 hoc
518 476 663 529 dicto
707 472 1035 528 adorandum
1071 471 1323 539 Spiritum
1372 474 1825 540 comprehendere
1865 490 1959 527 au-

384 569 533 631 dent,
561 578 612 620 et
638 565 819 619 dietmt
852 582 865 615 :
902 563 1087 617 Omnia
1114 581 1203 633 per
1241 564 1403 631 ipsum
1441 566 1575 634 facta
1614 572 1749 628 sunt,
1780 575 1826 617 et
1852 566 1960 618 sine

386 660 499 727 ipso
524 660 712 727 [actum
741 664 811 707 est
835 652 964 707 nihil
989 653 1124 723 quod
1151 656 1341 724 factum
1367 664 1437 706 est
1460 656 1508 705 in
1540 654 1670 720 ipso.
1698 653 1891 707 Verum
1912 654 1956 706 si

384 750 514 820 quid
543 750 593 802 in
624 747 743 815 ipso
774 743 968 799 factum
993 753 1097 805 est,
1126 752 1180 796 at
1211 759 1315 796 non
1358 743 1592 797 increata
1620 753 1806 797 natura
1835 742 1956 812 Spi-

385 843 542 896 ritus.
585 839 712 903 Sed,
757 838 832 891 ait
872 837 984 899 ille,
1017 836 1216 890 dictum
1266 846 1368 903 est,
1402 835 1605 890 Omnia.
1656 836 1813 905 Atqui
1843 836 1957 890 hinc

384 947 510 993 vos,
562 930 784 992 Omnia,
832 944 937 981 non
984 942 1105 981 cum
1151 934 1327 980 creata
1374 927 1663 981 incrcatatu
1715 936 1953 980 naturam

384 1018 810 1090 comprehendit.
841 1016 991 1084 Quod
1022 1017 1065 1069 si
1096 1017 1218 1070 huic
1244 1018 1381 1081 voci,
1417 1016 1621 1081 Omnia,
1653 1016 1948 1080 attendens,

383 1129 549 1168 ausus
576 1128 635 1167 es
664 1126 869 1165 sacram
902 1119 1148 1164 naturam
1189 1117 1472 1174 temerare,
1508 1110 1551 1162 si
1594 1109 1825 1163 audieris
1852 1110 1955 1162 Do-

384 1208 586 1259 minum
616 1204 903 1265 dicentem,
946 1201 1131 1254 Omnes
1155 1209 1394 1266 quotquot
1426 1210 1664 1252 venerunt
1708 1210 1823 1252 ante
1853 1217 1950 1265 me,

376 1301 523 1366 fures
543 1304 683 1347 erant
719 1303 765 1347 et
793 1292 1011 1347 latrones
1035 1291 1212 1361 (Joan.
1245 1292 1331 1344 10.
1359 1290 1436 1358 8).
1471 1292 1595 1358 quid
1623 1290 1858 1344 dixeris?
1884 1306 1950 1344 an

384 1389 617 1460 Moysen]
648 1388 906 1441 latronem
950 1384 1138 1438 dices?
1186 1399 1251 1435 an
1279 1384 1569 1452 prophetas
1599 1382 1783 1435 fures?
1829 1399 1948 1435 nam

376 1481 458 1534 ait
484 1480 593 1542 ille,
626 1476 812 1531 Omnes
840 1484 1080 1544 quotquot
1105 1483 1221 1525 ante
1260 1489 1338 1525 me
1358 1482 1614 1533 venerunt,
1646 1475 1781 1541 fures
1809 1483 1949 1524 erant

382 1584 426 1625 et
456 1572 698 1625 latrones.
750 1567 851 1622 Sed
900 1581 1091 1621 sensus
1125 1565 1400 1633 distinguit
1430 1564 1496 1618 de
1533 1565 1724 1633 quilms
1772 1580 1949 1618 sermo

382 1664 452 1716 sit
480 1671 533 1715 et
575 1661 640 1713 ad
687 1673 822 1728 quos
850 1657 1134 1727 pertineat.
1170 1655 1320 1709 Nunc
1346 1655 1412 1709 de
1452 1655 1724 1708 creatione
1771 1669 1948 1709 sermo

371 1762 497 1807 est:
522 1750 847 1805 creationem
880 1748 947 1801 ab
986 1762 1051 1802 eo
1078 1746 1265 1799 factam
1297 1746 1445 1808 dicit,
1478 1761 1580 1800 non
1625 1757 1799 1800 autem
1831 1748 1950 1799 sub—

380 1844 633 1898 stantiam
684 1840 931 1910 Spiritus,
977 1855 1096 1909 qua:
1146 1839 1215 1892 ita
1261 1839 1533 1907 cognoscit
1573 1854 1632 1892 ea
1681 1854 1799 1907 qua:
1852 1839 1946 1892 Dei

379 1946 524 2001 sunt,
557 1944 614 1988 nt
642 1934 858 2002 spiritus
885 1931 1113 1985 hominis
1153 1947 1270 2001 qum
1298 1932 1349 1984 in
1376 1947 1433 1983 se
1463 1940 1602 1995 sunt,
1638 1940 1692 1983 ιιι
1716 1932 1790 1983 ait
1814 1931 1949 1983 Pau-

376 2027 464 2081 lns
497 2044 511 2080 :
541 2023 706 2078 Nemo
738 2022 872 2075 novit
896 2038 1008 2091 qua:
1033 2031 1147 2073 sunt
1178 2021 1415 2085 hominis,
1439 2020 1534 2072 nisi
1559 2020 1765 2086 spiritus
1788 2020 1947 2073 homi-

372 2118 477 2182 nis,
504 2116 589 2184 qui
619 2115 671 2166 in
697 2114 807 2183 ipso
839 2112 1026 2165 habitat
1055 2113 1132 2181 (1.
1161 2111 1275 2165 Cor.
1307 2111 1361 2166 2.
1394 2111 1502 2181 11).
1532 2111 1586 2165 Si
1619 2128 1744 2180 ergo
1786 2113 1942 2181 spiri-

378 2219 462 2259 tus
490 2220 639 2259 meus
677 2204 884 2258 alienus
922 2211 1005 2257 est
1044 2218 1071 2254 a
1102 2216 1215 2255 mea
1244 2211 1450 2265 natura,
1480 2201 1708 2271 Spiritus
1736 2218 1944 2271 quoque

374 2298 472 2353 Dei
520 2297 728 2350 alietuts
777 2296 881 2349 erit
930 2308 959 2346 a
1000 2302 1185 2346 natura
1236 2292 1327 2345 Dei
1364 2310 1376 2345 :
1408 2293 1671 2365 nam,ait,
1719 2292 1943 2361 Spiritus

376 2389 544 2442 omnia
581 2395 860 2443 scrutatur.
893 2384 1041 2437 etiam
1070 2383 1324 2453 profunda
1354 2381 1443 2434 Dei
1475 2381 1580 2454 (Ib.
1613 2398 1660 2437 ι’.
1693 2383 1803 2450 10).
1834 2382 1942 2437 γε.

371 2493 491 2531 rum
522 2476 803 2529 hiereticus
832 2474 979 2537 illud,
1011 2483 1287 2537 scrutatur,
1318 2473 1484 2537 audit,
1518 2487 1732 2527 sensum
1763 2484 1939 2528 autem

374 2580 537 2636 prave
563 2566 864 2635 detorquet.
908 2564 962 2618 Si
989 2564 1130 2617 enim
1163 2571 1361 2626 nosset,
1408 2563 1596 2632 inquit,
1624 2562 1850 2631 Spiritus
1878 2580 1939 2618 ea

374 2673 493 2726 qua:
518 2656 570 2710 in
601 2656 710 2709 Deo
735 2663 883 2718 sunt,
917 2670 1020 2707 non
1051 2654 1230 2722 utique
1255 2661 1619 2707 scrutaretur:
1645 2654 1756 2722 ipsa
1789 2669 1940 2707 nam-

373 2761 478 2815 que
509 2745 859 2813 perscrutatio
907 2743 1259 2810 ignorantiam
1305 2742 1498 2811 arguit.
1540 2741 1595 2796 Si
1627 2758 1756 2812 ergo
1799 2744 1939 2812 quod

373 2834 603 2905 Spiritus
631 2843 845 2887 sanctus
867 2832 1120 2901 profunda
1145 2832 1234 2887 Dei
1258 2842 1543 2898 scrutetur,
1574 2833 1623 2886 id
1652 2834 1764 2902 ejtts
1788 2836 1938 2903 igno-

368 2927 595 2980 rantiam
625 2932 847 2993 arguat;
877 2939 996 2976 cum
1029 2923 1223 2976 videris
1251 2923 1415 2976 Deum
1456 2924 1617 2978 corda
1663 2925 1936 2979 hominum

372 3026 716 3076 scrutantem,
747 3016 916 3083 ipsum
956 3014 1263 3085 ignorantia:
1292 3016 1606 3070 accusabis?
1633 3018 1766 3070 Audi
1796 3019 1936 3072 enim

375 3108 594 3161 Paulum
647 3105 949 3160 dicentem:
981 3116 1037 3159 ut
1084 3105 1151 3159 de
1193 3105 1392 3174 Spiritu
1442 3106 1669 3172 dixerat,
1718 3108 1939 3178 Spiritus

372 3199 541 3251 omnia
584 3206 861 3260 scrutatur,
907 3197 1055 3249 etiam
1095 3195 1350 3264 profunda
1397 3195 1536 3249 Dei:
1565 3197 1644 3251 sic
1684 3199 1840 3251 etiam
1871 3197 1938 3254 de

373 3288 480 3342 Deo
509 3287 956 3356 philosnphatur:
991 3283 1092 3349 Qui
1130 3302 1243 3339 vero
1287 3296 1540 3339 scrutatur
1578 3289 1754 3355 corda,
1801 3290 1938 3342 novit

368 3396 567 3433 sensum
598 3379 823 3448 Spiritus
850 3377 1022 3447 (Rom.
1055 3377 1107 3432 8.
1135 3378 1250 3447 27).
1277 3379 1330 3432 Si
1362 3394 1491 3448 ergo
1526 3381 1661 3434 Deus
1689 3382 1937 3449 ignorans

368 3479 651 3532 scrutatur,
685 3468 840 3522 etiam
870 3456 1098 3536 Spiritus
1140 3477 1407 3522 scrutatur
1435 3470 1705 3538 ignorans.
1735 3471 1932 3528 Verum

370 3568 425 3613 nt
453 3560 613 3623 scias,
647 3560 868 3614 scrutari
902 3577 1004 3612 non
1039 3561 1328 3628 ignorantis
1376 3576 1517 3626 esse,
1566 3562 1660 3617 sed
1704 3564 1820 3632 ejus
1845 3566 1934 3634 qui

368 3654 522 3714 sciat,
566 3652 781 3705 intulit:
813 3651 902 3705 Sic
945 3663 991 3704 et
1016 3669 1128 3719 qua:
1175 3652 1265 3705 Dei
1312 3664 1431 3705 sunt
1462 3671 1605 3706 nemo
1651 3658 1803 3720 novit,
1837 3660 1935 3711 nisi

368 3739 596 3810 Spiritus
622 3741 712 3794 Dei
740 3742 812 3812 (I.
851 3740 968 3796 Cor.
1000 3742 1211 3818 1οη11)
1247 3760 1260 3796 :
1290 3753 1343 3796 et
1382 3745 1740 3813 cognitionem
1768 3747 1933 3816 Spiri-

369 3832 444 3885 tui
471 3832 747 3895 adscribit,
778 3847 883 3885 non
925 3832 1461 3901 comprehensionem
1501 3849 1567 3889 ex
1598 3828 1805 3904 natura,
1836 3838 1931 3892 sed

368 3939 433 3979 es
466 3934 651 3976 natura
670 3924 1048 3991 cognitionem.

434 4015 489 4069 2.
530 4013 711 4082 Itaque
756 4030 822 4068 ne
859 4014 1065 4068 dividas
1120 4013 1496 4069 iudivisibilem
1548 4025 1814 4082 naturam,
1865 4035 1932 4073 ne

366 4107 603 4160 disseccs
647 4104 995 4157 substantiam
1036 4120 1153 4172 qua:
1200 4105 1369 4158 secari
1417 4108 1617 4173 nequit,
1672 4107 1775 4160 imo
1817 4108 1932 4177 ejus

366 4196 655 4266 potentiam
704 4203 949 4248 accnrate
979 4209 1264 4263 cognosce.
1295 4195 1442 4250 Unus
1485 4206 1568 4250 est
1596 4199 1683 4266 qui
1715 4209 1934 4253 vocatur

367 4288 524 4342 Pater
554 4298 605 4340 et
634 4285 799 4341 Filius
825 4297 877 4340 et
903 4285 1131 4354 Spiritm
1158 4297 1390 4340 sanctus.
1422 4288 1493 4341 De
1524 4289 1676 4342 Patre
1705 4304 1932 4359 namque

364 4379 491 4433 dicit
518 4378 682 4432 Filius
708 4394 721 4430 :
753 4375 878 4431 Cum
906 4377 1128 4430 videritis
1160 4376 1348 4431 Filium
1380 4380 1598 4432 hominis
1628 4379 1879 4433 sedentem
1901 4398 1932 4434 a

364 4460 554 4523 dextris
593 4469 790 4522 rirtutis
821 4466 1034 4533 (Matth.
1063 4468 1153 4521 26.
1184 4468 1296 4536 64).
1327 4468 1460 4521 Cum
1495 4470 1740 4524 virtutem
1775 4473 1926 4537 dixit,

363 4563 585 4630 gloriam
618 4561 910 4617 constituit.
934 4569 989 4612 ut
1009 4560 1324 4613 sententiam
1353 4562 1579 4615 mireris.
1604 4562 1932 4631 Quapropter

365 4656 535 4723 ipsum
566 4653 773 4707 Patrem
800 4660 853 4705 et
890 4651 1054 4703 Deum
1083 4665 1281 4703 vocans
1307 4651 1579 4710 virtutem.
1608 4652 1822 4721 Caiphze
1848 4653 1930 4706 di-

361 4744 517 4798 ccbat
547 4760 560 4794 :
594 4741 717 4796 Cum
746 4741 965 4795 videritis
996 4738 1189 4792 Filium
1224 4742 1441 4793 hominis
1466 4742 1719 4796 sedentem
1748 4761 1779 4796 a
1808 4745 1932 4797 deat.

361 4838 453 4889 tris
493 4836 712 4889 virtutis.
746 4834 926 4887 Virtus
975 4849 1101 4900 ergo
1147 4833 1347 4887 Pater:
1383 4834 1550 4887 virtus
1594 4850 1723 4888 vero
1769 4835 1928 4888 etiam

360 4925 549 4986 Filius,
583 4934 640 4978 ut
682 4928 751 4976 ait
782 4924 977 4977 Paulus
1007 4941 1020 4976 :
1054 4920 1279 4977 Christus
1323 4921 1420 4976 Dei
1446 4925 1598 4976 virtus
1627 4934 1674 4976 et
1708 4924 1801 4977 Dei
1840 4942 1929 4978 sa-

361 5016 549 5080 pientia
592 5013 666 5083 (1.
696 5011 817 5067 Cor.
859 5014 910 5066 1.
940 5011 1031 5081 24)
1069 5029 1082 5065 :
1114 5013 1282 5065 virtus
1326 5011 1485 5065 etiam
1532 5013 1763 5078 Spiritus
1808 5028 1933 5067 san-

359 5117 478 5159 ctus
508 5122 522 5158 :
549 5105 674 5158 dicit
701 5105 842 5157 enim
873 5103 1125 5158 Servator
1154 5102 1428 5170 discipulis
1460 5120 1473 5155 :
1506 5103 1712 5156 Manete
1754 5105 1805 5156 in
1841 5103 1932 5157 Je-

357 5197 603 5259 rusalem,
634 5198 790 5249 donec
817 5195 1099 5248 induamini
1118 5195 1294 5248 virtute
1324 5210 1385 5247 ex
1403 5194 1505 5247 alto
1535 5194 1683 5264 (Luc.
1706 5194 1795 5248 2i.
1816 5196 1922 5265 49).

358 5286 493 5345 Cum
521 5303 648 5357 ergo
674 5290 834 5352 scias,
866 5286 1079 5349 dilecte,
1109 5286 1160 5339 in
1194 5285 1347 5340 Patre
1390 5295 1443 5339 et
1473 5285 1607 5340 Filio
1637 5296 1690 5341 et
1731 5286 1930 5355 Spiritu

360 5388 549 5432 sancto
573 5392 754 5448 parem
782 5390 902 5431 esse
929 5377 1198 5438 virtutem,
1234 5376 1388 5429 ﬁdem
1437 5384 1619 5430 teneas
1645 5377 1929 5432 inconcus-

360 5482 477 5521 sam
511 5484 526 5522 :
557 5482 624 5521 ne
664 5466 869 5521 dividas
913 5467 1128 5536 gloriam
1169 5465 1785 5534 incomprehensibilcin,
1837 5467 1929 5520 sed

365 5572 530 5612 nosce
568 5556 815 5625 baptismi
847 5565 999 5625 pacta
1030 5573 1044 5609 :
1074 5558 1253 5625 aspice
1299 5556 1435 5610 ﬁlios
1479 5556 1663 5625 gratiae
1693 5570 1788 5626 per
1814 5568 1929 5610 ma;

362 5664 528 5720 gnum
566 5648 899 5705 sacerdotem
928 5648 1195 5709 ﬂorentes,
1245 5646 1425 5718 aspice
1463 5647 1594 5704 lucis
1623 5646 1758 5703 ﬁlios
1800 5663 1925 5702 cur-

1239 269 1304 325 lN
1346 270 1566 338 ILLUD,
1611 271 1674 326 IN
1713 271 2043 328 PRINClPlO
2080 272 2263 328 ERAT
2306 276 2603 343 VERBUM,
2645 280 2790 337 ETC.

3530 298 3635 354 Mli

2068 394 2246 440 rentes
2275 387 2341 442 ad
2367 403 2642 458 prmcones
2671 392 2803 447 lucis
2837 413 2848 448 :
2882 406 3093 465 oportet
3123 400 3266 454 enim
3298 418 3409 464 eos,
3443 407 3529 472 qui
3561 410 3634 463 ab

2065 476 2453 535 illuminatione
2486 498 2579 536 seu
2613 484 2873 552 baptismo
2913 492 3211 557 regenerati
3239 502 3380 558 sunt,
3411 495 3477 549 ad
3511 499 3631 553 illos

2063 570 2151 638 qui
2181 570 2364 625 orbem
2408 585 2785 641 regenerarunt
2824 582 3395 638 accorrere.liieamus
3440 597 3493 639 et
3537 604 3632 640 nos

2064 674 2183 714 eum
2237 664 2490 732 propheta
2536 677 2589 719 et
2634 670 2888 735 apostolis
2921 687 2934 724 :
2967 672 3178 740 Respice
3214 677 3390 740 oculis,
3437 688 3484 731 et
3524 680 3635 731 vide

2063 752 2197 820 filios
2221 764 2333 807 tuos
2359 768 2719 826 congregatos;
2746 768 2797 814 et
2821 778 3052 823 rursum.
3089 766 3211 821 Vivo
3238 787 3349 841 ego,
3375 771 3505 825 dicit
3531 772 3633 826 Do—

2064 843 2259 907 minus,
2291 851 2408 913 quia
2453 848 2556 902 illis
2606 852 2836 904 onmibus
2879 857 3122 921 vestieris,
3168 862 3297 914 velut
3336 875 3631 917 ornamento

2060 951 2257 1004 sponsa:
2286 936 2435 1002 (Isai.
2470 938 2560 995 60.
2587 940 2641 993 4.
2666 952 2712 993 et
2728 942 2814 996 49.
2842 944 2951 1012 18).
2983 946 3098 1001 Stat
3125 966 3251 1019 ergo
3276 951 3438 1008 Isaias
3467 954 3629 1009 hodie

2060 1024 2335 1091 alloquens
2379 1036 2574 1081 emtum
2626 1030 3063 1102 illnminatorum,
3096 1040 3183 1106 qui
3236 1043 3342 1094 nati
3382 1056 3507 1098 sunt
3557 1062 3624 1100 ex

2060 1115 2254 1183 Spiritu
2275 1128 2476 1184 sancto,
2499 1122 2586 1190 qui
2618 1135 2832 1191 repente
2863 1131 3099 1182 renovati
3124 1141 3267 1195 sunt,
3298 1136 3385 1202 qui
3420 1137 3470 1188 in
3502 1154 3624 1189 mo—

2059 1216 2237 1260 mento
2264 1219 2388 1262 sunt
2420 1215 2776 1280 transmutati,
2806 1216 2944 1284 quia
2978 1228 3188 1274 terreno
3213 1233 3357 1277 statu
3389 1225 3439 1279 in
3468 1228 3626 1282 exele-

2056 1306 2191 1351 stem
2248 1299 2528 1370 imaginem
2576 1304 2847 1360 reformati
2888 1320 3052 1366 sunt:
3084 1324 3304 1382 Stupore
3352 1319 3624 1385 perculsus

2057 1383 2218 1439 Isaias
2248 1388 2375 1442 dicit
2406 1406 2419 1443 :
2455 1390 2577 1455 Quis
2596 1394 2737 1456 vidit,
2770 1396 2883 1464 quis
2909 1401 3098 1453 audivit
3125 1404 3268 1467 talia,
3293 1383 3408 1472 quia
3431 1410 3624 1479 peperit

2055 1485 2188 1530 terra
2229 1480 2366 1545 ﬁlios
2412 1497 2532 1534 suos
2575 1484 2627 1537 in
2668 1486 2748 1539 die
2787 1504 2906 1551 una,
2954 1501 3001 1543 et
3046 1504 3165 1546 nata
3200 1506 3272 1548 est
3307 1514 3429 1567 gens
3469 1501 3620 1555 simul

2054 1567 2205 1636 (Isai.
2239 1571 2326 1626 66.
2350 1572 2459 1638 ’8)?
2485 1574 2641 1628 Velox
2670 1578 2864 1647 quippe
2889 1590 2971 1633 est
2993 1582 3219 1650 Spiritus
3250 1592 3616 1657 regeneratio:

2054 1673 2158 1710 non
2188 1661 2351 1713 servit
2378 1664 2702 1728 temporibus
2734 1682 2828 1720 nec
2857 1673 3308 1738 generationibus,
3341 1679 3432 1732 sed
3460 1681 3618 1735 simul

2050 1755 2209 1816 atque
2235 1750 2345 1802 vult
2374 1753 2608 1806 nascitur
2640 1756 2780 1823 quod
2824 1770 3188 1827 regeneratur.
3218 1765 3450 1821 Decebat
3477 1771 3615 1826 ﬁlios

2051 1835 2183 1891 lucis
2209 1838 2403 1909 ubique
2430 1842 2480 1894 in
2510 1842 2626 1897 foro
2656 1847 2943 1912 praedicare
2975 1834 3039 1905 ἐι
3069 1854 3344 1911 celebrare
3371 1874 3491 1915 eum
3522 1864 3613 1931 qui

2051 1936 2268 1997 pr0pter
2293 1930 2437 1999 ipsos
2462 1933 2756 1999 descendit,
2791 1949 2843 1990 ut
2871 1947 3038 1994 totum
3067 1946 3248 2000 orbem
3278 1963 3488 2005 sursum
3520 1954 3610 2008 de‘

2049 2016 2228 2072 ducat.
2262 2020 2505 2077 Christus
2545 2025 2821 2080 descendit
2845 2029 2913 2084 de
2955 2033 3102 2088 caelis
3131 2052 3146 2088 :
3179 2035 3470 2104 descendit,
3507 2060 3610 2097 non

2048 2104 2330 2163 discedens
2380 2110 2447 2165 de.
2499 2113 2677 2179 cmlis;
2735 2119 2993 2183 ascendit,
3048 2138 3152 2176 non
3207 2125 3488 2184 discedens
3541 2133 3609 2187 de

2051 2205 2209 2251 terra.
2238 2199 2419 2269 Neque
2445 2203 2586 2256 enim
2631 2221 2750 2259 cum
2791 2207 3087 2279 descendit,
3131 2216 3294 2269 cmlos
3328 2234 3388 2273 se
3415 2235 3610 2277 vacuos

2048 2287 2294 2356 reliquit;
2328 2307 2499 2360 neque
2530 2309 2650 2347 cum
2692 2298 2954 2363 ascendit,
3000 2310 3193 2358 terram
3224 2308 3609 2377 gubernatione

2046 2392 2139 2430 sua
2166 2379 2468 2434 destitutam
2503 2385 2732 2454 reliquit.
2762 2388 2991 2443 Decebat
3016 2392 3151 2447 ﬁlios
3180 2396 3311 2451 lucis
3341 2400 3606 2457 lucernam

2046 2468 2191 2521 verbi
2237 2470 2288 2522 in
2328 2469 2443 2525 foro
2486 2474 2681 2543 ubique
2729 2478 3074 2536 circumferre
3109 2491 3461 2557 :mysterium
3505 2510 3610 2549 non

2046 2561 2367 2614 contumelia
2420 2563 2771 2633 afﬁciebatur,
2826 2567 3105 2628 character
3142 2579 3380 2633 veritatis
3426 2599 3612 2641 recens

2046 2648 2461 2705 illuminatorum
2522 2670 2625 2706 non
2695 2656 3166 2718 dehonestabatur.
3226 2667 3459 2724 Decebat
3519 2690 3613 2729 eos

2044 2755 2253 2810 quoque
2275 2742 2324 2795 in
2358 2744 2545 2812 plateis
2569 2756 2785 2801 cantare
2813 2767 2824 2801 :
2857 2749 3123 2819 Sapientia
3144 2757 3285 2811 enim
3315 2760 3366 2813 in
3397 2763 3613 2819 exitibus

2045 2833 2365 2902 praedicatur,
2397 2846 2444 2889 et
2468 2837 2518 2889 in
2542 2838 2723 2908 plateis
2752 2840 2966 2908 ﬁdenter
2992 2846 3096 2916 agit
3119 2846 3300 2915 (Prov.
3343 2854 3362 2906 l
3419 2852 3533 2925 20),
3561 2858 3611 2911 in

2043 2926 2265 2977 sununis
2292 2928 2456 2980 inuris
2486 2930 2823 2998 prmdicatur.
2870 2934 3166 3005 Purgemus
3202 2955 3404 3008 aerem,
3446 2963 3604 3016 quem

2044 3016 2321 3070 cantilenae
2352 3020 2668 3073 meretricia:
2710 3021 3072 3092 inquinaruut,
3119 3044 3277 3096 quem
3310 3032 3611 3093 iniecerunt

2042 3105 2167 3158 olim
2199 3107 2477 3175 impiorum
2501 3109 2786 3173 clamores,
2817 3121 2869 3164 et
2892 3113 3121 3168 ululatus
3150 3133 3332 3172 eorum
3353 3123 3440 3190 qui
3470 3124 3610 3180 fteda

2042 3198 2342 3251 daemonum
2386 3200 2635 3270 mysteria
2684 3200 3047 3257 celebrabant.
3100 3205 3271 3261 Verbo
3318 3211 3450 3265 lucis
3493 3230 3607 3278 aer,

2043 3295 2202 3349 terra,
2259 3279 2444 3341 caelum
2495 3299 2713 3357 purgata
2765 3299 2910 3343 sunt.
2961 3291 3415 3359 Quemadmodum
3464 3304 3605 3357 enim

2041 3378 2228 3431 caelum
2257 3388 2309 3431 et
2338 3389 2476 3432 terra
2500 3378 2567 3433 de
2593 3379 2788 3433 malitia
2820 3381 3101 3448 impiomm
3129 3386 3497 3455 ingemiscant,
3527 3396 3605 3448 sic

2041 3467 2289 3521 lrelantur
2314 3467 2379 3522 de
2407 3468 2607 3537 iustitia
2638 3470 2920 3539 probormn
2947 3490 3098 3529 :cum
3127 3478 3267 3532 enim
3298 3480 3457 3534 homo
3485 3498 3607 3551 pec-

2038 3568 2144 3620 cat.
2177 3560 2477 3627 indignatur
2502 3562 2710 3622 caelum.
2745 3563 3046 3634 indignatur
3074 3580 3232 3633 terra,
3265 3583 3315 3626 ιιι
3353 3574 3428 3625 ait
3455 3574 3608 3630 lere-

2039 3650 2173 3703 mias
2206 3668 2218 3702 :
2254 3650 2521 3719 Obstupuit
2547 3653 2723 3705 caelum
2758 3671 2910 3723 super
2949 3657 3064 3717 hoc,
3099 3668 3146 3711 et
3172 3660 3422 3715 inhorruit
3450 3676 3602 3728 terra,
3672 3658 3675 3661 ’

2038 3747 2158 3814 quia
2193 3746 2291 3798 duo
2323 3747 2457 3799 mala
2495 3748 2614 3814 fecit
2640 3751 2860 3816 populus
2891 3749 3025 3819 (Jcr.
3065 3752 3120 3805 2.
3152 3753 3238 3807 12.
3278 3755 3387 3825 15).
3419 3756 3605 3813 Viden'

2037 3837 2304 3905 quomodo
2342 3838 2683 3891 exhorrescat
2724 3839 2909 3893 cadum
2959 3850 3013 3894 et
3062 3852 3227 3909 terra,
3259 3849 3604 3913 peccantibus

2039 3926 2376 3981 hominibus?
2403 3926 2533 3979 Cum
2580 3936 2757 3981 autem
2802 3926 2869 3982 ad
2899 3928 3147 3997 pietatem
3191 3948 3599 4006 conuertuntur,

2036 4016 2155 4070 andi
2185 4017 2495 4085 prophetam
2527 4016 2792 4071 dicentem
2823 4035 2837 4070 :
2872 4017 3128 4075 Ltetentur
3156 4022 3270 4077 caeli
3297 4035 3346 4077 et
3384 4030 3598 4084 exsultet

2038 4118 2171 4161 terra
2193 4125 2212 4161 :
2232 4118 2495 4176 erumpant
2522 4117 2712 4161 montes
2741 4109 2792 4161 in
2818 4110 3061 4171 lanitium,
3097 4122 3142 4164 et
3173 4114 3326 4169 colles
3339 4118 3406 4170 .in
3431 4120 3605 4172 exsul-

2039 4200 2295 4259 tationem,
2315 4198 2433 4267 quia
2450 4198 2678 4250 misertus
2694 4206 2767 4250 est
2788 4196 3030 4252 Dominus
3043 4202 3220 4269 populi
3243 4206 3324 4256 sui
3341 4206 3357 4274 (
3367 4204 3487 4258 lsai.
3507 4208 3597 4265 49.

2040 4288 2149 4356 15).
2180 4287 2330 4341 Dicat
2371 4294 2426 4339 et
2456 4285 2696 4339 Ecclesia
2728 4303 2845 4354 qua!
2889 4296 3038 4341 tanto
3079 4301 3221 4345 cmtu
3262 4293 3417 4348 lloret
3448 4314 3461 4348 :
3496 4297 3604 4364 ligo

2038 4376 2302 4445 quondam
2344 4376 2526 4430 relicta
2572 4391 2688 4428 sum
2731 4376 2882 4440 sola;
2912 4376 2967 4431 hi
2994 4393 3123 4434 vero
3152 4381 3256 4434 mei
3290 4383 3375 4434 tibi
3405 4388 3604 4438 erant?

2036 4483 2135 4537 ego
2162 4468 2363 4535 absque
2391 4467 2571 4521 liberis
2609 4477 2663 4521 et
2690 4466 2846 4524 vidua
2873 4483 2887 4530 ;
2924 4469 3016 4526 ltus
3040 4487 3168 4527 vero
3197 4474 3314 4541 quis
3353 4476 3480 4529 mihi
3509 4495 3603 4543 ge-

2041 4560 2188 4613 nuit?
2215 4559 2396 4612 Dicant
2424 4568 2477 4609 et
2509 4558 2599 4611 ﬁlii
2627 4558 2877 4612 Ecclesia:
2906 4562 2995 4629 qui
3025 4563 3360 4618 multitudine
3401 4566 3599 4620 rednn-

2036 4652 2199 4715 dunt,
2247 4651 2624 4718 prophetarum
2663 4664 2793 4703 voce
2841 4650 2951 4705 Deo
2996 4653 3277 4720 loquentes
3307 4674 3318 4707 :
3345 4656 3623 4725 Angustus.

2036 4744 2159 4796 mihi
2191 4743 2329 4793 locus
2354 4758 2372 4795 :
2399 4742 2480 4810 {ac
2507 4741 2627 4793 mihi
2659 4741 2821 4793 locum
2849 4752 2903 4793 ut
2945 4743 3161 4796 habitem
3196 4743 3354 4803 (Ibid.
3398 4762 3445 4800 υ.
3483 4747 3596 4815 20).

2113 4831 2349 4884 Ilwretiri
2372 4830 2566 4899 pridem
2587 4830 2903 4883 dominantes
2926 4846 2989 4885 ea:
3013 4833 3209 4885 civitate
3231 4835 3394 4903 ejecti.
3415 4835 3603 4891 Contra

2036 4921 2322 4974 Arioniaeos.
2351 4948 2423 4961 -—
2448 4920 2577 4973 Cum
2609 4920 2749 4972 enim
2780 4920 2990 4974 ﬂoreret
3022 4922 3282 4989 impietas,
3317 4942 3439 4981 cum
3468 4929 3602 4982 lianc

2039 5013 2223 5066 urbem
2256 5012 2557 5064 devastaret
2602 5010 2849 5074 hzrresis,
2877 5012 3140 5082 absumpti
3171 5026 3323 5069 erant
3357 5019 3603 5073 Ecclesia:

2039 5104 2128 5157 filii
2159 5118 2257 5156 :ac
2282 5104 2414 5156 sicut
2441 5103 2639 5154 locusta
2680 5104 3193 5169 terraminvadens,
3236 5106 3352 5176 ejus
3397 5108 3600 5165 fructus

2036 5194 2300 5248 consumit
2335 5210 2349 5246 :
2380 5192 2457 5245 sic
2490 5191 2791 5259 perniciosa
2821 5193 2908 5245 illa
2938 5194 3181 5249 doctrina
3218 5196 3421 5254 fructus
3464 5216 3601 5254 verae

2037 5285 2290 5337 doctrinm
2332 5291 2385 5337 et
2424 5283 2636 5352 pietatis
2679 5286 3033 5351 consumpsit.
3065 5284 3263 5341 Verum
3307 5288 3484 5354 hodie,
3518 5291 3603 5344 di-

2038 5372 2180 5437 lecti,
2208 5374 2373 5442 ejecta
2418 5382 2500 5427 est
2545 5373 2793 5441 pestifera
2842 5374 2932 5427 illa
2963 5375 3227 5436 doctrina.
3271 5388 3323 5431 et
3364 5380 3599 5448 ingressa

2036 5474 2119 5520 est
2157 5464 2404 5517 salutaris
2444 5465 2633 5533 gratia,
2662 5480 2779 5533 qua!
2808 5467 3058 5534 populum
3109 5478 3391 5536 regenerat
3435 5480 3489 5524 et
3528 5472 3606 5526 sic

2036 5553 2369 5625 alloquitur:
2424 5553 2577 5607 Nunc
2606 5552 2881 5607 retribuam
2929 5572 3020 5624 pro
3068 5556 3440 5631 fmiibus,qttos
3486 5577 3604 5614 cons

2038 5647 2260 5714 sumpsit
2288 5662 2437 5701 eruca
2464 5654 2509 5700 et
2537 5646 2728 5699 locusta
2752 5656 2800 5701 et
2824 5649 3002 5720 rubigo
3048 5647 3203 5720 (Joel.
3229 5648 3285 5702 ἓ.
3324 5649 3440 5717 25).
3472 5649 3608 5717 Quid
