4092 6206
487 259 590 316 ΕΠ

486 373 788 433 contendis.
822 371 1090 433 liazrctice,
1125 383 1250 423 cum
1288 364 1492 422 Judaeis
1538 363 1764 435 gloriam
1796 360 2065 431 Unigeniti

486 465 800 524 occultare?
841 465 920 518 llli
955 460 1411 518 resurrectionem
1441 465 1698 526 quantum
1723 457 1773 508 in
1815 454 1944 523 ipsis
1970 453 2069 506 fuit

487 560 824 615 occultarunt
850 574 861 608 :
895 567 947 607 tu
977 553 1310 607 divinitatem
1341 559 1596 618 quantum
1630 559 1781 617 potes
1807 546 2064 600 occultas.

489 658 557 705 At
598 665 773 718 neque
805 646 879 699 illi
915 646 1194 699 veritatem
1244 643 1344 696 sibi
1377 640 1647 694 vindicare
1693 648 1933 708 possunt,
1970 652 2066 689 ne-

486 758 593 811 que
623 752 677 793 tu
724 738 974 808 pietatem
1026 746 1356 803 perspectam
1402 731 1588 785 habes.
1623 730 1757 783 Audi
1789 745 1916 798 ergo
1948 744 2069 796 pro-

492 837 706 900 phetam
737 829 1004 882 dicentem
1036 843 1048 876 :
1086 825 1295 893 Operuit
1324 825 1474 876 rte/os
1502 823 1659 874 virtus
1687 822 1816 892 ejus,
1845 830 1890 873 et
1918 818 2070 873 laude

490 923 603 991 ejus
630 920 781 991 plena
808 928 879 972 est
906 930 1040 972 terra
1090 916 1315 987 (Ilubuc.
1343 916 1399 969 5.
1429 916 1509 981 5).
1552 914 1753 977 Laude,
1786 930 1892 966 non
1922 927 2071 964 corii-

494 1012 889 1082 prehensione;
942 1009 1082 1072 tide,
1140 1023 1245 1060 non
1310 1006 1768 1075 perscrutatione;
1823 1003 2046 1056 caritate

491 1119 595 1160 non
630 1101 1036 1171 perquisitione.
1061 1099 1175 1152 Non
1201 1098 1265 1150 ad
1296 1094 1726 1166 perquirendnm,
1751 1096 1844 1149 sed
1866 1094 1931 1147 ad
1953 1108 2068 1150 αισθ-

490 1194 722 1248 dendtnu
777 1192 1004 1245 instituti
1056 1204 1298 1243 sumus:
1346 1189 1627 1243 credentes
1684 1188 2060 1254 illuminamur,

494 1303 596 1339 non
637 1285 849 1339 curiose
890 1284 1262 1352 perquirentes
1325 1279 1676 1349 baptizamur.
1718 1279 1793 1333 Ne
1834 1287 1884 1331 te
1923 1281 2068 1331 deci-

498 1381 642 1445 piant
664 1388 835 1432 cmtus
854 1376 1227 1429 haereticorum
1254 1391 1265 1425 :
1290 1372 1609 1440 baptismum
1626 1372 1820 1441 quippe
1851 1370 2068 1433 habent,

497 1469 589 1522 sed
637 1483 741 1520 non
793 1466 1288 1527 illuminationein;
1340 1472 1394 1515 et
1444 1463 1780 1532 baptizantur
1822 1476 2067 1527 corpOre,

492 1559 587 1612 sed
625 1558 800 1611 anima
829 1573 934 1611 non
968 1557 1358 1609 illutninantttr.
1389 1554 1539 1609 Sicut
1577 1555 1718 1607 enim
1765 1554 1947 1607 Simon
1982 1555 2074 1606 ba-

494 1651 740 1718 ptiZatus,
776 1665 880 1702 non
915 1649 1247 1701 illuminatns
1275 1657 1377 1711 est,
1417 1660 1468 1701 et
1504 1648 1587 1701 isti
1632 1649 1743 1718 pari
1790 1648 1950 1700 modo
1977 1647 2072 1701 dc-

496 1741 921 1811 prehenduntur.
967 1741 1253 1794 Exsultcnt
1278 1756 1406 1808 ergo
1436 1740 1658 1808 Spiritus
1682 1741 2068 1808 apostolorum,

492 1834 582 1903 qui
609 1833 872 1902 Spiritttali
901 1848 1099 1901 sagena
1136 1842 1339 1884 tantum
1369 1832 1507 1884 hunc.
1538 1833 1789 1901 populum
1819 1840 2075 1900 ceperunt

495 1943 590 1993 per
618 1924 871 1995 Spiritum
917 1938 1182 1978 sanctum.
1216 1923 1367 1977 Nunc
1417 1925 1633 1992 impleta
1680 1935 1763 1978 est
1808 1925 1859 1977 in
1905 1925 2073 1977 oculis

500 2018 697 2072 nostris
747 2016 1061 2087 prephetica
1113 2032 1258 2070 vox:
1294 2014 1359 2068 In
1404 2018 1690 2069 novissimis
1731 2017 1923 2080 diebus,
1953 2018 2074 2071 dicit

496 2106 655 2173 Deus,
686 2124 786 2160 non
837 2108 972 2160 ultra
1018 2107 1206 2168 dicent.
1243 2105 1373 2159 Ecce
1415 2124 1537 2159 arca
1590 2110 1870 2161 testamenti
1913 2109 2075 2161 sancti

494 2199 697 2263 Israel;
741 2201 792 2253 id
836 2210 950 2263 est,
979 2200 1154 2253 cultus
1204 2198 1491 2269 antiquus;
1545 2215 1704 2268 neque
1745 2199 1975 2252 ascendet
2021 2199 2073 2252 in

495 2309 583 2345 cor
608 2308 782 2345 eorum
826 2300 1172 2344 testamentum
1201 2306 1332 2343 arca:
1373 2289 1588 2361 (Jerem.
1617 2291 1671 2343 5.
1707 2290 1817 2360 16).
1860 2289 2074 2356 Quare?

494 2378 631 2444 Quia
648 2397 760 2434 ecce
775 2399 865 2450 ego
884 2383 1089 2436 mittam
1104 2382 1292 2436 multos
1308 2392 1577 2436 venatores
1594 2391 1641 2435 et
1661 2386 1944 2454 piscatores
1963 2384 2071 2456 (le-

494 2470 724 2523 rem.16.
745 2469 1301 2540 l6).Circumscripsit
1328 2487 1506 2525 arcam
1535 2472 1681 2526 illam
1712 2484 1950 2528 veterem
1966 2475 2067 2544 (a),

495 2574 549 2620 et
588 2564 794 2619 induxit
819 2580 994 2619 arcam
1027 2565 1282 2620 Ecclesiae
1302 2580 1422 2634 qua:
1448 2580 1738 2634 numquam
1769 2563 1927 2635 perit.
1956 2564 2077 2618 Mit-

495 2671 597 2712 tunt
624 2659 807 2713 multos
835 2668 1093 2712 venatores
1121 2667 1168 2711 et
1200 2658 1498 2726 piscatores.
1527 2658 1572 2711 0
1601 2672 1791 2711 novam
1827 2657 2076 2726 piscatio-

499 2749 771 2819 nemlqui
818 2748 932 2803 beri
980 2757 1167 2816 captus
1211 2758 1313 2808 cst.
1361 2747 1517 2801 hodie
1559 2749 1835 2818 piscatur:
1873 2747 2073 2815 repleta

499 2840 641 2894 enim
666 2846 748 2894 est
774 2848 911 2893 terra
938 2838 1104 2909 gloria
1135 2838 1357 2903 Christi,
1387 2848 1442 2893 et
1470 2840 1667 2908 impleti
1698 2849 1822 2892 sntit
1857 2840 1959 2893 [ide
1986 2856 2074 2894 or-

504 2931 587 2986 bis
619 2933 772 2988 lines.
806 2931 884 2986 Ne
908 2933 1083 2999 itaque
1113 2942 1330 3000 propter
1356 2932 1533 2986 carnis
1560 2933 1916 2987 (Bcnnnmiam
1947 2948 2077 2987 con-

507 3022 744 3076 tmncliis
772 3021 974 3074 al'licias
1020 3021 1353 3090 dignitatem.
1382 3022 1423 3075 Α
1465 3020 1666 3076 Judmis
1694 3024 1821 3076 exiit
1868 3038 2071 3088 rumor,

504 3113 772 3167 venditain
810 3111 974 3167 fuisse
1005 3112 1478 3175 resurrectionem,
1506 3122 1560 3167 et
1591 3113 1726 3166 fama
1752 3113 2073 3182 percrebuit,

502 3204 794 3272 discipulos
825 3205 971 3257 illum
1010 3202 1216 3258 furatos
1242 3219 1384 3260 esse.
1417 3204 1490 3258 llli
1527 3216 1713 3260 contra
1738 3222 1934 3274 corpus
1961 3206 2075 3274 ejus

496 3294 816 3350 sententiam
859 3296 1048 3348 mortis
1076 3296 1333 3359 tulerunt,
1383 3297 1433 3350 hi
1466 3298 1786 3366 theologiam
1819 3301 1937 3367 ejus
1980 3315 2075 3368 pro

497 3386 638 3443 virili
667 3388 1004 3442 annuntiant.
1034 3387 1232 3441 Verum
1266 3390 1480 3443 illorum
1525 3406 1687 3458 opera
1718 3408 1873 3445 error
1916 3392 2076 3448 hodie

498 3477 845 3541 ditl'unditur;
873 3478 940 3531 ab
967 3478 1204 3532 Ecclesia
1234 3494 1363 3533 vero
1384 3481 1487 3533 vita
1511 3491 1706 3535 aeterna
1735 3482 2072 3551 praedicatur.

500 3570 586 3636 Et,
615 3571 658 3623 si
689 3571 790 3634 vis,
823 3569 991 3624 habes
1034 3578 1267 3623 veterem
1311 3571 1590 3640 imaginem
1624 3593 1636 3626 :
1671 3582 1728 3626 ut
1767 3574 1905 3627 cnim
1954 3590 2075 3628 cum

498 3659 719 3729 Iosephi
754 3661 948 3715 fratres
990 3662 1086 3728 ipsi
1125 3660 1357 3713 insidiati
1399 3669 1542 3725 sunt,
1572 3663 1738 3717 JaCob
1762 3673 1815 3718 et
1841 3664 1955 3732 ejus
1994 3665 2075 3719 fa-

502 3752 647 3805 milia
695 3752 865 3822 ipsmn
897 3754 1049 3806 valde
1080 3752 1289 3821 lugebat
1317 3770 1331 3816 ;
1376 3755 1467 3808 sed
1512 3755 1775 3826 Egyptns
1802 3758 1949 3811 illum
1979 3758 2073 3810 ha-

503 3842 663 3898 bebat
691 3844 952 3897 viventem
976 3859 1037 3898 ac
1066 3855 1380 3914 regnantem
1408 3864 1420 3899 :
1453 3847 1537 3901 hic
1565 3849 1703 3918 apud
1732 3850 1992 3905 Jacobum
2021 3862 2078 3907 ut

501 3943 742 3986 mortuus
773 3934 1088 4002 lugebatur;
1144 3937 1194 3988 in
1222 3935 1458 4007 Egypto
1496 3948 1673 3992 autem
1703 3941 1852 3996 vivus
1881 3959 2077 4013 regna-

502 4025 592 4078 bat
622 4042 636 4077 :
666 4025 744 4077 sic
771 4035 823 4077 et
852 4041 992 4079 nunc
1021 4027 1160 4095 apud
1186 4028 1400 4081 inda-os
1427 4039 1482 4084 et
1528 4030 1767 4087 furentes
1799 4036 2077 4089 ilil'l‘CliCtlS

506 4125 747 4169 mortuus
774 4115 864 4169 ilfe
897 4128 1139 4185 putatur:
1174 4120 1495 4191 theologiam
1529 4125 1668 4178 enim
1699 4126 1965 4194 perimunt
1986 4128 2074 4197 qui

504 4206 659 4259 [idem
686 4206 880 4259 tollunt
904 4217 958 4261 et
978 4212 1303 4276 quaestiones
1328 4224 1541 4266 movent
1565 4231 1579 4279 ;
1610 4216 1748 4284 apud
1774 4233 1869 4270 nos
1897 4230 2073 4272 autent

505 4306 692 4367 regnat
720 4299 891 4361 vivus,
921 4308 976 4353 et
1018 4309 1074 4352 ut
1103 4301 1257 4354 decet
1295 4304 1569 4357 aduratur.
1602 4308 1669 4359 At
1697 4322 1821 4361 vere
1866 4310 2073 4363 lirtnum

503 4388 840 4459 validumque
886 4400 968 4443 est
1018 4391 1107 4445 Dei
1160 4395 1409 4460 verbum,
1470 4398 1662 4451 invicta
1712 4404 2073 4468 apostolorum

505 4481 772 4535 doctrina.
803 4482 986 4550 Itaque
1027 4498 1131 4535 non
1163 4483 1358 4538 frustra
1402 4488 1601 4541 laborat
1634 4489 1777 4543 Pauh
1811 4507 1909 4544 vox
1939 4493 2076 4546 veri-

502 4580 625 4626 tatis
651 4587 864 4626 causam
910 4587 1094 4641 agens.
1143 4575 1273 4644 Age,
1309 4576 1462 4632 beate
1510 4581 1692 4645 Paule,
1729 4598 1823 4650 pro
1854 4585 2101 4640 veritate-

500 4664 817 4726 concitatus,
850 4664 1130 4735 indignare
1173 4681 1271 4735 pro
1303 4668 1428 4735 lide,
1474 4672 1745 4739 iratnsiiue
1772 4674 1858 4727 dic
1903 4675 2046 4729 hare

501 4756 623 4809 ticis
650 4772 663 4809 :
705 4754 982 4811 Uudenam
1019 4757 1357 4813 Aristotclica
1389 4762 1561 4816 cdocti
1592 4764 1761 4817 estis?
1790 4766 1909 4834 quis
1955 4767 2074 4820 Pia-

503 4854 681 4898 tonem
702 4847 999 4916 Evangeliis
1023 4850 1292 4917 praetulit?
1322 4853 1439 4919 quis
1466 4854 1585 4907 lidei
1618 4856 2071 4925 pra-tliczztiouein,

495 4937 674 5007 ejccit,
706 4949 760 4992 et
803 4940 1128 4995 incredulam
1158 4946 1507 5013 qumstioncm
1552 4946 1805 5001 induxit?
1854 4950 2070 5005 ubinam

497 5032 653 5097 illud,
673 5034 920 5101 ingenitus
937 5044 986 5088 et
1007 5036 1226 5105 genitus,
1244 5035 1509 5090 didicisti?
1538 5038 1816 5109 Reliquisti
1838 5042 2070 5110 Patrem,

497 5122 745 5191 respuisti
791 5121 903 5177 Filii
938 5142 1156 5193 nomen,
1187 5127 1456 5196 indignam
1504 5133 1695 5199 putasti
1724 5132 1956 5199 Spiritus
1988 5136 2073 5187 di-

497 5212 778 5282 gnitatem,
804 5212 868 5267 ad
901 5214 1130 5270 htnnana
1162 5219 1322 5272 verba
1353 5229 1404 5273 te
1429 5223 1718 5275 convertis.
1744 5224 1916 5280 Probe
1939 5226 2072 5282 dixit

494 5302 777 5367 Jeretnias,
809 5302 968 5358 Periit
995 5308 1120 5374 [ides
1148 5326 1211 5362 ea;
1235 5326 1322 5363 ore
1346 5328 1521 5364 eorum
1553 5310 1683 5383 (Jer.
1709 5314 1759 5367 7.
1788 5316 1903 5372 28).
1934 5319 2071 5383 Quid

494 5394 629 5448 dixit
656 5393 844 5449 Petrus
874 5406 928 5451 et
958 5397 1147 5452 beatus
1172 5400 1488 5468 praedicatus
1507 5405 1624 5458 est?
1664 5404 1742 5458 Tu
1769 5424 1820 5461 es
1841 5406 2074 5464 Christus

495 5482 663 5537 Filius
691 5483 785 5540 Dei
829 5483 1046 5558 (Matth.
1089 5490 1177 5544 16.
1208 5490 1321 5561 16).
1353 5491 1470 5547 Non
1499 5494 1655 5560 dixit,
1685 5497 1765 5551 Tu
1793 5513 1853 5555 es
1895 5502 2073 5571 proles

494 5574 752 5646 ingeniti;
801 5577 922 5643 sed,
958 5579 1034 5634 I‘u
1072 5598 1125 5637 es
1153 5582 1380 5640 Christus
1425 5585 1598 5642 Filius
1645 5590 1760 5647 Dei.
1789 5592 1921 5650 Cum
1969 5594 2076 5668 ipsi

556 5668 629 5731 (a)
658 5668 706 5718 id
733 5678 828 5732 est,
851 5683 918 5720 ne
941 5670 1064 5724 ultra
1087 5682 1438 5730 monstraretur
1460 5680 1638 5732 eli'ccu.

1964 235 2195 292 DUBIA.

3644 260 3747 315 548

2177 352 2338 409 Pater
2367 355 2684 425 sapientiam
2729 360 3009 425 revelavit,
3042 378 3220 421 annon
3267 367 3409 424 illam
3437 385 3633 441 capere
3663 391 3757 445 po-

2174 446 2314 500 tuit?
2354 462 2533 502 annon
2568 462 2780 518 poterat
2809 454 3056 511 Christus
3102 463 3359 528 apostolis
3403 463 3606 532 dicere,
3632 484 3754 524 cum

2175 538 2293 593 illos
2318 543 2477 607 jttSsit
2501 541 2795 612 baptizare,
2827 546 3029 604 Euntes
3055 551 3317 622 baptizate
3343 568 3534 626 gentes
3579 561 3631 614 in
3662 578 3758 616 no-

2176 632 2317 685 mine
2343 633 2509 702 geniti
2539 644 2594 689 et
2625 637 2841 707 ingeniti
2862 641 2884 693 ?
2908 640 3015 695 Sed
3033 647 3378 715 mysticarum
3408 651 3751 707 traditionem

2175 723 2468 791 sapientius
2492 742 2684 782 nomen
2711 730 2930 784 invenit.
2956 733 3138 791 Divina
3158 737 3575 806 circumscribis,
3598 744 3754 799 ﬁdem

2177 814 2334 877 tollis,
2370 826 2420 869 ct
2448 820 2798 885 qumstionem
2832 822 3062 878 inducis.
3096 825 3200 880 Sed
3243 829 3389 891 time,
3421 846 3455 881 o
3505 833 3753 890 inimice:

2174 904 2365 959 Petrus
2389 909 2568 963 claves
2597 920 2740 966 tenet
2767 931 2779 966 :
2813 915 2934 982 quia
2967 916 3110 970 enim
3142 918 3295 979 dixit,
3339 920 3418 975 Tu
3447 941 3499 977 es
3526 925 3757 981 Christus

2176 994 2345 1050 Filius
2369 997 2482 1059 Dei,
2507 1002 2684 1056 claves
2712 1006 2940 1073 accepit.
2961 1006 3107 1074 Quos
3135 1010 3323 1065 viderit
3347 1013 3538 1068 Petrus
3561 1017 3754 1072 Filium

2173 1087 2433 1154 dicentes,
2468 1092 2532 1145 iis
2580 1104 2786 1162 portam
2822 1098 2968 1164 regni
3019 1100 3191 1169 aperit
3221 1118 3235 1157 :
3263 1115 3526 1174 quotquot
3576 1120 3753 1164 autem

2175 1183 2368 1236 viderit
2398 1184 2569 1253 ipsum
2608 1204 2719 1241 rem
2747 1204 2870 1242 esse
2900 1205 3137 1245 creatam
3160 1192 3399 1249 dicentes
3426 1209 3479 1252 et
3508 1199 3756 1271 blasphe-

2176 1284 2406 1341 mantes,
2433 1279 2496 1331 iis
2526 1291 2731 1347 portam
2754 1282 3008 1337 Ecclesiae
3031 1285 3281 1339 occludit.
3303 1287 3417 1341 Non
3444 1292 3592 1358 prius
3611 1294 3753 1348 enim

2175 1367 2354 1422 claves
2381 1372 2606 1439 accepit,
2623 1388 2781 1441 quam
2806 1373 3025 1434 diceret.
3044 1375 3116 1428 Tu
3134 1393 3186 1430 es
3207 1376 3372 1432 Filius
3395 1380 3525 1436 Dei:
3558 1395 3681 1440 tunc
3702 1398 3756 1440 et

2177 1458 2264 1511 illc
2282 1460 2427 1513 audit
2446 1461 2513 1513 ab
2544 1463 2660 1531 ipso
2686 1462 2905 1518 :Bealus
2931 1482 3003 1531 es,
3031 1467 3209 1521 Simon
3232 1469 3453 1541 Barjonn
3476 1490 3494 1527 :
3520 1476 3607 1529 tibi
3624 1479 3755 1532 dabo

2174 1548 2337 1604 claves
2367 1554 2511 1621 regni
2535 1554 2777 1608 (telorum
2808 1556 3025 1632 Matth.
3060 1562 3145 1617 16.
3180 1565 3287 1634 i7).
3312 1566 3433 1619 Post
3456 1570 3754 1625 confessio-

2176 1659 2294 1695 nem
2319 1655 2580 1711 potestas;
2612 1660 2731 1714 post
2752 1648 2907 1704 [idem
2933 1652 3160 1707 traditur
3175 1655 3410 1712 Ecclesia
3430 1670 3477 1713 et
3502 1677 3750 1731 regnum.

2245 1734 2299 1788 5.
2330 1734 2527 1790 Verum
2576 1739 2666 1792 alii
2698 1751 2882 1795 contra
2918 1742 3111 1798 Filium
3157 1758 3418 1817 pugnant,
3449 1753 3537 1805 alii
3566 1767 3752 1809 contra

2175 1824 2433 1896 Spiritum
2486 1841 2730 1884 sanctum
2798 1836 2967 1888 aciem
3023 1838 3312 1894 instruunt.
3363 1841 3557 1898 Verum
3620 1850 3753 1902 nihil

2178 1919 2393 1987 prodest
2419 1922 2559 1989 qttnd
2606 1923 2877 1978 Christum
2920 1930 3306 1996 conﬁteantur,
3338 1935 3462 1988 dum
3494 1938 3752 2007 Spiritum

2176 2022 2417 2066 smtctnm
2448 2024 2641 2092 negant
2673 2032 2683 2065 :
2719 2015 2855 2070 sicut
2884 2018 3014 2074 nihil
3062 2022 3281 2091 prodest
3321 2026 3385 2078 iis
3421 2030 3510 2096 qui
3543 2031 3753 2088 Patrem

2176 2100 2519 2165 conﬁtentur,
2552 2118 2601 2157 et
2636 2106 2834 2160 Filium
2868 2120 3083 2179 negant.
3113 2113 3242 2168 Nam
3266 2128 3317 2170 et
3344 2117 3509 2173 Judaei
3539 2121 3754 2178 Patrem

2175 2193 2515 2254 conﬁtentur,
2544 2199 2631 2262 qui
2680 2210 2876 2268 negant
2907 2199 3123 2270 Filium,
3154 2222 3325 2273 neque
3357 2209 3553 2266 habent
3590 2217 3753 2271 vitam

2176 2294 2451 2338 aeternam.
2483 2288 2580 2354 Qui
2606 2289 2799 2345 Christi
2831 2293 3052 2362 gloriam
3081 2297 3328 2366 deSpicit,
3369 2320 3471 2359 non
3503 2322 3756 2379 accepta-
3828 2334 3843 2347 -

2178 2374 2303 2430 bilis
2345 2387 2427 2431 est
2456 2381 2596 2448 apud
2641 2382 2876 2438 Patrem.
2927 2389 3160 2443 Attende
3189 2392 3494 2463 diligenter.
3537 2374 3669 2455 Nam
3698 2414 3759 2458 et

2175 2470 2328 2521 amici
2361 2468 2482 2524 Jobi
2510 2488 2631 2525 cum
2670 2475 2776 2527 Deo
2824 2482 3234 2551 conveniebant,
3277 2486 3369 2539 sed
3399 2486 3590 2543 Jobutn
3617 2508 3750 2547 con-

2176 2559 2500 2616 demnarunt
2531 2581 2544 2617 :
2577 2564 2721 2619 Deus
2764 2583 2912 2632 vero,
2958 2572 3082 2625 licet
3128 2573 3200 2627 illi
3230 2590 3445 2630 causam
3478 2594 3628 2635 suam
3658 2583 3730 2638 de

2178 2654 2481 2719 fenderent,
2516 2673 2621 2711 non
2666 2661 2908 2728 probavit
2935 2678 3052 2728 eos,
3084 2666 3175 2719 sed
3204 2667 3334 2722 dixit
3364 2687 3377 2723 :
3411 2670 3513 2724 Cur
3558 2673 3758 2743 loquuti

2176 2747 2294 2797 estis
2323 2763 2499 2800 contra
2523 2765 2719 2802 servum
2745 2768 2910 2805 meum
2938 2753 3039 2807 Job
3089 2756 3106 2820 (
3131 2754 3229 2810 Job
3259 2759 3352 2813 42.
3383 2761 3471 2829 7)?
3511 2764 3568 2818 Si
3612 2766 3757 2821 Deus

2178 2837 2399 2901 amicos,
2420 2840 2509 2907 qui
2537 2851 2725 2894 contra
2745 2841 2936 2897 Jobutn
2970 2845 3170 2915 iOthuti
3194 2848 3405 2905 fuerant
3428 2864 3481 2907 et
3499 2869 3559 2909 se
3584 2858 3756 2927 gloria

2176 2926 2483 2994 atiecerant,
2506 2945 2609 2985 non
2639 2934 2974 3002 approbavit,
2995 2952 3059 2989 an
3090 2955 3184 2993 eos
3205 2941 3293 3008 qui
3319 2942 3507 2998 Filium
3536 2926 3752 3019 negant,

2179 3020 2298 3075 licet
2329 3036 2386 3074 se
2416 3024 2792 3092 confiteantur,
2828 3031 3146 3096 probaturus
3172 3034 3293 3087 est?
3323 3036 3538 3093 Minime
3586 3057 3752 3099 sane:

2178 3126 2320 3171 nam,
2349 3111 2447 3176 Qui
2468 3116 2574 3167 odit
2603 3132 2703 3180 me,
2731 3117 2918 3186 inquit,
2941 3131 2988 3174 et
3014 3120 3217 3176 Patrem
3249 3143 3409 3180 meum
3436 3131 3543 3184 odit
3574 3132 3752 3199 (Joau.

2182 3204 2267 3258 15.
2302 3205 2416 3274 ‘23).
2442 3207 2803 3277 Similiterque
2846 3213 2984 3266 sicut
3007 3214 3167 3270 Pater
3190 3218 3427 3275 oblatum
3456 3224 3556 3277 sibi
3589 3225 3758 3282 hono-

2180 3313 2288 3350 rem
2337 3316 2440 3353 nnn
2490 3302 2699 3371 recipit,
2731 3305 2774 3358 si
2825 3305 2992 3359 Filius
3038 3325 3144 3362 Illlil
3204 3310 3517 3379 honorelur,
3550 3318 3629 3373 sic
3658 3336 3757 3375 nec

2180 3387 2334 3441 Pater
2362 3405 2459 3443 nec
2505 3391 2688 3458 Filius,
2726 3395 2769 3446 si
2816 3396 3047 3463 Spiritus
3095 3411 3315 3456 sanctus
3354 3415 3751 3465 contemnatur.

2179 3476 2375 3531 Paulus
2420 3491 2567 3534 certe
2618 3478 2865 3538 hmretica
2917 3487 3116 3542 zizania
3169 3492 3478 3559 pullulantia
3530 3499 3755 3567 invenit,

2178 3568 2270 3620 sed
2312 3586 2430 3639 qua:
2474 3588 2761 3642 numquam
2807 3588 2990 3645 aperte
3027 3595 3338 3650 eruperunt.
3380 3587 3510 3642 Nam
3559 3585 3767 3660 Ephesii

2180 3658 2231 3712 in
2255 3664 2375 3714 Asia
2400 3678 2519 3716 cum
2544 3666 2801 3733 quosdam
2829 3672 3117 3738 rcperisset
3134 3675 3222 3743 qui
3247 3676 3492 3744 baptizati
3520 3658 3751 3749 fuerant,

2179 3751 2311 3805 dixit
2337 3755 2414 3807 eis
2444 3772 2457 3808 :
2506 3755 2565 3808 Si
2596 3756 2848 3824 Spiritum
2875 3773 3106 3816 sanctum
3149 3770 3410 3838 accepistis
3453 3777 3757 3831 credentes?

2182 3842 2567 3908 Responderunt
2599 3848 2697 3912 illi,
2731 3850 2908 3919 Neque
2950 3855 2993 3907 si
3021 3854 3248 3921 Spiritus
3272 3872 3475 3916 sanctus
3512 3875 3582 3917 est
3607 3868 3757 3920 audi-

2178 3934 2340 3986 vimus
2386 3936 2523 4005 (Act.
2560 3937 2640 3992 l9.
2673 3938 2755 4007 ἓ).
2786 3940 2918 3995 iiinc
2971 3947 3222 4012 praeclara
3279 3951 3364 4004 illa
3410 3967 3533 4017 vox,
3564 3953 3629 4007 In
3655 3974 3756 4023 quo

2178 4043 2294 4096 ergo
2340 4029 2581 4099 baptizati
2622 4036 2783 4088 estis?
2832 4036 3020 4092 Petrus
3067 4036 3298 4111 itemque
3340 4045 3533 4101 Paulus
3565 4050 3756 4107 Eccle-

2178 4121 2309 4172 siam
2332 4120 2579 4183 doceant.
2603 4142 2707 4178 non
2733 4128 3024 4183 nectendas
3044 4147 3164 4187 esse
3185 4135 3276 4188 illa
3300 4136 3582 4195 hmreticas
3607 4159 3758 4213 quaa-

2179 4212 2400 4265 stinnes.
2433 4212 2585 4268 Unde
2629 4216 2837 4271 nefaria
2871 4221 2955 4273 illa
2982 4221 3231 4278 Eunomii
3259 4229 3583 4299 appellatio?
3610 4237 3758 4290 unde

2180 4300 2430 4358 haeretica
2462 4309 2707 4361 semina?
2738 4308 2881 4366 Sane
2914 4315 3070 4381 periit
3098 4318 3295 4371 veritas
3319 4322 3456 4389 apud
3481 4325 3673 4394 impios
3701 4340 3759 4382 et

2178 4394 2514 4450 Aristotelica
2548 4400 2788 4453 doctrina
2821 4403 3079 4459 obtinuit.
3104 4408 3360 4465 lhunante
3400 4426 3603 4470 natum:
3647 4430 3749 4473 tor»

2180 4486 2354 4540 minos
2388 4504 2617 4555 usurpas
2658 4494 2798 4545 circa
2845 4494 3079 4549 divinam
3122 4513 3175 4553 et
3207 4517 3310 4555 non
3340 4504 3568 4571 genitam
3602 4520 3759 4563 natu-

2182 4592 2316 4642 ram,
2341 4587 2395 4632 et
2423 4582 2657 4647 genitam
2707 4583 2882 4637 dicis?
2909 4584 2986 4639 Tu
3038 4604 3185 4655 vero,
3230 4591 3425 4661 inquit.
3467 4599 3593 4666 quid
3633 4617 3760 4657 esse

2182 4668 2394 4723 Patrem
2425 4672 2603 4725 dicis?
2651 4673 2946 4743 lngenitum
2979 4678 3118 4743 dico,
3153 4683 3243 4735 sed
3279 4702 3384 4739 mm
3415 4689 3548 4743 sicut
3579 4699 3634 4745 tu
3664 4709 3755 4748 as-

2179 4762 2315 4814 seris
2343 4780 2357 4817 :
2388 4763 2683 4832 ingenitum
2717 4767 2839 4822 dico
2862 4769 3096 4831 Patrem,
3118 4776 3240 4841 quia
3268 4793 3374 4831 non
3405 4779 3498 4834 fuit
3515 4785 3755 4851 genitus.

2180 4850 2284 4905 Sed
2317 4864 2370 4906 et
2397 4869 2496 4921 ego
2523 4856 2783 4911 Adamum
2816 4861 3105 4927 ingenitum
3148 4864 3284 4929 dico,
3319 4870 3439 4936 quia
3468 4850 3573 4927 non
3600 4875 3762 4942 geni-

2181 4952 2284 5004 tus,
2318 4945 2410 4998 sed
2443 4944 2699 5001 formatus
2725 4960 2828 5003 est.
2861 4949 2937 5004 Ne
2980 4953 3251 5008 auditores
3277 4959 3468 5013 alienis
3494 4966 3755 5031 pereellas

2185 5032 2377 5088 dictis:
2409 5034 2523 5090 hare
2548 5038 2800 5105 ligmenta
2824 5051 2967 5094 sunt.
2989 5042 3255 5112 ingenitus
3275 5060 3358 5102 est
3376 5050 3531 5106 Pater
3553 5071 3567 5108 :
3591 5056 3754 5110 multa

2176 5141 2388 5195 quoque
2435 5129 2537 5180 alia
2593 5130 2824 5199 ingenita
2882 5145 3027 5189 sunt.
3078 5136 3377 5207 lngenitum
3422 5147 3620 5215 quippe
3666 5159 3748 5204 est

2179 5217 2556 5286 quodcumque
2600 5236 2704 5275 non
2767 5224 3003 5292 genitum
3046 5227 3145 5282 l‘nit
3199 5246 3216 5284 :
3275 5232 3571 5302 ingenitum
3615 5255 3751 5305 quo-

2177 5325 2280 5378 que
2311 5309 2506 5364 dicitur
2546 5313 2687 5381 quod
2734 5316 2948 5384 quidem
2998 5319 3084 5386 lit,
3131 5321 3227 5376 sed
3273 5327 3507 5381 nondum
3556 5329 3749 5385 factum

2180 5411 2283 5456 est.
2330 5401 2673 5458 Resurrectio
2703 5417 3036 5464 mortuorum
3086 5425 3230 5468 nunc
3275 5415 3505 5486 ingenita
3529 5425 3753 5478 est:tiet

2176 5494 2317 5546 enim
2336 5534 2350 5558 ,
2384 5494 2476 5547 sed
2503 5495 2738 5551 nondum
2767 5497 2905 5554 facta
2935 5510 3053 5567 est,
3085 5514 3273 5574 estque
3302 5508 3569 5565 incondita
3590 5555 3605 5577 ,
3631 5528 3748 5568 cum

2179 5587 2417 5643 nondum
2449 5589 2518 5642 sit
2559 5590 2762 5660 genita.
2793 5592 2997 5648 Dicitur
3020 5610 3232 5666 quoque
3271 5599 3565 5666 ingenitum
3607 5614 3746 5671 quod

2180 5697 2278 5738 nec
2333 5684 2550 5753 tactum,
2594 5700 2773 5758 neque
2819 5690 3069 5760 umquam
3115 5692 3416 5750 faciendum
3446 5703 3746 5769 ost,eoque
