4092 6206
303 250 414 306 547

303 364 531 435 ἐφατεν
556 368 597 433 ἡ
635 368 839 433 κάμπη
864 361 961 416 καί
983 363 1021 430 ἡ
1053 362 1227 431 ἀκρίς
1249 364 1344 417 καί
1375 365 1414 431 ἠ
1442 365 1710 431 ἐρυσίϐη.
1745 364 1810 417 Τί
1838 364 1982 433 φιλο-

303 454 528 516 νεικεῖς,
562 449 831 522 αἱρετικὲ,
868 451 1004 520 μετά
1043 450 1307 503 Ἰουδαίων
1347 450 1550 523 κρύψαι
1581 452 1679 520 τὴν
1704 450 1860 516 δόξαν
1885 450 1979 505 τοῦ

304 538 646 606 Μονογενοῦς
675 554 690 601 ;
723 537 949 589 Ἐκεῖνοι
984 535 1081 607 μὲν
1122 535 1365 608 ἔκρυψαν
1400 537 1498 607 τὴν
1528 537 1838 602 ἀνάστασιν,
1860 539 1982 590 ὅσον

304 626 394 680 ἐπ’
424 627 608 690 αὐτοῖς
633 640 648 655 ·
687 625 752 677 σὺ
790 624 847 677 δὲ
878 623 1139 694 κρύπτεις
1176 623 1274 694 τὴν
1314 623 1564 694 θεότητα,
1600 625 1723 677 ὅσον
1753 626 1845 677 ἐπὶ
1879 624 1978 677 σοί.

318 712 455 765 Ἀλλ’
483 712 607 765 οὔτε
655 712 851 765 ἐκεῖνοι
885 712 1253 782 ἐπιγράφουσι
1287 710 1386 779 τὴν
1429 709 1705 780 ἀλήθειαν,
1747 709 1870 763 οὔτε
1915 713 1979 765 σὺ

307 800 551 870 συνῆκας
582 800 679 870 τὴν
707 800 1007 853 εὐσέϐειαν.
1045 800 1243 852 ’Ἄκουε
1274 797 1404 866 γοῦν
1448 798 1542 851 τοῦ
1584 801 1861 871 προφήτου
1890 799 1980 851 λέ-

301 904 493 955 γοντος
513 902 527 915 ·
561 886 906 953 Ἐκάλυψεν
932 885 1229 954 οὐρανοὺς
1252 887 1290 953 ἡ
1314 884 1493 952 ἀρετὴ
1518 886 1722 947 αὐτοῦ,
1745 886 1842 938 καὶ
1872 885 1982 952 τῆς

304 974 596 1038 αἰνέσεως
627 974 815 1027 αὑτοῦ
854 972 1091 1041 πλήρης
1127 974 1164 1039 ἡ
1193 970 1287 1041 γῆ.
1323 972 1433 1041 Τῆς
1472 973 1754 1035 αἰνέσεως,
1787 974 1847 1025 ού
1881 972 1981 1041 τῆς

306 1060 696 1130 καταλήψεως·
724 1058 976 1122 πίστεως,
1015 1060 1115 1112 οὐκ
1149 1058 1480 1122 ἐξετάσεως·
1518 1061 1759 1130 ἀγάπης.
1789 1059 1849 1112 ού
1880 1058 1979 1128 ζη-

302 1151 538 1218 τήσεως.
583 1146 657 1200 Ού
701 1145 885 1217 ζητεῖν
918 1144 1292 1214 ἐδιδάχθημεν,
1334 1144 1470 1198 ἀλλά
1503 1147 1778 1198 πιστεύειν
1820 1146 1978 1198 έπαι-

307 1234 604 1304 δεύθημεν·
630 1232 971 1293 πιστεύοντες
993 1229 1356 1300 φωτιζόμεθα,
1379 1233 1441 1284 ού
1467 1233 1979 1303 πολυπραγμονοῦν-

306 1337 399 1384 τες
449 1319 841 1390 βαπτιζόμεθα.
879 1320 973 1389 Μή
1022 1319 1285 1371 ἀπατάτω
1313 1335 1371 1370 σε
1412 1320 1521 1372 τῶν
1571 1320 1862 1391 αἱρετικῶν
1908 1321 1977 1373 τά

308 1409 667 1476 συστήματα·
704 1406 988 1476 βάπτισμα
1038 1406 1144 1476 γὰρ
1178 1406 1409 1474 ἔχουσιν,
1464 1408 1524 1459 οὐ
1565 1406 1852 1475 φώτισμα·
1883 1411 1977 1463 καὶ

308 1495 663 1563 βαπτίζονται
688 1495 786 1565 μὲν
817 1492 1048 1563 σώματι,
1071 1493 1214 1562 ψυχῇ
1246 1492 1301 1545 δέ
1324 1493 1383 1545 οὐ
1408 1492 1747 1561 φωτίζονται.
1768 1496 1975 1568 Ὥσπερ

305 1583 416 1652 γὰρ
445 1583 541 1634 καὶ
565 1582 748 1651 Σίμων
779 1579 1100 1649 ἐϐαπτίσθη,
1127 1580 1241 1633 ἀλλ’
1269 1580 1369 1632 οὐκ
1387 1580 1685 1653 ἐφωτίσθη·
1713 1581 1857 1636 οὕτω
1883 1586 1976 1639 καὶ

305 1670 464 1723 αὐτοὶ
514 1668 818 1731 ἀκολούθως
863 1669 1226 1737 εὑρίσκονται.
1285 1669 1653 1737 Ἀγαλλιάσθω
1696 1671 1871 1725 τοίνυν
1905 1673 1976 1726 τά

305 1756 595 1826 πνεύματα
618 1756 727 1809 τῶν
750 1756 1060 1809 ἀποστόλων
1086 1756 1156 1808 τὰ
1184 1759 1248 1827 τῇ
1276 1761 1615 1830 πνευματικῇ
1656 1761 1861 1829 σαγήνῃ
1886 1760 1974 1813 τὸν

305 1843 456 1916 [M9]
486 1844 652 1897 πολὺν
699 1842 888 1896 τοῦτον
933 1842 1059 1895 λαὸν
1110 1846 1517 1913 σαγηνεύσαντα
1548 1844 1634 1898 διὰ
1672 1845 1766 1898 τοῦ
1820 1846 1972 1914 ἁγίου

306 1932 643 2003 Πνεύματος.
672 1931 779 1985 Νῦν
809 1931 1161 2001 πεπλήρωται
1184 1934 1242 1985 ὲν
1264 1933 1560 2003 ὀφθαλμοῖς
1588 1936 1618 2003 ἡ
1629 1934 1744 2003 μῶν
1774 1936 1802 2005 ή
1843 1952 1974 2006 προ-

307 2023 511 2093 φητικὴ
546 2022 729 2092 φωνή·
778 2022 874 2073 Ἔν
922 2022 1050 2086 ταῖς
1082 2022 1370 2091 ἐσχάταις
1418 2022 1696 2090 ἡμέραις,
1744 2022 1903 2092 λέγει
1939 2028 1973 2079 ό

308 2110 472 2174 Θεὸς,
500 2108 695 2161 οὐκέτι
719 2106 806 2175 μὴ
852 2107 1122 2174 εἴπωσιν,
1153 2108 1306 2161 Ἰδοὺ
1341 2108 1378 2175 ἠ
1410 2109 1649 2175 κιϐωτὸς
1685 2108 1974 2176 διαθήκης

186 2196 193 2212 ³
304 2198 479 2267 ἁγίου
508 2195 785 2263 Ἰσραήλ·
812 2195 930 2247 ἀντὶ
962 2194 1076 2258 τοῦ,
1112 2197 1144 2264 ή
1181 2194 1382 2247 παλαιά
1416 2194 1637 2266 λατρεία
1657 2211 1671 2225 ·
1719 2197 1862 2250 οὐδὲ
1886 2197 1972 2265 μὴ

305 2286 674 2352 ἀναϐήσεται
718 2286 804 2349 εἰς
833 2283 948 2350 τὴν
989 2283 1241 2351 καρδίαν
1274 2281 1473 2336 αὐτῶν
1507 2284 1545 2350 ἠ
1576 2284 1824 2353 διαθήκη
1864 2285 1973 2353 τῆς

305 2373 572 2429 κιϐωτοῦ.
615 2373 713 2426 Διά
745 2372 797 2425 τί
815 2391 829 2438 ;
854 2373 981 2424 Ὀτι
1010 2372 1139 2425 ἰδοὺ
1170 2371 1285 2440 ἐγὼ
1321 2372 1675 2425 ἀποστέλλω
1706 2374 1972 2439 πολλοὺς

305 2462 597 2529 θηρευτὰς
625 2461 723 2514 καί
761 2459 967 2525 ἁλιεῖς.
1000 2459 1339 2530 Περιέγραψε
1362 2458 1461 2529 τὴν
1489 2459 1716 2513 κιϐωτὸν
1736 2462 1835 2532 τήν
1870 2479 1974 2514 πα-

305 2549 487 2610 λαιὰν,
526 2549 621 2602 καὶ
660 2549 919 2617 εἰσήγαγε
953 2547 1053 2618 τὴν
1103 2546 1332 2600 κιϐωτὸν
1382 2548 1480 2617 τῆς
1520 2548 1840 2617 Ἐκκλησίας
1875 2549 1972 2620 τὴν

311 2641 384 2712 μὴ
409 2640 808 2710 ἀπολλυμένην.
856 2637 1228 2692 Ἀποστέλλω
1257 2637 1526 2704 πολλοὺς
1550 2639 1839 2707 θηρευτὰς
1872 2640 1969 2694 καὶ

311 2727 518 2792 ἁλιεῖς.
558 2726 623 2777 Ὢ
662 2725 818 2794 ξένης
862 2724 1094 2788 ἀλιείαςι
1127 2726 1156 2777 6
1203 2724 1326 2794 χθὲς
1380 2725 1683 2788 ἀλιευθεὶς,
1736 2727 1973 2799 σήμερον

309 2816 512 2871 ἀλιεύει
540 2831 558 2848 ο
601 2814 889 2885 ἐπληρώθη
927 2815 1096 2885 γάρή
1134 2814 1204 2884 γῆ
1252 2816 1351 2886 τῆς
1382 2814 1538 2886 δόξης
1575 2815 1670 2870 τοῦ
1713 2818 1969 2888 Χριστοῦ,

308 2906 402 2959 καὶ
420 2901 776 2972 πεπλήρωται
803 2901 902 2971 τῆς
930 2902 1161 2965 πίστεως
1184 2902 1280 2972 τῆς
1297 2903 1616 2974 οἰκουμένης
1648 2905 1717 2959 τά
1737 2906 1968 2977 πέρατα.

306 2990 399 3061 Μὴ
432 2985 526 3042 οὖν
560 2986 747 3059 ὕϐριζε
781 2988 879 3057 τὴν
929 2987 1085 3054 ἀξίαν
1132 2987 1219 3041 διὰ
1265 2988 1360 3059 τὴν
1394 2990 1700 3060 οἰκονομίαν
1728 3003 1775 3046 ⁸.
1816 2994 1975 3064 Παρά

323 3076 593 3138 Ἰουδαίοις
616 3075 836 3145 ἐξῆλθεν
860 3077 888 3128 6
917 3075 1091 3143 λόγος,
1121 3076 1202 3128 ὃτι
1230 3076 1444 3147 ἐπράθη
1473 3079 1506 3148 ή
1529 3080 1822 3145 ἀνάστασις
1839 3122 1852 3143 ,
1877 3087 1973 3136 καὶ

308 3163 530 3233 ἐξῆλθεν
561 3164 589 3214 6
621 3162 796 3230 λόγος,
828 3163 910 3214 ότι
947 3163 996 3214 οἰ
1040 3161 1273 3232 μαθηταὶ
1305 3165 1470 3217 αὑτοῦ
1518 3165 1749 3236 ἔκλεψαν
1789 3170 1969 3224 αὐτόν.

318 3252 546 3305 Ἐκεῖνοι
571 3248 670 3319 μὲν
690 3244 782 3301 οὖν
807 3249 1154 3317 ἀπεφήναντο
1169 3249 1396 3304 θάνατον
1418 3253 1560 3306 κατά
1584 3253 1677 3306 τοῦ
1703 3252 1969 3325 σώματος,

305 3344 353 3395 οἱ
389 3341 447 3394 δέ
482 3340 584 3411 τὴν
627 3338 925 3406 θεολογίαν,
955 3339 1078 3390 ὅσον
1117 3340 1204 3389 ἐπ’
1232 3340 1434 3401 αὐτοῖς,
1474 3341 1772 3411 ἐνηχοῦσιν.
1816 3344 1973 3398 Ἀλλά

307 3430 435 3501 παρ’
465 3427 692 3490 ἐκείνοις
720 3428 814 3496 μὲν
842 3428 874 3496 ή
915 3425 1088 3494 πλάνη
1126 3425 1458 3480 πολιτεύεται
1488 3429 1723 3499 σήμερον
1744 3431 1792 3493 b,
1823 3432 1973 3503 παρά

308 3518 361 3571 δέ
379 3519 447 3588 τῇ
481 3516 773 3585 Ἐκκλησία
792 3514 904 3586 ζωὴ
932 3512 1147 3577 αἰώνιος
1177 3514 1524 3585 κηρύττεται.
1544 3518 1672 3581 Καὶ,
1697 3520 1743 3570 εἰ
1773 3518 1968 3588 βούλει,

306 3604 452 3673 ἔχεις
478 3603 573 3656 καὶ
606 3601 787 3654 εἰκόνα
820 3600 1056 3653 παλαιάν
1076 3616 1091 3632 ο
1116 3598 1304 3671 ὥσπερ
1332 3601 1437 3671 γὰρ
1460 3601 1549 3653 ὅτε
1578 3601 1972 3658 ἐπεϐούλευσαν

306 3691 384 3760 τῷ
425 3689 626 3759 Ἰωσὴφ
658 3689 706 3741 οἰ
731 3686 966 3754 ἀδελφοὶ,
1004 3685 1198 3739 Ἰακὼϐ
1222 3687 1312 3739 καὶ
1340 3688 1368 3738 6
1397 3682 1540 3749 οἶκος
1566 3688 1728 3741 αὐτοῦ
1758 3691 1971 3746 ἐπένθει

304 3777 470 3829 αὑτὸν
498 3775 720 3845 σφόδρα,
760 3772 874 3825 ἀλλ’
907 3775 939 3843 ή
981 3774 1250 3839 Αἴγυπτος
1281 3769 1425 3841 εἶχεν
1472 3773 1632 3826 αὑτὸν
1666 3772 1842 3837 ζῶντα
1879 3778 1971 3831 καὶ

306 3862 691 3935 βασιλεύοντα·
726 3852 878 3920 οὗτος
910 3859 1058 3928 παρά
1095 3857 1172 3927 τῷ
1208 3857 1399 3911 Ἰακὼὸ
1433 3859 1624 3928 νεκρὸς
1668 3862 1967 3926 πενθεῖ-το,

307 3956 366 4004 ἐν
393 3950 452 4003 δὲ
481 3951 546 4019 τῇ
579 3947 838 4015 Αἰγύπτῳ
868 3943 975 4009 ζῶν
1004 3944 1316 3998 ἐϐασίλευεν
1336 3959 1351 3974 ·
1386 3942 1526 3997 οὕτω
1568 3946 1661 3999 καὶ
1689 3948 1783 4002 νῦν
1821 3951 1970 4022 παρά

310 4038 409 4108 μὲν
447 4039 514 4108 τῇ
542 4035 829 4103 συναγωγῇ
867 4022 959 4084 καὶ
990 4034 1055 4101 τῇ
1100 4030 1210 4083 τῶν
1241 4032 1533 4102 αίρετικῶν
1580 4035 1746 4105 μανία
1779 4036 1970 4108 νεκρὸς

305 4123 586 4194 νομίζεται
618 4131 640 4159 ο
664 4136 678 4151 ·
713 4116 965 4188 νεκροῦσι
986 4117 1092 4188 γὰρ
1113 4117 1209 4188 τὴν
1233 4118 1506 4188 θεολογίαν
1531 4121 1580 4172 οί
1614 4122 1793 4175 πίστιν
1817 4124 1969 4176 ἀναι-

306 4208 552 4279 ροῦντες,
572 4207 666 4260 καὶ
693 4206 916 4277 ζήτησιν
940 4205 1248 4272 εἰσάγοντες
1267 4221 1281 4235 ·
1313 4207 1442 4277 παρ’
1465 4209 1596 4277 ήμῖν
1619 4208 1675 4262 δὲ
1698 4211 1969 4280 βασιλεύει

306 4296 418 4361 ζῶν
459 4295 554 4348 καὶ
596 4292 761 4356 ἀξίως
793 4290 1283 4361 προσκυνούμενος.
1330 4292 1466 4346 Ἀλλ’
1499 4295 1666 4359 ὄντως
1699 4298 1913 4369 ἰσχυρὸς
1941 4302 1969 4353 6

304 4386 400 4440 τοῦ
431 4383 567 4438 Θεοῦ
595 4383 770 4450 λόγος,
800 4382 1064 4452 ἀήττητος
1090 4383 1122 4451 ή
1150 4382 1256 4434 τῶν
1284 4383 1592 4437 ἀποστόλων
1619 4384 1934 4442 διδασκαλία
1957 4407 1968 4419 ·

306 4474 449 4526 ὥστε
480 4470 580 4523 οὐκ
621 4472 741 4539 είκῇ
771 4469 968 4537 κάμνει
1001 4467 1210 4521 Παύλου
1250 4470 1284 4539 ή
1320 4471 1468 4541 φωνὴ
1503 4474 1967 4544 συνηγορήσαντος

303 4563 373 4630 τῇ
401 4556 649 4628 ἀληθείᾳ.
679 4554 816 4607 Ἀλλ’
844 4551 936 4607 οὖν
964 4555 1103 4617 εἰπὲ,
1128 4549 1172 4607 ὦ
1199 4558 1434 4626 μακάριε
1469 4557 1669 4622 Παῦλε,
1704 4561 1844 4632 ὑπὲρ
1868 4563 1966 4632 τῆς

305 4645 565 4716 ἀληθείας
598 4642 950 4711 κινούμενος,
983 4642 1358 4713 ἀγανάκτησον
1387 4643 1525 4715 ὑπὲρ
1556 4648 1655 4715 τῆς
1694 4645 1961 4711 πίστεως,

303 4730 629 4801 ἀγανακτῶν
678 4732 799 4781 εἰπὲ
829 4730 941 4791 τοῖς
986 4729 1308 4798 αἱρετικοῖς·
1336 4726 1507 4782 Πόθεν
1557 4731 1865 4803 ἐδιδάχθητε
1896 4735 1963 4789 τὰ

321 4815 754 4891 ’Δριστοτελικάς
787 4816 869 4878 τίς
902 4815 991 4868 τὸν
1022 4817 1283 4868 Πλάτωνα
1311 4817 1641 4887 προετίμησε
1666 4819 1772 4871 τῶν
1798 4822 1963 4891 εὐαγ-

300 4905 533 4973 γελίων;
566 4902 649 4966 τίς
688 4902 909 4967 ἐξέϐαλε
940 4903 999 4954 τὸ
1030 4904 1286 4973 κήρυγμα
1322 4903 1418 4973 τῆς
1446 4904 1698 4967 πίστεως,
1730 4908 1822 4960 καὶ
1852 4911 1963 4962 εισ-

300 4997 478 5066 ήγαγε
514 4992 611 5064 τὴν
641 4990 866 5045 ἄπιστον
910 4989 1163 5060 ζήτησιν;
1199 4989 1300 5040 ποῦ
1341 4989 1508 5057 ἔγνως
1537 4991 1617 5055 τὸ,
1649 4993 1959 5065 ἀγέννητος,

300 5083 397 5135 καὶ
425 5081 506 5143 τὸ,
539 5080 827 5149 γεννητός;
869 5079 1171 5139 Κατέλιπες
1212 5078 1430 5149 Πατέρα
1452 5078 1501 5142 ἀ,
1550 5078 1838 5148 διέπτυσας
1870 5086 1962 5139 τοῦ

300 5167 438 5222 Υἰοῦ
463 5167 560 5238 τὴν
592 5164 980 5238 προσηγορίαν,
1010 5164 1231 5229 ἀναξίαν
1258 5166 1508 5237 ἐνόμισας
1536 5166 1633 5239 τὴν
1668 5168 1760 5223 τοῦ
1789 5172 1962 5225 Πνεύ-

303 5271 476 5328 ματος
503 5253 674 5317 ἀξίαν,
695 5254 776 5316 εἰς
809 5251 1122 5323 ἀνθρώπινα
1157 5254 1375 5324 ῥήματα
1398 5253 1592 5326 τρέπῃ.
1625 5257 1817 5322 Καλῶς
1846 5260 1958 5313 ἔλε-

368 5360 400 5391 ⁸
416 5361 538 5420 Reg.
562 5359 646 5416 τήν
667 5359 799 5413 ἀξίαν
819 5359 1104 5420 οἰκονομίαν.

1263 248 1329 305 IN
1361 249 1589 316 ILLUD,
1617 249 1680 304 IN
1718 247 2060 304 PRINCIPIO
2101 250 2284 306 ERAT
2316 253 2622 320 VERBUM,
2651 255 2803 312 ETC.

3648 266 3755 325 5‘3

2083 381 2177 433 γεν
2205 367 2469 437 Ἱερεμίας
2493 386 2507 401 ο
2545 370 2758 425 Ἀπώλε
2770 388 2831 424 το
2860 379 3065 440 πίστις
3090 375 3156 429 ἐκ
3189 376 3296 431 τοῦ
3327 380 3622 450 στόματος
3647 387 3756 439 αὐ-

2082 451 2218 505 τῶν.
2244 454 2309 505 Τί
2333 451 2451 507 εἶπε
2478 456 2700 528 Πέτρος,
2730 459 2821 510 καὶ
2848 462 3225 534 ἐμακαρίσθη;
3255 465 3338 519 Σὺ
3357 464 3416 520 εἷ
3435 473 3467 522 ό
3498 472 3749 539 Χριστὸς

2082 544 2115 593 ό
2144 540 2275 607 Υἱὸς
2299 541 2404 595 τοῦ
2433 544 2599 597 Θεοῦ.
2635 546 2747 598 Οὐκ
2768 542 2910 610 εἷπε,
2930 548 3001 603 Σὺ
3033 547 3086 603 εἴ
3110 552 3171 604 τὸ
3197 554 3444 624 γέννημα
3471 558 3562 610 τοῦ
3586 560 3749 627 ἀγεν-

2081 627 2264 697 νήτου,
2295 627 2451 690 ἀλλά,
2483 629 2566 682 Σὺ
2604 627 2661 683 εἷ
2690 635 2722 685 ό
2747 634 3000 701 Χριστὸς
3034 641 3066 691 ό
3109 640 3240 706 Υἱὸς
3271 642 3375 695 τοῦ
3418 645 3585 698 Θεοῦ.
3615 646 3749 701 ὐτε

2080 714 2460 768 ἀπεκάλυπτεν
2490 717 2637 787 αύτῷ
2662 718 2690 769 6
2718 720 2904 791 Πατὴρ
2931 724 3029 793 τὴν
3058 728 3265 793 σοφίαν,
3303 730 3403 782 οὐκ
3434 730 3547 800 ᾔδει
3578 749 3748 785 κατα-

2078 800 2301 867 λαϐεἰν;
2339 802 2413 873 μὴ
2443 803 2551 874 γὰρ
2583 805 2683 858 ούκ
2710 807 2941 875 ἠδύνατο
2972 813 3141 865 εἰπεῖν
3177 816 3206 867 6
3233 817 3463 885 Χριστὸς
3491 822 3599 882 τοῖς
3622 821 3751 874 ἀπο-

2081 888 2320 951 στόλοις,
2356 890 2443 942 ὂτε
2494 891 2777 945 ἐκέλευσεν
2821 896 3003 960 αὐτοῖς
3036 898 3348 967 βαπτίζειν,
3387 906 3748 975 Πορευθέντες

2080 973 2379 1043 βαπτίσατε
2413 978 2478 1030 τὰ
2506 980 2633 1048 ἕθνη
2655 982 2734 1044 είς
2758 982 2818 1062 τὸ
2846 982 3015 1053 ὄνομα
3044 985 3135 1037 τοῦ
3177 973 3477 1061 ἀγεννήτου-
3495 995 3588 1046 καὶ
3626 1012 3749 1062 γεν-

2079 1062 2243 1130 νητοῦ
2269 1079 2283 1127 ;
2322 1064 2480 1118 Ἀλλά
2508 1067 2678 1135 ὄνομα
2709 1061 2836 1141 εὗρε
2859 1070 3161 1142 σοφώτερον
3198 1075 3304 1126 τῶν
3338 1081 3611 1145 μυστικῶν
3640 1061 3748 1135 πα-

2082 1149 2368 1218 ραδόσεων.
2399 1154 2768 1227 Περιγράιρεις
2790 1158 2856 1210 τὰ
2881 1157 3017 1222 θεῖα,
3037 1162 3277 1231 ἀναιρεῖς
3306 1164 3403 1235 τήν
3424 1168 3625 1231 πίστιν,
3654 1173 3746 1226 καὶ

2079 1238 2321 1306 είσάγεις
2361 1238 2620 1311 ζήτησιν·
2647 1243 2782 1297 ἀλλά
2814 1246 3097 1316 φοϐήθητι,
3140 1249 3299 1320 ἐχθρέ
3321 1267 3333 1281 ’
3380 1253 3583 1325 Πέτρος
3613 1274 3746 1310 κατ-

2079 1323 2189 1393 έχει
2237 1325 2334 1389 τὰς
2366 1327 2546 1391 κλεῖς·
2592 1331 2778 1402 ἐπειδὴ
2810 1332 2919 1403 γὰρ
2977 1331 3116 1399 εἶπε,
3151 1338 3234 1390 Σὺ
3278 1333 3335 1391 εἷ
3369 1342 3401 1392 ὁ
3431 1323 3683 1409 Χριστὸς
3714 1348 3748 1399 ὁ

2088 1411 2220 1476 Υἱὸς
2246 1413 2353 1467 τοῦ
2392 1416 2559 1478 Θεοῦ,
2591 1417 2737 1481 κλεῖς
2773 1419 2982 1475 ἔλαϐεν.
3023 1423 3129 1485 Οὓς
3161 1424 3204 1476 δ’
3233 1424 3299 1478 ἂν
3334 1425 3504 1498 βλέπῃ
3543 1430 3746 1502 Πέτρος

2080 1498 2207 1552 Υίὸν
2232 1500 2505 1567 λέγοντας,
2530 1505 2739 1568 τούτοις
2761 1506 2964 1576 ἀνοίγει
2992 1511 3089 1579 τὴν
3121 1511 3290 1582 θύραν
3313 1515 3410 1585 τῆς
3438 1498 3709 1585 βασιλείας
3728 1535 3744 1549 ·

2078 1586 2232 1651 ὅσους
2264 1589 2321 1641 δὲ
2347 1590 2411 1642 ἂν
2446 1591 2580 1662 ε’ύρῃ
2613 1593 2817 1664 κτίσμα
2847 1595 3102 1664 λέγοντας
3140 1602 3230 1652 καὶ
3266 1602 3743 1675 βλασφημοῦντας,

2076 1674 2283 1739 τούτοις
2308 1678 2587 1731 ἀποκλείει
2632 1681 2731 1751 τὴν
2770 1682 2939 1753 θύραν
2972 1687 3069 1754 τῆς
3120 1687 3462 1757 Ἐκκλησίας.
3492 1674 3582 1745 7ού
3615 1694 3746 1764 πρό-

2075 1776 2230 1828 τερον
2253 1762 2359 1833 γὰρ
2390 1763 2547 1816 ἔλαϐε
2581 1765 2679 1828 τὰς
2711 1766 2874 1830 κλεῖς,
2905 1769 3010 1832 ἕως
3036 1766 3176 1837 εἷπε,
3212 1774 3296 1827 Σὺ
3328 1772 3435 1830 εἷό
3471 1780 3602 1844 Υἱὸς
3639 1762 3744 1833 τοῦ

2078 1846 2243 1899 Θεοῦ·
2274 1849 2391 1901 τότε
2418 1852 2663 1915 κάκεῖνος
2688 1853 2872 1906 ἀκούει
2896 1857 3023 1925 παρ’
3040 1857 3201 1910 αὐτοῦ
3222 1876 3235 1890 ·
3270 1859 3419 1934 [420]
3447 1864 3744 1934 Μακάριος

2074 1928 2149 1995 εἷ,
2184 1934 2381 2002 Σίμων
2400 1936 2525 2005 ﬁpr
2564 1937 2752 1992 Ἰωνᾶ·
2776 1941 2873 1993 σοί
2902 1940 3072 1996 δώσω
3100 1945 3204 2011 τὰς
3230 1928 3534 2017 κάεἷς-τῆς
3559 1928 3745 2016 ,βασιλ

2072 2024 2243 2088 ,λείας
2268 2022 2386 2077 τῶν
2409 2025 2702 2094 οίφανῶν.
2755 2029 2910 2082 Μετά
2954 2031 3052 2100 τὴν
3085 2034 3373 2102 ὁμολογίαν
3421 2039 3454 2107 ή
3485 2039 3698 2103 ἐξουσία
3722 2058 3738 2074 ο

2079 2111 2215 2178 μετὰ
2243 2110 2342 2180 τὴν
2388 2112 2566 2167 πίστιν
2609 2115 2641 2184 ἡ
2686 2116 2981 2186 παράδοσις
3021 2119 3117 2188 τῆς
3146 2121 3470 2192 Ἐκκλησίας
3504 2127 3598 2178 καί⁵
3642 2128 3741 2199 τῆς

2076 2196 2373 2266 βασιλείας.
3350 2276 3351 2279 η
3514 2203 3519 2208 ’

2143 2288 2213 2349 γ’.
2242 2284 2379 2337 Ἀλλ’
2406 2287 2456 2338 οί
2486 2287 2584 2356 μὲν
2607 2288 2748 2342 κατὰ
2770 2288 2863 2343 τοῦ
2883 2290 3013 2345 Υίοῦ
3032 2293 3433 2363 στρατεύονται,
3453 2298 3502 2349 οἰ
3523 2297 3578 2350 δὲ
3602 2301 3743 2353 κατά

2073 2368 2165 2421 τοῦ
2207 2370 2362 2439 ἁγίου
2412 2373 2727 2444 Πνεύματος
2759 2378 3226 2448 παρατάττονται·
3255 2381 3407 2434 οὐδὲν
3444 2383 3501 2436 δὲ
3551 2384 3741 2454 ὄφελος

2071 2455 2162 2510 τὸν
2181 2458 2412 2528 Χριστὸν
2439 2460 2537 2530 μὲν
2574 2463 3000 2532 ὁμολογούντων,
3035 2468 3129 2521 καῖ.
3171 2468 3395 2538 Πνεῦμα
3427 2470 3581 2538 ἅγιον
3615 2473 3742 2527 ἀθε-

2071 2541 2338 2598 τούντων·
2374 2544 2563 2619 ὥσπερ
2591 2549 2742 2603 οὐδὲν
2786 2551 2976 2620 ὄφελος
3012 2552 3121 2606 τῶν
3162 2554 3256 2608 τὸν
3287 2556 3507 2629 Πατέρα
3546 2560 3740 2627 όμολο-

2073 2630 2331 2699 γούντων,
2351 2633 2442 2687 καὶ
2463 2634 2590 2688 Υἰὸν
2621 2635 2976 2693 ἀθετούντων.
2994 2640 3337 2710 Ὀμολογοῦσι
3363 2644 3470 2715 γὰρ
3501 2645 3592 2697 καὶ
3618 2646 3750 2698 Ἰου-

2073 2715 2208 2771 δαῖοι
2240 2718 2329 2771 τὸν
2350 2720 2590 2792 Πατέρα,
2637 2722 2727 2777 τὸν
2759 2723 2885 2777 Υίὸν
2914 2725 3254 2796 ἀρνούμενοι,
3289 2729 3383 2782 καὶ
3424 2730 3524 2784 ούκ
3559 2731 3740 2800 ἔχουσι

2075 2803 2220 2876 ζωὴν
2255 2806 2489 2862 αἰώνιον.
2535 2809 2594 2861 '0
2625 2812 2880 2881 παρορῶν
2911 2812 3005 2865 τοῦ
3049 2813 3179 2866 Υίοῦ
3217 2815 3316 2885 τὴν
3348 2815 3525 2880 δόξαν,
3558 2819 3618 2871 ού
3650 2818 3742 2872 δε-

2072 2893 2228 2957 κτέος
2277 2896 2427 2966 παρά
2470 2895 2549 2965 τῷ
2571 2897 2765 2968 Πατρί.
2813 2899 3055 2970 Πρόσεχε
3099 2901 3377 2973 ἀκριϐῶς·
3416 2906 3509 2957 καὶ
3545 2903 3651 2978 γὰρ
3688 2907 3740 2960 οἱ

2073 2979 2216 3049 φίλοι
2248 2982 2340 3035 τοῦ
2380 2981 2498 3037 Ἰὼϐ
2540 2982 2617 3055 τῷ
2643 2983 2761 3053 Θεῷ
2794 2985 2891 3055 μὲν
2932 2986 3211 3057 συνῆλθον,
3238 2990 3327 3043 τὸν
3363 2990 3420 3043 δέ
3467 2991 3584 3046 Ἰὼϐ
3611 3010 3741 3046 κατ-

2075 3067 2332 3138 έκριναν·
2379 3072 2407 3123 6
2454 3070 2509 3122 δὲ
2555 3071 2687 3135 Θεὸς
2739 3073 2858 3125 οὐδὲ
2899 3075 3026 3136 τοὺς
3072 3079 3543 3147 συνηγορήσαντας
3589 3080 3739 3151 αὐτῷ

2072 3154 2368 3228 ἀπεδέξατο
2390 3196 2404 3218 ,
2442 3157 2578 3210 ἀλλά
2615 3158 2800 3227 λέγει·
2832 3161 2934 3213 Διά
2985 3162 3041 3212 τί
3085 3164 3538 3232 κατελαλήσατε
3589 3168 3739 3220 κατὰ

2072 3241 2176 3294 τοῦ
2202 3242 2563 3311 θεράποντός
2587 3263 2708 3313 μου
2740 3246 2892 3308 Ἰώὸ;
2923 3248 2985 3299 Εἰ
3016 3250 3156 3301 κατά
3175 3249 3270 3302 τοῦ
3303 3250 3422 3303 Ἰὼϐ
3450 3255 3739 3323 είρηκότας

2072 3329 2196 3390 τοὺς
2230 3329 2415 3396 φίλους
2447 3330 2540 3383 καὶ
2569 3331 2731 3386 αὑτὸν
2759 3332 3084 3398 δοξάσαντας
3107 3336 3206 3389 οὐκ
3234 3336 3468 3403 ἐδέξατο,
3501 3341 3625 3402 τοὺς
3646 3340 3736 3394 τὸν

2073 3418 2205 3470 Υίὸν
2233 3417 2558 3484 ἀθετοῦντας
2580 3422 2674 3476 καὶ
2694 3424 2856 3476 αὐτὸν
2878 3424 3294 3495 ὁμολογοῦντας,
3325 3426 3543 3496 δέξηταί
3569 3446 3733 3494 «me;

2072 3506 2350 3576 Οὐδαμῶς.
2399 3509 2460 3560 '0
2497 3509 2626 3580 γὰρ,
2655 3512 2805 3581 φησι,
2836 3512 3034 3580 μισῶν
3066 3514 3191 3583 ἐμὲ,
3228 3515 3327 3568 καὶ
3369 3518 3477 3568 τὸν
3506 3517 3736 3584 Πατέρα

2065 3610 2185 3661 μου
2231 3595 2413 3662 μισεῖ.
2457 3597 2683 3666 Ὁμοίως
2723 3598 2912 3670 ῶσπερ
2947 3601 3008 3653 οὺ
3055 3600 3267 3670 δέχεται
3301 3602 3487 3673 Πατὴρ
3513 3603 3612 3674 τὴν
3654 3607 3735 3668 είς

2074 3679 2234 3731 αὐτὸν
2268 3681 2452 3751 τιμὴν,
2479 3682 2572 3735 τοῦ
2602 3683 2733 3736 Υἱοῦ
2763 3684 3148 3755 ἀθετουμένου,
3180 3686 3508 3757 οὓτωςούδέ
3545 3690 3734 3761 Πατὴρ

2075 3765 2167 3817 καὶ
2209 3766 2367 3828 Υἱὸς,
2416 3768 2777 3839 ἀθετουμένου
2812 3772 2903 3824 τοῦ
2945 3773 3099 3840 ἁγίου
3149 3773 3478 3843 Πνεύματος.
3524 3776 3733 3840 Παῦλος

2071 3852 2202 3921 γοῦν
2226 3850 2349 3925 εὗρε
2386 3857 2519 3926 πρὸς
2542 3858 2607 3910 τὰ
2637 3860 2884 3929 αἱρετικά
2908 3860 3121 3923 ζιζάνια
3147 3862 3320 3933 ἀρχὴν
3355 3863 3453 3931 μὲν
3482 3862 3731 3929 λαϐόντα,

2070 3939 2320 3994 οὐδέποτε
2355 3941 2411 3995 δὲ
2449 3945 2761 4014 παρρησίαν
2798 3946 3084 4016 δεξαμένα.
3121 3951 3207 4001 Ἐν
3257 3951 3464 4021 Ἐφέσῳ
3499 3952 3604 4021 γὰρ
3631 3952 3731 4023 τῆς

2085 4028 2266 4090 Ἀσίας
2293 4030 2534 4100 εὑρίσκει
2571 4033 2721 4095 τινὰς
2756 4034 3165 4103 βαπτισθέντας,
3201 4038 3294 4091 καί
3337 4037 3481 4107 λέγει
3512 4041 3727 4104 αὐτοῖς·

2077 4113 2147 4167 El
2182 4115 2420 4183 Πνεῦμα
2454 4117 2623 4186 ἅγιον
2647 4119 2890 4173 ἐλάϐετε
2918 4126 3392 4190 πιστεύσαντες;
3418 4129 3478 4180 υί
3509 4127 3565 4181 δὲ
3597 4128 3730 4198 ἐφη-

2072 4218 2192 4264 σαν,
2221 4202 2372 4255 Οὐδὲ
2403 4206 2457 4256 εἰ
2491 4204 2623 4257 ἐστι
2662 4207 2898 4275 Πνεῦμα
2926 4207 3113 4276 ἅγιον,
3145 4212 3508 4282 ἠκούσαμεν.
3536 4211 3667 4268 Εἶτα
3692 4218 3726 4285 ή

2068 4289 2289 4354 γενναία
2323 4293 2470 4360 φωνή
2494 4307 2507 4321 ·
2549 4294 2651 4356 Εἰς
2678 4294 2736 4345 τί
2773 4290 2884 4346 οὖν
2911 4295 3339 4364 ἐϐαπτίσθητε,
3381 4300 3729 4357 Παιδευσάτω

2069 4374 2275 4444 Πέτρος
2302 4376 2399 4445 τήν
2427 4376 2755 4446 Ἐκκλησίαν
2787 4380 2877 4431 καὶ
2902 4380 3110 4442 Παῦλος
3138 4383 3211 4451 μὴ
3237 4384 3483 4453 αἰρετικὰ
3510 4386 3728 4439 πλέκειν

2070 4462 2445 4533 συζητήματα.
2476 4465 2646 4518 Πόθεν
2671 4468 2702 4535 ή
2733 4465 3042 4536 δυσώνυμος
3062 4468 3324 4538 Εύνομίου
3357 4474 3724 4542 προσηγορίας

2066 4549 2229 4603 πόθεν
2258 4550 2325 4605 τὰ
2341 4553 2592 4623 αἱρετικά
2609 4554 2926 4625 σπέρματα;
2949 4558 3156 4619 Ὄντως
3176 4557 3419 4610 ἀπώλετο
3446 4562 3476 4629 ἡ
3503 4560 3725 4629 ἀλήθεια

2070 4637 2220 4704 παρὰ
2258 4642 2370 4702 τοῖς
2407 4641 2648 4701 ἀσεϐέσι,
2688 4643 2780 4694 καὶ
2806 4644 3105 4714 ἐκράτησεν
3136 4648 3531 4718 Ἀριστοτελικὴ
3578 4649 3720 4702 διδα-

2068 4724 2261 4778 σκαλία
2288 4736 2333 4780 ο.
2362 4726 2497 4789 Τοὺς
2518 4728 2673 4798 ὅρους
2699 4732 2797 4800 τῆς
2827 4730 3168 4802 ἀνθρωπίνης
3194 4732 3402 4799 φύσεως
3429 4733 3723 4804 λαμϐάνεις

2066 4813 2159 4865 ἐπὶ
2178 4813 2277 4882 τῆς
2306 4814 2452 4877 θείας
2479 4815 2571 4867 καὶ
2596 4816 2906 4886 ἀγεννήτου,
2930 4820 3023 4870 καὶ
3048 4820 3299 4887 γεννητὸν
3328 4820 3531 4887 λέγεις;
3551 4824 3622 4876 Σὺ
3641 4823 3718 4885 δὲ.

2066 4900 2219 4970 φησὶ,
2240 4902 2291 4953 τί
2315 4902 2489 4968 λέγεις
2510 4902 2599 4953 τὸν
2620 4905 2863 4973 Πατέρα;
2884 4905 3194 4975 Ἀγέννητον
3214 4906 3374 4975 λέγω,
3399 4908 3511 4960 ἀλλ’
3532 4912 3628 4981 οὐχ
3648 4912 3720 4975 ὼς

2067 4987 2130 5041 σύ
2148 5005 2163 5020 ο
2185 4988 2324 5055 λέγω
2346 4990 2635 5057 ἀγέννητον
2655 4990 2744 5042 τὸν
2763 4992 2997 5061 Πατέρα,
3015 4995 3134 5046 ἐπεὶ
3162 4994 3235 5065 μὴ
3265 4997 3545 5067 ἐγεννήθη.
3565 4998 3719 5052 Ἀλλὰ

2066 5075 2156 5127 καὶ
2177 5075 2269 5127 τὸν
2296 5076 2465 5144 Ἀδὰμ
2489 5075 2631 5143 λέγω
2653 5077 2963 5146 ἀγέννητον,
2983 5081 3168 5151 ἐπειδὴ
3198 5084 3271 5154 μὴ
3298 5084 3582 5156 ἐγεννήθη,
3606 5086 3718 5139 ἀλλ’

2061 5162 2324 5232 ἐπλάσθη,
2362 5163 2450 5232 Μὴ
2484 5161 2658 5228 ξένιζε
2688 5166 2812 5227 τοὺς
2862 5167 3162 5238 ἀκροατάς·
3188 5170 3361 5224 ταῦτα
3392 5172 3683 5243 πλάσματα
3702 5191 3717 5206 ·

2061 5249 2353 5329 ἀγέννητος
2380 5252 2408 5302 6
2431 5248 2640 5320 Πατὴρ,
2671 5250 2764 5303 καὶ
2794 5251 2960 5304 πολλά
2986 5253 3148 5325 ἕτερα
3169 5257 3458 5329 ἁγέννητα.
3490 5261 3718 5329 Λέγεται

2062 5331 2159 5399 μὲν
2209 5326 2302 5384 οὖν
2340 5331 2633 5401 ἀγέννητον
2685 5334 2794 5385 πᾶν
2834 5334 2897 5386 τὸ
2952 5336 3025 5406 μὴ
3082 5326 3455 5409 γεννώμενον·
3505 5326 3717 5410 λέγεται

360 5422 391 5499 ξι
419 5423 471 5499 In)
491 5414 643 5499 Περὶ
659 5421 864 5499 σῇμερον
888 5426 941 5467 ει
962 5414 1074 5468 mox
1099 5420 1289 5477 αἰώνιος
1311 5420 1509 5479 desunt,
1533 5434 1629 5471 nec
1660 5422 1789 5472 lecta
1810 5423 1958 5473 fuisse

2075 5414 2350 5487 ὶγέννητον
2379 5415 2399 5454 ί
2432 5418 2527 5470 καὶ
2551 5420 2659 5471 πᾶν
2685 5420 2745 5472 τὸ
2773 5421 3111 5491 γιγνόμενον,
3152 5425 3377 5494 μηδέπω
3397 5427 3721 5499 γενόμενον·

296 5482 983 5554 τίίέεἱεηυῒ.²δ¹“ἓθτβῗθὲθ·ην
1139 5542 1190 5554 ..
1251 5541 1281 5554 ..
1350 5540 1379 5554 ..
1442 5545 1452 5554 .
1669 5545 1679 5554 .

358 5543 648 5605 οΝομίζεται
673 5541 817 5591 deest.
849 5544 898 5590 in
922 5541 1069 5605 Reg.,
1104 5547 1156 5591 et
1176 5542 1226 5590 in
1251 5541 1400 5593 Savil.
1439 5545 1488 5593 in
1530 5545 1748 5606 margine
1772 5551 1957 5611 tantum

292 5608 557 5715 ’δῖ’ἓὲτίι.
581 5665 843 5728 legendum
865 5669 1002 5725 putat
1021 5665 1235 5727 πατέρος.

2124 5554 2147 5621 ξ
2170 5552 2291 5621 ᾖξε.
2314 5554 2579 5618 ἐκράτησαν
2614 5556 2988 5621 Ἀριστοτεὶικάς
3010 5562 3329 5618 διδασκαλίας.

2123 5612 2144 5651 ἲ
2171 5612 2269 5691 Hie7
2284 5621 2339 5688 ei
2356 5612 2527 5677 postea
2546 5612 2743 5669 confdsa
2762 5629 2874 5669 sunt
2894 5612 3116 5682 ἀγένητον
3138 5640 3165 5672 a
3189 5612 3425 5686 γίγνομαι,
3446 5632 3500 5675 et
3523 5626 3727 5691 ἀγέννηέ,

2059 5689 2139 5723 τον
2158 5688 2185 5723 a
2204 5690 2451 5739 γενιωμαι.
