  <div class='ocr_page' id='page_1' title='image "/cluster/home/n/w/nwhite01/storage/ocr_20150623/63/hvd.32044054112164/444.png"; bbox 0 0 4092 6206; ppageno 0'>
   <div class='ocr_carea' id='block_1_1' title="bbox 402 226 511 293">
    <p class='ocr_par' dir='ltr' id='par_1_1' title="bbox 402 226 511 293">
     <span class='ocr_line' id='line_1_1' title="bbox 402 226 511 293; baseline -0.028 -9"><span class='ocrx_word' id='word_1_1' title='bbox 402 226 511 293; x_wconf 56' lang='grc'><strong>5⁷19</strong></span> 
     </span>
    </p>
   </div>
   <div class='ocr_carea' id='block_1_2' title="bbox 404 343 1978 425">
    <p class='ocr_par' dir='ltr' id='par_1_2' title="bbox 404 343 1978 425">
     <span class='ocr_line' id='line_1_2' title="bbox 404 343 1978 425; baseline -0.003 -18"><span class='ocrx_word' id='word_1_2' title='bbox 404 361 564 424; x_wconf 86' lang='lat' dir='ltr'><strong>pacto</strong></span> <span class='ocrx_word' id='word_1_3' title='bbox 592 352 758 409; x_wconf 88' lang='lat' dir='ltr'><strong>multa</strong></span> <span class='ocrx_word' id='word_1_4' title='bbox 788 343 914 411; x_wconf 81' lang='lat' dir='ltr'><strong>sunt</strong></span> <span class='ocrx_word' id='word_1_5' title='bbox 933 353 1165 425; x_wconf 81' lang='lat' dir='ltr'><strong>ingenita</strong></span> <span class='ocrx_word' id='word_1_6' title='bbox 1198 368 1212 407; x_wconf 90' lang='lat'><strong>:</strong></span> <span class='ocrx_word' id='word_1_7' title='bbox 1247 361 1306 411; x_wconf 87' lang='lat' dir='ltr'><strong>ut</strong></span> <span class='ocrx_word' id='word_1_8' title='bbox 1327 366 1449 409; x_wconf 89' lang='lat' dir='ltr'><strong>cum</strong></span> <span class='ocrx_word' id='word_1_9' title='bbox 1472 352 1745 422; x_wconf 80' lang='lat' dir='ltr'><strong>prophetae</strong></span> <span class='ocrx_word' id='word_1_10' title='bbox 1771 350 1978 416; x_wconf 88' lang='lat' dir='ltr'><strong>dicunt,</strong></span> 
     </span>
    </p>
   </div>
   <div class='ocr_carea' id='block_1_3' title="bbox 403 441 1977 515">
    <p class='ocr_par' dir='ltr' id='par_1_3' title="bbox 403 441 1977 515">
     <span class='ocr_line' id='line_1_3' title="bbox 403 441 1977 515; baseline -0.002 -19"><span class='ocrx_word' id='word_1_11' title='bbox 403 444 790 515; x_wconf 86' lang='lat' dir='ltr'><strong>speciatimque</strong></span> <span class='ocrx_word' id='word_1_12' title='bbox 818 445 1040 501; x_wconf 83' lang='lat' dir='ltr'><strong>Daniel:</strong></span> <span class='ocrx_word' id='word_1_13' title='bbox 1067 444 1384 513; x_wconf 78' lang='lat' dir='ltr'><strong>Aspieiebam</strong></span> <span class='ocrx_word' id='word_1_14' title='bbox 1423 450 1641 509; x_wconf 85' lang='lat' dir='ltr'><strong>quatuor</strong></span> <span class='ocrx_word' id='word_1_15' title='bbox 1675 441 1859 496; x_wconf 85' lang='lat' dir='ltr'><strong>bestias</strong></span> <span class='ocrx_word' id='word_1_16' title='bbox 1885 456 1977 493; x_wconf 77' lang='lat' dir='ltr'><strong>ex-</strong></span> 
     </span>
    </p>
   </div>
   <div class='ocr_carea' id='block_1_4' title="bbox 402 532 1971 606">
    <p class='ocr_par' dir='ltr' id='par_1_4' title="bbox 402 532 1971 606">
     <span class='ocr_line' id='line_1_4' title="bbox 402 532 1971 606; baseline -0.003 -19"><span class='ocrx_word' id='word_1_17' title='bbox 402 542 574 588; x_wconf 77' lang='lat' dir='ltr'><strong>euntes</strong></span> <span class='ocrx_word' id='word_1_18' title='bbox 600 538 667 588; x_wconf 84' lang='lat' dir='ltr'><strong>de</strong></span> <span class='ocrx_word' id='word_1_19' title='bbox 693 536 822 589; x_wconf 84' lang='lat' dir='ltr'><strong>mari</strong></span> <span class='ocrx_word' id='word_1_20' title='bbox 850 550 869 589; x_wconf 92' lang='lat'><strong>:</strong></span> <span class='ocrx_word' id='word_1_21' title='bbox 906 542 953 588; x_wconf 89' lang='lat' dir='ltr'><strong>et</strong></span> <span class='ocrx_word' id='word_1_22' title='bbox 990 543 1098 590; x_wconf 85' lang='lat' dir='ltr'><strong>erat</strong></span> <span class='ocrx_word' id='word_1_23' title='bbox 1139 536 1304 606; x_wconf 81' lang='lat' dir='ltr'><strong>prima</strong></span> <span class='ocrx_word' id='word_1_24' title='bbox 1341 533 1499 587; x_wconf 84' lang='lat' dir='ltr'><strong>bestia</strong></span> <span class='ocrx_word' id='word_1_25' title='bbox 1524 533 1669 603; x_wconf 89' lang='lat' dir='ltr'><strong>quasi</strong></span> <span class='ocrx_word' id='word_1_26' title='bbox 1715 532 1894 595; x_wconf 82' lang='lat' dir='ltr'><strong>leama,</strong></span> <span class='ocrx_word' id='word_1_27' title='bbox 1923 540 1971 584; x_wconf 87' lang='lat' dir='ltr'><strong>et</strong></span> 
     </span>
    </p>
   </div>
   <div class='ocr_carea' id='block_1_5' title="bbox 400 622 1977 697">
    <p class='ocr_par' dir='ltr' id='par_1_5' title="bbox 400 622 1977 697">
     <span class='ocr_line' id='line_1_5' title="bbox 400 622 1977 697; baseline -0.003 -20"><span class='ocrx_word' id='word_1_28' title='bbox 400 622 501 678; x_wconf 73' lang='lat' dir='ltr'><strong>ala:</strong></span> <span class='ocrx_word' id='word_1_29' title='bbox 526 623 637 692; x_wconf 80' lang='lat' dir='ltr'><strong>eius</strong></span> <span class='ocrx_word' id='word_1_30' title='bbox 666 627 805 682; x_wconf 80' lang='lat' dir='ltr'><strong>sicut</strong></span> <span class='ocrx_word' id='word_1_31' title='bbox 841 625 1027 696; x_wconf 77' lang='lat' dir='ltr'><strong>aquila:</strong></span> <span class='ocrx_word' id='word_1_32' title='bbox 1055 623 1215 697; x_wconf 86' lang='lat' dir='ltr'><strong>(Dan.</strong></span> <span class='ocrx_word' id='word_1_33' title='bbox 1248 625 1302 678; x_wconf 89' lang='lat'><strong>7.</strong></span> <span class='ocrx_word' id='word_1_34' title='bbox 1329 624 1383 679; x_wconf 80' lang='lat'><strong>5.</strong></span> <span class='ocrx_word' id='word_1_35' title='bbox 1411 622 1487 694; x_wconf 67' lang='grc' dir='ltr'><strong>ἄ).</strong></span> <span class='ocrx_word' id='word_1_36' title='bbox 1520 625 1584 677; x_wconf 69' lang='lat' dir='ltr'><strong>lit</strong></span> <span class='ocrx_word' id='word_1_37' title='bbox 1614 622 1725 688; x_wconf 89' lang='lat' dir='ltr'><strong>ubi,</strong></span> <span class='ocrx_word' id='word_1_38' title='bbox 1771 636 1977 691; x_wconf 80' lang='lat' dir='ltr'><strong>qtueso,</strong></span> 
     </span>
    </p>
   </div>
   <div class='ocr_carea' id='block_1_6' title="bbox 401 713 1975 778">
    <p class='ocr_par' dir='ltr' id='par_1_6' title="bbox 401 713 1975 778">
     <span class='ocr_line' id='line_1_6' title="bbox 401 713 1975 778; baseline 0 -12"><span class='ocrx_word' id='word_1_39' title='bbox 401 715 587 771; x_wconf 79' lang='lat' dir='ltr'><strong>vidisti</strong></span> <span class='ocrx_word' id='word_1_40' title='bbox 620 715 841 775; x_wconf 71' lang='lat' dir='ltr'><strong>lemnam</strong></span> <span class='ocrx_word' id='word_1_41' title='bbox 876 717 1043 771; x_wconf 78' lang='lat' dir='ltr'><strong>feram</strong></span> <span class='ocrx_word' id='word_1_42' title='bbox 1092 716 1179 770; x_wconf 89' lang='lat' dir='ltr'><strong>illa</strong></span> <span class='ocrx_word' id='word_1_43' title='bbox 1204 715 1418 771; x_wconf 83' lang='lat' dir='ltr'><strong>forma?</strong></span> <span class='ocrx_word' id='word_1_44' title='bbox 1448 716 1537 770; x_wconf 93' lang='lat' dir='ltr'><strong>ubi</strong></span> <span class='ocrx_word' id='word_1_45' title='bbox 1563 715 1740 771; x_wconf 87' lang='lat' dir='ltr'><strong>vidisti</strong></span> <span class='ocrx_word' id='word_1_46' title='bbox 1786 713 1975 778; x_wconf 81' lang='lat' dir='ltr'><strong>feram,</strong></span> 
     </span>
    </p>
   </div>
   <div class='ocr_carea' id='block_1_7' title="bbox 403 806 1978 878">
    <p class='ocr_par' dir='ltr' id='par_1_7' title="bbox 403 806 1978 878">
     <span class='ocr_line' id='line_1_7' title="bbox 403 806 1978 878; baseline -0.004 -13"><span class='ocrx_word' id='word_1_47' title='bbox 403 822 524 875; x_wconf 81' lang='lat' dir='ltr'><strong>qua:</strong></span> <span class='ocrx_word' id='word_1_48' title='bbox 570 806 767 862; x_wconf 87' lang='lat' dir='ltr'><strong>habeat</strong></span> <span class='ocrx_word' id='word_1_49' title='bbox 795 822 1000 878; x_wconf 81' lang='lat' dir='ltr'><strong>ungues</strong></span> <span class='ocrx_word' id='word_1_50' title='bbox 1042 807 1245 867; x_wconf 75' lang='lat' dir='ltr'><strong>ferreos</strong></span> <span class='ocrx_word' id='word_1_51' title='bbox 1274 816 1331 862; x_wconf 86' lang='lat' dir='ltr'><strong>et</strong></span> <span class='ocrx_word' id='word_1_52' title='bbox 1373 807 1559 864; x_wconf 85' lang='lat' dir='ltr'><strong>dentes</strong></span> <span class='ocrx_word' id='word_1_53' title='bbox 1596 806 1809 864; x_wconf 75' lang='lat' dir='ltr'><strong>tercos?</strong></span> <span class='ocrx_word' id='word_1_54' title='bbox 1852 806 1978 860; x_wconf 76' lang='lat' dir='ltr'><strong>lla-c</strong></span> 
     </span>
    </p>
   </div>
   <div class='ocr_carea' id='block_1_8' title="bbox 399 896 1977 970">
    <p class='ocr_par' dir='ltr' id='par_1_8' title="bbox 399 896 1977 970">
     <span class='ocr_line' id='line_1_8' title="bbox 399 896 1977 970; baseline -0.001 -17"><span class='ocrx_word' id='word_1_55' title='bbox 399 907 550 953; x_wconf 87' lang='lat' dir='ltr'><strong>certe</strong></span> <span class='ocrx_word' id='word_1_56' title='bbox 590 899 881 955; x_wconf 81' lang='lat' dir='ltr'><strong>secundum</strong></span> <span class='ocrx_word' id='word_1_57' title='bbox 926 899 1191 955; x_wconf 75' lang='lat' dir='ltr'><strong>visionem</strong></span> <span class='ocrx_word' id='word_1_58' title='bbox 1240 899 1527 968; x_wconf 77' lang='lat' dir='ltr'><strong>descripsit</strong></span> <span class='ocrx_word' id='word_1_59' title='bbox 1572 898 1849 970; x_wconf 84' lang='lat' dir='ltr'><strong>prepheta,</strong></span> <span class='ocrx_word' id='word_1_60' title='bbox 1882 896 1977 952; x_wconf 91' lang='lat' dir='ltr'><strong>sed</strong></span> 
     </span>
    </p>
   </div>
   <div class='ocr_carea' id='block_1_9' title="bbox 401 988 1975 1062">
    <p class='ocr_par' dir='ltr' id='par_1_9' title="bbox 401 988 1975 1062">
     <span class='ocr_line' id='line_1_9' title="bbox 401 988 1975 1062; baseline 0 -19"><span class='ocrx_word' id='word_1_61' title='bbox 401 1006 690 1062; x_wconf 79' lang='lat' dir='ltr'><strong>numquam</strong></span> <span class='ocrx_word' id='word_1_62' title='bbox 730 990 901 1059; x_wconf 80' lang='lat' dir='ltr'><strong>fuere,</strong></span> <span class='ocrx_word' id='word_1_63' title='bbox 935 1006 1038 1049; x_wconf 88' lang='lat' dir='ltr'><strong>nec</strong></span> <span class='ocrx_word' id='word_1_64' title='bbox 1065 991 1238 1047; x_wconf 84' lang='lat' dir='ltr'><strong>futura</strong></span> <span class='ocrx_word' id='word_1_65' title='bbox 1264 1001 1431 1056; x_wconf 86' lang='lat' dir='ltr'><strong>sunt;</strong></span> <span class='ocrx_word' id='word_1_66' title='bbox 1461 990 1553 1047; x_wconf 89' lang='lat' dir='ltr'><strong>sed</strong></span> <span class='ocrx_word' id='word_1_67' title='bbox 1577 999 1659 1045; x_wconf 89' lang='lat' dir='ltr'><strong>est</strong></span> <span class='ocrx_word' id='word_1_68' title='bbox 1690 990 1855 1045; x_wconf 87' lang='lat' dir='ltr'><strong>bestia</strong></span> <span class='ocrx_word' id='word_1_69' title='bbox 1887 988 1975 1043; x_wconf 86' lang='lat' dir='ltr'><strong>illa</strong></span> 
     </span>
    </p>
   </div>
   <div class='ocr_carea' id='block_1_10' title="bbox 402 1082 1974 1154">
    <p class='ocr_par' dir='ltr' id='par_1_10' title="bbox 402 1082 1974 1154">
     <span class='ocr_line' id='line_1_10' title="bbox 402 1082 1974 1154; baseline -0.001 -18"><span class='ocrx_word' id='word_1_70' title='bbox 402 1083 670 1153; x_wconf 83' lang='lat' dir='ltr'><strong>ingenita,</strong></span> <span class='ocrx_word' id='word_1_71' title='bbox 701 1098 875 1154; x_wconf 88' lang='lat' dir='ltr'><strong>neque</strong></span> <span class='ocrx_word' id='word_1_72' title='bbox 924 1098 1173 1152; x_wconf 83' lang='lat' dir='ltr'><strong>umquam</strong></span> <span class='ocrx_word' id='word_1_73' title='bbox 1206 1082 1368 1144; x_wconf 83' lang='lat' dir='ltr'><strong>facta,</strong></span> <span class='ocrx_word' id='word_1_74' title='bbox 1398 1082 1492 1138; x_wconf 91' lang='lat' dir='ltr'><strong>sed</strong></span> <span class='ocrx_word' id='word_1_75' title='bbox 1544 1091 1747 1137; x_wconf 88' lang='lat' dir='ltr'><strong>tantum</strong></span> <span class='ocrx_word' id='word_1_76' title='bbox 1801 1082 1974 1135; x_wconf 81' lang='lat' dir='ltr'><strong>norni-</strong></span> 
     </span>
    </p>
   </div>
   <div class='ocr_carea' id='block_1_11' title="bbox 401 1172 1974 1243">
    <p class='ocr_par' dir='ltr' id='par_1_11' title="bbox 401 1172 1974 1243">
     <span class='ocr_line' id='line_1_11' title="bbox 401 1172 1974 1243; baseline -0.001 -16"><span class='ocrx_word' id='word_1_77' title='bbox 401 1185 545 1227; x_wconf 84' lang='lat' dir='ltr'><strong>nata.</strong></span> <span class='ocrx_word' id='word_1_78' title='bbox 577 1172 707 1241; x_wconf 73' lang='lat' dir='ltr'><strong>ane</strong></span> <span class='ocrx_word' id='word_1_79' title='bbox 734 1188 983 1243; x_wconf 78' lang='lat' dir='ltr'><strong>umquam</strong></span> <span class='ocrx_word' id='word_1_80' title='bbox 1025 1174 1281 1229; x_wconf 80' lang='lat' dir='ltr'><strong>mulieres</strong></span> <span class='ocrx_word' id='word_1_81' title='bbox 1321 1173 1537 1228; x_wconf 77' lang='lat' dir='ltr'><strong>luerunt</strong></span> <span class='ocrx_word' id='word_1_82' title='bbox 1572 1173 1671 1227; x_wconf 92' lang='lat' dir='ltr'><strong>alis</strong></span> <span class='ocrx_word' id='word_1_83' title='bbox 1702 1173 1974 1226; x_wconf 79' lang='lat' dir='ltr'><strong>instructa:</strong></span> 
     </span>
    </p>
   </div>
   <div class='ocr_carea' id='block_1_12' title="bbox 399 1260 2027 1335">
    <p class='ocr_par' dir='ltr' id='par_1_12' title="bbox 399 1260 2027 1335">
     <span class='ocr_line' id='line_1_12' title="bbox 399 1260 2027 1335; baseline -0.004 -16"><span class='ocrx_word' id='word_1_84' title='bbox 399 1264 586 1320; x_wconf 70' lang='lat' dir='ltr'><strong>quales</strong></span> <span class='ocrx_word' id='word_1_85' title='bbox 613 1264 749 1319; x_wconf 84' lang='lat' dir='ltr'><strong>vidit</strong></span> <span class='ocrx_word' id='word_1_86' title='bbox 776 1263 1064 1319; x_wconf 78' lang='lat' dir='ltr'><strong>Zacharias</strong></span> <span class='ocrx_word' id='word_1_87' title='bbox 1102 1263 1289 1335; x_wconf 80' lang='lat' dir='ltr'><strong>(Zach.</strong></span> <span class='ocrx_word' id='word_1_88' title='bbox 1321 1264 1375 1319; x_wconf 81' lang='lat'><strong>5.</strong></span> <span class='ocrx_word' id='word_1_89' title='bbox 1407 1262 1499 1332; x_wconf 83' lang='lat'><strong>9)?</strong></span> <span class='ocrx_word' id='word_1_90' title='bbox 1539 1262 1628 1319; x_wconf 91' lang='lat' dir='ltr'><strong>ubi</strong></span> <span class='ocrx_word' id='word_1_91' title='bbox 1653 1260 1828 1316; x_wconf 82' lang='lat' dir='ltr'><strong>vidisti</strong></span> <span class='ocrx_word' id='word_1_92' title='bbox 1856 1277 1976 1330; x_wconf 87' lang='lat' dir='ltr'><strong>par-</strong></span> <span class='ocrx_word' id='word_1_93' title='bbox 2019 1270 2027 1277; x_wconf 83' lang='lat'><strong><em>‘</em></strong></span> 
     </span>
    </p>
   </div>
   <div class='ocr_carea' id='block_1_13' title="bbox 399 1349 1976 1425">
    <p class='ocr_par' dir='ltr' id='par_1_13' title="bbox 399 1349 1976 1425">
     <span class='ocr_line' id='line_1_13' title="bbox 399 1349 1976 1425; baseline -0.001 -15"><span class='ocrx_word' id='word_1_94' title='bbox 399 1355 562 1410; x_wconf 85' lang='lat' dir='ltr'><strong>dalim</strong></span> <span class='ocrx_word' id='word_1_95' title='bbox 604 1355 716 1411; x_wconf 87' lang='lat' dir='ltr'><strong>alas</strong></span> <span class='ocrx_word' id='word_1_96' title='bbox 759 1349 1084 1411; x_wconf 79' lang='lat' dir='ltr'><strong>habentem?</strong></span> <span class='ocrx_word' id='word_1_97' title='bbox 1130 1356 1257 1411; x_wconf 66' lang='lat' dir='ltr'><strong>Haec</strong></span> <span class='ocrx_word' id='word_1_98' title='bbox 1288 1371 1446 1425; x_wconf 87' lang='lat' dir='ltr'><strong>porro</strong></span> <span class='ocrx_word' id='word_1_99' title='bbox 1487 1356 1665 1411; x_wconf 85' lang='lat' dir='ltr'><strong>omnia</strong></span> <span class='ocrx_word' id='word_1_100' title='bbox 1708 1354 1976 1419; x_wconf 72' lang='lat' dir='ltr'><strong>enarravit</strong></span> 
     </span>
    </p>
   </div>
   <div class='ocr_carea' id='block_1_14' title="bbox 400 1444 1970 1519">
    <p class='ocr_par' dir='ltr' id='par_1_14' title="bbox 400 1444 1970 1519">
     <span class='ocr_line' id='line_1_14' title="bbox 400 1444 1970 1519; baseline -0.002 -16"><span class='ocrx_word' id='word_1_101' title='bbox 400 1456 587 1503; x_wconf 83' lang='lat' dir='ltr'><strong>neatus</strong></span> <span class='ocrx_word' id='word_1_102' title='bbox 615 1444 1116 1519; x_wconf 80' lang='lat' dir='ltr'><strong>Daniel(Dan.c.7).</strong></span> <span class='ocrx_word' id='word_1_103' title='bbox 1150 1449 1256 1503; x_wconf 80' lang='lat' dir='ltr'><strong>Aut</strong></span> <span class='ocrx_word' id='word_1_104' title='bbox 1285 1447 1373 1502; x_wconf 90' lang='lat' dir='ltr'><strong>ubi</strong></span> <span class='ocrx_word' id='word_1_105' title='bbox 1414 1447 1593 1502; x_wconf 82' lang='lat' dir='ltr'><strong>vidisti</strong></span> <span class='ocrx_word' id='word_1_106' title='bbox 1634 1456 1864 1503; x_wconf 79' lang='lat' dir='ltr'><strong>statuam</strong></span> <span class='ocrx_word' id='word_1_107' title='bbox 1906 1462 1970 1501; x_wconf 79' lang='lat' dir='ltr'><strong>ex</strong></span> 
     </span>
    </p>
   </div>
   <div class='ocr_carea' id='block_1_15' title="bbox 398 1536 1975 1609">
    <p class='ocr_par' dir='ltr' id='par_1_15' title="bbox 398 1536 1975 1609">
     <span class='ocr_line' id='line_1_15' title="bbox 398 1536 1975 1609; baseline -0.002 -16"><span class='ocrx_word' id='word_1_108' title='bbox 398 1555 552 1602; x_wconf 89' lang='lat' dir='ltr'><strong>auro,</strong></span> <span class='ocrx_word' id='word_1_109' title='bbox 585 1549 830 1609; x_wconf 85' lang='lat' dir='ltr'><strong>argento,</strong></span> <span class='ocrx_word' id='word_1_110' title='bbox 853 1554 984 1606; x_wconf 76' lang='lat' dir='ltr'><strong>scre,</strong></span> <span class='ocrx_word' id='word_1_111' title='bbox 1014 1539 1177 1606; x_wconf 83' lang='lat' dir='ltr'><strong>ferro,</strong></span> <span class='ocrx_word' id='word_1_112' title='bbox 1210 1547 1346 1595; x_wconf 90' lang='lat' dir='ltr'><strong>testa</strong></span> <span class='ocrx_word' id='word_1_113' title='bbox 1376 1538 1591 1606; x_wconf 80' lang='lat' dir='ltr'><strong>factam,</strong></span> <span class='ocrx_word' id='word_1_114' title='bbox 1611 1538 1822 1607; x_wconf 87' lang='lat' dir='ltr'><strong>qualem</strong></span> <span class='ocrx_word' id='word_1_115' title='bbox 1847 1536 1975 1592; x_wconf 82' lang='lat' dir='ltr'><strong>vidit</strong></span> 
     </span>
    </p>
   </div>
   <div class='ocr_carea' id='block_1_16' title="bbox 398 1629 1974 1700">
    <p class='ocr_par' dir='ltr' id='par_1_16' title="bbox 398 1629 1974 1700">
     <span class='ocr_line' id='line_1_16' title="bbox 398 1629 1974 1700; baseline -0.001 -16"><span class='ocrx_word' id='word_1_116' title='bbox 398 1630 624 1685; x_wconf 82' lang='lat' dir='ltr'><strong>Daniel?</strong></span> <span class='ocrx_word' id='word_1_117' title='bbox 646 1629 1078 1700; x_wconf 80' lang='lat' dir='ltr'><strong>Unumquodque</strong></span> <span class='ocrx_word' id='word_1_118' title='bbox 1104 1630 1293 1685; x_wconf 87' lang='lat' dir='ltr'><strong>horum</strong></span> <span class='ocrx_word' id='word_1_119' title='bbox 1322 1638 1404 1685; x_wconf 89' lang='lat' dir='ltr'><strong>est</strong></span> <span class='ocrx_word' id='word_1_120' title='bbox 1433 1630 1721 1699; x_wconf 82' lang='lat' dir='ltr'><strong>ingenitum</strong></span> <span class='ocrx_word' id='word_1_121' title='bbox 1749 1645 1764 1694; x_wconf 89' lang='lat'><strong>;</strong></span> <span class='ocrx_word' id='word_1_122' title='bbox 1800 1642 1974 1698; x_wconf 89' lang='lat' dir='ltr'><strong>neque</strong></span> 
     </span>
    </p>
   </div>
   <div class='ocr_carea' id='block_1_17' title="bbox 402 1721 1974 1791">
    <p class='ocr_par' dir='ltr' id='par_1_17' title="bbox 402 1721 1974 1791">
     <span class='ocr_line' id='line_1_17' title="bbox 402 1721 1974 1791; baseline -0.002 -14"><span class='ocrx_word' id='word_1_123' title='bbox 402 1724 547 1778; x_wconf 90' lang='lat' dir='ltr'><strong>enim</strong></span> <span class='ocrx_word' id='word_1_124' title='bbox 578 1737 826 1791; x_wconf 84' lang='lat' dir='ltr'><strong>umquam</strong></span> <span class='ocrx_word' id='word_1_125' title='bbox 876 1721 1072 1777; x_wconf 78' lang='lat' dir='ltr'><strong>factum</strong></span> <span class='ocrx_word' id='word_1_126' title='bbox 1114 1731 1241 1777; x_wconf 90' lang='lat' dir='ltr'><strong>est:</strong></span> <span class='ocrx_word' id='word_1_127' title='bbox 1288 1722 1383 1778; x_wconf 90' lang='lat' dir='ltr'><strong>sed</strong></span> <span class='ocrx_word' id='word_1_128' title='bbox 1426 1722 1749 1789; x_wconf 89' lang='lat' dir='ltr'><strong>descriptum</strong></span> <span class='ocrx_word' id='word_1_129' title='bbox 1790 1727 1874 1781; x_wconf 81' lang='lat' dir='ltr'><strong>est</strong></span> <span class='ocrx_word' id='word_1_130' title='bbox 1917 1729 1974 1775; x_wconf 88' lang='lat' dir='ltr'><strong>ut</strong></span> 
     </span>
    </p>
   </div>
   <div class='ocr_carea' id='block_1_18' title="bbox 398 1810 1970 1884">
    <p class='ocr_par' dir='ltr' id='par_1_18' title="bbox 398 1810 1970 1884">
     <span class='ocr_line' id='line_1_18' title="bbox 398 1810 1970 1884; baseline -0.003 -17"><span class='ocrx_word' id='word_1_131' title='bbox 398 1815 545 1871; x_wconf 84' lang='lat' dir='ltr'><strong>tictio</strong></span> <span class='ocrx_word' id='word_1_132' title='bbox 570 1822 625 1873; x_wconf 82' lang='lat' dir='ltr'><strong>et</strong></span> <span class='ocrx_word' id='word_1_133' title='bbox 654 1814 812 1870; x_wconf 89' lang='lat' dir='ltr'><strong>visio.</strong></span> <span class='ocrx_word' id='word_1_134' title='bbox 834 1813 912 1869; x_wconf 84' lang='lat' dir='ltr'><strong>Ne</strong></span> <span class='ocrx_word' id='word_1_135' title='bbox 939 1815 1115 1884; x_wconf 85' lang='lat' dir='ltr'><strong>itaque</strong></span> <span class='ocrx_word' id='word_1_136' title='bbox 1144 1822 1299 1884; x_wconf 81' lang='lat' dir='ltr'><strong>putes</strong></span> <span class='ocrx_word' id='word_1_137' title='bbox 1330 1823 1380 1870; x_wconf 93' lang='lat' dir='ltr'><strong>te</strong></span> <span class='ocrx_word' id='word_1_138' title='bbox 1423 1829 1671 1883; x_wconf 87' lang='lat' dir='ltr'><strong>magnum</strong></span> <span class='ocrx_word' id='word_1_139' title='bbox 1701 1810 1970 1881; x_wconf 83' lang='lat' dir='ltr'><strong>quidpiam</strong></span> 
     </span>
    </p>
   </div>
   <div class='ocr_carea' id='block_1_19' title="bbox 398 1904 1973 1974">
    <p class='ocr_par' dir='ltr' id='par_1_19' title="bbox 398 1904 1973 1974">
     <span class='ocr_line' id='line_1_19' title="bbox 398 1904 1973 1974; baseline -0.001 -13"><span class='ocrx_word' id='word_1_140' title='bbox 398 1906 541 1961; x_wconf 74' lang='lat' dir='ltr'><strong>l‘atri</strong></span> <span class='ocrx_word' id='word_1_141' title='bbox 572 1904 829 1969; x_wconf 87' lang='lat' dir='ltr'><strong>tribuere,</strong></span> <span class='ocrx_word' id='word_1_142' title='bbox 848 1919 971 1961; x_wconf 82' lang='lat' dir='ltr'><strong>cum</strong></span> <span class='ocrx_word' id='word_1_143' title='bbox 1013 1904 1149 1959; x_wconf 89' lang='lat' dir='ltr'><strong>dicis</strong></span> <span class='ocrx_word' id='word_1_144' title='bbox 1181 1904 1329 1958; x_wconf 86' lang='lat' dir='ltr'><strong>illum</strong></span> <span class='ocrx_word' id='word_1_145' title='bbox 1374 1904 1689 1974; x_wconf 83' lang='lat' dir='ltr'><strong>ingenitum,</strong></span> <span class='ocrx_word' id='word_1_146' title='bbox 1735 1904 1973 1974; x_wconf 86' lang='lat' dir='ltr'><strong>quando-</strong></span> 
     </span>
    </p>
   </div>
   <div class='ocr_carea' id='block_1_20' title="bbox 395 1996 1971 2069">
    <p class='ocr_par' dir='ltr' id='par_1_20' title="bbox 395 1996 1971 2069">
     <span class='ocr_line' id='line_1_20' title="bbox 395 1996 1971 2069; baseline 0.001 -19"><span class='ocrx_word' id='word_1_147' title='bbox 395 1996 612 2066; x_wconf 78' lang='lat' dir='ltr'><strong>quidem</strong></span> <span class='ocrx_word' id='word_1_148' title='bbox 660 1997 824 2052; x_wconf 83' lang='lat' dir='ltr'><strong>multa</strong></span> <span class='ocrx_word' id='word_1_149' title='bbox 858 1998 983 2060; x_wconf 88' lang='lat' dir='ltr'><strong>alia,</strong></span> <span class='ocrx_word' id='word_1_150' title='bbox 1011 2012 1132 2066; x_wconf 73' lang='lat' dir='ltr'><strong>qua:</strong></span> <span class='ocrx_word' id='word_1_151' title='bbox 1178 2013 1466 2069; x_wconf 87' lang='lat' dir='ltr'><strong>numquam</strong></span> <span class='ocrx_word' id='word_1_152' title='bbox 1522 1997 1692 2064; x_wconf 80' lang='lat' dir='ltr'><strong>luere,</strong></span> <span class='ocrx_word' id='word_1_153' title='bbox 1736 1998 1971 2068; x_wconf 86' lang='lat' dir='ltr'><strong>ingenita</strong></span> 
     </span>
    </p>
   </div>
   <div class='ocr_carea' id='block_1_21' title="bbox 393 2088 1973 2158">
    <p class='ocr_par' dir='ltr' id='par_1_21' title="bbox 393 2088 1973 2158">
     <span class='ocr_line' id='line_1_21' title="bbox 393 2088 1973 2158; baseline 0.001 -17"><span class='ocrx_word' id='word_1_154' title='bbox 393 2089 668 2143; x_wconf 81' lang='lat' dir='ltr'><strong>dicuntur.</strong></span> <span class='ocrx_word' id='word_1_155' title='bbox 701 2089 831 2144; x_wconf 81' lang='lat' dir='ltr'><strong>Novi</strong></span> <span class='ocrx_word' id='word_1_156' title='bbox 884 2088 1201 2158; x_wconf 81' lang='lat' dir='ltr'><strong>profundum</strong></span> <span class='ocrx_word' id='word_1_157' title='bbox 1234 2104 1352 2144; x_wconf 87' lang='lat' dir='ltr'><strong>esse</strong></span> <span class='ocrx_word' id='word_1_158' title='bbox 1401 2103 1742 2153; x_wconf 83' lang='lat' dir='ltr'><strong>sermonem;</strong></span> <span class='ocrx_word' id='word_1_159' title='bbox 1788 2088 1881 2143; x_wconf 81' lang='lat' dir='ltr'><strong>sed</strong></span> <span class='ocrx_word' id='word_1_160' title='bbox 1914 2098 1973 2143; x_wconf 87' lang='lat' dir='ltr'><strong>ut</strong></span> 
     </span>
    </p>
   </div>
   <div class='ocr_carea' id='block_1_22' title="bbox 402 2180 1969 2252">
    <p class='ocr_par' dir='ltr' id='par_1_22' title="bbox 402 2180 1969 2252">
     <span class='ocr_line' id='line_1_22' title="bbox 402 2180 1969 2252; baseline 0.002 -19"><span class='ocrx_word' id='word_1_161' title='bbox 402 2180 709 2236; x_wconf 85' lang='lat' dir='ltr'><strong>hacreticam</strong></span> <span class='ocrx_word' id='word_1_162' title='bbox 737 2182 1027 2252; x_wconf 83' lang='lat' dir='ltr'><strong>nequitiam</strong></span> <span class='ocrx_word' id='word_1_163' title='bbox 1058 2181 1411 2249; x_wconf 82' lang='lat' dir='ltr'><strong>confutarem,</strong></span> <span class='ocrx_word' id='word_1_164' title='bbox 1441 2198 1509 2237; x_wconf 92' lang='lat' dir='ltr'><strong>co</strong></span> <span class='ocrx_word' id='word_1_165' title='bbox 1537 2182 1798 2238; x_wconf 87' lang='lat' dir='ltr'><strong>deductus</strong></span> <span class='ocrx_word' id='word_1_166' title='bbox 1827 2197 1969 2239; x_wconf 82' lang='lat' dir='ltr'><strong>sum.</strong></span> 
     </span>
    </p>
   </div>
   <div class='ocr_carea' id='block_1_23' title="bbox 400 2273 1968 2345">
    <p class='ocr_par' dir='ltr' id='par_1_23' title="bbox 400 2273 1968 2345">
     <span class='ocr_line' id='line_1_23' title="bbox 400 2273 1968 2345; baseline 0.002 -19"><span class='ocrx_word' id='word_1_167' title='bbox 400 2274 603 2328; x_wconf 77' lang='lat' dir='ltr'><strong>Dicitur</strong></span> <span class='ocrx_word' id='word_1_168' title='bbox 628 2289 841 2344; x_wconf 87' lang='lat' dir='ltr'><strong>quoque</strong></span> <span class='ocrx_word' id='word_1_169' title='bbox 867 2274 1028 2328; x_wconf 91' lang='lat' dir='ltr'><strong>homo</strong></span> <span class='ocrx_word' id='word_1_170' title='bbox 1063 2289 1165 2331; x_wconf 90' lang='lat' dir='ltr'><strong>non</strong></span> <span class='ocrx_word' id='word_1_171' title='bbox 1195 2274 1422 2345; x_wconf 83' lang='lat' dir='ltr'><strong>genitus,</strong></span> <span class='ocrx_word' id='word_1_172' title='bbox 1449 2275 1537 2344; x_wconf 89' lang='lat' dir='ltr'><strong>qui</strong></span> <span class='ocrx_word' id='word_1_173' title='bbox 1564 2282 1722 2329; x_wconf 88' lang='lat' dir='ltr'><strong>natus</strong></span> <span class='ocrx_word' id='word_1_174' title='bbox 1748 2288 1854 2329; x_wconf 92' lang='lat' dir='ltr'><strong>non</strong></span> <span class='ocrx_word' id='word_1_175' title='bbox 1876 2273 1968 2329; x_wconf 85' lang='lat' dir='ltr'><strong>sit.</strong></span> 
     </span>
    </p>
   </div>
   <div class='ocr_carea' id='block_1_24' title="bbox 395 2365 1971 2436">
    <p class='ocr_par' dir='ltr' id='par_1_24' title="bbox 395 2365 1971 2436">
     <span class='ocr_line' id='line_1_24' title="bbox 395 2365 1971 2436; baseline 0.002 -19"><span class='ocrx_word' id='word_1_176' title='bbox 395 2365 557 2435; x_wconf 75' lang='lat' dir='ltr'><strong>Atqui</strong></span> <span class='ocrx_word' id='word_1_177' title='bbox 586 2365 634 2420; x_wconf 92' lang='lat' dir='ltr'><strong>si</strong></span> <span class='ocrx_word' id='word_1_178' title='bbox 656 2374 813 2422; x_wconf 86' lang='lat' dir='ltr'><strong>natus</strong></span> <span class='ocrx_word' id='word_1_179' title='bbox 843 2381 949 2422; x_wconf 85' lang='lat' dir='ltr'><strong>non</strong></span> <span class='ocrx_word' id='word_1_180' title='bbox 977 2374 1081 2431; x_wconf 90' lang='lat' dir='ltr'><strong>est,</strong></span> <span class='ocrx_word' id='word_1_181' title='bbox 1111 2366 1341 2436; x_wconf 87' lang='lat' dir='ltr'><strong>inquies,</strong></span> <span class='ocrx_word' id='word_1_182' title='bbox 1370 2366 1638 2436; x_wconf 85' lang='lat' dir='ltr'><strong>quomodo</strong></span> <span class='ocrx_word' id='word_1_183' title='bbox 1660 2365 1713 2420; x_wconf 91' lang='lat' dir='ltr'><strong>id</strong></span> <span class='ocrx_word' id='word_1_184' title='bbox 1736 2365 1971 2423; x_wconf 85' lang='lat' dir='ltr'><strong>dicitur?</strong></span> 
     </span>
    </p>
   </div>
   <div class='ocr_carea' id='block_1_25' title="bbox 396 2456 1974 2529">
    <p class='ocr_par' dir='ltr' id='par_1_25' title="bbox 396 2456 1974 2529">
     <span class='ocr_line' id='line_1_25' title="bbox 396 2456 1974 2529; baseline 0.004 -20"><span class='ocrx_word' id='word_1_185' title='bbox 396 2456 681 2513; x_wconf 84' lang='lat' dir='ltr'><strong>llominem</strong></span> <span class='ocrx_word' id='word_1_186' title='bbox 733 2457 828 2512; x_wconf 87' lang='lat' dir='ltr'><strong>tibi</strong></span> <span class='ocrx_word' id='word_1_187' title='bbox 879 2458 1189 2513; x_wconf 88' lang='lat' dir='ltr'><strong>monstrabo</strong></span> <span class='ocrx_word' id='word_1_188' title='bbox 1230 2473 1339 2512; x_wconf 91' lang='lat' dir='ltr'><strong>non</strong></span> <span class='ocrx_word' id='word_1_189' title='bbox 1382 2461 1668 2529; x_wconf 83' lang='lat' dir='ltr'><strong>genitum:</strong></span> <span class='ocrx_word' id='word_1_190' title='bbox 1716 2458 1974 2515; x_wconf 88' lang='lat' dir='ltr'><strong>Servator</strong></span> 
     </span>
    </p>
   </div>
   <div class='ocr_carea' id='block_1_26' title="bbox 395 2548 1973 2623">
    <p class='ocr_par' dir='ltr' id='par_1_26' title="bbox 395 2548 1973 2623">
     <span class='ocr_line' id='line_1_26' title="bbox 395 2548 1973 2623; baseline 0.003 -21"><span class='ocrx_word' id='word_1_191' title='bbox 395 2548 538 2602; x_wconf 87' lang='lat' dir='ltr'><strong>enim</strong></span> <span class='ocrx_word' id='word_1_192' title='bbox 567 2549 643 2603; x_wconf 85' lang='lat' dir='ltr'><strong>ait</strong></span> <span class='ocrx_word' id='word_1_193' title='bbox 669 2548 738 2605; x_wconf 88' lang='lat' dir='ltr'><strong>de</strong></span> <span class='ocrx_word' id='word_1_194' title='bbox 761 2548 896 2606; x_wconf 73' lang='lat' dir='ltr'><strong>Iuda</strong></span> <span class='ocrx_word' id='word_1_195' title='bbox 928 2550 1235 2619; x_wconf 81' lang='lat' dir='ltr'><strong>proditore:</strong></span> <span class='ocrx_word' id='word_1_196' title='bbox 1272 2549 1357 2604; x_wconf 79' lang='lat' dir='ltr'><strong>Va:</strong></span> <span class='ocrx_word' id='word_1_197' title='bbox 1386 2550 1577 2606; x_wconf 79' lang='lat' dir='ltr'><strong>homini</strong></span> <span class='ocrx_word' id='word_1_198' title='bbox 1603 2550 1683 2606; x_wconf 89' lang='lat' dir='ltr'><strong>illi</strong></span> <span class='ocrx_word' id='word_1_199' title='bbox 1714 2568 1803 2622; x_wconf 82' lang='lat' dir='ltr'><strong>per</strong></span> <span class='ocrx_word' id='word_1_200' title='bbox 1827 2568 1973 2623; x_wconf 79' lang='lat' dir='ltr'><strong>quem</strong></span> 
     </span>
    </p>
   </div>
   <div class='ocr_carea' id='block_1_27' title="bbox 399 2640 1971 2710">
    <p class='ocr_par' dir='ltr' id='par_1_27' title="bbox 399 2640 1971 2710">
     <span class='ocr_line' id='line_1_27' title="bbox 399 2640 1971 2710; baseline 0.004 -17"><span class='ocrx_word' id='word_1_201' title='bbox 399 2640 564 2694; x_wconf 72' lang='lat' dir='ltr'><strong>Filius</strong></span> <span class='ocrx_word' id='word_1_202' title='bbox 613 2642 828 2696; x_wconf 69' lang='lat' dir='ltr'><strong>hominis</strong></span> <span class='ocrx_word' id='word_1_203' title='bbox 875 2642 1103 2699; x_wconf 76' lang='lat' dir='ltr'><strong>tradetur</strong></span> <span class='ocrx_word' id='word_1_204' title='bbox 1131 2643 1153 2696; x_wconf 89' lang='lat'><strong><em>!</em></strong></span> <span class='ocrx_word' id='word_1_205' title='bbox 1198 2642 1381 2696; x_wconf 86' lang='lat' dir='ltr'><strong>bonum</strong></span> <span class='ocrx_word' id='word_1_206' title='bbox 1406 2643 1451 2697; x_wconf 89' lang='lat' dir='ltr'><strong>ei</strong></span> <span class='ocrx_word' id='word_1_207' title='bbox 1481 2643 1672 2710; x_wconf 83' lang='lat' dir='ltr'><strong>erat,si</strong></span> <span class='ocrx_word' id='word_1_208' title='bbox 1698 2653 1847 2699; x_wconf 74' lang='lat' dir='ltr'><strong>natus</strong></span> <span class='ocrx_word' id='word_1_209' title='bbox 1868 2660 1971 2701; x_wconf 86' lang='lat' dir='ltr'><strong>non</strong></span> 
     </span>
    </p>
   </div>
   <div class='ocr_carea' id='block_1_28' title="bbox 398 2731 1972 2805">
    <p class='ocr_par' dir='ltr' id='par_1_28' title="bbox 398 2731 1972 2805">
     <span class='ocr_line' id='line_1_28' title="bbox 398 2731 1972 2805; baseline 0.006 -21"><span class='ocrx_word' id='word_1_210' title='bbox 398 2732 575 2802; x_wconf 81' lang='lat' dir='ltr'><strong>[uisset</strong></span> <span class='ocrx_word' id='word_1_211' title='bbox 612 2731 826 2803; x_wconf 76' lang='lat' dir='ltr'><strong>(Matth.</strong></span> <span class='ocrx_word' id='word_1_212' title='bbox 856 2732 948 2789; x_wconf 69' lang='lat'><strong>26.</strong></span> <span class='ocrx_word' id='word_1_213' title='bbox 992 2734 1110 2802; x_wconf 73' lang='grc'><strong>21).</strong></span> <span class='ocrx_word' id='word_1_214' title='bbox 1134 2735 1201 2789; x_wconf 85' lang='lat' dir='ltr'><strong>Et</strong></span> <span class='ocrx_word' id='word_1_215' title='bbox 1219 2734 1489 2805; x_wconf 87' lang='lat' dir='ltr'><strong>quomodo</strong></span> <span class='ocrx_word' id='word_1_216' title='bbox 1519 2736 1717 2791; x_wconf 89' lang='lat' dir='ltr'><strong>bonum</strong></span> <span class='ocrx_word' id='word_1_217' title='bbox 1744 2736 1793 2791; x_wconf 90' lang='lat' dir='ltr'><strong>ei</strong></span> <span class='ocrx_word' id='word_1_218' title='bbox 1820 2737 1972 2793; x_wconf 78' lang='lat' dir='ltr'><strong>erat?</strong></span> 
     </span>
    </p>
   </div>
   <div class='ocr_carea' id='block_1_29' title="bbox 400 2826 1974 2896">
    <p class='ocr_par' dir='ltr' id='par_1_29' title="bbox 400 2826 1974 2896">
     <span class='ocr_line' id='line_1_29' title="bbox 400 2826 1974 2896; baseline 0.002 -17"><span class='ocrx_word' id='word_1_219' title='bbox 400 2826 450 2879; x_wconf 79' lang='grc' dir='ltr'><strong>ιιι</strong></span> <span class='ocrx_word' id='word_1_220' title='bbox 477 2840 706 2894; x_wconf 83' lang='lat' dir='ltr'><strong>namque</strong></span> <span class='ocrx_word' id='word_1_221' title='bbox 733 2826 824 2896; x_wconf 88' lang='lat' dir='ltr'><strong>qui</strong></span> <span class='ocrx_word' id='word_1_222' title='bbox 873 2842 979 2880; x_wconf 90' lang='lat' dir='ltr'><strong>non</strong></span> <span class='ocrx_word' id='word_1_223' title='bbox 1008 2826 1221 2881; x_wconf 82' lang='lat' dir='ltr'><strong>exsistit</strong></span> <span class='ocrx_word' id='word_1_224' title='bbox 1248 2826 1382 2881; x_wconf 88' lang='lat' dir='ltr'><strong>nihil</strong></span> <span class='ocrx_word' id='word_1_225' title='bbox 1408 2827 1628 2893; x_wconf 88' lang='lat' dir='ltr'><strong>bonum,</strong></span> <span class='ocrx_word' id='word_1_226' title='bbox 1662 2828 1794 2882; x_wconf 88' lang='lat' dir='ltr'><strong>nihil</strong></span> <span class='ocrx_word' id='word_1_227' title='bbox 1822 2828 1974 2883; x_wconf 53' lang='lat' dir='ltr'><strong>dam.</strong></span> 
     </span>
    </p>
   </div>
   <div class='ocr_carea' id='block_1_30' title="bbox 399 2916 1968 2990">
    <p class='ocr_par' dir='ltr' id='par_1_30' title="bbox 399 2916 1968 2990">
     <span class='ocr_line' id='line_1_30' title="bbox 399 2916 1968 2990; baseline 0.003 -20"><span class='ocrx_word' id='word_1_228' title='bbox 399 2932 611 2972; x_wconf 89' lang='lat' dir='ltr'><strong>nosnm.</strong></span> <span class='ocrx_word' id='word_1_229' title='bbox 637 2916 893 2973; x_wconf 87' lang='lat' dir='ltr'><strong>Salomon</strong></span> <span class='ocrx_word' id='word_1_230' title='bbox 918 2932 1130 2988; x_wconf 89' lang='lat' dir='ltr'><strong>quoque</strong></span> <span class='ocrx_word' id='word_1_231' title='bbox 1156 2919 1369 2973; x_wconf 87' lang='lat' dir='ltr'><strong>beatum</strong></span> <span class='ocrx_word' id='word_1_232' title='bbox 1394 2919 1647 2990; x_wconf 67' lang='lat' dir='ltr'><strong>prtedicat</strong></span> <span class='ocrx_word' id='word_1_233' title='bbox 1674 2920 1968 2986; x_wconf 87' lang='lat' dir='ltr'><strong>hominem,</strong></span> 
     </span>
    </p>
   </div>
   <div class='ocr_carea' id='block_1_31' title="bbox 398 3009 1971 3082">
    <p class='ocr_par' dir='ltr' id='par_1_31' title="bbox 398 3009 1971 3082">
     <span class='ocr_line' id='line_1_31' title="bbox 398 3009 1971 3082; baseline 0.004 -19"><span class='ocrx_word' id='word_1_234' title='bbox 398 3010 486 3078; x_wconf 88' lang='lat' dir='ltr'><strong>qui</strong></span> <span class='ocrx_word' id='word_1_235' title='bbox 527 3020 681 3064; x_wconf 83' lang='lat' dir='ltr'><strong>natus</strong></span> <span class='ocrx_word' id='word_1_236' title='bbox 705 3026 811 3065; x_wconf 88' lang='lat' dir='ltr'><strong>non</strong></span> <span class='ocrx_word' id='word_1_237' title='bbox 840 3009 1021 3077; x_wconf 78' lang='lat' dir='ltr'><strong>fuerit,</strong></span> <span class='ocrx_word' id='word_1_238' title='bbox 1052 3010 1135 3065; x_wconf 88' lang='lat' dir='ltr'><strong>his</strong></span> <span class='ocrx_word' id='word_1_239' title='bbox 1159 3011 1336 3066; x_wconf 83' lang='lat' dir='ltr'><strong>verbis</strong></span> <span class='ocrx_word' id='word_1_240' title='bbox 1368 3030 1383 3066; x_wconf 94' lang='lat'><strong>:</strong></span> <span class='ocrx_word' id='word_1_241' title='bbox 1414 3011 1603 3068; x_wconf 80' lang='lat' dir='ltr'><strong>Beatus</strong></span> <span class='ocrx_word' id='word_1_242' title='bbox 1627 3015 1712 3082; x_wconf 87' lang='lat' dir='ltr'><strong>qui</strong></span> <span class='ocrx_word' id='word_1_243' title='bbox 1742 3024 1971 3071; x_wconf 81' lang='lat' dir='ltr'><strong>mortuus</strong></span> 
     </span>
    </p>
   </div>
   <div class='ocr_carea' id='block_1_32' title="bbox 398 3103 1973 3176">
    <p class='ocr_par' dir='ltr' id='par_1_32' title="bbox 398 3103 1973 3176">
     <span class='ocr_line' id='line_1_32' title="bbox 398 3103 1973 3176; baseline 0.003 -21"><span class='ocrx_word' id='word_1_244' title='bbox 398 3112 494 3167; x_wconf 86' lang='lat' dir='ltr'><strong>est,</strong></span> <span class='ocrx_word' id='word_1_245' title='bbox 526 3112 572 3156; x_wconf 88' lang='lat' dir='ltr'><strong>et</strong></span> <span class='ocrx_word' id='word_1_246' title='bbox 598 3106 758 3173; x_wconf 77' lang='lat' dir='ltr'><strong>magis</strong></span> <span class='ocrx_word' id='word_1_247' title='bbox 800 3118 955 3172; x_wconf 83' lang='lat' dir='ltr'><strong>quam</strong></span> <span class='ocrx_word' id='word_1_248' title='bbox 991 3104 1077 3171; x_wconf 85' lang='lat' dir='ltr'><strong>qui</strong></span> <span class='ocrx_word' id='word_1_249' title='bbox 1107 3104 1246 3168; x_wconf 79' lang='lat' dir='ltr'><strong>vivit,</strong></span> <span class='ocrx_word' id='word_1_250' title='bbox 1278 3114 1324 3157; x_wconf 87' lang='lat' dir='ltr'><strong>et</strong></span> <span class='ocrx_word' id='word_1_251' title='bbox 1372 3103 1487 3173; x_wconf 82' lang='lat' dir='ltr'><strong>plus</strong></span> <span class='ocrx_word' id='word_1_252' title='bbox 1527 3121 1676 3175; x_wconf 86' lang='lat' dir='ltr'><strong>quam</strong></span> <span class='ocrx_word' id='word_1_253' title='bbox 1705 3105 1851 3159; x_wconf 83' lang='lat' dir='ltr'><strong>ambo</strong></span> <span class='ocrx_word' id='word_1_254' title='bbox 1886 3106 1973 3176; x_wconf 85' lang='lat' dir='ltr'><strong>qui</strong></span> 
     </span>
    </p>
   </div>
   <div class='ocr_carea' id='block_1_33' title="bbox 399 3192 1965 3263">
    <p class='ocr_par' dir='ltr' id='par_1_33' title="bbox 399 3192 1965 3263">
     <span class='ocr_line' id='line_1_33' title="bbox 399 3192 1965 3263; baseline 0.003 -20"><span class='ocrx_word' id='word_1_255' title='bbox 399 3202 546 3246; x_wconf 86' lang='lat' dir='ltr'><strong>natus</strong></span> <span class='ocrx_word' id='word_1_256' title='bbox 572 3208 673 3247; x_wconf 90' lang='lat' dir='ltr'><strong>non</strong></span> <span class='ocrx_word' id='word_1_257' title='bbox 714 3201 786 3247; x_wconf 85' lang='lat' dir='ltr'><strong>est</strong></span> <span class='ocrx_word' id='word_1_258' title='bbox 818 3192 1012 3263; x_wconf 84' lang='lat' dir='ltr'><strong>(Eccle.</strong></span> <span class='ocrx_word' id='word_1_259' title='bbox 1040 3193 1094 3247; x_wconf 74' lang='grc'><strong>4.</strong></span> <span class='ocrx_word' id='word_1_260' title='bbox 1123 3193 1177 3245; x_wconf 72' lang='grc'><strong>2.</strong></span> <span class='ocrx_word' id='word_1_261' title='bbox 1211 3195 1290 3262; x_wconf 76' lang='grc'><strong>5).</strong></span> <span class='ocrx_word' id='word_1_262' title='bbox 1317 3194 1421 3249; x_wconf 89' lang='lat' dir='ltr'><strong>Sed</strong></span> <span class='ocrx_word' id='word_1_263' title='bbox 1468 3195 1513 3249; x_wconf 90' lang='lat' dir='ltr'><strong>si</strong></span> <span class='ocrx_word' id='word_1_264' title='bbox 1546 3206 1701 3249; x_wconf 84' lang='lat' dir='ltr'><strong>natus</strong></span> <span class='ocrx_word' id='word_1_265' title='bbox 1731 3211 1838 3250; x_wconf 89' lang='lat' dir='ltr'><strong>non</strong></span> <span class='ocrx_word' id='word_1_266' title='bbox 1864 3204 1965 3259; x_wconf 89' lang='lat' dir='ltr'><strong>est,</strong></span> 
     </span>
    </p>
   </div>
   <div class='ocr_carea' id='block_1_34' title="bbox 397 3284 1967 3356">
    <p class='ocr_par' dir='ltr' id='par_1_34' title="bbox 397 3284 1967 3356">
     <span class='ocr_line' id='line_1_34' title="bbox 397 3284 1967 3356; baseline 0.001 -18"><span class='ocrx_word' id='word_1_267' title='bbox 397 3284 667 3353; x_wconf 78' lang='lat' dir='ltr'><strong>quomodo</strong></span> <span class='ocrx_word' id='word_1_268' title='bbox 718 3285 946 3340; x_wconf 84' lang='lat' dir='ltr'><strong>beatus?</strong></span> <span class='ocrx_word' id='word_1_269' title='bbox 996 3285 1130 3341; x_wconf 82' lang='lat' dir='ltr'><strong>Vide</strong></span> <span class='ocrx_word' id='word_1_270' title='bbox 1181 3287 1397 3339; x_wconf 88' lang='lat' dir='ltr'><strong>nomina</strong></span> <span class='ocrx_word' id='word_1_271' title='bbox 1453 3286 1701 3356; x_wconf 80' lang='lat' dir='ltr'><strong>ingenita:</strong></span> <span class='ocrx_word' id='word_1_272' title='bbox 1745 3295 1967 3340; x_wconf 64' lang='lat' dir='ltr'><strong>naturas.</strong></span> 
     </span>
    </p>
   </div>
   <div class='ocr_carea' id='block_1_35' title="bbox 402 3376 1968 3448">
    <p class='ocr_par' dir='ltr' id='par_1_35' title="bbox 402 3376 1968 3448">
     <span class='ocr_line' id='line_1_35' title="bbox 402 3376 1968 3448; baseline 0.001 -17"><span class='ocrx_word' id='word_1_273' title='bbox 402 3376 551 3432; x_wconf 81' lang='lat' dir='ltr'><strong>Dixit</strong></span> <span class='ocrx_word' id='word_1_274' title='bbox 602 3377 815 3431; x_wconf 86' lang='lat' dir='ltr'><strong>beatum</strong></span> <span class='ocrx_word' id='word_1_275' title='bbox 857 3376 1162 3438; x_wconf 82' lang='lat' dir='ltr'><strong>hominem,</strong></span> <span class='ocrx_word' id='word_1_276' title='bbox 1210 3379 1299 3448; x_wconf 90' lang='lat' dir='ltr'><strong>qui</strong></span> <span class='ocrx_word' id='word_1_277' title='bbox 1354 3393 1451 3432; x_wconf 89' lang='lat' dir='ltr'><strong>nec</strong></span> <span class='ocrx_word' id='word_1_278' title='bbox 1504 3387 1658 3433; x_wconf 90' lang='lat' dir='ltr'><strong>natus</strong></span> <span class='ocrx_word' id='word_1_279' title='bbox 1701 3393 1800 3433; x_wconf 88' lang='lat' dir='ltr'><strong>nec</strong></span> <span class='ocrx_word' id='word_1_280' title='bbox 1861 3378 1968 3432; x_wconf 78' lang='lat' dir='ltr'><strong>lor—</strong></span> 
     </span>
    </p>
   </div>
   <div class='ocr_carea' id='block_1_36' title="bbox 398 3468 1967 3540">
    <p class='ocr_par' dir='ltr' id='par_1_36' title="bbox 398 3468 1967 3540">
     <span class='ocr_line' id='line_1_36' title="bbox 398 3468 1967 3540; baseline 0.001 -17"><span class='ocrx_word' id='word_1_281' title='bbox 398 3478 575 3524; x_wconf 87' lang='lat' dir='ltr'><strong>matus</strong></span> <span class='ocrx_word' id='word_1_282' title='bbox 606 3468 791 3525; x_wconf 65' lang='lat' dir='ltr'><strong>tuerit.</strong></span> <span class='ocrx_word' id='word_1_283' title='bbox 821 3470 999 3540; x_wconf 86' lang='lat' dir='ltr'><strong>Itaque</strong></span> <span class='ocrx_word' id='word_1_284' title='bbox 1043 3471 1263 3540; x_wconf 81' lang='lat' dir='ltr'><strong>ingeniti</strong></span> <span class='ocrx_word' id='word_1_285' title='bbox 1306 3485 1502 3524; x_wconf 88' lang='lat' dir='ltr'><strong>nomen</strong></span> <span class='ocrx_word' id='word_1_286' title='bbox 1548 3480 1789 3525; x_wconf 85' lang='lat' dir='ltr'><strong>naturam</strong></span> <span class='ocrx_word' id='word_1_287' title='bbox 1831 3471 1967 3525; x_wconf 84' lang='lat' dir='ltr'><strong>divi-</strong></span> 
     </span>
    </p>
   </div>
   <div class='ocr_carea' id='block_1_37' title="bbox 398 3561 1969 3633">
    <p class='ocr_par' dir='ltr' id='par_1_37' title="bbox 398 3561 1969 3633">
     <span class='ocr_line' id='line_1_37' title="bbox 398 3561 1969 3633; baseline 0.002 -20"><span class='ocrx_word' id='word_1_288' title='bbox 398 3576 522 3615; x_wconf 87' lang='lat' dir='ltr'><strong>nam</strong></span> <span class='ocrx_word' id='word_1_289' title='bbox 576 3576 682 3616; x_wconf 84' lang='lat' dir='ltr'><strong>non</strong></span> <span class='ocrx_word' id='word_1_290' title='bbox 735 3561 992 3630; x_wconf 66' lang='lat' dir='ltr'><strong>inplicat,</strong></span> <span class='ocrx_word' id='word_1_291' title='bbox 1040 3576 1235 3632; x_wconf 89' lang='lat' dir='ltr'><strong>neque,</strong></span> <span class='ocrx_word' id='word_1_292' title='bbox 1286 3571 1343 3616; x_wconf 91' lang='lat' dir='ltr'><strong>ut</strong></span> <span class='ocrx_word' id='word_1_293' title='bbox 1395 3572 1449 3615; x_wconf 90' lang='grc' dir='ltr'><strong>ιιι</strong></span> <span class='ocrx_word' id='word_1_294' title='bbox 1489 3562 1651 3627; x_wconf 89' lang='lat' dir='ltr'><strong>dicis,</strong></span> <span class='ocrx_word' id='word_1_295' title='bbox 1681 3564 1969 3633; x_wconf 78' lang='lat' dir='ltr'><strong>ingenitam</strong></span> 
     </span>
    </p>
   </div>
   <div class='ocr_carea' id='block_1_38' title="bbox 397 3651 1966 3722">
    <p class='ocr_par' dir='ltr' id='par_1_38' title="bbox 397 3651 1966 3722">
     <span class='ocr_line' id='line_1_38' title="bbox 397 3651 1966 3722; baseline 0.002 -16"><span class='ocrx_word' id='word_1_296' title='bbox 397 3651 752 3706; x_wconf 82' lang='lat' dir='ltr'><strong>substantiam</strong></span> <span class='ocrx_word' id='word_1_297' title='bbox 795 3653 1085 3722; x_wconf 87' lang='lat' dir='ltr'><strong>signiticat,</strong></span> <span class='ocrx_word' id='word_1_298' title='bbox 1129 3667 1300 3721; x_wconf 86' lang='lat' dir='ltr'><strong>neque</strong></span> <span class='ocrx_word' id='word_1_299' title='bbox 1340 3652 1483 3707; x_wconf 87' lang='lat' dir='ltr'><strong>Patri</strong></span> <span class='ocrx_word' id='word_1_300' title='bbox 1528 3653 1633 3708; x_wconf 74' lang='lat' dir='ltr'><strong>fert</strong></span> <span class='ocrx_word' id='word_1_301' title='bbox 1679 3653 1966 3719; x_wconf 86' lang='lat' dir='ltr'><strong>honorem;</strong></span> 
     </span>
    </p>
   </div>
   <div class='ocr_carea' id='block_1_39' title="bbox 1540 228 2498 290">
    <p class='ocr_par' dir='ltr' id='par_1_39' title="bbox 1540 228 2498 290">
     <span class='ocr_line' id='line_1_39' title="bbox 1540 228 2498 290; baseline 0.002 -6"><span class='ocrx_word' id='word_1_302' title='bbox 1540 228 1633 285; x_wconf 84' lang='lat' dir='ltr'><strong>DE</strong></span> <span class='ocrx_word' id='word_1_303' title='bbox 1673 229 2207 287; x_wconf 75' lang='lat' dir='ltr'><strong>M.\NSUETUDINE</strong></span> <span class='ocrx_word' id='word_1_304' title='bbox 2246 232 2498 290; x_wconf 77' lang='lat' dir='ltr'><strong>SERMO.</strong></span> 
     </span>
    </p>
   </div>
   <div class='ocr_carea' id='block_1_40' title="bbox 3564 252 3669 310">
    <p class='ocr_par' dir='ltr' id='par_1_40' title="bbox 3564 252 3669 310">
     <span class='ocr_line' id='line_1_40' title="bbox 3564 252 3669 310; baseline -0.038 0"><span class='ocrx_word' id='word_1_305' title='bbox 3564 252 3669 310; x_wconf 68' lang='grc' dir='ltr'><strong>ὕει’)</strong></span> 
     </span>
    </p>
   </div>
   <div class='ocr_carea' id='block_1_41' title="bbox 2094 353 3671 433">
    <p class='ocr_par' dir='ltr' id='par_1_41' title="bbox 2094 353 3671 433">
     <span class='ocr_line' id='line_1_41' title="bbox 2094 353 3671 433; baseline 0.013 -29"><span class='ocrx_word' id='word_1_306' title='bbox 2094 365 2216 406; x_wconf 89' lang='lat' dir='ltr'><strong>cum</strong></span> <span class='ocrx_word' id='word_1_307' title='bbox 2248 353 2388 422; x_wconf 90' lang='lat' dir='ltr'><strong>apud</strong></span> <span class='ocrx_word' id='word_1_308' title='bbox 2418 354 2734 425; x_wconf 82' lang='lat' dir='ltr'><strong>prephetam</strong></span> <span class='ocrx_word' id='word_1_309' title='bbox 2781 357 2885 411; x_wconf 87' lang='lat' dir='ltr'><strong>alia</strong></span> <span class='ocrx_word' id='word_1_310' title='bbox 2917 357 3137 425; x_wconf 88' lang='lat' dir='ltr'><strong>nomina</strong></span> <span class='ocrx_word' id='word_1_311' title='bbox 3163 359 3272 415; x_wconf 87' lang='lat' dir='ltr'><strong>sint</strong></span> <span class='ocrx_word' id='word_1_312' title='bbox 3310 362 3671 433; x_wconf 63' lang='lat' dir='ltr'><strong>ingenuorum</strong></span> 
     </span>
    </p>
   </div>
   <div class='ocr_carea' id='block_1_42' title="bbox 2088 444 3671 530">
    <p class='ocr_par' dir='ltr' id='par_1_42' title="bbox 2088 444 3671 530">
     <span class='ocr_line' id='line_1_42' title="bbox 2088 444 3671 530; baseline 0.011 -32"><span class='ocrx_word' id='word_1_313' title='bbox 2088 452 2143 498; x_wconf 86' lang='lat' dir='ltr'><strong>et</strong></span> <span class='ocrx_word' id='word_1_314' title='bbox 2165 444 2488 512; x_wconf 87' lang='lat' dir='ltr'><strong>genitorum,</strong></span> <span class='ocrx_word' id='word_1_315' title='bbox 2520 456 2579 501; x_wconf 91' lang='lat' dir='ltr'><strong>ut</strong></span> <span class='ocrx_word' id='word_1_316' title='bbox 2622 462 2784 519; x_wconf 82' lang='lat' dir='ltr'><strong>supra</strong></span> <span class='ocrx_word' id='word_1_317' title='bbox 2829 449 3320 511; x_wconf 85' lang='lat' dir='ltr'><strong>demonstravimus</strong></span> <span class='ocrx_word' id='word_1_318' title='bbox 3363 471 3378 507; x_wconf 92' lang='lat'><strong>:</strong></span> <span class='ocrx_word' id='word_1_319' title='bbox 3430 456 3523 513; x_wconf 86' lang='lat' dir='ltr'><strong>sed</strong></span> <span class='ocrx_word' id='word_1_320' title='bbox 3551 474 3671 530; x_wconf 81' lang='lat' dir='ltr'><strong>qua:</strong></span> 
     </span>
    </p>
   </div>
   <div class='ocr_carea' id='block_1_43' title="bbox 2089 539 3673 609">
    <p class='ocr_par' dir='ltr' id='par_1_43' title="bbox 2089 539 3673 609">
     <span class='ocr_line' id='line_1_43' title="bbox 2089 539 3673 609; baseline 0.011 -21"><span class='ocrx_word' id='word_1_321' title='bbox 2089 551 2203 590; x_wconf 89' lang='lat' dir='ltr'><strong>rem</strong></span> <span class='ocrx_word' id='word_1_322' title='bbox 2235 552 2338 591; x_wconf 90' lang='lat' dir='ltr'><strong>non</strong></span> <span class='ocrx_word' id='word_1_323' title='bbox 2366 539 2559 593; x_wconf 83' lang='lat' dir='ltr'><strong>factam</strong></span> <span class='ocrx_word' id='word_1_324' title='bbox 2585 554 2704 595; x_wconf 83' lang='lat' dir='ltr'><strong>esse</strong></span> <span class='ocrx_word' id='word_1_325' title='bbox 2737 550 2941 597; x_wconf 88' lang='lat' dir='ltr'><strong>tantum</strong></span> <span class='ocrx_word' id='word_1_326' title='bbox 2976 542 3273 609; x_wconf 71' lang='lat' dir='ltr'><strong>declarent.</strong></span> <span class='ocrx_word' id='word_1_327' title='bbox 3305 545 3498 605; x_wconf 72' lang='lat' dir='ltr'><strong>Verum</strong></span> <span class='ocrx_word' id='word_1_328' title='bbox 3528 548 3673 604; x_wconf 84' lang='lat' dir='ltr'><strong>dica-</strong></span> 
     </span>
    </p>
   </div>
   <div class='ocr_carea' id='block_1_44' title="bbox 2089 628 3672 709">
    <p class='ocr_par' dir='ltr' id='par_1_44' title="bbox 2089 628 3672 709">
     <span class='ocr_line' id='line_1_44' title="bbox 2089 628 3672 709; baseline 0.011 -32"><span class='ocrx_word' id='word_1_329' title='bbox 2089 641 2205 679; x_wconf 89' lang='lat' dir='ltr'><strong>mus</strong></span> <span class='ocrx_word' id='word_1_330' title='bbox 2236 628 2343 681; x_wconf 89' lang='lat' dir='ltr'><strong>illis</strong></span> <span class='ocrx_word' id='word_1_331' title='bbox 2380 644 2500 683; x_wconf 90' lang='lat' dir='ltr'><strong>enm</strong></span> <span class='ocrx_word' id='word_1_332' title='bbox 2528 630 2730 698; x_wconf 83' lang='lat' dir='ltr'><strong>Davide</strong></span> <span class='ocrx_word' id='word_1_333' title='bbox 2756 649 2770 684; x_wconf 90' lang='lat'><strong>:</strong></span> <span class='ocrx_word' id='word_1_334' title='bbox 2805 632 3157 690; x_wconf 81' lang='lat' dir='ltr'><strong>Narraverunt</strong></span> <span class='ocrx_word' id='word_1_335' title='bbox 3185 637 3311 699; x_wconf 64' lang='lat' dir='ltr'><strong>mihi</strong></span> <span class='ocrx_word' id='word_1_336' title='bbox 3338 636 3500 709; x_wconf 80' lang='lat' dir='ltr'><strong>iniqui</strong></span> <span class='ocrx_word' id='word_1_337' title='bbox 3526 634 3672 703; x_wconf 65' lang='grc' dir='ltr'><strong><em>[ιώιις</em></strong></span> 
     </span>
    </p>
   </div>
   <div class='ocr_carea' id='block_1_45' title="bbox 2087 715 3667 801">
    <p class='ocr_par' dir='ltr' id='par_1_45' title="bbox 2087 715 3667 801">
     <span class='ocr_line' id='line_1_45' title="bbox 2087 715 3667 801; baseline 0.011 -32"><span class='ocrx_word' id='word_1_338' title='bbox 2087 715 2329 785; x_wconf 80' lang='lat' dir='ltr'><strong>lationes,</strong></span> <span class='ocrx_word' id='word_1_339' title='bbox 2358 720 2449 773; x_wconf 86' lang='lat' dir='ltr'><strong>sed</strong></span> <span class='ocrx_word' id='word_1_340' title='bbox 2475 737 2574 774; x_wconf 87' lang='lat' dir='ltr'><strong>non</strong></span> <span class='ocrx_word' id='word_1_341' title='bbox 2617 732 2670 775; x_wconf 91' lang='lat' dir='ltr'><strong>ut</strong></span> <span class='ocrx_word' id='word_1_342' title='bbox 2711 723 2794 777; x_wconf 81' lang='lat' dir='ltr'><strong>lca:</strong></span> <span class='ocrx_word' id='word_1_343' title='bbox 2817 734 2925 789; x_wconf 86' lang='lat' dir='ltr'><strong>tua,</strong></span> <span class='ocrx_word' id='word_1_344' title='bbox 2954 723 3171 780; x_wconf 81' lang='lat' dir='ltr'><strong>Domine</strong></span> <span class='ocrx_word' id='word_1_345' title='bbox 3202 727 3372 796; x_wconf 86' lang='lat' dir='ltr'><strong>(Psal.</strong></span> <span class='ocrx_word' id='word_1_346' title='bbox 3403 729 3526 785; x_wconf 81' lang='grc'><strong>118.</strong></span> <span class='ocrx_word' id='word_1_347' title='bbox 3549 729 3667 801; x_wconf 80' lang='grc'><strong>85).</strong></span> 
     </span>
    </p>
   </div>
   <div class='ocr_carea' id='block_1_46' title="bbox 2087 807 3662 887">
    <p class='ocr_par' dir='ltr' id='par_1_46' title="bbox 2087 807 3662 887">
     <span class='ocr_line' id='line_1_46' title="bbox 2087 807 3662 887; baseline 0.009 -24"><span class='ocrx_word' id='word_1_348' title='bbox 2087 807 2229 863; x_wconf 85' lang='lat' dir='ltr'><strong>Petri</strong></span> <span class='ocrx_word' id='word_1_349' title='bbox 2255 824 2462 876; x_wconf 83' lang='lat' dir='ltr'><strong>vocem,</strong></span> <span class='ocrx_word' id='word_1_350' title='bbox 2495 812 2644 867; x_wconf 83' lang='lat' dir='ltr'><strong>Pauli</strong></span> <span class='ocrx_word' id='word_1_351' title='bbox 2690 813 2990 870; x_wconf 88' lang='lat' dir='ltr'><strong>doctrinam</strong></span> <span class='ocrx_word' id='word_1_352' title='bbox 3036 819 3263 887; x_wconf 89' lang='lat' dir='ltr'><strong>accipe:</strong></span> <span class='ocrx_word' id='word_1_353' title='bbox 3307 819 3539 879; x_wconf 73' lang='lat' dir='ltr'><strong>Christus</strong></span> <span class='ocrx_word' id='word_1_354' title='bbox 3584 839 3662 877; x_wconf 86' lang='lat' dir='ltr'><strong>se-</strong></span> 
     </span>
    </p>
   </div>
   <div class='ocr_carea' id='block_1_47' title="bbox 2084 899 3668 976">
    <p class='ocr_par' dir='ltr' id='par_1_47' title="bbox 2084 899 3668 976">
     <span class='ocr_line' id='line_1_47' title="bbox 2084 899 3668 976; baseline 0.01 -24"><span class='ocrx_word' id='word_1_355' title='bbox 2084 899 2312 954; x_wconf 80' lang='lat' dir='ltr'><strong>cundum</strong></span> <span class='ocrx_word' id='word_1_356' title='bbox 2341 917 2565 968; x_wconf 83' lang='lat' dir='ltr'><strong>carnem,</strong></span> <span class='ocrx_word' id='word_1_357' title='bbox 2595 906 2680 974; x_wconf 88' lang='lat' dir='ltr'><strong>qui</strong></span> <span class='ocrx_word' id='word_1_358' title='bbox 2709 915 2783 959; x_wconf 84' lang='lat' dir='ltr'><strong>est</strong></span> <span class='ocrx_word' id='word_1_359' title='bbox 2819 922 2973 976; x_wconf 80' lang='lat' dir='ltr'><strong>super</strong></span> <span class='ocrx_word' id='word_1_360' title='bbox 3002 910 3173 961; x_wconf 85' lang='lat' dir='ltr'><strong>omnia</strong></span> <span class='ocrx_word' id='word_1_361' title='bbox 3216 909 3354 965; x_wconf 82' lang='lat' dir='ltr'><strong>Deus</strong></span> <span class='ocrx_word' id='word_1_362' title='bbox 3380 912 3668 975; x_wconf 73' lang='lat' dir='ltr'><strong>benedictus</strong></span> 
     </span>
    </p>
   </div>
   <div class='ocr_carea' id='block_1_48' title="bbox 2084 990 3663 1068">
    <p class='ocr_par' dir='ltr' id='par_1_48' title="bbox 2084 990 3663 1068">
     <span class='ocr_line' id='line_1_48' title="bbox 2084 990 3663 1068; baseline 0.01 -24"><span class='ocrx_word' id='word_1_363' title='bbox 2084 990 2137 1044; x_wconf 90' lang='lat' dir='ltr'><strong>in</strong></span> <span class='ocrx_word' id='word_1_364' title='bbox 2168 990 2357 1045; x_wconf 71' lang='lat' dir='ltr'><strong>stecula</strong></span> <span class='ocrx_word' id='word_1_365' title='bbox 2411 992 2586 1063; x_wconf 85' lang='lat' dir='ltr'><strong>(Rom.</strong></span> <span class='ocrx_word' id='word_1_366' title='bbox 2639 994 2691 1049; x_wconf 89' lang='lat'><strong>9.</strong></span> <span class='ocrx_word' id='word_1_367' title='bbox 2722 995 2800 1066; x_wconf 83' lang='lat'><strong>5).</strong></span> <span class='ocrx_word' id='word_1_368' title='bbox 2834 995 3067 1066; x_wconf 79' lang='lat' dir='ltr'><strong>Spiritus</strong></span> <span class='ocrx_word' id='word_1_369' title='bbox 3122 1012 3340 1055; x_wconf 87' lang='lat' dir='ltr'><strong>sanctus</strong></span> <span class='ocrx_word' id='word_1_370' title='bbox 3390 1002 3663 1068; x_wconf 78' lang='lat' dir='ltr'><strong>adoretur,</strong></span> 
     </span>
    </p>
   </div>
   <div class='ocr_carea' id='block_1_49' title="bbox 2084 1082 3662 1162">
    <p class='ocr_par' dir='ltr' id='par_1_49' title="bbox 2084 1082 3662 1162">
     <span class='ocr_line' id='line_1_49' title="bbox 2084 1082 3662 1162; baseline 0.011 -28"><span class='ocrx_word' id='word_1_371' title='bbox 2084 1082 2407 1149; x_wconf 88' lang='lat' dir='ltr'><strong>celebretur,</strong></span> <span class='ocrx_word' id='word_1_372' title='bbox 2426 1085 2779 1153; x_wconf 83' lang='lat' dir='ltr'><strong>gloriﬁcetur.</strong></span> <span class='ocrx_word' id='word_1_373' title='bbox 2809 1088 2888 1143; x_wconf 79' lang='lat' dir='ltr'><strong>Ex</strong></span> <span class='ocrx_word' id='word_1_374' title='bbox 2910 1090 3111 1147; x_wconf 89' lang='lat' dir='ltr'><strong>divinis</strong></span> <span class='ocrx_word' id='word_1_375' title='bbox 3142 1091 3431 1162; x_wconf 88' lang='lat' dir='ltr'><strong>Scriptnris</strong></span> <span class='ocrx_word' id='word_1_376' title='bbox 3457 1096 3525 1151; x_wconf 88' lang='lat' dir='ltr'><strong>de</strong></span> <span class='ocrx_word' id='word_1_377' title='bbox 3546 1097 3662 1157; x_wconf 86' lang='lat' dir='ltr'><strong>Deo</strong></span> 
     </span>
    </p>
   </div>
   <div class='ocr_carea' id='block_1_50' title="bbox 2088 1175 3662 1249">
    <p class='ocr_par' dir='ltr' id='par_1_50' title="bbox 2088 1175 3662 1249">
     <span class='ocr_line' id='line_1_50' title="bbox 2088 1175 3662 1249; baseline 0.008 -21"><span class='ocrx_word' id='word_1_378' title='bbox 2088 1175 2373 1245; x_wconf 83' lang='lat' dir='ltr'><strong>loquimur,</strong></span> <span class='ocrx_word' id='word_1_379' title='bbox 2401 1179 2568 1235; x_wconf 87' lang='lat' dir='ltr'><strong>velint</strong></span> <span class='ocrx_word' id='word_1_380' title='bbox 2596 1181 2767 1234; x_wconf 86' lang='lat' dir='ltr'><strong>nolint</strong></span> <span class='ocrx_word' id='word_1_381' title='bbox 2798 1181 3020 1237; x_wconf 89' lang='lat' dir='ltr'><strong>inimici.</strong></span> <span class='ocrx_word' id='word_1_382' title='bbox 3047 1183 3221 1239; x_wconf 85' lang='lat' dir='ltr'><strong>Testis</strong></span> <span class='ocrx_word' id='word_1_383' title='bbox 3242 1185 3345 1239; x_wconf 87' lang='lat' dir='ltr'><strong>erit</strong></span> <span class='ocrx_word' id='word_1_384' title='bbox 3370 1186 3499 1249; x_wconf 84' lang='lat' dir='ltr'><strong>mihi</strong></span> <span class='ocrx_word' id='word_1_385' title='bbox 3526 1188 3662 1245; x_wconf 82' lang='lat' dir='ltr'><strong>Pau-</strong></span> 
     </span>
    </p>
   </div>
   <div class='ocr_carea' id='block_1_51' title="bbox 2088 1267 3659 1348">
    <p class='ocr_par' dir='ltr' id='par_1_51' title="bbox 2088 1267 3659 1348">
     <span class='ocr_line' id='line_1_51' title="bbox 2088 1267 3659 1348; baseline 0.008 -27"><span class='ocrx_word' id='word_1_386' title='bbox 2088 1270 2171 1321; x_wconf 88' lang='lat' dir='ltr'><strong>lus</strong></span> <span class='ocrx_word' id='word_1_387' title='bbox 2200 1267 2382 1324; x_wconf 86' lang='lat' dir='ltr'><strong>dicens</strong></span> <span class='ocrx_word' id='word_1_388' title='bbox 2414 1289 2430 1324; x_wconf 86' lang='lat'><strong>:</strong></span> <span class='ocrx_word' id='word_1_389' title='bbox 2482 1270 2705 1325; x_wconf 80' lang='lat' dir='ltr'><strong>Nescitis</strong></span> <span class='ocrx_word' id='word_1_390' title='bbox 2749 1275 2870 1343; x_wconf 86' lang='lat' dir='ltr'><strong>quia</strong></span> <span class='ocrx_word' id='word_1_391' title='bbox 2900 1277 3144 1345; x_wconf 82' lang='lat' dir='ltr'><strong>templum</strong></span> <span class='ocrx_word' id='word_1_392' title='bbox 3175 1276 3271 1330; x_wconf 87' lang='lat' dir='ltr'><strong>Dei</strong></span> <span class='ocrx_word' id='word_1_393' title='bbox 3296 1280 3435 1345; x_wconf 75' lang='lat' dir='ltr'><strong>estis,</strong></span> <span class='ocrx_word' id='word_1_394' title='bbox 3467 1287 3512 1333; x_wconf 87' lang='lat' dir='ltr'><strong>et</strong></span> <span class='ocrx_word' id='word_1_395' title='bbox 3547 1281 3659 1348; x_wconf 83' lang='lat' dir='ltr'><strong>quis</strong></span> 
     </span>
    </p>
   </div>
   <div class='ocr_carea' id='block_1_52' title="bbox 2083 1357 3665 1431">
    <p class='ocr_par' dir='ltr' id='par_1_52' title="bbox 2083 1357 3665 1431">
     <span class='ocr_line' id='line_1_52' title="bbox 2083 1357 3665 1431; baseline 0.01 -22"><span class='ocrx_word' id='word_1_396' title='bbox 2083 1357 2147 1409; x_wconf 83' lang='lat' dir='ltr'><strong>sit</strong></span> <span class='ocrx_word' id='word_1_397' title='bbox 2189 1359 2274 1424; x_wconf 86' lang='lat' dir='ltr'><strong>qui</strong></span> <span class='ocrx_word' id='word_1_398' title='bbox 2322 1360 2608 1414; x_wconf 78' lang='lat' dir='ltr'><strong>inhabitet?</strong></span> <span class='ocrx_word' id='word_1_399' title='bbox 2651 1372 2725 1426; x_wconf 88' lang='lat' dir='ltr'><strong>et,</strong></span> <span class='ocrx_word' id='word_1_400' title='bbox 2776 1363 3004 1431; x_wconf 78' lang='lat' dir='ltr'><strong>Spiritus</strong></span> <span class='ocrx_word' id='word_1_401' title='bbox 3054 1365 3150 1419; x_wconf 90' lang='lat' dir='ltr'><strong>Dei</strong></span> <span class='ocrx_word' id='word_1_402' title='bbox 3200 1367 3393 1421; x_wconf 84' lang='lat' dir='ltr'><strong>habitat</strong></span> <span class='ocrx_word' id='word_1_403' title='bbox 3436 1370 3489 1423; x_wconf 87' lang='lat' dir='ltr'><strong>in</strong></span> <span class='ocrx_word' id='word_1_404' title='bbox 3529 1370 3665 1425; x_wconf 75' lang='lat' dir='ltr'><strong>vobis</strong></span> 
     </span>
    </p>
   </div>
   <div class='ocr_carea' id='block_1_53' title="bbox 2084 1446 3655 1529">
    <p class='ocr_par' dir='ltr' id='par_1_53' title="bbox 2084 1446 3655 1529">
     <span class='ocr_line' id='line_1_53' title="bbox 2084 1446 3655 1529; baseline 0.013 -29"><span class='ocrx_word' id='word_1_405' title='bbox 2084 1446 2159 1516; x_wconf 91' lang='lat' dir='ltr'><strong>(-I.</strong></span> <span class='ocrx_word' id='word_1_406' title='bbox 2193 1448 2308 1503; x_wconf 81' lang='lat' dir='ltr'><strong>Cor.</strong></span> <span class='ocrx_word' id='word_1_407' title='bbox 2340 1451 2393 1506; x_wconf 78' lang='lat'><strong>3.</strong></span> <span class='ocrx_word' id='word_1_408' title='bbox 2426 1452 2537 1519; x_wconf 83' lang='grc'><strong>16).</strong></span> <span class='ocrx_word' id='word_1_409' title='bbox 2565 1452 2721 1507; x_wconf 84' lang='lat' dir='ltr'><strong>Aliud</strong></span> <span class='ocrx_word' id='word_1_410' title='bbox 2751 1464 2983 1524; x_wconf 84' lang='lat' dir='ltr'><strong>estergo</strong></span> <span class='ocrx_word' id='word_1_411' title='bbox 3019 1457 3296 1526; x_wconf 89' lang='lat' dir='ltr'><strong>templum,</strong></span> <span class='ocrx_word' id='word_1_412' title='bbox 3324 1467 3378 1514; x_wconf 91' lang='lat' dir='ltr'><strong>et</strong></span> <span class='ocrx_word' id='word_1_413' title='bbox 3402 1458 3536 1515; x_wconf 90' lang='lat' dir='ltr'><strong>alius</strong></span> <span class='ocrx_word' id='word_1_414' title='bbox 3567 1460 3655 1529; x_wconf 80' lang='lat' dir='ltr'><strong>qui</strong></span> 
     </span>
    </p>
   </div>
   <div class='ocr_carea' id='block_1_54' title="bbox 2084 1539 3658 1615">
    <p class='ocr_par' dir='ltr' id='par_1_54' title="bbox 2084 1539 3658 1615">
     <span class='ocr_line' id='line_1_54' title="bbox 2084 1539 3658 1615; baseline 0.01 -23"><span class='ocrx_word' id='word_1_415' title='bbox 2084 1539 2363 1594; x_wconf 81' lang='lat' dir='ltr'><strong>inhabitat.</strong></span> <span class='ocrx_word' id='word_1_416' title='bbox 2397 1541 2510 1596; x_wconf 79' lang='lat' dir='ltr'><strong>Non</strong></span> <span class='ocrx_word' id='word_1_417' title='bbox 2562 1542 2755 1597; x_wconf 88' lang='lat' dir='ltr'><strong>audisti</strong></span> <span class='ocrx_word' id='word_1_418' title='bbox 2805 1544 3019 1599; x_wconf 78' lang='lat' dir='ltr'><strong>Petrum</strong></span> <span class='ocrx_word' id='word_1_419' title='bbox 3067 1547 3383 1604; x_wconf 86' lang='lat' dir='ltr'><strong>dicentem:</strong></span> <span class='ocrx_word' id='word_1_420' title='bbox 3436 1550 3658 1615; x_wconf 76' lang='lat' dir='ltr'><strong>Ananic,</strong></span> 
     </span>
    </p>
   </div>
   <div class='ocr_carea' id='block_1_55' title="bbox 2082 1636 3655 1712">
    <p class='ocr_par' dir='ltr' id='par_1_55' title="bbox 2082 1636 3655 1712">
     <span class='ocr_line' id='line_1_55' title="bbox 2082 1636 3655 1712; baseline 0.008 -28"><span class='ocrx_word' id='word_1_421' title='bbox 2082 1647 2174 1685; x_wconf 86' lang='lat' dir='ltr'><strong>cur</strong></span> <span class='ocrx_word' id='word_1_422' title='bbox 2221 1636 2429 1687; x_wconf 84' lang='lat' dir='ltr'><strong>tentavit</strong></span> <span class='ocrx_word' id='word_1_423' title='bbox 2477 1644 2683 1690; x_wconf 84' lang='lat' dir='ltr'><strong>satanas</strong></span> <span class='ocrx_word' id='word_1_424' title='bbox 2725 1652 2814 1689; x_wconf 85' lang='lat' dir='ltr'><strong>cor</strong></span> <span class='ocrx_word' id='word_1_425' title='bbox 2865 1646 3040 1701; x_wconf 86' lang='lat' dir='ltr'><strong>tuum,</strong></span> <span class='ocrx_word' id='word_1_426' title='bbox 3090 1641 3286 1693; x_wconf 87' lang='lat' dir='ltr'><strong>mentiri</strong></span> <span class='ocrx_word' id='word_1_427' title='bbox 3331 1650 3381 1709; x_wconf 86' lang='lat' dir='ltr'><strong>te</strong></span> <span class='ocrx_word' id='word_1_428' title='bbox 3430 1642 3655 1712; x_wconf 79' lang='lat' dir='ltr'><strong>Spiritui</strong></span> 
     </span>
    </p>
   </div>
   <div class='ocr_carea' id='block_1_56' title="bbox 2082 1724 3656 1796">
    <p class='ocr_par' dir='ltr' id='par_1_56' title="bbox 2082 1724 3656 1796">
     <span class='ocr_line' id='line_1_56' title="bbox 2082 1724 3656 1796; baseline 0.008 -21"><span class='ocrx_word' id='word_1_429' title='bbox 2082 1724 2298 1777; x_wconf 81' lang='lat' dir='ltr'><strong>sancto?</strong></span> <span class='ocrx_word' id='word_1_430' title='bbox 2339 1733 2395 1778; x_wconf 90' lang='lat' dir='ltr'><strong>et</strong></span> <span class='ocrx_word' id='word_1_431' title='bbox 2443 1724 2639 1790; x_wconf 86' lang='lat' dir='ltr'><strong>intulit,</strong></span> <span class='ocrx_word' id='word_1_432' title='bbox 2671 1725 2791 1781; x_wconf 85' lang='lat' dir='ltr'><strong>Non</strong></span> <span class='ocrx_word' id='word_1_433' title='bbox 2837 1730 3069 1785; x_wconf 84' lang='lat' dir='ltr'><strong>mentitus</strong></span> <span class='ocrx_word' id='word_1_434' title='bbox 3118 1748 3168 1785; x_wconf 84' lang='lat' dir='ltr'><strong>es</strong></span> <span class='ocrx_word' id='word_1_435' title='bbox 3213 1732 3519 1796; x_wconf 79' lang='lat' dir='ltr'><strong>hominibus,</strong></span> <span class='ocrx_word' id='word_1_436' title='bbox 3566 1734 3656 1788; x_wconf 80' lang='lat' dir='ltr'><strong>sed</strong></span> 
     </span>
    </p>
   </div>
   <div class='ocr_carea' id='block_1_57' title="bbox 2083 1811 3658 1894">
    <p class='ocr_par' dir='ltr' id='par_1_57' title="bbox 2083 1811 3658 1894">
     <span class='ocr_line' id='line_1_57' title="bbox 2083 1811 3658 1894; baseline 0.008 -28"><span class='ocrx_word' id='word_1_437' title='bbox 2083 1811 2193 1867; x_wconf 85' lang='lat' dir='ltr'><strong>Deo</strong></span> <span class='ocrx_word' id='word_1_438' title='bbox 2229 1814 2362 1883; x_wconf 82' lang='lat' dir='ltr'><strong>(Act.</strong></span> <span class='ocrx_word' id='word_1_439' title='bbox 2392 1816 2444 1870; x_wconf 84' lang='grc'><strong>5.</strong></span> <span class='ocrx_word' id='word_1_440' title='bbox 2473 1816 2528 1869; x_wconf 80' lang='grc'><strong>5.</strong></span> <span class='ocrx_word' id='word_1_441' title='bbox 2555 1817 2636 1887; x_wconf 69' lang='grc'><strong>4).</strong></span> <span class='ocrx_word' id='word_1_442' title='bbox 2669 1817 2775 1872; x_wconf 85' lang='lat' dir='ltr'><strong>Sed</strong></span> <span class='ocrx_word' id='word_1_443' title='bbox 2803 1818 2986 1873; x_wconf 92' lang='lat' dir='ltr'><strong>dicunt</strong></span> <span class='ocrx_word' id='word_1_444' title='bbox 3013 1821 3250 1876; x_wconf 80' lang='lat' dir='ltr'><strong>lueretici</strong></span> <span class='ocrx_word' id='word_1_445' title='bbox 3281 1839 3294 1877; x_wconf 90' lang='lat'><strong>:</strong></span> <span class='ocrx_word' id='word_1_446' title='bbox 3325 1822 3440 1878; x_wconf 82' lang='lat' dir='ltr'><strong>Non</strong></span> <span class='ocrx_word' id='word_1_447' title='bbox 3485 1824 3658 1894; x_wconf 78' lang='lat' dir='ltr'><strong>Spiri-</strong></span> 
     </span>
    </p>
   </div>
   <div class='ocr_carea' id='block_1_58' title="bbox 2086 1906 3657 1982">
    <p class='ocr_par' dir='ltr' id='par_1_58' title="bbox 2086 1906 3657 1982">
     <span class='ocr_line' id='line_1_58' title="bbox 2086 1906 3657 1982; baseline 0.006 -25"><span class='ocrx_word' id='word_1_448' title='bbox 2086 1913 2195 1958; x_wconf 88' lang='lat' dir='ltr'><strong>tum</strong></span> <span class='ocrx_word' id='word_1_449' title='bbox 2227 1906 2437 1960; x_wconf 87' lang='lat' dir='ltr'><strong>vocavit</strong></span> <span class='ocrx_word' id='word_1_450' title='bbox 2464 1906 2652 1973; x_wconf 90' lang='lat' dir='ltr'><strong>Deum,</strong></span> <span class='ocrx_word' id='word_1_451' title='bbox 2685 1910 2781 1962; x_wconf 87' lang='lat' dir='ltr'><strong>sed</strong></span> <span class='ocrx_word' id='word_1_452' title='bbox 2823 1909 2873 1963; x_wconf 94' lang='lat' dir='ltr'><strong>id</strong></span> <span class='ocrx_word' id='word_1_453' title='bbox 2904 1910 3051 1973; x_wconf 86' lang='lat' dir='ltr'><strong>dicit,</strong></span> <span class='ocrx_word' id='word_1_454' title='bbox 3082 1912 3202 1981; x_wconf 87' lang='lat' dir='ltr'><strong>quia</strong></span> <span class='ocrx_word' id='word_1_455' title='bbox 3232 1912 3463 1982; x_wconf 87' lang='lat' dir='ltr'><strong>Spiritus</strong></span> <span class='ocrx_word' id='word_1_456' title='bbox 3486 1930 3518 1969; x_wconf 72' lang='grc' dir='ltr'><strong>ιι</strong></span> <span class='ocrx_word' id='word_1_457' title='bbox 3550 1915 3657 1967; x_wconf 85' lang='lat' dir='ltr'><strong>Deo</strong></span> 
     </span>
    </p>
   </div>
   <div class='ocr_carea' id='block_1_59' title="bbox 2082 1997 3653 2074">
    <p class='ocr_par' dir='ltr' id='par_1_59' title="bbox 2082 1997 3653 2074">
     <span class='ocr_line' id='line_1_59' title="bbox 2082 1997 3653 2074; baseline 0.005 -26"><span class='ocrx_word' id='word_1_458' title='bbox 2082 1997 2278 2050; x_wconf 89' lang='lat' dir='ltr'><strong>missus</strong></span> <span class='ocrx_word' id='word_1_459' title='bbox 2308 2005 2411 2052; x_wconf 90' lang='lat' dir='ltr'><strong>est.</strong></span> <span class='ocrx_word' id='word_1_460' title='bbox 2440 1998 2539 2066; x_wconf 85' lang='lat' dir='ltr'><strong>Qui</strong></span> <span class='ocrx_word' id='word_1_461' title='bbox 2578 2001 2904 2054; x_wconf 85' lang='lat' dir='ltr'><strong>contumelia</strong></span> <span class='ocrx_word' id='word_1_462' title='bbox 2934 2000 3116 2063; x_wconf 77' lang='lat' dir='ltr'><strong>afﬁcit.</strong></span> <span class='ocrx_word' id='word_1_463' title='bbox 3153 2002 3342 2072; x_wconf 86' lang='lat' dir='ltr'><strong>inquit,</strong></span> <span class='ocrx_word' id='word_1_464' title='bbox 3375 2002 3653 2074; x_wconf 88' lang='lat' dir='ltr'><strong>Spiritum,</strong></span> 
     </span>
    </p>
   </div>
   <div class='ocr_carea' id='block_1_60' title="bbox 2084 2088 3658 2159">
    <p class='ocr_par' dir='ltr' id='par_1_60' title="bbox 2084 2088 3658 2159">
     <span class='ocr_line' id='line_1_60' title="bbox 2084 2088 3658 2159; baseline 0.004 -17"><span class='ocrx_word' id='word_1_465' title='bbox 2084 2088 2250 2143; x_wconf 87' lang='lat' dir='ltr'><strong>Deum</strong></span> <span class='ocrx_word' id='word_1_466' title='bbox 2279 2090 2578 2147; x_wconf 86' lang='lat' dir='ltr'><strong>mittentem</strong></span> <span class='ocrx_word' id='word_1_467' title='bbox 2606 2092 2930 2146; x_wconf 85' lang='lat' dir='ltr'><strong>contumelia</strong></span> <span class='ocrx_word' id='word_1_468' title='bbox 2952 2092 3136 2147; x_wconf 82' lang='lat' dir='ltr'><strong>afﬁcit.</strong></span> <span class='ocrx_word' id='word_1_469' title='bbox 3171 2096 3231 2148; x_wconf 81' lang='lat' dir='ltr'><strong>At</strong></span> <span class='ocrx_word' id='word_1_470' title='bbox 3257 2136 3272 2159; x_wconf 94' lang='lat'><strong>,</strong></span> <span class='ocrx_word' id='word_1_471' title='bbox 3304 2098 3463 2149; x_wconf 86' lang='lat' dir='ltr'><strong>stulte</strong></span> <span class='ocrx_word' id='word_1_472' title='bbox 3492 2106 3543 2149; x_wconf 74' lang='lat' dir='ltr'><strong>et</strong></span> <span class='ocrx_word' id='word_1_473' title='bbox 3576 2097 3658 2148; x_wconf 89' lang='lat' dir='ltr'><strong>in-</strong></span> 
     </span>
    </p>
   </div>
   <div class='ocr_carea' id='block_1_61' title="bbox 2082 2181 3660 2256">
    <p class='ocr_par' dir='ltr' id='par_1_61' title="bbox 2082 2181 3660 2256">
     <span class='ocr_line' id='line_1_61' title="bbox 2082 2181 3660 2256; baseline 0.003 -22"><span class='ocrx_word' id='word_1_474' title='bbox 2082 2181 2459 2247; x_wconf 85' lang='lat' dir='ltr'><strong>considerate;</strong></span> <span class='ocrx_word' id='word_1_475' title='bbox 2505 2184 2668 2237; x_wconf 90' lang='lat' dir='ltr'><strong>athco</strong></span> <span class='ocrx_word' id='word_1_476' title='bbox 2712 2184 2857 2238; x_wconf 89' lang='lat' dir='ltr'><strong>enim</strong></span> <span class='ocrx_word' id='word_1_477' title='bbox 2902 2200 3006 2238; x_wconf 90' lang='lat' dir='ltr'><strong>non</strong></span> <span class='ocrx_word' id='word_1_478' title='bbox 3055 2186 3159 2240; x_wconf 88' lang='lat' dir='ltr'><strong>alia</strong></span> <span class='ocrx_word' id='word_1_479' title='bbox 3202 2188 3488 2256; x_wconf 78' lang='lat' dir='ltr'><strong>appellatio</strong></span> <span class='ocrx_word' id='word_1_480' title='bbox 3514 2202 3660 2240; x_wconf 86' lang='lat' dir='ltr'><strong>eom-</strong></span> 
     </span>
    </p>
   </div>
   <div class='ocr_carea' id='block_1_62' title="bbox 2082 2273 3656 2347">
    <p class='ocr_par' dir='ltr' id='par_1_62' title="bbox 2082 2273 3656 2347">
     <span class='ocr_line' id='line_1_62' title="bbox 2082 2273 3656 2347; baseline 0.005 -24"><span class='ocrx_word' id='word_1_481' title='bbox 2082 2280 2245 2341; x_wconf 87' lang='lat' dir='ltr'><strong>petat,</strong></span> <span class='ocrx_word' id='word_1_482' title='bbox 2276 2287 2434 2341; x_wconf 89' lang='lat' dir='ltr'><strong>quam</strong></span> <span class='ocrx_word' id='word_1_483' title='bbox 2457 2273 2603 2327; x_wconf 88' lang='lat' dir='ltr'><strong>stulti</strong></span> <span class='ocrx_word' id='word_1_484' title='bbox 2635 2291 2647 2326; x_wconf 94' lang='lat'><strong>:</strong></span> <span class='ocrx_word' id='word_1_485' title='bbox 2678 2289 2824 2336; x_wconf 89' lang='lat' dir='ltr'><strong>nam,</strong></span> <span class='ocrx_word' id='word_1_486' title='bbox 2859 2274 2998 2328; x_wconf 71' lang='lat' dir='ltr'><strong>Dixit</strong></span> <span class='ocrx_word' id='word_1_487' title='bbox 3027 2277 3269 2347; x_wconf 83' lang='lat' dir='ltr'><strong>insipiens</strong></span> <span class='ocrx_word' id='word_1_488' title='bbox 3297 2279 3348 2330; x_wconf 88' lang='lat' dir='ltr'><strong>in</strong></span> <span class='ocrx_word' id='word_1_489' title='bbox 3374 2278 3522 2333; x_wconf 84' lang='lat' dir='ltr'><strong>corde</strong></span> <span class='ocrx_word' id='word_1_490' title='bbox 3545 2295 3656 2342; x_wconf 76' lang='lat' dir='ltr'><strong>suo,</strong></span> 
     </span>
    </p>
   </div>
   <div class='ocr_carea' id='block_1_63' title="bbox 2082 2362 3657 2439">
    <p class='ocr_par' dir='ltr' id='par_1_63' title="bbox 2082 2362 3657 2439">
     <span class='ocr_line' id='line_1_63' title="bbox 2082 2362 3657 2439; baseline 0.003 -23"><span class='ocrx_word' id='word_1_491' title='bbox 2082 2362 2207 2417; x_wconf 85' lang='lat' dir='ltr'><strong>Non</strong></span> <span class='ocrx_word' id='word_1_492' title='bbox 2233 2375 2308 2418; x_wconf 86' lang='lat' dir='ltr'><strong>est</strong></span> <span class='ocrx_word' id='word_1_493' title='bbox 2357 2363 2496 2419; x_wconf 82' lang='lat' dir='ltr'><strong>Deus</strong></span> <span class='ocrx_word' id='word_1_494' title='bbox 2527 2364 2699 2434; x_wconf 80' lang='lat' dir='ltr'><strong>(Psal.</strong></span> <span class='ocrx_word' id='word_1_495' title='bbox 2734 2366 2822 2422; x_wconf 81' lang='grc'><strong>15.</strong></span> <span class='ocrx_word' id='word_1_496' title='bbox 2858 2368 2909 2436; x_wconf 92' lang='grc'><strong>1)</strong></span> <span class='ocrx_word' id='word_1_497' title='bbox 2937 2384 2949 2421; x_wconf 93' lang='lat'><strong>:</strong></span> <span class='ocrx_word' id='word_1_498' title='bbox 2982 2382 3089 2421; x_wconf 91' lang='lat' dir='ltr'><strong>non</strong></span> <span class='ocrx_word' id='word_1_499' title='bbox 3115 2368 3271 2434; x_wconf 76' lang='lat' dir='ltr'><strong>dixit,</strong></span> <span class='ocrx_word' id='word_1_500' title='bbox 3321 2379 3375 2421; x_wconf 93' lang='grc' dir='ltr'><strong>ιιι</strong></span> <span class='ocrx_word' id='word_1_501' title='bbox 3415 2379 3468 2423; x_wconf 87' lang='grc' dir='ltr'><strong>ιιι</strong></span> <span class='ocrx_word' id='word_1_502' title='bbox 3510 2371 3657 2439; x_wconf 83' lang='lat' dir='ltr'><strong>cogi-</strong></span> 
     </span>
    </p>
   </div>
   <div class='ocr_carea' id='block_1_64' title="bbox 2085 2456 3657 2528">
    <p class='ocr_par' dir='ltr' id='par_1_64' title="bbox 2085 2456 3657 2528">
     <span class='ocr_line' id='line_1_64' title="bbox 2085 2456 3657 2528; baseline 0.001 -17"><span class='ocrx_word' id='word_1_503' title='bbox 2085 2457 2231 2511; x_wconf 86' lang='lat' dir='ltr'><strong>tasti.</strong></span> <span class='ocrx_word' id='word_1_504' title='bbox 2258 2456 2413 2524; x_wconf 82' lang='lat' dir='ltr'><strong>Nam,</strong></span> <span class='ocrx_word' id='word_1_505' title='bbox 2445 2457 2491 2511; x_wconf 89' lang='lat' dir='ltr'><strong>si</strong></span> <span class='ocrx_word' id='word_1_506' title='bbox 2527 2458 2853 2513; x_wconf 81' lang='lat' dir='ltr'><strong>contumelia</strong></span> <span class='ocrx_word' id='word_1_507' title='bbox 2886 2459 2937 2512; x_wconf 91' lang='lat' dir='ltr'><strong>in</strong></span> <span class='ocrx_word' id='word_1_508' title='bbox 2970 2459 3225 2528; x_wconf 86' lang='lat' dir='ltr'><strong>Spiritum</strong></span> <span class='ocrx_word' id='word_1_509' title='bbox 3270 2460 3560 2515; x_wconf 76' lang='lat' dir='ltr'><strong>referretur</strong></span> <span class='ocrx_word' id='word_1_510' title='bbox 3607 2463 3657 2513; x_wconf 92' lang='lat' dir='ltr'><strong>in</strong></span> 
     </span>
    </p>
   </div>
   <div class='ocr_carea' id='block_1_65' title="bbox 2085 2548 3660 2618">
    <p class='ocr_par' dir='ltr' id='par_1_65' title="bbox 2085 2548 3660 2618">
     <span class='ocr_line' id='line_1_65' title="bbox 2085 2548 3660 2618; baseline 0.001 -17"><span class='ocrx_word' id='word_1_511' title='bbox 2085 2548 2252 2603; x_wconf 89' lang='lat' dir='ltr'><strong>Deum</strong></span> <span class='ocrx_word' id='word_1_512' title='bbox 2283 2556 2341 2603; x_wconf 89' lang='lat' dir='ltr'><strong>ut</strong></span> <span class='ocrx_word' id='word_1_513' title='bbox 2382 2549 2710 2614; x_wconf 89' lang='lat' dir='ltr'><strong>mittentem,</strong></span> <span class='ocrx_word' id='word_1_514' title='bbox 2753 2548 2934 2604; x_wconf 88' lang='lat' dir='ltr'><strong>dicere</strong></span> <span class='ocrx_word' id='word_1_515' title='bbox 2961 2551 3287 2618; x_wconf 75' lang='lat' dir='ltr'><strong>oportuisset</strong></span> <span class='ocrx_word' id='word_1_516' title='bbox 3317 2572 3330 2603; x_wconf 81' lang='lat'><strong>-.</strong></span> <span class='ocrx_word' id='word_1_517' title='bbox 3363 2549 3479 2607; x_wconf 80' lang='lat' dir='ltr'><strong>Non</strong></span> <span class='ocrx_word' id='word_1_518' title='bbox 3511 2566 3660 2607; x_wconf 86' lang='lat' dir='ltr'><strong>tuen-</strong></span> 
     </span>
    </p>
   </div>
   <div class='ocr_carea' id='block_1_66' title="bbox 2081 2639 3659 2712">
    <p class='ocr_par' dir='ltr' id='par_1_66' title="bbox 2081 2639 3659 2712">
     <span class='ocr_line' id='line_1_66' title="bbox 2081 2639 3659 2712; baseline 0.001 -18"><span class='ocrx_word' id='word_1_519' title='bbox 2081 2640 2211 2697; x_wconf 90' lang='lat' dir='ltr'><strong>titus</strong></span> <span class='ocrx_word' id='word_1_520' title='bbox 2252 2655 2316 2694; x_wconf 90' lang='lat' dir='ltr'><strong>es</strong></span> <span class='ocrx_word' id='word_1_521' title='bbox 2359 2639 2603 2712; x_wconf 89' lang='lat' dir='ltr'><strong>Spiritui,</strong></span> <span class='ocrx_word' id='word_1_522' title='bbox 2632 2640 2729 2696; x_wconf 90' lang='lat' dir='ltr'><strong>sed</strong></span> <span class='ocrx_word' id='word_1_523' title='bbox 2779 2641 2908 2696; x_wconf 82' lang='lat' dir='ltr'><strong>Deo.</strong></span> <span class='ocrx_word' id='word_1_524' title='bbox 2955 2640 3152 2696; x_wconf 83' lang='lat' dir='ltr'><strong>Verum</strong></span> <span class='ocrx_word' id='word_1_525' title='bbox 3207 2641 3320 2695; x_wconf 72' lang='lat' dir='ltr'><strong>lucc</strong></span> <span class='ocrx_word' id='word_1_526' title='bbox 3367 2642 3659 2697; x_wconf 87' lang='lat' dir='ltr'><strong>hactenus:</strong></span> 
     </span>
    </p>
   </div>
   <div class='ocr_carea' id='block_1_67' title="bbox 2080 2731 3663 2802">
    <p class='ocr_par' dir='ltr' id='par_1_67' title="bbox 2080 2731 3663 2802">
     <span class='ocr_line' id='line_1_67' title="bbox 2080 2731 3663 2802; baseline 0.001 -17"><span class='ocrx_word' id='word_1_527' title='bbox 2080 2740 2290 2802; x_wconf 85' lang='lat' dir='ltr'><strong>oportet</strong></span> <span class='ocrx_word' id='word_1_528' title='bbox 2304 2732 2449 2788; x_wconf 88' lang='lat' dir='ltr'><strong>enim</strong></span> <span class='ocrx_word' id='word_1_529' title='bbox 2466 2741 2704 2788; x_wconf 86' lang='lat' dir='ltr'><strong>sanctam</strong></span> <span class='ocrx_word' id='word_1_530' title='bbox 2721 2731 3035 2787; x_wconf 87' lang='lat' dir='ltr'><strong>Trinitatem</strong></span> <span class='ocrx_word' id='word_1_531' title='bbox 3055 2732 3348 2801; x_wconf 70' lang='lat' dir='ltr'><strong>apostolico</strong></span> <span class='ocrx_word' id='word_1_532' title='bbox 3366 2734 3531 2789; x_wconf 89' lang='lat' dir='ltr'><strong>choro</strong></span> <span class='ocrx_word' id='word_1_533' title='bbox 3543 2747 3663 2788; x_wconf 85' lang='lat' dir='ltr'><strong>con-</strong></span> 
     </span>
    </p>
   </div>
   <div class='ocr_carea' id='block_1_68' title="bbox 2081 2823 3662 2896">
    <p class='ocr_par' dir='ltr' id='par_1_68' title="bbox 2081 2823 3662 2896">
     <span class='ocr_line' id='line_1_68' title="bbox 2081 2823 3662 2896; baseline -0.001 -17"><span class='ocrx_word' id='word_1_534' title='bbox 2081 2825 2297 2891; x_wconf 87' lang='lat' dir='ltr'><strong>cedere,</strong></span> <span class='ocrx_word' id='word_1_535' title='bbox 2328 2839 2487 2895; x_wconf 88' lang='lat' dir='ltr'><strong>quam</strong></span> <span class='ocrx_word' id='word_1_536' title='bbox 2518 2823 2677 2879; x_wconf 83' lang='lat' dir='ltr'><strong>Pater</strong></span> <span class='ocrx_word' id='word_1_537' title='bbox 2707 2826 3008 2879; x_wconf 87' lang='lat' dir='ltr'><strong>annuntiat.</strong></span> <span class='ocrx_word' id='word_1_538' title='bbox 3037 2824 3271 2881; x_wconf 83' lang='lat' dir='ltr'><strong>Trinitas</strong></span> <span class='ocrx_word' id='word_1_539' title='bbox 3300 2825 3662 2896; x_wconf 84' lang='lat' dir='ltr'><strong>apostolorum</strong></span> 
     </span>
    </p>
   </div>
   <div class='ocr_carea' id='block_1_69' title="bbox 2082 2917 3665 2987">
    <p class='ocr_par' dir='ltr' id='par_1_69' title="bbox 2082 2917 3665 2987">
     <span class='ocr_line' id='line_1_69' title="bbox 2082 2917 3665 2987; baseline -0.003 -14"><span class='ocrx_word' id='word_1_540' title='bbox 2082 2918 2235 2973; x_wconf 83' lang='lat' dir='ltr'><strong>testis</strong></span> <span class='ocrx_word' id='word_1_541' title='bbox 2264 2917 2609 2973; x_wconf 74' lang='lat' dir='ltr'><strong>cstctelestis</strong></span> <span class='ocrx_word' id='word_1_542' title='bbox 2650 2918 2945 2972; x_wconf 87' lang='lat' dir='ltr'><strong>Trinitatis.</strong></span> <span class='ocrx_word' id='word_1_543' title='bbox 2995 2917 3233 2977; x_wconf 88' lang='lat' dir='ltr'><strong>Choreas</strong></span> <span class='ocrx_word' id='word_1_544' title='bbox 3278 2933 3406 2987; x_wconf 82' lang='lat' dir='ltr'><strong>ergo</strong></span> <span class='ocrx_word' id='word_1_545' title='bbox 3456 2917 3665 2972; x_wconf 86' lang='lat' dir='ltr'><strong>sincere</strong></span> 
     </span>
    </p>
   </div>
   <div class='ocr_carea' id='block_1_70' title="bbox 2081 3007 3663 3080">
    <p class='ocr_par' dir='ltr' id='par_1_70' title="bbox 2081 3007 3663 3080">
     <span class='ocr_line' id='line_1_70' title="bbox 2081 3007 3663 3080; baseline -0.005 -15"><span class='ocrx_word' id='word_1_546' title='bbox 2081 3023 2324 3080; x_wconf 79' lang='lat' dir='ltr'><strong>agamus,</strong></span> <span class='ocrx_word' id='word_1_547' title='bbox 2354 3017 2409 3064; x_wconf 85' lang='lat' dir='ltr'><strong>et</strong></span> <span class='ocrx_word' id='word_1_548' title='bbox 2438 3008 2677 3063; x_wconf 80' lang='lat' dir='ltr'><strong>dicamus</strong></span> <span class='ocrx_word' id='word_1_549' title='bbox 2709 3024 2722 3060; x_wconf 91' lang='lat'><strong>:</strong></span> <span class='ocrx_word' id='word_1_550' title='bbox 2756 3007 2911 3061; x_wconf 75' lang='lat' dir='ltr'><strong>Mulli</strong></span> <span class='ocrx_word' id='word_1_551' title='bbox 2939 3007 3037 3075; x_wconf 81' lang='lat' dir='ltr'><strong>[itii</strong></span> <span class='ocrx_word' id='word_1_552' title='bbox 3065 3008 3295 3072; x_wconf 76' lang='lat' dir='ltr'><strong>descrtw,</strong></span> <span class='ocrx_word' id='word_1_553' title='bbox 3327 3008 3487 3079; x_wconf 83' lang='lat' dir='ltr'><strong>magis</strong></span> <span class='ocrx_word' id='word_1_554' title='bbox 3511 3024 3663 3077; x_wconf 77' lang='lat' dir='ltr'><strong>quam</strong></span> 
     </span>
    </p>
   </div>
   <div class='ocr_carea' id='block_1_71' title="bbox 2081 3098 3663 3173">
    <p class='ocr_par' dir='ltr' id='par_1_71' title="bbox 2081 3098 3663 3173">
     <span class='ocr_line' id='line_1_71' title="bbox 2081 3098 3663 3173; baseline -0.003 -17"><span class='ocrx_word' id='word_1_555' title='bbox 2081 3105 2192 3173; x_wconf 85' lang='lat' dir='ltr'><strong>ejus</strong></span> <span class='ocrx_word' id='word_1_556' title='bbox 2212 3117 2325 3172; x_wconf 78' lang='lat' dir='ltr'><strong>qua:</strong></span> <span class='ocrx_word' id='word_1_557' title='bbox 2359 3101 2505 3156; x_wconf 75' lang='lat' dir='ltr'><strong>liabet</strong></span> <span class='ocrx_word' id='word_1_558' title='bbox 2528 3102 2692 3153; x_wconf 80' lang='lat' dir='ltr'><strong>virum</strong></span> <span class='ocrx_word' id='word_1_559' title='bbox 2721 3098 2875 3168; x_wconf 82' lang='lat' dir='ltr'><strong>(lsai.</strong></span> <span class='ocrx_word' id='word_1_560' title='bbox 2898 3099 2987 3153; x_wconf 67' lang='lat' dir='ltr'><strong>Si.</strong></span> <span class='ocrx_word' id='word_1_561' title='bbox 3019 3099 3111 3169; x_wconf 90' lang='grc'><strong>1);</strong></span> <span class='ocrx_word' id='word_1_562' title='bbox 3145 3099 3279 3165; x_wconf 84' lang='lat' dir='ltr'><strong>sive,</strong></span> <span class='ocrx_word' id='word_1_563' title='bbox 3307 3114 3465 3168; x_wconf 87' lang='lat' dir='ltr'><strong>quam</strong></span> <span class='ocrx_word' id='word_1_564' title='bbox 3487 3099 3663 3153; x_wconf 80' lang='lat' dir='ltr'><strong>omnis</strong></span> 
     </span>
    </p>
   </div>
   <div class='ocr_carea' id='block_1_72' title="bbox 2084 3190 3657 3263">
    <p class='ocr_par' dir='ltr' id='par_1_72' title="bbox 2084 3190 3657 3263">
     <span class='ocr_line' id='line_1_72' title="bbox 2084 3190 3657 3263; baseline -0.004 -14"><span class='ocrx_word' id='word_1_565' title='bbox 2084 3196 2326 3258; x_wconf 67' lang='lat' dir='ltr'><strong>hmresis,</strong></span> <span class='ocrx_word' id='word_1_566' title='bbox 2353 3209 2473 3263; x_wconf 74' lang='lat' dir='ltr'><strong>qua:</strong></span> <span class='ocrx_word' id='word_1_567' title='bbox 2502 3192 2774 3247; x_wconf 89' lang='lat' dir='ltr'><strong>hominem</strong></span> <span class='ocrx_word' id='word_1_568' title='bbox 2805 3191 3081 3245; x_wconf 88' lang='lat' dir='ltr'><strong>doctorem</strong></span> <span class='ocrx_word' id='word_1_569' title='bbox 3114 3190 3295 3254; x_wconf 82' lang='lat' dir='ltr'><strong>habet,</strong></span> <span class='ocrx_word' id='word_1_570' title='bbox 3325 3204 3432 3244; x_wconf 91' lang='lat' dir='ltr'><strong>non</strong></span> <span class='ocrx_word' id='word_1_571' title='bbox 3471 3190 3657 3244; x_wconf 87' lang='lat' dir='ltr'><strong>Deum.</strong></span> 
     </span>
    </p>
   </div>
   <div class='ocr_carea' id='block_1_73' title="bbox 2082 3279 3661 3353">
    <p class='ocr_par' dir='ltr' id='par_1_73' title="bbox 2082 3279 3661 3353">
     <span class='ocr_line' id='line_1_73' title="bbox 2082 3279 3661 3353; baseline -0.006 -14"><span class='ocrx_word' id='word_1_572' title='bbox 2082 3284 2297 3340; x_wconf 88' lang='lat' dir='ltr'><strong>Utinam</strong></span> <span class='ocrx_word' id='word_1_573' title='bbox 2329 3298 2457 3338; x_wconf 82' lang='lat' dir='ltr'><strong>vero</strong></span> <span class='ocrx_word' id='word_1_574' title='bbox 2504 3282 2753 3353; x_wconf 87' lang='lat' dir='ltr'><strong>precibus</strong></span> <span class='ocrx_word' id='word_1_575' title='bbox 2779 3291 2834 3337; x_wconf 91' lang='lat' dir='ltr'><strong>et</strong></span> <span class='ocrx_word' id='word_1_576' title='bbox 2863 3280 3202 3337; x_wconf 87' lang='lat' dir='ltr'><strong>orationibus</strong></span> <span class='ocrx_word' id='word_1_577' title='bbox 3230 3279 3531 3337; x_wconf 89' lang='lat' dir='ltr'><strong>communis</strong></span> <span class='ocrx_word' id='word_1_578' title='bbox 3572 3295 3661 3347; x_wconf 85' lang='lat' dir='ltr'><strong>pa-</strong></span> 
     </span>
    </p>
   </div>
   <div class='ocr_carea' id='block_1_74' title="bbox 2083 3372 3659 3443">
    <p class='ocr_par' dir='ltr' id='par_1_74' title="bbox 2083 3372 3659 3443">
     <span class='ocr_line' id='line_1_74' title="bbox 2083 3372 3659 3443; baseline -0.006 -11"><span class='ocrx_word' id='word_1_579' title='bbox 2083 3379 2179 3432; x_wconf 88' lang='lat' dir='ltr'><strong>tris</strong></span> <span class='ocrx_word' id='word_1_580' title='bbox 2203 3386 2259 3432; x_wconf 90' lang='lat' dir='ltr'><strong>et</strong></span> <span class='ocrx_word' id='word_1_581' title='bbox 2280 3375 2539 3440; x_wconf 87' lang='lat' dir='ltr'><strong>doctoris,</strong></span> <span class='ocrx_word' id='word_1_582' title='bbox 2566 3388 2688 3430; x_wconf 91' lang='lat' dir='ltr'><strong>cum</strong></span> <span class='ocrx_word' id='word_1_583' title='bbox 2711 3373 2969 3442; x_wconf 87' lang='lat' dir='ltr'><strong>apostolis</strong></span> <span class='ocrx_word' id='word_1_584' title='bbox 2993 3382 3047 3427; x_wconf 90' lang='lat' dir='ltr'><strong>et</strong></span> <span class='ocrx_word' id='word_1_585' title='bbox 3075 3372 3396 3443; x_wconf 80' lang='lat' dir='ltr'><strong>martyribus</strong></span> <span class='ocrx_word' id='word_1_586' title='bbox 3427 3386 3523 3427; x_wconf 92' lang='lat' dir='ltr'><strong>nos</strong></span> <span class='ocrx_word' id='word_1_587' title='bbox 3545 3384 3659 3425; x_wconf 89' lang='lat' dir='ltr'><strong>om-</strong></span> 
     </span>
    </p>
   </div>
   <div class='ocr_carea' id='block_1_75' title="bbox 2083 3461 3658 3528">
    <p class='ocr_par' dir='ltr' id='par_1_75' title="bbox 2083 3461 3658 3528">
     <span class='ocr_line' id='line_1_75' title="bbox 2083 3461 3658 3528; baseline -0.005 -5"><span class='ocrx_word' id='word_1_588' title='bbox 2083 3484 2179 3523; x_wconf 86' lang='lat' dir='ltr'><strong>nes</strong></span> <span class='ocrx_word' id='word_1_589' title='bbox 2210 3468 2260 3522; x_wconf 91' lang='lat' dir='ltr'><strong>in</strong></span> <span class='ocrx_word' id='word_1_590' title='bbox 2293 3478 2439 3522; x_wconf 86' lang='lat' dir='ltr'><strong>recta</strong></span> <span class='ocrx_word' id='word_1_591' title='bbox 2469 3465 2572 3521; x_wconf 79' lang='lat' dir='ltr'><strong>[ide</strong></span> <span class='ocrx_word' id='word_1_592' title='bbox 2601 3479 2899 3528; x_wconf 82' lang='lat' dir='ltr'><strong>versemur,</strong></span> <span class='ocrx_word' id='word_1_593' title='bbox 2935 3464 2985 3521; x_wconf 85' lang='lat' dir='ltr'><strong>in</strong></span> <span class='ocrx_word' id='word_1_594' title='bbox 3015 3463 3228 3519; x_wconf 78' lang='lat' dir='ltr'><strong>Christo</strong></span> <span class='ocrx_word' id='word_1_595' title='bbox 3264 3462 3391 3518; x_wconf 83' lang='lat' dir='ltr'><strong>Jesu</strong></span> <span class='ocrx_word' id='word_1_596' title='bbox 3432 3461 3658 3519; x_wconf 83' lang='lat' dir='ltr'><strong>Domino</strong></span> 
     </span>
    </p>
   </div>
   <div class='ocr_carea' id='block_1_76' title="bbox 2083 3552 3662 3629">
    <p class='ocr_par' dir='ltr' id='par_1_76' title="bbox 2083 3552 3662 3629">
     <span class='ocr_line' id='line_1_76' title="bbox 2083 3552 3662 3629; baseline -0.004 -16"><span class='ocrx_word' id='word_1_597' title='bbox 2083 3568 2287 3624; x_wconf 88' lang='lat' dir='ltr'><strong>nostro,</strong></span> <span class='ocrx_word' id='word_1_598' title='bbox 2311 3560 2397 3614; x_wconf 90' lang='lat' dir='ltr'><strong>cui</strong></span> <span class='ocrx_word' id='word_1_599' title='bbox 2424 3558 2591 3629; x_wconf 81' lang='lat' dir='ltr'><strong>gloria</strong></span> <span class='ocrx_word' id='word_1_600' title='bbox 2616 3566 2670 3611; x_wconf 93' lang='lat' dir='ltr'><strong>ct</strong></span> <span class='ocrx_word' id='word_1_601' title='bbox 2696 3558 2976 3627; x_wconf 86' lang='lat' dir='ltr'><strong>imperium</strong></span> <span class='ocrx_word' id='word_1_602' title='bbox 2998 3571 3121 3611; x_wconf 91' lang='lat' dir='ltr'><strong>cum</strong></span> <span class='ocrx_word' id='word_1_603' title='bbox 3164 3555 3324 3610; x_wconf 86' lang='lat' dir='ltr'><strong>Patre</strong></span> <span class='ocrx_word' id='word_1_604' title='bbox 3371 3562 3425 3609; x_wconf 90' lang='lat' dir='ltr'><strong>et</strong></span> <span class='ocrx_word' id='word_1_605' title='bbox 3457 3552 3662 3623; x_wconf 87' lang='lat' dir='ltr'><strong>Spiritu</strong></span> 
     </span>
    </p>
   </div>
   <div class='ocr_carea' id='block_1_77' title="bbox 2081 3644 3657 3718">
    <p class='ocr_par' dir='ltr' id='par_1_77' title="bbox 2081 3644 3657 3718">
     <span class='ocr_line' id='line_1_77' title="bbox 2081 3644 3657 3718; baseline -0.008 -11"><span class='ocrx_word' id='word_1_606' title='bbox 2081 3660 2282 3716; x_wconf 88' lang='lat' dir='ltr'><strong>sancto,</strong></span> <span class='ocrx_word' id='word_1_607' title='bbox 2301 3665 2445 3705; x_wconf 90' lang='lat' dir='ltr'><strong>nunc</strong></span> <span class='ocrx_word' id='word_1_608' title='bbox 2455 3659 2747 3718; x_wconf 90' lang='lat' dir='ltr'><strong>etsempcr,</strong></span> <span class='ocrx_word' id='word_1_609' title='bbox 2764 3656 2821 3702; x_wconf 92' lang='lat' dir='ltr'><strong>ct</strong></span> <span class='ocrx_word' id='word_1_610' title='bbox 2839 3647 2890 3700; x_wconf 92' lang='lat' dir='ltr'><strong>in</strong></span> <span class='ocrx_word' id='word_1_611' title='bbox 2908 3645 3101 3701; x_wconf 64' lang='lat' dir='ltr'><strong>secula</strong></span> <span class='ocrx_word' id='word_1_612' title='bbox 3119 3644 3657 3699; x_wconf 68' lang='lat' dir='ltr'><strong>smculorum.Amcn.</strong></span> 
     </span>
    </p>
   </div>
   <div class='ocr_carea' id='block_1_78' title="bbox 408 3764 3661 3827">
    <p class='ocr_par' dir='ltr' id='par_1_78' title="bbox 408 3764 3661 3827">
     <span class='ocr_line' id='line_1_78' title="bbox 408 3764 3661 3827; baseline -0.002 -6"><span class='ocrx_word' id='word_1_613' title='bbox 408 3764 3661 3827; x_wconf 56' lang='grc' dir='ltr'>Ἢ</span> 
     </span>
     <span class='ocr_line' id='line_1_79' title="bbox 423 3812 1439 3824; baseline 0.001 -2"><span class='ocrx_word' id='word_1_614' title='bbox 423 3812 741 3824; x_wconf 53' lang='grc' dir='ltr'><strong>,ΩΟΜ</strong></span> <span class='ocrx_word' id='word_1_615' title='bbox 774 3812 1439 3823; x_wconf 44' lang='lat' dir='ltr'><strong>mn“-</strong></span> 
     </span>
    </p>
   </div>
   <div class='ocr_carea' id='block_1_79' title="bbox 423 3812 1439 3824">
    <p class='ocr_par' dir='ltr' id='par_1_79' title="bbox 423 3812 1439 3824">
     <span class='ocr_line' id='line_1_80' title="bbox 423 3812 1439 3824; baseline 0.001 -2"><span class='ocrx_word' id='word_1_616' title='bbox 423 3812 741 3824; x_wconf 48' lang='grc' dir='ltr'><strong>.-ο-...Μ</strong></span> <span class='ocrx_word' id='word_1_617' title='bbox 774 3812 1439 3823; x_wconf 44' lang='grc' dir='ltr'><strong>φο--κψ--α</strong></span> 
     </span>
    </p>
   </div>
   <div class='ocr_carea' id='block_1_80' title="bbox 1579 3889 2456 4006">
    <p class='ocr_par' dir='ltr' id='par_1_80' title="bbox 1579 3889 2456 4006">
     <span class='ocr_line' id='line_1_81' title="bbox 1579 3889 2456 4006; baseline -0.006 -2"><span class='ocrx_word' id='word_1_618' title='bbox 1579 3889 2456 4006; x_wconf 76' lang='lat' dir='ltr'><strong>MONITUM</strong></span> 
     </span>
    </p>
   </div>
   <div class='ocr_carea' id='block_1_81' title="bbox 1308 4057 2713 4124">
    <p class='ocr_par' dir='ltr' id='par_1_81' title="bbox 1308 4057 2713 4124">
     <span class='ocr_line' id='line_1_82' title="bbox 1308 4057 2713 4124; baseline -0.004 -3"><span class='ocrx_word' id='word_1_619' title='bbox 1308 4060 1386 4121; x_wconf 83' lang='lat' dir='ltr'><strong>IN</strong></span> <span class='ocrx_word' id='word_1_620' title='bbox 1433 4060 1873 4122; x_wconf 79' lang='lat' dir='ltr'><strong>SERMONEM</strong></span> <span class='ocrx_word' id='word_1_621' title='bbox 1912 4062 2021 4122; x_wconf 88' lang='lat' dir='ltr'><strong>DE</strong></span> <span class='ocrx_word' id='word_1_622' title='bbox 2067 4057 2713 4124; x_wconf 81' lang='lat' dir='ltr'><strong>MANSUETUDINE.</strong></span> 
     </span>
    </p>
   </div>
   <div class='ocr_carea' id='block_1_82' title="bbox 466 4180 1972 4251">
    <p class='ocr_par' dir='ltr' id='par_1_82' title="bbox 466 4180 1972 4251">
     <span class='ocr_line' id='line_1_83' title="bbox 466 4180 1972 4251; baseline -0.001 -15"><span class='ocrx_word' id='word_1_623' title='bbox 466 4180 541 4236; x_wconf 86' lang='lat' dir='ltr'><strong>De</strong></span> <span class='ocrx_word' id='word_1_624' title='bbox 578 4180 735 4248; x_wconf 87' lang='lat' dir='ltr'><strong>hujus</strong></span> <span class='ocrx_word' id='word_1_625' title='bbox 765 4180 1028 4237; x_wconf 81' lang='lat' dir='ltr'><strong>sermonis</strong></span> <span class='ocrx_word' id='word_1_626' title='bbox 1066 4189 1284 4239; x_wconf 89' lang='lat' dir='ltr'><strong>auctore</strong></span> <span class='ocrx_word' id='word_1_627' title='bbox 1322 4180 1505 4247; x_wconf 89' lang='lat' dir='ltr'><strong>multi,</strong></span> <span class='ocrx_word' id='word_1_628' title='bbox 1545 4196 1645 4236; x_wconf 86' lang='lat' dir='ltr'><strong>nec</strong></span> <span class='ocrx_word' id='word_1_629' title='bbox 1680 4181 1886 4251; x_wconf 84' lang='lat' dir='ltr'><strong>injuria,</strong></span> <span class='ocrx_word' id='word_1_630' title='bbox 1921 4183 1972 4236; x_wconf 92' lang='lat' dir='ltr'><strong>ni</strong></span> 
     </span>
    </p>
   </div>
   <div class='ocr_carea' id='block_1_83' title="bbox 396 4273 1973 4345">
    <p class='ocr_par' dir='ltr' id='par_1_83' title="bbox 396 4273 1973 4345">
     <span class='ocr_line' id='line_1_84' title="bbox 396 4273 1973 4345; baseline 0 -17"><span class='ocrx_word' id='word_1_631' title='bbox 396 4273 549 4331; x_wconf 76' lang='lat' dir='ltr'><strong>fallar</strong></span> <span class='ocrx_word' id='word_1_632' title='bbox 571 4314 585 4338; x_wconf 93' lang='lat'><strong>,</strong></span> <span class='ocrx_word' id='word_1_633' title='bbox 614 4273 958 4331; x_wconf 87' lang='lat' dir='ltr'><strong>dubitarunt:</strong></span> <span class='ocrx_word' id='word_1_634' title='bbox 983 4273 1177 4331; x_wconf 85' lang='lat' dir='ltr'><strong>absunt</strong></span> <span class='ocrx_word' id='word_1_635' title='bbox 1209 4273 1352 4328; x_wconf 82' lang='lat' dir='ltr'><strong>enim</strong></span> <span class='ocrx_word' id='word_1_636' title='bbox 1386 4288 1573 4329; x_wconf 86' lang='lat' dir='ltr'><strong>omnes</strong></span> <span class='ocrx_word' id='word_1_637' title='bbox 1606 4274 1973 4345; x_wconf 81' lang='lat' dir='ltr'><strong>Chrysostomi</strong></span> 
     </span>
    </p>
   </div>
   <div class='ocr_carea' id='block_1_84' title="bbox 395 4364 1972 4437">
    <p class='ocr_par' dir='ltr' id='par_1_84' title="bbox 395 4364 1972 4437">
     <span class='ocr_line' id='line_1_85' title="bbox 395 4364 1972 4437; baseline 0.001 -17"><span class='ocrx_word' id='word_1_638' title='bbox 395 4366 499 4420; x_wconf 88' lang='lat' dir='ltr'><strong>stili</strong></span> <span class='ocrx_word' id='word_1_639' title='bbox 518 4376 677 4420; x_wconf 67' lang='lat' dir='ltr'><strong>notas.</strong></span> <span class='ocrx_word' id='word_1_640' title='bbox 708 4365 805 4420; x_wconf 80' lang='lat' dir='ltr'><strong>Hic</strong></span> <span class='ocrx_word' id='word_1_641' title='bbox 827 4364 1018 4421; x_wconf 76' lang='lat' dir='ltr'><strong>frustra</strong></span> <span class='ocrx_word' id='word_1_642' title='bbox 1037 4380 1245 4435; x_wconf 68' lang='lat' dir='ltr'><strong>qureras</strong></span> <span class='ocrx_word' id='word_1_643' title='bbox 1255 4365 1418 4430; x_wconf 86' lang='lat' dir='ltr'><strong>sales,</strong></span> <span class='ocrx_word' id='word_1_644' title='bbox 1434 4367 1745 4434; x_wconf 89' lang='lat' dir='ltr'><strong>tropos,vim</strong></span> <span class='ocrx_word' id='word_1_645' title='bbox 1758 4367 1972 4437; x_wconf 84' lang='lat' dir='ltr'><strong>elegan-</strong></span> 
     </span>
    </p>
   </div>
   <div class='ocr_carea' id='block_1_85' title="bbox 397 4456 1969 4527">
    <p class='ocr_par' dir='ltr' id='par_1_85' title="bbox 397 4456 1969 4527">
     <span class='ocr_line' id='line_1_86' title="bbox 397 4456 1969 4527; baseline 0.003 -19"><span class='ocrx_word' id='word_1_646' title='bbox 397 4458 629 4527; x_wconf 83' lang='lat' dir='ltr'><strong>tiamque</strong></span> <span class='ocrx_word' id='word_1_647' title='bbox 645 4456 886 4522; x_wconf 88' lang='lat' dir='ltr'><strong>dicendi,</strong></span> <span class='ocrx_word' id='word_1_648' title='bbox 905 4471 1026 4526; x_wconf 72' lang='lat' dir='ltr'><strong>qua:</strong></span> <span class='ocrx_word' id='word_1_649' title='bbox 1042 4457 1093 4513; x_wconf 88' lang='lat' dir='ltr'><strong>in</strong></span> <span class='ocrx_word' id='word_1_650' title='bbox 1108 4457 1278 4511; x_wconf 88' lang='lat' dir='ltr'><strong>sancti</strong></span> <span class='ocrx_word' id='word_1_651' title='bbox 1295 4456 1529 4512; x_wconf 87' lang='lat' dir='ltr'><strong>doctoris</strong></span> <span class='ocrx_word' id='word_1_652' title='bbox 1544 4457 1756 4525; x_wconf 91' lang='lat' dir='ltr'><strong>scriptis</strong></span> <span class='ocrx_word' id='word_1_653' title='bbox 1773 4458 1969 4526; x_wconf 90' lang='lat' dir='ltr'><strong>passim</strong></span> 
     </span>
    </p>
   </div>
   <div class='ocr_carea' id='block_1_86' title="bbox 392 4546 1969 4619">
    <p class='ocr_par' dir='ltr' id='par_1_86' title="bbox 392 4546 1969 4619">
     <span class='ocr_line' id='line_1_87' title="bbox 392 4546 1969 4619; baseline 0.002 -18"><span class='ocrx_word' id='word_1_654' title='bbox 392 4556 698 4602; x_wconf 76' lang='lat' dir='ltr'><strong>occanunt.</strong></span> <span class='ocrx_word' id='word_1_655' title='bbox 745 4546 1100 4614; x_wconf 86' lang='lat' dir='ltr'><strong>Quamobrem</strong></span> <span class='ocrx_word' id='word_1_656' title='bbox 1149 4562 1269 4601; x_wconf 89' lang='lat' dir='ltr'><strong>eum</strong></span> <span class='ocrx_word' id='word_1_657' title='bbox 1319 4548 1456 4603; x_wconf 89' lang='lat' dir='ltr'><strong>inter</strong></span> <span class='ocrx_word' id='word_1_658' title='bbox 1497 4547 1675 4617; x_wconf 83' lang='lat' dir='ltr'><strong>spuria</strong></span> <span class='ocrx_word' id='word_1_659' title='bbox 1720 4548 1969 4619; x_wconf 77' lang='lat' dir='ltr'><strong>ablegare</strong></span> 
     </span>
    </p>
   </div>
   <div class='ocr_carea' id='block_1_87' title="bbox 2079 4176 3661 4248">
    <p class='ocr_par' dir='ltr' id='par_1_87' title="bbox 2079 4176 3661 4248">
     <span class='ocr_line' id='line_1_88' title="bbox 2079 4176 3661 4248; baseline -0.002 -14"><span class='ocrx_word' id='word_1_660' title='bbox 2079 4180 2551 4237; x_wconf 87' lang='lat' dir='ltr'><strong>destinaveramus.</strong></span> <span class='ocrx_word' id='word_1_661' title='bbox 2590 4176 2695 4233; x_wconf 88' lang='lat' dir='ltr'><strong>Sed</strong></span> <span class='ocrx_word' id='word_1_662' title='bbox 2733 4177 2856 4248; x_wconf 91' lang='lat' dir='ltr'><strong>quia</strong></span> <span class='ocrx_word' id='word_1_663' title='bbox 2894 4191 2926 4232; x_wconf 90' lang='lat' dir='ltr'><strong>a</strong></span> <span class='ocrx_word' id='word_1_664' title='bbox 2964 4177 3283 4244; x_wconf 89' lang='lat' dir='ltr'><strong>quibusdam</strong></span> <span class='ocrx_word' id='word_1_665' title='bbox 3321 4176 3451 4232; x_wconf 86' lang='lat' dir='ltr'><strong>viris</strong></span> <span class='ocrx_word' id='word_1_666' title='bbox 3490 4176 3661 4232; x_wconf 89' lang='lat' dir='ltr'><strong>doctis</strong></span> 
     </span>
    </p>
   </div>
   <div class='ocr_carea' id='block_1_88' title="bbox 2079 4269 3658 4343">
    <p class='ocr_par' dir='ltr' id='par_1_88' title="bbox 2079 4269 3658 4343">
     <span class='ocr_line' id='line_1_89' title="bbox 2079 4269 3658 4343; baseline -0.001 -20"><span class='ocrx_word' id='word_1_667' title='bbox 2079 4279 2349 4343; x_wconf 80' lang='lat' dir='ltr'><strong>tamquam</strong></span> <span class='ocrx_word' id='word_1_668' title='bbox 2392 4283 2678 4341; x_wconf 88' lang='lat' dir='ltr'><strong>germanus</strong></span> <span class='ocrx_word' id='word_1_669' title='bbox 2720 4276 2963 4337; x_wconf 90' lang='lat' dir='ltr'><strong>receptus</strong></span> <span class='ocrx_word' id='word_1_670' title='bbox 2988 4276 3071 4323; x_wconf 83' lang='lat' dir='ltr'><strong>est</strong></span> <span class='ocrx_word' id='word_1_671' title='bbox 3092 4309 3109 4334; x_wconf 92' lang='lat'><strong>,</strong></span> <span class='ocrx_word' id='word_1_672' title='bbox 3140 4269 3258 4322; x_wconf 90' lang='lat' dir='ltr'><strong>aliis</strong></span> <span class='ocrx_word' id='word_1_673' title='bbox 3286 4276 3459 4325; x_wconf 88' lang='lat' dir='ltr'><strong>tamen</strong></span> <span class='ocrx_word' id='word_1_674' title='bbox 3487 4269 3658 4323; x_wconf 80' lang='lat' dir='ltr'><strong>recla-</strong></span> 
     </span>
    </p>
   </div>
   <div class='ocr_carea' id='block_1_89' title="bbox 2080 4356 3184 4427">
    <p class='ocr_par' dir='ltr' id='par_1_89' title="bbox 2080 4356 3184 4427">
     <span class='ocr_line' id='line_1_90' title="bbox 2080 4356 3184 4427; baseline -0.003 -13"><span class='ocrx_word' id='word_1_675' title='bbox 2080 4362 2349 4416; x_wconf 87' lang='lat' dir='ltr'><strong>mantibus</strong></span> <span class='ocrx_word' id='word_1_676' title='bbox 2368 4401 2383 4427; x_wconf 92' lang='lat'><strong>,</strong></span> <span class='ocrx_word' id='word_1_677' title='bbox 2414 4361 2553 4415; x_wconf 81' lang='lat' dir='ltr'><strong>inter</strong></span> <span class='ocrx_word' id='word_1_678' title='bbox 2580 4359 2738 4414; x_wconf 89' lang='lat' dir='ltr'><strong>dubia</strong></span> <span class='ocrx_word' id='word_1_679' title='bbox 2764 4358 2941 4413; x_wconf 91' lang='lat' dir='ltr'><strong>locum</strong></span> <span class='ocrx_word' id='word_1_680' title='bbox 2972 4356 3184 4413; x_wconf 84' lang='lat' dir='ltr'><strong>habeat.</strong></span> 
     </span>
    </p>
   </div>
   <div class='ocr_carea' id='block_1_90' title="bbox 2150 4448 3389 4522">
    <p class='ocr_par' dir='ltr' id='par_1_90' title="bbox 2150 4448 3389 4522">
     <span class='ocr_line' id='line_1_91' title="bbox 2150 4448 3389 4522; baseline -0.003 -17"><span class='ocrx_word' id='word_1_681' title='bbox 2150 4451 2524 4522; x_wconf 81' lang='lat' dir='ltr'><strong>lnlerpretatio</strong></span> <span class='ocrx_word' id='word_1_682' title='bbox 2550 4450 2740 4506; x_wconf 88' lang='lat' dir='ltr'><strong>Latina</strong></span> <span class='ocrx_word' id='word_1_683' title='bbox 2763 4460 2846 4505; x_wconf 89' lang='lat' dir='ltr'><strong>est</strong></span> <span class='ocrx_word' id='word_1_684' title='bbox 2875 4449 3068 4507; x_wconf 89' lang='lat' dir='ltr'><strong>incerti</strong></span> <span class='ocrx_word' id='word_1_685' title='bbox 3093 4448 3389 4519; x_wconf 82' lang='lat' dir='ltr'><strong>cujusdam.</strong></span> 
     </span>
    </p>
   </div>
   <div class='ocr_carea' id='block_1_91' title="bbox 1578 4716 2463 4771">
    <p class='ocr_par' dir='ltr' id='par_1_91' title="bbox 1578 4716 2463 4771">
     <span class='ocr_line' id='line_1_92' title="bbox 1578 4716 2463 4771; baseline 0.01 -11"><span class='ocrx_word' id='word_1_686' title='bbox 1578 4718 1659 4762; x_wconf 86' lang='lat' dir='ltr'><strong>DE</strong></span> <span class='ocrx_word' id='word_1_687' title='bbox 1700 4716 2188 4763; x_wconf 76' lang='lat' dir='ltr'><strong>MANSUETUDINE</strong></span> <span class='ocrx_word' id='word_1_688' title='bbox 2230 4721 2463 4771; x_wconf 74' lang='grc' dir='ltr'><strong>εεῐωο.</strong></span> 
     </span>
    </p>
   </div>
   <div class='ocr_carea' id='block_1_92' title="bbox 1846 4794 2213 4837">
    <p class='ocr_par' dir='ltr' id='par_1_92' title="bbox 1846 4794 2213 4837">
     <span class='ocr_line' id='line_1_93' title="bbox 1846 4794 2213 4837; baseline 0.014 -15"><span class='ocrx_word' id='word_1_689' title='bbox 1846 4794 2213 4837; x_wconf 36' lang='lat' dir='ltr'><strong>Me...</strong></span> 
     </span>
    </p>
   </div>
   <div class='ocr_carea' id='block_1_93' title="bbox 464 4890 1966 4967">
    <p class='ocr_par' dir='ltr' id='par_1_93' title="bbox 464 4890 1966 4967">
     <span class='ocr_line' id='line_1_94' title="bbox 464 4890 1966 4967; baseline -0.002 -19"><span class='ocrx_word' id='word_1_690' title='bbox 464 4894 530 4948; x_wconf 82' lang='lat' dir='ltr'><strong>In</strong></span> <span class='ocrx_word' id='word_1_691' title='bbox 562 4910 669 4967; x_wconf 62' lang='lat' dir='ltr'><strong>quo</strong></span> <span class='ocrx_word' id='word_1_692' title='bbox 696 4891 934 4961; x_wconf 67' lang='lat' dir='ltr'><strong>ili/ferant</strong></span> <span class='ocrx_word' id='word_1_693' title='bbox 959 4891 1132 4960; x_wconf 78' lang='lat' dir='ltr'><strong>ﬁdeles</strong></span> <span class='ocrx_word' id='word_1_694' title='bbox 1159 4890 1220 4944; x_wconf 80' lang='lat' dir='ltr'><strong>ab</strong></span> <span class='ocrx_word' id='word_1_695' title='bbox 1249 4890 1554 4959; x_wconf 75' lang='lat' dir='ltr'><strong>inﬁdelibus.</strong></span> <span class='ocrx_word' id='word_1_696' title='bbox 1593 4921 1667 4932; x_wconf 89' lang='lat'><strong><em>—</em></strong></span> <span class='ocrx_word' id='word_1_697' title='bbox 1706 4891 1966 4947; x_wconf 88' lang='lat' dir='ltr'><strong>Omnibus</strong></span> 
     </span>
    </p>
   </div>
   <div class='ocr_carea' id='block_1_94' title="bbox 398 4982 1970 5056">
    <p class='ocr_par' dir='ltr' id='par_1_94' title="bbox 398 4982 1970 5056">
     <span class='ocr_line' id='line_1_95' title="bbox 398 4982 1970 5056; baseline 0.001 -21"><span class='ocrx_word' id='word_1_698' title='bbox 398 4985 543 5040; x_wconf 82' lang='lat' dir='ltr'><strong>vobis</strong></span> <span class='ocrx_word' id='word_1_699' title='bbox 576 4985 914 5056; x_wconf 89' lang='lat' dir='ltr'><strong>perspicuum</strong></span> <span class='ocrx_word' id='word_1_700' title='bbox 953 4997 1071 5037; x_wconf 87' lang='lat' dir='ltr'><strong>esse</strong></span> <span class='ocrx_word' id='word_1_701' title='bbox 1109 4982 1339 5036; x_wconf 87' lang='lat' dir='ltr'><strong>arbitror</strong></span> <span class='ocrx_word' id='word_1_702' title='bbox 1363 5022 1379 5047; x_wconf 93' lang='lat'><strong>,</strong></span> <span class='ocrx_word' id='word_1_703' title='bbox 1409 4996 1566 5051; x_wconf 91' lang='lat' dir='ltr'><strong>quam</strong></span> <span class='ocrx_word' id='word_1_704' title='bbox 1595 4985 1877 5038; x_wconf 87' lang='lat' dir='ltr'><strong>conveniat</strong></span> <span class='ocrx_word' id='word_1_705' title='bbox 1907 4983 1970 5037; x_wconf 90' lang='lat' dir='ltr'><strong>iis</strong></span> 
     </span>
    </p>
   </div>
   <div class='ocr_carea' id='block_1_95' title="bbox 394 5073 1971 5147">
    <p class='ocr_par' dir='ltr' id='par_1_95' title="bbox 394 5073 1971 5147">
     <span class='ocr_line' id='line_1_96' title="bbox 394 5073 1971 5147; baseline 0 -18"><span class='ocrx_word' id='word_1_706' title='bbox 394 5077 483 5145; x_wconf 89' lang='lat' dir='ltr'><strong>qui</strong></span> <span class='ocrx_word' id='word_1_707' title='bbox 510 5077 683 5131; x_wconf 81' lang='lat' dir='ltr'><strong>divina</strong></span> <span class='ocrx_word' id='word_1_708' title='bbox 708 5074 997 5147; x_wconf 82' lang='lat' dir='ltr'><strong>prudenter</strong></span> <span class='ocrx_word' id='word_1_709' title='bbox 1020 5073 1240 5133; x_wconf 80' lang='lat' dir='ltr'><strong>audiunt</strong></span> <span class='ocrx_word' id='word_1_710' title='bbox 1266 5075 1494 5144; x_wconf 86' lang='lat' dir='ltr'><strong>eloquia,</strong></span> <span class='ocrx_word' id='word_1_711' title='bbox 1519 5083 1575 5127; x_wconf 92' lang='lat' dir='ltr'><strong>ut</strong></span> <span class='ocrx_word' id='word_1_712' title='bbox 1601 5089 1777 5131; x_wconf 89' lang='lat' dir='ltr'><strong>mores</strong></span> <span class='ocrx_word' id='word_1_713' title='bbox 1803 5074 1971 5129; x_wconf 89' lang='lat' dir='ltr'><strong>bonos</strong></span> 
     </span>
    </p>
   </div>
   <div class='ocr_carea' id='block_1_96' title="bbox 394 5164 1969 5234">
    <p class='ocr_par' dir='ltr' id='par_1_96' title="bbox 394 5164 1969 5234">
     <span class='ocr_line' id='line_1_97' title="bbox 394 5164 1969 5234; baseline 0.001 -15"><span class='ocrx_word' id='word_1_714' title='bbox 394 5179 447 5221; x_wconf 87' lang='lat' dir='ltr'><strong>et</strong></span> <span class='ocrx_word' id='word_1_715' title='bbox 493 5167 953 5223; x_wconf 82' lang='lat' dir='ltr'><strong>conversationem</strong></span> <span class='ocrx_word' id='word_1_716' title='bbox 996 5166 1189 5221; x_wconf 88' lang='lat' dir='ltr'><strong>virtute</strong></span> <span class='ocrx_word' id='word_1_717' title='bbox 1237 5164 1509 5234; x_wconf 62' lang='lat' dir='ltr'><strong>praeditam</strong></span> <span class='ocrx_word' id='word_1_718' title='bbox 1558 5174 1864 5221; x_wconf 73' lang='lat' dir='ltr'><strong>exerceant.</strong></span> <span class='ocrx_word' id='word_1_719' title='bbox 1914 5166 1969 5220; x_wconf 92' lang='lat' dir='ltr'><strong>ln</strong></span> 
     </span>
    </p>
   </div>
   <div class='ocr_carea' id='block_1_97' title="bbox 395 5256 1967 5327">
    <p class='ocr_par' dir='ltr' id='par_1_97' title="bbox 395 5256 1967 5327">
     <span class='ocr_line' id='line_1_98' title="bbox 395 5256 1967 5327; baseline 0 -14"><span class='ocrx_word' id='word_1_720' title='bbox 395 5260 497 5313; x_wconf 85' lang='lat' dir='ltr'><strong>hoc</strong></span> <span class='ocrx_word' id='word_1_721' title='bbox 526 5260 666 5315; x_wconf 88' lang='lat' dir='ltr'><strong>enim</strong></span> <span class='ocrx_word' id='word_1_722' title='bbox 697 5258 839 5314; x_wconf 87' lang='lat' dir='ltr'><strong>servi</strong></span> <span class='ocrx_word' id='word_1_723' title='bbox 871 5257 1068 5312; x_wconf 81' lang='lat' dir='ltr'><strong>Christi</strong></span> <span class='ocrx_word' id='word_1_724' title='bbox 1094 5272 1191 5317; x_wconf 81' lang='lat' dir='ltr'><strong>eos</strong></span> <span class='ocrx_word' id='word_1_725' title='bbox 1212 5299 1228 5323; x_wconf 94' lang='lat'><strong>,</strong></span> <span class='ocrx_word' id='word_1_726' title='bbox 1258 5257 1348 5327; x_wconf 89' lang='lat' dir='ltr'><strong>qui</strong></span> <span class='ocrx_word' id='word_1_727' title='bbox 1380 5256 1656 5313; x_wconf 83' lang='lat' dir='ltr'><strong>veritatem</strong></span> <span class='ocrx_word' id='word_1_728' title='bbox 1686 5260 1967 5327; x_wconf 86' lang='lat' dir='ltr'><strong>ignorant,</strong></span> 
     </span>
    </p>
   </div>
   <div class='ocr_carea' id='block_1_98' title="bbox 397 5347 1968 5416">
    <p class='ocr_par' dir='ltr' id='par_1_98' title="bbox 397 5347 1968 5416">
     <span class='ocr_line' id='line_1_99' title="bbox 397 5347 1968 5416; baseline 0.001 -12"><span class='ocrx_word' id='word_1_729' title='bbox 397 5350 731 5416; x_wconf 81' lang='lat' dir='ltr'><strong>potissimum</strong></span> <span class='ocrx_word' id='word_1_730' title='bbox 758 5348 1081 5407; x_wconf 88' lang='lat' dir='ltr'><strong>antecellunt</strong></span> <span class='ocrx_word' id='word_1_731' title='bbox 1107 5387 1122 5411; x_wconf 90' lang='lat'><strong>,</strong></span> <span class='ocrx_word' id='word_1_732' title='bbox 1151 5348 1194 5407; x_wconf 91' lang='lat' dir='ltr'><strong>si</strong></span> <span class='ocrx_word' id='word_1_733' title='bbox 1226 5347 1280 5401; x_wconf 89' lang='lat' dir='ltr'><strong>in</strong></span> <span class='ocrx_word' id='word_1_734' title='bbox 1310 5347 1715 5402; x_wconf 83' lang='lat' dir='ltr'><strong>mansuetudine</strong></span> <span class='ocrx_word' id='word_1_735' title='bbox 1742 5364 1968 5404; x_wconf 76' lang='lat' dir='ltr'><strong>conver-</strong></span> 
     </span>
    </p>
   </div>
   <div class='ocr_carea' id='block_1_99' title="bbox 392 5438 1967 5511">
    <p class='ocr_par' dir='ltr' id='par_1_99' title="bbox 392 5438 1967 5511">
     <span class='ocr_line' id='line_1_100' title="bbox 392 5438 1967 5511; baseline -0.001 -16"><span class='ocrx_word' id='word_1_736' title='bbox 392 5451 579 5496; x_wconf 84' lang='lat' dir='ltr'><strong>scutur</strong></span> <span class='ocrx_word' id='word_1_737' title='bbox 625 5449 679 5496; x_wconf 86' lang='lat' dir='ltr'><strong>et</strong></span> <span class='ocrx_word' id='word_1_738' title='bbox 722 5442 884 5495; x_wconf 77' lang='lat' dir='ltr'><strong>vitam</strong></span> <span class='ocrx_word' id='word_1_739' title='bbox 936 5446 1096 5511; x_wconf 80' lang='lat' dir='ltr'><strong>agant</strong></span> <span class='ocrx_word' id='word_1_740' title='bbox 1144 5454 1238 5495; x_wconf 83' lang='lat' dir='ltr'><strong>sua</strong></span> <span class='ocrx_word' id='word_1_741' title='bbox 1287 5439 1541 5509; x_wconf 76' lang='lat' dir='ltr'><strong>religione</strong></span> <span class='ocrx_word' id='word_1_742' title='bbox 1584 5438 1818 5509; x_wconf 81' lang='lat' dir='ltr'><strong>dignam.</strong></span> <span class='ocrx_word' id='word_1_743' title='bbox 1869 5440 1967 5508; x_wconf 85' lang='lat' dir='ltr'><strong>Qui</strong></span> 
     </span>
    </p>
   </div>
   <div class='ocr_carea' id='block_1_100' title="bbox 389 5530 1968 5613">
    <p class='ocr_par' dir='ltr' id='par_1_100' title="bbox 389 5530 1968 5613">
     <span class='ocr_line' id='line_1_101' title="bbox 389 5530 1968 5613; baseline 0.002 -27"><span class='ocrx_word' id='word_1_744' title='bbox 389 5532 663 5591; x_wconf 81' lang='lat' dir='ltr'><strong>Christum</strong></span> <span class='ocrx_word' id='word_1_745' title='bbox 693 5534 937 5613; x_wconf 69' lang='lat' dir='ltr'><strong>ignorant</strong></span> <span class='ocrx_word' id='word_1_746' title='bbox 958 5572 973 5597; x_wconf 92' lang='lat'><strong>,</strong></span> <span class='ocrx_word' id='word_1_747' title='bbox 1013 5530 1153 5586; x_wconf 88' lang='lat' dir='ltr'><strong>haud</strong></span> <span class='ocrx_word' id='word_1_748' title='bbox 1180 5531 1377 5587; x_wconf 86' lang='lat' dir='ltr'><strong>mirum</strong></span> <span class='ocrx_word' id='word_1_749' title='bbox 1405 5572 1418 5594; x_wconf 94' lang='lat'><strong>,</strong></span> <span class='ocrx_word' id='word_1_750' title='bbox 1448 5531 1490 5586; x_wconf 90' lang='lat' dir='ltr'><strong>si</strong></span> <span class='ocrx_word' id='word_1_751' title='bbox 1525 5531 1647 5589; x_wconf 88' lang='lat' dir='ltr'><strong>mali</strong></span> <span class='ocrx_word' id='word_1_752' title='bbox 1672 5532 1780 5589; x_wconf 89' lang='lat' dir='ltr'><strong>sint</strong></span> <span class='ocrx_word' id='word_1_753' title='bbox 1806 5533 1968 5589; x_wconf 85' lang='lat' dir='ltr'><strong>mori-</strong></span> 
     </span>
    </p>
   </div>
   <div class='ocr_carea' id='block_1_101' title="bbox 391 5624 1963 5696">
    <p class='ocr_par' dir='ltr' id='par_1_101' title="bbox 391 5624 1963 5696">
     <span class='ocr_line' id='line_1_102' title="bbox 391 5624 1963 5696; baseline 0.003 -17"><span class='ocrx_word' id='word_1_754' title='bbox 391 5624 594 5695; x_wconf 85' lang='lat' dir='ltr'><strong>busque</strong></span> <span class='ocrx_word' id='word_1_755' title='bbox 644 5624 908 5682; x_wconf 88' lang='lat' dir='ltr'><strong>damnatis</strong></span> <span class='ocrx_word' id='word_1_756' title='bbox 957 5640 970 5677; x_wconf 93' lang='lat'><strong>:</strong></span> <span class='ocrx_word' id='word_1_757' title='bbox 1013 5638 1201 5678; x_wconf 87' lang='lat' dir='ltr'><strong>servus</strong></span> <span class='ocrx_word' id='word_1_758' title='bbox 1248 5633 1425 5677; x_wconf 82' lang='lat' dir='ltr'><strong>autem</strong></span> <span class='ocrx_word' id='word_1_759' title='bbox 1474 5624 1671 5679; x_wconf 83' lang='lat' dir='ltr'><strong>Christi</strong></span> <span class='ocrx_word' id='word_1_760' title='bbox 1723 5627 1890 5696; x_wconf 86' lang='lat' dir='ltr'><strong>magis</strong></span> <span class='ocrx_word' id='word_1_761' title='bbox 1934 5645 1963 5684; x_wconf 71' lang='grc' dir='ltr'><strong><em>τι</em></strong></span> 
     </span>
    </p>
   </div>
   <div class='ocr_carea' id='block_1_102' title="bbox 734 5731 1413 5794">
    <p class='ocr_par' dir='ltr' id='par_1_102' title="bbox 734 5731 1413 5794">
     <span class='ocr_line' id='line_1_103' title="bbox 734 5731 1413 5794; baseline 0.004 -5"><span class='ocrx_word' id='word_1_762' title='bbox 734 5731 1007 5791; x_wconf 76' lang='grc' dir='ltr'><strong><em>ΡΑτιιοι..</em></strong></span> <span class='ocrx_word' id='word_1_763' title='bbox 1051 5732 1168 5793; x_wconf 82' lang='lat' dir='ltr'><strong>Gn.</strong></span> <span class='ocrx_word' id='word_1_764' title='bbox 1217 5733 1413 5794; x_wconf 75' lang='lat' dir='ltr'>LXIII</span> 
     </span>
    </p>
   </div>
   <div class='ocr_carea' id='block_1_103' title="bbox 2076 4897 3656 4972">
    <p class='ocr_par' dir='ltr' id='par_1_103' title="bbox 2076 4897 3656 4972">
     <span class='ocr_line' id='line_1_104' title="bbox 2076 4897 3656 4972; baseline 0.004 -23"><span class='ocrx_word' id='word_1_765' title='bbox 2076 4911 2281 4952; x_wconf 90' lang='lat' dir='ltr'><strong>morum</strong></span> <span class='ocrx_word' id='word_1_766' title='bbox 2309 4897 2747 4963; x_wconf 89' lang='lat' dir='ltr'><strong>mansuetudine,</strong></span> <span class='ocrx_word' id='word_1_767' title='bbox 2778 4914 2936 4969; x_wconf 89' lang='lat' dir='ltr'><strong>quam</strong></span> <span class='ocrx_word' id='word_1_768' title='bbox 2968 4900 3184 4957; x_wconf 88' lang='lat' dir='ltr'><strong>nomine</strong></span> <span class='ocrx_word' id='word_1_769' title='bbox 3212 4900 3355 4970; x_wconf 90' lang='lat' dir='ltr'><strong>quod</strong></span> <span class='ocrx_word' id='word_1_770' title='bbox 3380 4901 3428 4957; x_wconf 90' lang='lat' dir='ltr'><strong>ei</strong></span> <span class='ocrx_word' id='word_1_771' title='bbox 3464 4918 3656 4972; x_wconf 84' lang='lat' dir='ltr'><strong>paren-</strong></span> 
     </span>
    </p>
   </div>
   <div class='ocr_carea' id='block_1_104' title="bbox 2082 4987 3659 5061">
    <p class='ocr_par' dir='ltr' id='par_1_104' title="bbox 2082 4987 3659 5061">
     <span class='ocr_line' id='line_1_105' title="bbox 2082 4987 3659 5061; baseline 0.004 -20"><span class='ocrx_word' id='word_1_772' title='bbox 2082 4995 2161 5041; x_wconf 90' lang='lat' dir='ltr'><strong>tes</strong></span> <span class='ocrx_word' id='word_1_773' title='bbox 2185 4987 2552 5058; x_wconf 89' lang='lat' dir='ltr'><strong>imposuerunt</strong></span> <span class='ocrx_word' id='word_1_774' title='bbox 2571 5028 2586 5050; x_wconf 92' lang='lat'><strong>,</strong></span> <span class='ocrx_word' id='word_1_775' title='bbox 2614 4989 2884 5044; x_wconf 85' lang='lat' dir='ltr'><strong>vocandus</strong></span> <span class='ocrx_word' id='word_1_776' title='bbox 2908 4999 3012 5045; x_wconf 89' lang='lat' dir='ltr'><strong>est.</strong></span> <span class='ocrx_word' id='word_1_777' title='bbox 3041 4989 3223 5061; x_wconf 85' lang='lat' dir='ltr'><strong>Neque</strong></span> <span class='ocrx_word' id='word_1_778' title='bbox 3248 4990 3388 5049; x_wconf 88' lang='lat' dir='ltr'><strong>Deus</strong></span> <span class='ocrx_word' id='word_1_779' title='bbox 3415 4992 3659 5048; x_wconf 84' lang='lat' dir='ltr'><strong>homines</strong></span> 
     </span>
    </p>
   </div>
   <div class='ocr_carea' id='block_1_105' title="bbox 2078 5075 3653 5156">
    <p class='ocr_par' dir='ltr' id='par_1_105' title="bbox 2078 5075 3653 5156">
     <span class='ocr_line' id='line_1_106' title="bbox 2078 5075 3653 5156; baseline 0.003 -27"><span class='ocrx_word' id='word_1_780' title='bbox 2078 5076 2149 5129; x_wconf 88' lang='lat' dir='ltr'><strong>ita</strong></span> <span class='ocrx_word' id='word_1_781' title='bbox 2169 5075 2338 5148; x_wconf 75' lang='lat' dir='ltr'><strong>diligit</strong></span> <span class='ocrx_word' id='word_1_782' title='bbox 2361 5085 2575 5147; x_wconf 86' lang='lat' dir='ltr'><strong>propter</strong></span> <span class='ocrx_word' id='word_1_783' title='bbox 2591 5076 2973 5146; x_wconf 78' lang='lat' dir='ltr'><strong>virginitatem,</strong></span> <span class='ocrx_word' id='word_1_784' title='bbox 2992 5079 3274 5149; x_wconf 85' lang='lat' dir='ltr'><strong>jejunium,</strong></span> <span class='ocrx_word' id='word_1_785' title='bbox 3292 5088 3653 5156; x_wconf 84' lang='lat' dir='ltr'><strong>contemptum</strong></span> 
     </span>
    </p>
   </div>
   <div class='ocr_carea' id='block_1_106' title="bbox 2077 5165 3658 5243">
    <p class='ocr_par' dir='ltr' id='par_1_106' title="bbox 2077 5165 3658 5243">
     <span class='ocr_line' id='line_1_107' title="bbox 2077 5165 3658 5243; baseline 0.004 -21"><span class='ocrx_word' id='word_1_786' title='bbox 2077 5165 2377 5223; x_wconf 86' lang='lat' dir='ltr'><strong>divitiarum</strong></span> <span class='ocrx_word' id='word_1_787' title='bbox 2403 5211 2419 5235; x_wconf 91' lang='lat'><strong>,</strong></span> <span class='ocrx_word' id='word_1_788' title='bbox 2462 5169 2687 5229; x_wconf 87' lang='lat' dir='ltr'><strong>hilarem</strong></span> <span class='ocrx_word' id='word_1_789' title='bbox 2734 5171 3193 5243; x_wconf 82' lang='lat' dir='ltr'><strong>eleemosynarnm</strong></span> <span class='ocrx_word' id='word_1_790' title='bbox 3240 5174 3509 5231; x_wconf 87' lang='lat' dir='ltr'><strong>dationem</strong></span> <span class='ocrx_word' id='word_1_791' title='bbox 3535 5215 3551 5240; x_wconf 93' lang='lat'><strong>,</strong></span> <span class='ocrx_word' id='word_1_792' title='bbox 3601 5191 3658 5229; x_wconf 85' lang='lat' dir='ltr'><strong>ut</strong></span> 
     </span>
    </p>
   </div>
   <div class='ocr_carea' id='block_1_107' title="bbox 2075 5261 3657 5335">
    <p class='ocr_par' dir='ltr' id='par_1_107' title="bbox 2075 5261 3657 5335">
     <span class='ocr_line' id='line_1_108' title="bbox 2075 5261 3657 5335; baseline 0.003 -19"><span class='ocrx_word' id='word_1_793' title='bbox 2075 5268 2295 5330; x_wconf 86' lang='lat' dir='ltr'><strong>propter</strong></span> <span class='ocrx_word' id='word_1_794' title='bbox 2335 5262 2491 5316; x_wconf 88' lang='lat' dir='ltr'><strong>mites</strong></span> <span class='ocrx_word' id='word_1_795' title='bbox 2534 5261 2773 5331; x_wconf 86' lang='lat' dir='ltr'><strong>beneque</strong></span> <span class='ocrx_word' id='word_1_796' title='bbox 2810 5264 3135 5335; x_wconf 83' lang='lat' dir='ltr'><strong>compositos</strong></span> <span class='ocrx_word' id='word_1_797' title='bbox 3175 5280 3354 5322; x_wconf 87' lang='lat' dir='ltr'><strong>mores</strong></span> <span class='ocrx_word' id='word_1_798' title='bbox 3394 5284 3407 5320; x_wconf 93' lang='lat'><strong>:</strong></span> <span class='ocrx_word' id='word_1_799' title='bbox 3445 5268 3657 5323; x_wconf 75' lang='lat' dir='ltr'><strong>tametsi</strong></span> 
     </span>
    </p>
   </div>
   <div class='ocr_carea' id='block_1_108' title="bbox 2076 5350 3657 5427">
    <p class='ocr_par' dir='ltr' id='par_1_108' title="bbox 2076 5350 3657 5427">
     <span class='ocr_line' id='line_1_109' title="bbox 2076 5350 3657 5427; baseline 0.006 -22"><span class='ocrx_word' id='word_1_800' title='bbox 2076 5361 2131 5405; x_wconf 84' lang='lat' dir='ltr'><strong>et</strong></span> <span class='ocrx_word' id='word_1_801' title='bbox 2152 5350 2283 5406; x_wconf 87' lang='lat' dir='ltr'><strong>illud</strong></span> <span class='ocrx_word' id='word_1_802' title='bbox 2307 5352 2555 5407; x_wconf 87' lang='lat' dir='ltr'><strong>alacriter</strong></span> <span class='ocrx_word' id='word_1_803' title='bbox 2578 5354 2919 5424; x_wconf 84' lang='lat' dir='ltr'><strong>suppeditare</strong></span> <span class='ocrx_word' id='word_1_804' title='bbox 2940 5355 3295 5427; x_wconf 77' lang='lat' dir='ltr'><strong>indigentibus</strong></span> <span class='ocrx_word' id='word_1_805' title='bbox 3316 5374 3420 5413; x_wconf 89' lang='lat' dir='ltr'><strong>non</strong></span> <span class='ocrx_word' id='word_1_806' title='bbox 3441 5358 3657 5417; x_wconf 71' lang='lat' dir='ltr'><strong>aliunde</strong></span> 
     </span>
    </p>
   </div>
   <div class='ocr_carea' id='block_1_109' title="bbox 2077 5442 3653 5525">
    <p class='ocr_par' dir='ltr' id='par_1_109' title="bbox 2077 5442 3653 5525">
     <span class='ocr_line' id='line_1_110' title="bbox 2077 5442 3653 5525; baseline 0.007 -29"><span class='ocrx_word' id='word_1_807' title='bbox 2077 5442 2431 5513; x_wconf 78' lang='lat' dir='ltr'><strong>proﬁciscitur</strong></span> <span class='ocrx_word' id='word_1_808' title='bbox 2458 5455 2513 5500; x_wconf 92' lang='lat' dir='ltr'><strong>et</strong></span> <span class='ocrx_word' id='word_1_809' title='bbox 2541 5446 2853 5501; x_wconf 64' lang='lat' dir='ltr'><strong>caueantur</strong></span> <span class='ocrx_word' id='word_1_810' title='bbox 2879 5449 2945 5505; x_wconf 86' lang='lat' dir='ltr'><strong>iis</strong></span> <span class='ocrx_word' id='word_1_811' title='bbox 2973 5449 3063 5520; x_wconf 88' lang='lat' dir='ltr'><strong>qui</strong></span> <span class='ocrx_word' id='word_1_812' title='bbox 3093 5451 3357 5513; x_wconf 72' lang='lat' dir='ltr'><strong>Christum</strong></span> <span class='ocrx_word' id='word_1_813' title='bbox 3386 5451 3653 5525; x_wconf 85' lang='lat' dir='ltr'><strong>diligunt,</strong></span> 
     </span>
    </p>
   </div>
   <div class='ocr_carea' id='block_1_110' title="bbox 2076 5536 3653 5610">
    <p class='ocr_par' dir='ltr' id='par_1_110' title="bbox 2076 5536 3653 5610">
     <span class='ocr_line' id='line_1_111' title="bbox 2076 5536 3653 5610; baseline 0.007 -24"><span class='ocrx_word' id='word_1_814' title='bbox 2076 5549 2232 5604; x_wconf 90' lang='lat' dir='ltr'><strong>quam</strong></span> <span class='ocrx_word' id='word_1_815' title='bbox 2261 5550 2290 5588; x_wconf 91' lang='lat' dir='ltr'><strong>a</strong></span> <span class='ocrx_word' id='word_1_816' title='bbox 2321 5536 2749 5595; x_wconf 86' lang='lat' dir='ltr'><strong>mansuetudine.</strong></span> <span class='ocrx_word' id='word_1_817' title='bbox 2792 5536 2861 5593; x_wconf 85' lang='lat' dir='ltr'><strong>Ut</strong></span> <span class='ocrx_word' id='word_1_818' title='bbox 2888 5540 3030 5601; x_wconf 87' lang='lat' dir='ltr'><strong>enim</strong></span> <span class='ocrx_word' id='word_1_819' title='bbox 3060 5557 3088 5594; x_wconf 91' lang='lat' dir='ltr'><strong>a</strong></span> <span class='ocrx_word' id='word_1_820' title='bbox 3121 5541 3263 5603; x_wconf 80' lang='lat' dir='ltr'><strong>fonte</strong></span> <span class='ocrx_word' id='word_1_821' title='bbox 3299 5544 3447 5601; x_wconf 86' lang='lat' dir='ltr'><strong>rivus</strong></span> <span class='ocrx_word' id='word_1_822' title='bbox 3471 5582 3488 5610; x_wconf 82' lang='lat'><strong>,</strong></span> <span class='ocrx_word' id='word_1_823' title='bbox 3516 5544 3595 5603; x_wconf 75' lang='lat' dir='ltr'><strong>sic</strong></span> <span class='ocrx_word' id='word_1_824' title='bbox 3625 5563 3653 5597; x_wconf 88' lang='lat' dir='ltr'><strong>a</strong></span> 
     </span>
    </p>
   </div>
   <div class='ocr_carea' id='block_1_111' title="bbox 2082 5628 3652 5706">
    <p class='ocr_par' dir='ltr' id='par_1_111' title="bbox 2082 5628 3652 5706">
     <span class='ocr_line' id='line_1_112' title="bbox 2082 5628 3652 5706; baseline 0.005 -23"><span class='ocrx_word' id='word_1_825' title='bbox 2082 5645 2288 5683; x_wconf 88' lang='lat' dir='ltr'><strong>morum</strong></span> <span class='ocrx_word' id='word_1_826' title='bbox 2312 5628 2573 5686; x_wconf 69' lang='lat' dir='ltr'><strong>suavitate</strong></span> <span class='ocrx_word' id='word_1_827' title='bbox 2593 5646 2717 5687; x_wconf 88' lang='lat' dir='ltr'><strong>cura</strong></span> <span class='ocrx_word' id='word_1_828' title='bbox 2742 5646 3029 5701; x_wconf 85' lang='lat' dir='ltr'><strong>pauperum</strong></span> <span class='ocrx_word' id='word_1_829' title='bbox 3052 5637 3285 5706; x_wconf 84' lang='lat' dir='ltr'><strong>proﬂuit.</strong></span> <span class='ocrx_word' id='word_1_830' title='bbox 3312 5636 3489 5692; x_wconf 73' lang='lat' dir='ltr'><strong>Facile</strong></span> <span class='ocrx_word' id='word_1_831' title='bbox 3509 5638 3652 5693; x_wconf 86' lang='lat' dir='ltr'><strong>enim</strong></span> 
     </span>
    </p>
   </div>
   <div class='ocr_carea' id='block_1_112' title="bbox 3263 5742 3345 5803">
    <p class='ocr_par' dir='ltr' id='par_1_112' title="bbox 3263 5742 3345 5803">
     <span class='ocr_line' id='line_1_113' title="bbox 3263 5742 3345 5803; baseline 0 0"><span class='ocrx_word' id='word_1_832' title='bbox 3263 5742 3345 5803; x_wconf 70' lang='lat'><strong>28</strong></span> 
     </span>
    </p>
   </div>
  </div>
