4092 6206
461 306 561 365 ἘΜ

462 424 541 478 ad
585 420 1003 478 misericordiam
1042 417 1301 471 mansueti
1338 427 1392 471 et
1436 415 1723 487 aequabiles
1759 412 2038 468 trahuntur

466 529 659 571 mones
678 555 693 579 ,
723 528 895 585 noque
923 513 1058 568 ferre
1078 519 1302 583 possunt
1326 508 1589 565 contemni
1618 517 1875 575 pauperes
1897 541 1913 563 .
1942 497 2036 553 sed

462 610 696 661 aliorum
720 606 949 675 inopiam
976 617 1125 657 mam
1154 602 1482 655 arbitrantur
1501 595 1873 651 calamitatem.
1900 590 2035 645 Pro-

473 707 655 767 pterea
670 694 865 749 invidia
892 692 1120 762 pessima
1142 690 1374 745 omnium
1392 686 1727 741 aﬂectionum
1746 691 1847 746 est;
1867 692 2035 748 neque

465 802 717 860 umquam
746 801 959 857 gravem
990 783 1135 838 illum
1159 779 1402 835 morbum
1433 779 1482 831 in
1513 776 1743 830 animam
1771 786 1917 825 suam
1944 769 2036 821 ad-

467 882 631 936 mittit
664 878 748 933 vir
784 876 1043 947 benignus
1085 882 1140 929 et
1184 871 1365 933 mitis;
1406 869 1501 923 sed
1538 866 1584 921 si
1617 864 1809 920 viderit
1846 861 2035 915 fratres

462 973 774 1033 honoratos,
805 966 1101 1037 congaudet
1127 979 1191 1019 ac
1213 961 1530 1034 gratulatur,
1558 959 1782 1013 aliorum
1812 954 2033 1025 gloriam

464 1081 613 1119 suam
656 1075 846 1132 putans
878 1077 891 1113 :
920 1057 1153 1127 alioquin
1197 1059 1484 1109 amicorum
1525 1050 1702 1105 omnia
1734 1046 2034 1105 communia

461 1171 709 1221 ccnsens,
734 1154 784 1207 in
808 1152 962 1206 bonis
983 1148 1193 1218 quidem
1222 1143 1537 1215 congaudet,
1564 1142 1615 1196 in
1642 1139 1880 1195 tristibus
1907 1149 2034 1191 vero

461 1246 728 1302 eondolct.
772 1242 897 1296 Hmc
937 1240 1079 1295 enim
1128 1234 1547 1293 mansuetudinis
1591 1232 1730 1285 dona
1779 1240 1942 1292 sunt,
1981 1235 2036 1280 et

463 1339 581 1391 talis
620 1335 823 1389 mitium
862 1340 941 1386 est
981 1331 1084 1384 vita
1116 1348 1129 1383 :
1160 1328 1303 1382 mitis
1342 1324 1701 1394 orphanorum
1735 1328 1882 1388 pater
1909 1326 1992 1372 est
2015 1358 2030 1381 ,

461 1429 739 1481 viduarum
772 1434 1045 1493 patronus,
1073 1419 1399 1490 paupertatis
1423 1424 1655 1471 curator.
1688 1411 1878 1479 injuria
1904 1408 2032 1463 εσυ-

460 1531 666 1574 rtortnn
689 1517 899 1587 adjutor
916 1557 930 1580 ,
955 1530 1166 1583 semper
1188 1523 1403 1567 strenue
1424 1511 1529 1579 agit
1549 1506 1689 1577 quod
1711 1506 1907 1575 justum
1929 1511 2028 1556 est.

466 1609 531 1664 l-It
576 1610 682 1663 ﬁlio
712 1604 1036 1663 reverendus
1064 1613 1145 1657 cst
1189 1610 1335 1671 pater
1379 1601 1521 1654 mitis
1547 1606 1600 1652 et
1627 1596 1762 1649 ﬁlius
1794 1592 1947 1663 patri,
1980 1598 2033 1643 et

457 1697 823 1756 observandus
851 1696 1067 1751 domino
1101 1702 1416 1770 estscrvus,
1443 1698 1495 1744 et
1526 1687 1656 1743 nihil
1689 1689 1760 1742 ita
1787 1683 2033 1739 conciliat

459 1793 677 1847 domino
709 1789 994 1843 familiares
1015 1829 1029 1855 ,
1059 1797 1115 1839 ut
1141 1783 1280 1855 quod
1309 1782 1456 1837 illum
1487 1781 1669 1835 vident
1696 1795 1817 1847 erga
1846 1793 2032 1833 omnes

463 1886 701 1940 modeste
740 1897 799 1937 se
824 1896 1011 1951 gerere
1037 1922 1051 1943 ,
1092 1887 1147 1933 et
1177 1875 1580 1931 mansuetudine
1603 1873 1807 1929 cunctis
1841 1872 2032 1942 jucun-

382 2011 387 2015 -
463 1978 586 2029 dum
619 1992 633 2027 :
663 1990 783 2028 nam
816 1981 870 2027 et
900 1971 1057 2026 talem
1104 1967 1318 2039 majoris
1359 1965 1556 2020 faciunt
1592 1975 1646 2019 ct
1682 1963 2024 2026 admirantur,

462 2067 766 2137 habentque
796 2078 890 2134 pro
922 2073 1068 2134 patre
1087 2103 1103 2127 ,
1138 2076 1241 2115 non
1270 2074 1367 2129 pro
1391 2058 1626 2114 domino.

531 2159 659 2223 Quae
686 2158 816 2210 bona
845 2154 1012 2224 pariat
1040 2150 1392 2205 mansuetudo.
1417 2178 1490 2190 —
1513 2150 1621 2218 Age
1649 2162 1743 2217 pro
1769 2146 1906 2200 virili
1934 2159 2031 2199 no.

457 2262 566 2303 stra
605 2249 884 2318 diligenter
910 2246 1237 2315 inquit-anius
1261 2284 1276 2308 ,
1309 2256 1549 2312 quasnam
1579 2255 1645 2294 ex
1673 2253 1877 2293 morum
1905 2252 2030 2291 sua-

456 2342 616 2394 vitate
643 2340 777 2394 bona
809 2337 1098 2392 mansuetis
1130 2336 1459 2404 proveniant.
1492 2333 1685 2388 Gratus
1708 2340 1762 2387 et
1789 2330 2030 2384 amabilis

456 2442 537 2486 est
564 2430 893 2493 videntibus,
924 2436 1101 2497 gratus
1131 2427 1253 2480 item
1282 2426 1345 2479 iis
1369 2423 1558 2494 quibus
1589 2432 1788 2477 tantum
1819 2421 2030 2475 nomine

459 2533 616 2576 tutus
655 2531 735 2575 est
769 2542 783 2575 :
814 2534 985 2587 neque
1017 2516 1164 2570 facile
1197 2516 1359 2568 ullum
1391 2514 1625 2568 invenies
1648 2553 1662 2573 ,
1694 2512 1781 2578 qui
1810 2512 2030 2566 audiens

459 2611 658 2665 laudari
686 2609 950 2662 hominem
978 2617 1332 2667 mansuetum,
1358 2606 1500 2660 iitum
1525 2604 1705 2657 videre
1725 2613 1777 2657 et
1801 2617 2029 2657 exoscu-

457 2702 552 2756 lari
585 2717 688 2753 non
727 2699 992 2754 desideret
1019 2739 1033 2765 ,
1063 2707 1114 2752 et
1144 2713 1247 2751 non
1286 2697 1474 2751 habeat
1516 2696 1566 2749 in
1602 2696 1867 2765 aliquanta
1894 2694 2030 2750 lucri

460 2802 607 2859 parte
633 2793 745 2861 ejus
772 2789 1000 2844 amicitia
1035 2803 1190 2858 posse
1217 2788 1336 2842 frui.
1381 2786 1532 2854 Quod
1562 2785 1606 2840 si
1632 2787 1899 2856 contingat
1925 2786 2028 2840 alis

456 2898 591 2953 quos
621 2891 837 2951 propter
862 2895 991 2949 opes
1014 2881 1151 2934 inter
1174 2890 1291 2933 sese
1316 2877 1606 2943 dissidere,
1635 2893 1758 2931 nio:
1786 2876 1851 2930 ad
1878 2876 2026 2931 beni-

457 2991 619 3045 gnttnt
646 2982 697 3029 et
724 2982 1055 3028 mansuetum
1083 2972 1227 3027 illum
1254 2978 1557 3040 properant,
1585 2970 1719 3023 bona
1748 2984 1862 3038 spe,
1888 2968 2027 3038 quod

458 3066 573 3135 ejus
619 3064 851 3119 bonitate
889 3059 1135 3133 quicquid
1173 3060 1339 3115 litium
1371 3068 1425 3113 et
1462 3058 1857 3113 contentionum
1890 3066 2030 3114 este

461 3157 637 3211 medio
675 3155 906 3209 tollatur.
943 3154 1177 3218 Rursus,
1208 3152 1252 3207 si
1291 3151 1545 3223 capitales
1579 3151 1717 3205 inter
1746 3166 1806 3205 se
1833 3150 2039 3211 inimici

457 3248 564 3302 sint
586 3290 599 3314 ,
628 3244 892 3301 mansueti
921 3244 1019 3299 viri
1045 3243 1378 3313 correptione
1401 3242 1680 3312 placantur
1703 3249 1757 3296 et
1782 3256 2027 3296 ntansue-

459 3348 647 3404 scunt,
679 3336 884 3393 etiamsi
926 3342 1111 3390 natura
1154 3335 1207 3389 in
1251 3334 1382 3388 iram
1419 3342 1473 3388 et
1509 3332 1739 3387 furorem
1782 3331 2027 3402 propensi

459 3430 585 3484 sint.
617 3429 714 3495 Qui
744 3441 872 3483 vero
900 3426 1054 3480 aliter
1080 3423 1250 3479 affecti
1276 3423 1499 3488 sunt,~si
1524 3421 1869 3477 reconciliare
1894 3421 2032 3475 inter

459 3538 519 3574 so
546 3519 707 3574 velint
734 3532 828 3573 cos
851 3516 939 3587 qui
964 3514 1321 3585 digladiantur
1340 3520 1396 3567 et
1422 3520 1674 3582 pugnant,
1702 3510 1847 3564 nullo
1873 3509 2032 3563 modo

460 3609 791 3666 venerabiles
814 3614 1037 3680 possunt
1059 3604 1259 3658 videri:
1282 3602 1375 3657 sed
1399 3602 1449 3656 in
1471 3602 1661 3672 quavis
1680 3615 1839 3656 causa
1859 3601 2033 3671 aptior

459 3715 513 3756 et
557 3700 723 3771 magis
768 3697 990 3753 idoneus
1024 3695 1087 3749 ad
1118 3692 1539 3763 persuadendum
1567 3700 1622 3746 et
1647 3692 2027 3748 consulendum

444 3803 542 3848 'est
567 3792 613 3846 is
633 3833 647 3857 ,
675 3790 763 3862 qui
789 3804 882 3845 eas
905 3788 1143 3842 actiones
1165 3799 1387 3854 quarum
1416 3782 1693 3839 consilium
1717 3782 1807 3838 dat
1832 3786 2032 3853 primus

459 3884 783 3955 aggreditur.
829 3880 1049 3948 Insuper
1088 3876 1338 3948 quoniam
1375 3875 1746 3944 exemplosuo
1784 3877 2029 3947 magister

461 3984 545 4030 est
569 3970 1006 4034 mansuetudinis,
1028 3977 1083 4024 et
1107 3969 1219 4038 ipse
1241 3966 1484 4036 exemplo
1505 3981 1601 4019 suo
1621 3966 1895 4022 stabilitea
1914 3982 2032 4036 quas

465 4065 661 4130 tradit,
690 4061 847 4117 simul
875 4076 936 4115 ac
964 4067 1219 4130 apparet,
1250 4058 1635 4127 mitigatetiam
1666 4056 1988 4111 .l'uribundos
2010 4097 2027 4123 ,

464 4169 637 4224 neque
672 4149 857 4206 multis
882 4150 931 4204 ei
962 4148 1139 4204 verbis
1168 4149 1246 4202 vel
1276 4145 1723 4201 admonitionibus
1753 4161 1885 4213 opus
1911 4154 2026 4212 est,

461 4244 555 4300 sed
582 4255 635 4299 et
662 4256 866 4312 pacem,
892 4239 1192 4309 priusquam
1222 4238 1483 4307 loquatur,
1512 4235 1813 4304 persuadet.
1839 4236 2032 4302 Queru-

462 4335 747 4392 admodum
785 4343 839 4389 et
872 4333 999 4388 solis
1033 4330 1225 4402 jubar,
1260 4338 1316 4382 ιιι
1353 4326 1578 4397 primum
1608 4335 1861 4395 apparet,
1893 4326 2030 4397 fugat

466 4429 709 4484 tenebras
738 4442 754 4483 :
782 4425 852 4478 ita
889 4431 1194 4476 mansuetus
1232 4428 1286 4474 ct
1322 4418 1578 4487 benignus
1614 4432 1709 4471 sua
1752 4419 2032 4486 prtesentia

463 4535 550 4575 res
593 4516 923 4573 turbulentas
965 4511 1235 4582 componit
1274 4510 1584 4582 quietusque
1625 4525 1688 4564 ac
1727 4511 2036 4580 tranquillas

464 4610 654 4665 reddit.
706 4607 800 4662 Est
839 4616 1016 4659 autem
1059 4611 1114 4658 et
1157 4600 1260 4655 hoc
1300 4602 1512 4671 dignum
1560 4601 1825 4655 recenseri
1851 4643 1865 4667 ,
1895 4601 2032 4671 quod

461 4701 704 4756 Christus
727 4698 899 4754 solum
927 4695 1172 4767 paciﬁcos
1201 4694 1335 4748 ﬁlios
1361 4693 1449 4749 Dei
1472 4703 1623 4748 vocat
1644 4691 1853 4764 (Matth.
1877 4694 1928 4747 5.
1953 4693 2030 4760 9).

466 4793 529 4846 lit
555 4805 721 4862 quare
748 4803 904 4844 suum
933 4784 1245 4841 vocabulum
1277 4781 1492 4837 mitibus
1522 4784 1916 4840 communicat?
1940 4785 2039 4839 So-

467 4884 548 4933 lus
584 4878 674 4933 ille
695 4876 892 4932 Filium
922 4875 1019 4931 Dei
1046 4889 1142 4946 pro
1170 4874 1370 4929 viribus
1397 4873 1629 4928 imitatur
1653 4915 1668 4939 ,
1699 4875 1784 4944 qui
1815 4874 1958 4943 pacis
1985 4885 2037 4930 ct

470 4969 716 5026 amicitia:
742 4977 933 5024 auctor
960 4967 1078 5022 aliis
1108 4965 1186 5021 ﬁt.
1235 4963 1369 5020 Nam
1394 4965 1528 5021 sicut
1551 4965 1793 5021 Christus
1826 4966 1960 5020 Deus
1987 4978 2046 5022 cr

465 5062 704 5118 oninium
738 5059 1003 5115 Dominus
1024 5099 1042 5127 ,
1072 5059 1125 5113 in
1166 5072 1327 5114 carne
1354 5057 1531 5111 divina
1558 5058 1711 5113 nobis
1736 5074 1998 5127 apparens
2021 5103 2037 5127 ,

468 5162 680 5208 sanctos
707 5151 923 5223 angelos
947 5165 1069 5205 cum
1093 5148 1393 5204 hominibus
1418 5148 1710 5204 concordes
1734 5148 1923 5210 effecit,
1953 5145 2046 5221 qui

466 5243 616 5314 quasi
646 5242 789 5298 bello
817 5242 1041 5312 quodam
1069 5256 1098 5295 a
1132 5240 1283 5295 nobis
1318 5240 1644 5296 dissidebant
1674 5259 1688 5296 :
1717 5243 1787 5296 ita
1817 5255 1866 5296 ct
1898 5261 2044 5298 man-

466 5347 652 5391 suetus
695 5336 853 5388 homo
876 5331 1077 5388 fratres
1102 5341 1156 5387 ct
1181 5340 1433 5402 cognatos
1462 5341 1515 5388 et
1543 5332 1863 5389 domesticos
1891 5351 2043 5390 rere-

471 5425 576 5483 reri
602 5425 748 5495 leges
771 5431 825 5481 et
847 5431 1167 5494 prteceptum
1197 5422 1309 5488 Dei,
1337 5422 1658 5494 abjcctisque
1684 5425 2016 5481 inimicitiisi.

471 5516 694 5587 gratiam
724 5520 959 5568 mutuam
989 5512 1163 5569 redire
1193 5511 1333 5567 facit.
1365 5511 1530 5568 Porro
1557 5513 1697 5583 quod
1726 5514 1776 5568 in
1805 5516 2045 5584 corpori-

470 5607 574 5663 bus
611 5605 808 5662 nostris
835 5605 1022 5674 nervi,
1046 5604 1149 5662 hoc
1173 5614 1253 5661 est
1290 5618 1595 5662 mansuetus
1623 5607 1781 5663 homo
1813 5608 1863 5663 in
1889 5610 2047 5665 domo

468 5712 525 5755 et
554 5698 864 5779 eccieslzet
892 5700 1124 5799 civitate.
1156 5700 1351 5789 Paulus
1381 5703 1520 5759 enim
1553 5718 1697 5760 more
1728 5720 1823 5760 suo
1854 5705 2045 5762 fratres

1479 5804 1516 5820 μ.-

1842 5876 1873 5887 Α

1981 292 2203 351 [ωειλ.

3606 311 3715 376 532

2142 420 2295 466 vocat
2324 418 2531 483 corpus
2550 424 2602 470 et
2632 418 2865 473 membra
2894 422 3115 479 invicem
3143 424 3354 498 (Ephes.
3382 429 3433 483 6.
3464 429 3557 501 25)
3581 448 3595 485 :
3620 433 3710 503 qui

2140 511 2316 557 autem
2346 505 2579 561 divulsos
2606 519 2657 563 et
2687 522 2979 580 pugnantes
3003 519 3147 573 coire
3174 518 3295 573 facit
3321 521 3371 573 in
3396 522 3709 591 amicitiam,

2135 591 2245 661 jam
2273 595 2417 650 Pauli
2445 613 2742 656 sermonem
2770 604 3068 673 conﬁrmat,
3098 609 3184 678 qui
3209 611 3398 665 suadet
3423 613 3709 683 omnibus,

2141 701 2208 740 ne
2252 686 2495 755 ignorent
2534 692 2770 748 membra
2805 711 2896 751 sua
2931 714 3104 769 neque
3135 711 3317 756 mutuo
3344 718 3406 760 se
3432 704 3707 763 devorent.

2143 775 2291 831 Unde
2333 794 2489 834 verus
2532 791 2611 836 est
2668 799 2845 840 sermo
2894 788 3021 854 ille,
3072 792 3211 860 quod
3257 795 3568 861 paciﬁcator
3605 797 3710 853 fra-

2141 874 2278 922 trum
2314 872 2552 928 eamdem
2590 875 2833 932 virtutcm
2865 878 3023 935 habet
3056 882 3108 936 in
3143 886 3362 939 ecclesia
3393 894 3449 941 et
3473 888 3631 945 domo
3658 899 3711 948 et

2139 958 2351 1015 civitate
2373 1002 2389 1025 ,
2419 980 2571 1033 quam
2601 965 2795 1021 habent
2824 969 2874 1022 in
2905 974 3214 1041 corporibus
3243 977 3413 1042 nervi,
3443 977 3566 1033 dum
3594 979 3709 1035 dis-

2140 1064 2292 1118 persa
2352 1063 2406 1106 et
2470 1055 2692 1111 invicem
2742 1063 3022 1129 pugnantia
3067 1066 3339 1136 conjungit
3379 1076 3435 1123 et
3474 1072 3705 1140 copulat.

2142 1141 2334 1196 Verum
2363 1143 2477 1201 hmo
2498 1146 2663 1202 virtus
2686 1158 2809 1205 tunc
2828 1152 2983 1206 alicui
3007 1155 3129 1209 data
3151 1167 3252 1221 εει,
3275 1158 3485 1224 quando
3507 1163 3707 1230 primus

2138 1232 2252 1302 ipse
2295 1247 2569 1292 mansuete
2605 1239 2786 1294 vivere
2831 1243 3014 1313 incipit
3040 1264 3054 1299 :
3078 1256 3133 1299 at
3171 1250 3257 1315 qui
3297 1248 3446 1305 facile
3485 1252 3537 1305 in
3576 1252 3707 1308 iram

2137 1329 2366 1395 erumpit
2388 1369 2402 1393 ,
2435 1332 2593 1399 vulgo
2635 1330 2890 1387 ridiculus
2927 1338 3199 1405 apparebit
3223 1379 3238 1403 ,
3288 1340 3333 1393 si
3375 1341 3587 1410 quando
3612 1358 3706 1396 ex-

2138 1428 2413 1487 asperatos
2435 1421 2567 1475 alios
2592 1422 2802 1491 placare
2829 1433 3071 1482 attentat.

2206 1509 2312 1565 frte
2334 1524 2519 1582 quanta
2543 1515 2760 1585 faditas.
2785 1516 2985 1572 -—1atn
3033 1519 3156 1587 quid
3206 1520 3439 1578 deterius
3478 1523 3707 1581 homini-

2137 1600 2235 1656 bus
2264 1603 2350 1670 qui
2397 1605 2490 1658 ira:
2534 1606 2807 1661 serviunt?
2851 1610 2968 1677 quis
2999 1624 3093 1665 eos
3130 1610 3316 1667 videns
3361 1628 3465 1667 non
3515 1618 3707 1671 avertit

2135 1692 2355 1746 oculos?
2386 1694 2780 1752 \‘iriracundus
2808 1698 3036 1753 insuavis
3068 1709 3146 1754 est
3170 1700 3363 1769 obviis,
3397 1703 3706 1761 insuaviset

2133 1783 2324 1839 vicinis
2355 1803 2368 1839 :
2401 1796 2455 1840 et
2476 1787 2520 1841 si
2552 1788 2792 1856 pecuniis
2814 1804 2934 1844 eum
2958 1805 3146 1846 carere
3172 1794 3461 1864 contingat,
3490 1812 3593 1851 non
3625 1798 3702 1851 fa-

2135 1875 2236 1931 cile
2262 1878 2461 1948 reperit
2483 1880 2571 1948 qui
2600 1880 2715 1948 ejus
2745 1882 2937 1951 inapim
2963 1894 3258 1938 succurrat.
3287 1885 3597 1943 Communis
3622 1899 3705 1944 est

2136 1966 2305 2020 hostis
2335 1976 2388 2023 et
2413 1969 2604 2023 civium
2632 1981 2685 2026 ct
2713 1973 3113 2042 peregrinorum
3146 1991 3160 2028 :
3190 1976 3407 2042 clamat,
3441 1980 3704 2036 vocifera-

2136 2066 2241 2121 tur,
2274 2060 2453 2130 plagas
2479 2063 2880 2117 occurrentibus
2910 2065 3159 2132 intentat,‘
3204 2066 3426 2122 dicenda
3470 2070 3707 2140 loquitur

2135 2160 2184 2204 et
2211 2150 2448 2215 tacenda,
2478 2164 2694 2220 aspectu
2725 2162 2898 2218 torvo,
2928 2154 3104 2208 inllata
3128 2155 3278 2218 facie.
3300 2159 3475 2227 lingua
3499 2160 3699 2226 rabida,

2133 2241 2381 2296 manibus
2423 2242 2488 2295 ad
2529 2243 2705 2297 omnia
2736 2246 3221 2315 prorumpentibus,
3254 2256 3325 2312 et,
3354 2257 3418 2303 ut
3458 2262 3700 2318 apparet,

2133 2331 2377 2387 daemone
2406 2335 2633 2402 plenus:
2666 2342 2722 2389 et
2746 2338 2789 2388 si
2830 2337 2951 2405 quis
2980 2336 3155 2391 videat
3194 2338 3365 2392 virum
3407 2341 3475 2393 ita
3507 2342 3700 2404 furere.

2134 2420 2457 2476 dubitaverit
2475 2438 2541 2476 an
2569 2423 2832 2478 darmonio
2851 2426 3077 2493 agitetur
3104 2427 3283 2493 miser,
3317 2443 3382 2483 an
3409 2430 3704 2486 voluntarie

2133 2510 2185 2565 in
2218 2520 2416 2567 tantam
2455 2512 2711 2569 insaniam
2741 2516 3065 2584 prosilierit?
3106 2517 3184 2572 lra
3223 2519 3551 2575 voluntarius
3587 2522 3697 2575 dm-

2132 2619 2281 2669 mon,
2325 2604 2527 2659 insania
2565 2616 2878 2674 spontanca,
2927 2609 3119 2663 mentis
3162 2618 3243 2663 est
3283 2610 3512 2666 defectio
3556 2632 3569 2667 :
3614 2618 3705 2685 qui

2132 2694 2399 2759 irascitur,
2427 2695 2623 2751 diaboli
2662 2697 2946 2751 ludibrium
2977 2709 3079 2763 est,
3125 2700 3424 2756 dremonum
3466 2702 3700 2770 officina,

2131 2794 2186 2839 et
2235 2785 2489 2854 nequitia:
2525 2787 2733 2842 illorum
2783 2788 2970 2858 dignus
3015 2790 3276 2845 minister.
3320 2792 3703 2858 Dii-,obseeru,

2131 2875 2257 2946 quid
2289 2877 2620 2945 potissimum
2650 2879 2838 2933 volunt
2872 2878 3165 2947 dmmoncs,
3195 2892 3252 2935 ut
3292 2883 3490 2937 faciant
3530 2884 3707 2939 homi-

2133 2968 2272 3023 nes?
2311 2984 2488 3023 nonne
2537 2980 2593 3023 ut
2630 2971 2956 3039 exprobrent
3000 2972 3372 3042 genitoribus?
3426 2990 3605 3031 nonne
3647 2988 3704 3031 ut

2133 3060 2361 3129 pollutas
2391 3076 2578 3115 manus
2609 3062 2913 3130 parentibus
2941 3062 3205 3118 inferant?
3233 3080 3409 3120 nenne
3436 3075 3493 3121 ut
3536 3068 3703 3123 Deum

2133 3152 2541 3221 blaspliement't
2586 3154 2712 3209 litae
2750 3166 2928 3211 autem
2972 3156 3148 3210 omnia
3196 3156 3537 3213 irascentium
3581 3169 3707 3213 sunt

2133 3259 2314 3314 opera.
2358 3248 2531 3314 Atque
2575 3245 2708 3300 adeo
2739 3246 2814 3299 ira
2861 3246 3034 3301 servis
3069 3247 3180 3301 suis
3220 3247 3374 3304 facile
3420 3249 3707 3319 impietatis

2131 3346 2319 3391 auctor
2345 3344 2429 3391 cst
2459 3358 2472 3392 :
2505 3353 2676 3408 neque
2701 3337 2841 3391 enim
2867 3338 2966 3393 sibi
2994 3340 3124 3409 ipsis
3147 3338 3297 3395 facile
3325 3342 3587 3411 imperare
3616 3359 3709 3395 va-

2132 3425 2243 3481 lent
2267 3428 2354 3497 qui
2383 3443 2411 3480 a
2443 3426 2622 3483 furore
2664 3438 2720 3483 et
2759 3429 2835 3482 ira
2862 3429 3184 3495 vincuntur;
3213 3431 3306 3486 sed
3345 3433 3548 3488 similes
3582 3444 3707 3489 sunt

2133 3517 2275 3578 navi.
2306 3533 2424 3586 qua:
2456 3518 2509 3571 in
2540 3519 2712 3573 media
2752 3528 3071 3589 tempestate
3100 3536 3130 3575 a
3159 3522 3514 3593 gubernatore
3537 3524 3708 3579 desti-

2135 3615 2246 3661 tuta
2275 3608 2651 3677 sulimergitur,
2684 3609 3036 3681 undequaque
3074 3614 3125 3667 in
3167 3628 3285 3668 casn
3328 3615 3578 3683 procellis
3625 3617 3710 3670 in-

2132 3699 2348 3769 gressis.
2380 3698 2460 3753 ira
2489 3703 2630 3754 enim
2656 3701 2806 3770 quasi
2837 3702 3034 3757 fulmen
3062 3714 3115 3758 et
3148 3714 3434 3774 tempestas
3458 3708 3707 3777 qmedam

2135 3791 2187 3846 in
2213 3790 2444 3847 animam
2465 3791 2637 3857 irruit,
2667 3794 3090 3864 servientemque
3111 3796 3210 3852 sibi
3232 3797 3503 3867 stupidum
3531 3800 3709 3856 reddit

2135 3892 2189 3937 et
2216 3892 2505 3939 amentem.
2546 3883 2682 3950 Quid
2726 3885 2885 3953 igitur
2914 3884 3253 3942 faciendum?
3291 3888 3576 3946 Prudentis
3606 3891 3709 3946 lio-

2122 3975 2295 4032 minis
2322 3975 2498 4039 fuerit.
2531 3985 2589 4032 ιιι
2624 3978 2724 4032 sibi
2758 3978 2826 4031 ab
2852 3977 2955 4034 hoc
2992 3979 3183 4035 morbo
3218 3991 3424 4048 caveat,
3468 3992 3707 4038 mentem

2135 4067 2403 4123 contineat
2427 4077 2478 4123 et
2511 4067 2739 4123 furorem
2770 4070 2945 4139 sopiat
2967 4072 3358 4141 Scripturarum
3389 4072 3711 4127 admonitio-

2135 4155 2307 4221 nibus,
2340 4158 2644 4228 priusquam
2673 4158 2725 4213 in
2752 4158 2882 4213 iram
2918 4159 3212 4216 inducatur.
3242 4160 3374 4215 Nam
3395 4164 3453 4217 .si
3497 4164 3709 4232 paesti.

2133 4247 2398 4318 giatorum
2437 4247 2846 4304 incantamentis
2894 4249 3077 4305 bestia:
3118 4251 3494 4321 obtemperant
3531 4269 3545 4306 :
3579 4254 3709 4323 quid

2136 4338 2327 4392 mirum
2349 4338 2392 4392 si
2419 4338 2625 4408 eloquia
2657 4338 2853 4395 Christi
2889 4338 3084 4395 ferocis
3111 4343 3305 4397 animtc
3325 4351 3520 4396 statum
3553 4342 3709 4397 facile

2126 4429 2476 4497 tranquillum
2505 4440 2557 4483 et
2582 4430 2893 4499 aequabilem
2924 4431 3189 4487 reddant?
3208 4432 3394 4487 Omnis
3420 4433 3578 4495 enim,
3614 4433 3706 4485 in-

2137 4520 2267 4587 quit,
2296 4520 2585 4573 amaritudo
2624 4532 2675 4574 et
2716 4522 2794 4575 ira
2839 4531 2885 4576 et
2912 4526 3058 4592 {urar
3085 4533 3132 4576 et
3172 4523 3372 4577 clamor
3392 4523 3649 4593 auferatur
3673 4539 3709 4575 η

2139 4611 2272 4665 robis
2298 4628 2410 4663 cum
2448 4614 2587 4665 omni
2614 4612 2829 4666 malitia.
2860 4612 3034 4668 Estote
3060 4614 3270 4669 invicem
3299 4614 3520 4685 benigni,
3560 4616 3713 4668 mise-

2139 4702 2379 4767 ricordes,
2414 4702 2758 4759 contionantes
2783 4705 2917 4758 vobis
2954 4703 3096 4775 ipsis,
3130 4710 3174 4758 si
3203 4707 3314 4774 quis
3340 4706 3582 4758 adversus
3612 4704 3714 4758 ali-

2139 4806 2283 4858 quem
2326 4794 2472 4847 habet
2513 4797 2951 4864 reprehensionem
2982 4813 3000 4850 :
3026 4795 3446 4866 quemadmodum
3485 4806 3533 4850 et
3571 4793 3715 4851 Deus

2138 4885 2190 4938 in
2218 4884 2415 4939 Christo
2439 4884 2738 4939 condonavit
2765 4887 2919 4940 vobis.
2956 4886 3082 4940 Sitis
3124 4888 3278 4958 igitur
3317 4889 3592 4943 imitatores
3622 4889 3717 4941 Dei

2145 4974 2357 5047 (Ep/tes.
2388 4976 2442 5030 4.
2485 4976 2576 5031 Si.
2609 4974 2696 5031 52.
2730 4987 2776 5030 et
2802 4976 2856 5032 5.
2899 4975 2977 5047 1).
3022 4976 3222 5032 Videtis
3255 4977 3425 5047 qualis
3464 4977 3535 5032 sit
3561 4993 3715 5031 man-

2141 5075 2325 5121 suetus
2356 5083 2371 5123 :
2398 5066 2550 5137 cujus
2575 5075 2793 5122 vocetur
2822 5066 3054 5121 imitator
3072 5067 3098 5121 7
3122 5082 3226 5122 non
3249 5066 3584 5138 angelorum,
3609 5081 3714 5121 non

2143 5158 2602 5225 arcliaugelorum,
2647 5158 2740 5213 sed
2784 5157 2998 5213 Domini
3030 5159 3401 5214 universorum
3441 5149 3459 5214 ἐ
3503 5159 3714 5212 tametsi

2144 5249 2301 5303 etiam
2330 5249 2402 5302 illi
2430 5248 2693 5303 mitissimi
2717 5247 2844 5312 sint,
2875 5248 3173 5317 virtuteque
3199 5247 3344 5302 omni
3375 5247 3519 5306 aleni
3540 5265 3558 5314 ;
3580 5247 3717 5302 Pan-

2143 5339 2227 5394 lus
2258 5347 2435 5391 tamen
2462 5337 2618 5391 mites
2658 5337 2867 5392 vocavit
2907 5336 3000 5392 Dei
3031 5338 3346 5402 imitatores,
3387 5352 3496 5407 quo
3525 5352 3719 5407 prepo-

2115 5427 2242 5481 ‘sita
2283 5426 2414 5481 tanti
2459 5426 2679 5482 honoris
2710 5427 3069 5497 magnitudine
3100 5428 3415 5496 persuadeat
3449 5426 3715 5482 audienti-

2146 5516 2265 5583 bus,
2310 5526 2369 5571 ut
2405 5518 2513 5572 sint
2554 5517 2861 5581 mitissimi,
2910 5526 2967 5571 ut
3026 5532 3213 5573 omnes
3256 5518 3347 5588 qui
3394 5516 3715 5573 contumelia

2147 5606 2470 5674 afficiuntur,
2494 5607 2578 5662 vel
2605 5606 2748 5662 aliud
2779 5607 3028 5676 quiddam
3066 5623 3229 5679 grave
3258 5609 3551 5679 patiuntur,
3589 5621 3719 5663 coa-

2151 5702 2284 5757 vicia
2311 5709 2468 5772 atque
2498 5700 2600 5756 alia
2630 5703 2902 5759 moderate
2928 5701 3121 5764 ferant.
3151 5703 3580 5780 imperantesque
3599 5700 3716 5766 ira»,

2812 5836 2853 5847 -νο
2913 5837 2923 5845 .
2944 5820 2973 5844 4
3015 5820 3031 5833 ’⁴
3095 5834 3117 5844 ..
