4092 6206
324 266 422 326 55!

322 387 425 440 ούκ
457 385 742 454 ἀνάσχοιτο
783 384 1043 457 περιιδεῖν
1059 382 1202 449 ’τοὺς
1250 388 1307 441 ἐν
1333 388 1510 460 ἐνδείᾳ
1557 389 1985 461 καθεστηκότας,

322 467 518 522 ἐαυτοῦ
548 467 784 538 νομίζων
808 469 1094 540 συμφοράν
1127 470 1224 541 τὴν
1254 471 1446 526 πενίαν
1472 472 1582 526 τῶν
1607 473 1803 529 ἀλλων.
1834 476 1989 527 Ἔστι

320 556 502 609 τοίνυν
534 555 728 623 φθόνος
759 555 858 625 μὲν
882 555 1134 609 ἀπάντων
1163 557 1622 632 κάκιστος⁶’ἀνὴρ
1663 561 1720 614 δέ
1754 561 1991 632 χρηστὸς

328 637 420 692 καὶ
458 639 632 708 πρᾶος
665 638 726 690 ού
775 637 1138 707 παραδέχεται
1176 643 1242 710 τῇ
1269 639 1414 712 ψυχῇ
1459 641 1522 694 τὸ
1553 643 1786 714 πονηρὸν
1833 643 1990 695 τοῦτο

324 721 560 788 νόσημα,
591 717 728 770 ἀλλά
763 719 891 782 τοὺς
919 718 1340 790 εὐδοκιμοῦντας
1368 721 1628 790 ἀδελφοὺς
1658 723 1820 794 ὀρῶν,
1858 739 1989 790 συγ-

323 802 504 873 χαίρει
537 801 631 854 καὶ
661 800 964 871 συνήδεται,
995 801 1188 855 ἐαυτοῦ
1215 802 1450 873 νομίζων
1487 805 1728 870 εὐδοξίαν
1755 805 1852 876 τὴν
1882 805 1988 858 τῶν

324 889 499 944 ἄλλων
527 888 785 953 εὐδοξίαν,
816 889 971 942 κοινά
995 890 1067 944 τά
1101 889 1212 943 τῶν
1248 891 1415 960 φίλων
1450 892 1770 963 ἡγούμενος,
1805 895 1861 946 ἐν
1889 892 1988 962 μὲν

323 979 436 1040 τοῖς
470 975 697 1044 ἀγαθοῖς
727 976 1059 1047 συγχαίρων,
1093 979 1150 1030 ἐν
1171 978 1227 1031 δέ
1253 981 1364 1042 τοῖς
1392 978 1655 1050 λυπηροῖς
1685 979 1983 1047 συναλγῶν.

326 1063 562 1117 Τοιαῦτα
584 1063 652 1116 16
681 1063 781 1132 τῆς
807 1065 1113 1135 πραότητος
1139 1065 1308 1138 δῶρα,
1329 1066 1565 1129 τοιοῦτος
1591 1068 1619 1119 6
1651 1066 1763 1136 βίος
1796 1067 1902 1120 τῶν
1929 1068 1986 1119 ἐν

329 1151 603 1221 ἐπιεικείᾳ
637 1149 950 1214 συζώντων
990 1151 1019 1202 6
1065 1153 1237 1222 πρᾶος
1283 1153 1534 1224 ὀρφανῶν
1570 1154 1772 1225 πατὴρ,
1801 1153 1986 1226 χηρῶν

324 1237 657 1310 προστάτης,
686 1237 876 1301 πενίας
910 1237 1062 1309 [425]
1082 1239 1351 1309 κηδεμὼν,
1381 1241 1746 1312 ἀδικουμένων
1773 1242 1984 1313 βοηθὸς,

322 1325 596 1395 πανταχοῦ
643 1325 811 1378 ποιῶν
844 1325 939 1379 τοῦ
988 1325 1195 1380 δικαίου
1227 1327 1290 1380 τὸ
1329 1328 1550 1399 κράτος.
1585 1329 1695 1382 Καὶ
1741 1329 1936 1398 παιδίῳ
1965 1339 1986 1361 ⁸

323 1413 506 1483 πατὴρ
539 1412 819 1484 αἰδέσιμος
839 1414 866 1466 6
893 1413 1162 1484 πραότητι
1186 1413 1382 1477 συζῶν,
1414 1416 1506 1468 καὶ
1525 1418 1654 1480 παῖς
1682 1416 1866 1488 πατρὶ,
1891 1416 1985 1471 καὶ

320 1501 506 1563 δοῦλος
529 1500 782 1572 δεσπότῃ,
813 1499 906 1552 καὶ
928 1499 1016 1553 τὸν
1037 1501 1303 1572 δεσπότην
1325 1501 1480 1555 οὐδὲν
1505 1501 1690 1574 ἓτερον
1707 1499 1804 1573 τῆς
1831 1505 1986 1576 παρά

321 1588 428 1642 τῶν
459 1587 686 1642 οἰκετῶν
712 1587 925 1650 εὐνοίας
957 1588 1250 1643 ἀπολαύειν
1279 1593 1440 1644 ποιεῖ.
1477 1592 1642 1645 Ὅταν
1666 1592 1775 1663 γάρ
1806 1595 1985 1648 ἴδωσιν

320 1676 483 1730 αὐτὸν
517 1675 791 1747 ἐπιεικείᾳ
822 1676 1103 1747 χαίροντα,
1139 1677 1232 1731 καὶ
1261 1678 1451 1750 πράως
1479 1679 1650 1733 ἅπασι
1678 1682 1983 1752 προσφερό-

326 1779 505 1837 μενον,
541 1766 667 1836 περί
705 1763 898 1818 πολλοῦ
942 1763 1215 1818 ποιοῦνται
1249 1765 1341 1818 καὶ
1383 1765 1738 1837 θαυμάζουσι,
1771 1770 1986 1839 πατέρα

327 1852 525 1924 μᾶλλον
555 1853 589 1922 ἡ
617 1852 882 1922 δεσπότην
912 1851 1004 1905 τὸν
1036 1851 1372 1923 κεκτημένον
1398 1853 1730 1925 νομίζοντες.

390 1941 528 2012 Φέρε
549 1941 635 2010 δὴ,
657 1939 794 1993 κατά
818 1939 1045 2010 δύναμιν
1063 1939 1338 2011 ἡμετέραν
1355 1941 1596 2012 ἀκριϐῶς
1617 1942 1982 2013 ἐξετάσωμεν,

323 2031 420 2082 ὅσα
442 2031 552 2092 τοῖς
583 2027 882 2081 ἐπιεικέσιν
915 2029 978 2080 ἐκ
1005 2028 1101 2097 τῆς
1124 2027 1232 2081 τῶν
1265 2027 1414 2098 ἡθῶν
1442 2029 1778 2101 ἡμερότητος
1806 2032 1985 2099 ἀγαθά

325 2116 682 2188 περιγίνεται.
708 2112 918 2169 Οὐκοῦν
939 2116 967 2167 6
989 2116 1161 2186 πρᾶος
1190 2115 1341 2183 φίλος
1367 2115 1464 2186 μὲν
1482 2119 1593 2179 τοῖς
1613 2117 1800 2187 ὁρῶσι,
1834 2120 1984 2186 φίλος

324 2203 379 2256 δὲ
408 2203 502 2255 καὶ
532 2204 644 2264 τοῖς
677 2202 812 2270 ἀκοῇ
843 2201 1169 2271 γνωρίμοις·
1202 2202 1296 2254 καὶ
1323 2201 1496 2265 οὐδείς
1517 2203 1662 2256 ἐστιν
1697 2204 1755 2267 ὃς
1779 2205 1984 2277 ἡμερον

323 2289 606 2358 ἄνθρωπον
645 2287 1030 2357 ἐπαινούμενον
1077 2287 1308 2352 ἀκούων,
1355 2289 1455 2342 οὐκ
1492 2288 1557 2342 ἂν
1598 2290 1983 2363 ἐπιθυμήσειεν

327 2376 452 2429 ἰδεῖν
478 2377 572 2429 καὶ
596 2374 944 2428 ἀσπάσασθαι
976 2373 1070 2427 καὶ
1091 2374 1328 2444 συνεχῶς
1361 2376 1513 2450 όρᾷν,
1544 2377 1601 2429 ἐν
1631 2376 1855 2447 κέρδους
1889 2379 1985 2447 μέ-

326 2479 407 2533 ρει
434 2462 532 2533 τὴν
559 2461 652 2515 τοῦ
685 2461 925 2516 τοιούτου
952 2461 1132 2531 φιλίαν
1162 2460 1503 2533 ποιούμενος.
1533 2463 1651 2516 Κᾶν
1680 2465 1820 2534 ὑπὲρ
1850 2484 1984 2537 χρη-

325 2549 510 2619 μάτων
533 2551 674 2614 τινὲς
698 2550 832 2621 πρὸς
856 2549 1119 2620 ἀλλήλους
1143 2549 1504 2619 διενεχθῶσιν,
1525 2552 1617 2605 ἐπὶ
1635 2551 1724 2604 τὸν
1751 2555 1983 2624 χρηστὸν

323 2638 416 2690 καὶ
455 2639 630 2709 πρᾶον
669 2637 997 2704 ἐπείγονται,
1026 2636 1338 2706 νομίζοντες
1363 2639 1536 2691 πᾶσαν
1567 2638 1682 2709 ἔριν
1711 2643 1803 2692 καὶ
1836 2642 1984 2709 φιλο-

322 2725 530 2778 νεικίαν
549 2724 873 2794 λυθήσεσθαι
893 2724 1102 2794 ταχέως
1129 2724 1233 2777 ὑπὸ
1251 2726 1347 2795 τῆς
1363 2726 1569 2780 ἐκείνου
1591 2729 1976 2800 χρηστότητος.

323 2813 432 2867 Καὶ
481 2811 590 2882 γὰρ
630 2811 696 2864 ἂν
733 2811 911 2882 συμϐῇ
957 2811 1080 2874 τοὺς
1134 2811 1453 2882 ἀνθρώπους
1495 2814 1796 2886 φιλέχθρως
1841 2817 1981 2887 ἔχειν

324 2895 459 2966 πρὸς
485 2895 766 2964 ἀλλήλους,
799 2897 832 2964 ή
867 2895 960 2947 τοῦ
993 2895 1306 2959 δικάζοντος
1333 2898 1604 2969 ἡμερότης
1637 2899 1873 2953 δυσωπεῖ
1892 2919 1980 2970 γε·

323 2981 744 3051 νέσθαι-πράους
782 2982 908 3044 τοὺς
952 2981 1149 3052 ῥᾳδίως
1182 2984 1261 3045 εἰς
1285 2984 1451 3054 ὀργήν
1483 2986 1577 3038 καί
1609 2985 1778 3057 θυμὸν
1818 2990 1978 3058 ἐκφε-

326 3069 604 3138 ρομένους.
650 3069 747 3120 "Av
793 3066 848 3120 δὲ
883 3067 1031 3122 ἄλλοι
1070 3067 1278 3135 φανῶσί
1328 3087 1472 3133 τινες
1498 3073 1577 3134 είς
1612 3073 1794 3140 φιλίαν
1830 3074 1981 3141 ἄγειν

321 3155 448 3216 τοὺς
475 3153 814 3224 μαχομένους
839 3153 1134 3218 ἐθέλοντες,
1175 3155 1272 3207 οὐκ
1306 3155 1372 3208 ἂν
1408 3157 1681 3227 δυνηθεῖεν
1715 3161 1980 3230 αἰδέσιμοι

323 3240 627 3308 φαίνεσθαι.
691 3241 805 3308 Ἐφ’
864 3240 1092 3294 ἑκάστου
1141 3244 1250 3313 γὰρ
1298 3238 1450 3313 οἶμαι
1485 3244 1592 3298 τῶν
1642 3247 1980 3317 πραγμάτων

324 3328 622 3399 σύμϐουλος
655 3327 876 3392 πιθανὸς
907 3330 935 3380 6
964 3328 1176 3399 πρῶτος
1205 3328 1312 3381 τῶν
1344 3330 1614 3400 πράξεων,
1655 3327 1729 3387 ὧν
1763 3334 1980 3405 ἔχεσθαι

324 3415 756 3480 συνεϐούλευσεν,
796 3416 1121 3487 ἁπτόμενος.
1173 3418 1338 3470 Ὅταν
1375 3415 1466 3472 οὖν
1496 3422 1524 3473 6
1553 3421 1650 3491 τῆς
1682 3424 1980 3486 ἐπιεικείας

321 3502 637 3566 διδάσκαλος
681 3502 895 3572 πρῶτος
951 3507 1091 3574 φανῇ
1127 3503 1196 3556 16
1238 3505 1670 3576 παραγγέλματα
1725 3507 1976 3578 βεϐαιῶν,

321 3590 435 3661 ἃμα
463 3608 522 3643 τε
550 3589 707 3661 ὤφθη
749 3589 990 3654 καὶτοὺς
1040 3593 1346 3664 μεμηνότας
1375 3595 1650 3665 ἡμέρωσε,
1701 3599 1793 3652 καῖ¹
1829 3600 1978 3654 οὐδὲν

321 3677 468 3749 αὐτῷ
488 3678 568 3731 δεῖ
595 3677 875 3742 νουθεσίας
897 3679 990 3732 καὶ
1010 3679 1206 3749 λόγων,
1238 3679 1374 3733 ἀλλά
1400 3683 1528 3752 πρίν
1545 3699 1598 3735 τι
1620 3683 1973 3752 φθέγξασθαι,

320 3762 416 3833 τὴν
442 3765 664 3834 εἰρήνην
693 3765 1004 3834 εἰσήγαγεν.
1037 3767 1144 3818 Καὶ
1167 3766 1355 3838 ὥσπερ
1374 3769 1529 3832 ἀκτὶς
1555 3769 1706 3839 ἡλίου
1726 3775 1974 3840 φανεῖσα,

318 3851 378 3901 τὸ
409 3851 597 3914 σκότος
618 3849 908 3905 ἀπελαύνει
928 3851 1136 3921 ταχέως
1157 3869 1171 3882 °
1201 3853 1371 3916 οὕτως
1391 3857 1418 3907 6
1441 3857 1672 3926 χρηστὸς
1690 3860 1783 3912 καὶ
1803 3863 1977 3931 πρᾶος

317 3936 417 4001 τὴν
446 3937 688 4009 ταραχὴν
719 3936 812 3990 καὶ
840 3936 936 4008 τὴν
957 3939 1134 4008 μάχην
1161 3941 1240 4003 εἰς
1265 3941 1486 4012 εἰρήνην
1513 3944 1604 3995 καὶ
1621 3946 1846 4016 ἡσυχίαν
1878 3966 1974 4018 με·

317 4023 678 4096 ταρρυομίζει
703 4023 932 4092 ταχέως.
958 4024 1143 4090 ’Λξιον
1179 4026 1354 4079 τοίνυν
1382 4030 1603 4082 κάκεῖνο
1633 4033 1975 4106 ἐπισημήναο

323 4111 471 4169 σθαι,
501 4112 582 4163 ὅτι
614 4112 806 4180 μόνους
838 4111 964 4174 τοὺς
986 4113 1298 4184 εἰρηνικοὺς
1319 4115 1411 4168 τὸν
1441 4117 1638 4187 τρόπον
1663 4121 1810 4185 υἰοὺς
1836 4120 1972 4177 εἶναι

317 4197 412 4249 τοῦ
436 4195 568 4248 Θεοῦ
589 4215 752 4266 φησιν
775 4200 801 4250 6
822 4199 1073 4268 Χριστός.
1106 4200 1261 4264 Τίνος
1282 4197 1372 4255 οὖν
1400 4203 1561 4257 ’ἑνεκα
1584 4206 1680 4277 τῆς
1705 4223 1974 4279 προσηγο-

324 4284 441 4353 ρίας
471 4282 565 4353 τῆς
585 4283 787 4346 οἰκείας
819 4284 998 4354 μόνοις
1024 4287 1320 4341 ἐπιεικέσιν
1353 4290 1682 4358 μετέδωκενς
1716 4296 1834 4348 Ὀτι
1865 4299 1974 4366 μό-

318 4387 406 4432 νος
431 4372 459 4422 ό
493 4371 668 4438 φιλίας
701 4371 795 4423 καὶ
823 4373 1043 4443 εἰρήνης
1079 4373 1249 4437 αἴτιος
1292 4379 1405 4439 τοῖς
1435 4377 1611 4442 ἄλλοις
1645 4382 1972 4454 καθιστάμε-

317 4474 434 4522 νος,
459 4457 548 4510 τὸν
581 4458 703 4510 Υίὸν
723 4458 817 4511 τοῦ
847 4459 981 4512 Θεοῦ
1014 4463 1259 4528 μιμεῖται
1291 4463 1429 4516 κατά
1454 4466 1700 4533 δύναμιν.
1739 4469 1972 4537 Ἐκεῖνος

320 4546 417 4613 μὲν
445 4545 550 4614 γὰρ
571 4544 643 4606 ὡς
676 4545 806 4608 Θεὸς
836 4547 929 4598 καὶ
966 4547 1074 4598 τῶν
1097 4546 1232 4599 ὅλων
1267 4549 1452 4621 κύριος
1489 4554 1614 4617 τοὺς
1639 4555 1824 4624 ἁγίους
1869 4562 1969 4628 ἀγ-

315 4631 503 4698 γέλους
553 4631 1105 4702 ἐκπεπολεμωμένους
1153 4637 1264 4697 τοῖς
1309 4637 1616 4708 ἀνθρώποις
1658 4646 1738 4707 εἰς
1789 4647 1970 4714 φιλίαν

315 4717 692 4786 συνεκέρασεν,
729 4719 1009 4785 ἐπιφανεὶς
1039 4721 1170 4789 ἡμῖν
1206 4721 1295 4774 διὰ
1325 4724 1424 4793 τῆς
1458 4725 1605 4792 θείας
1645 4731 1808 4785 αὐτοῦ
1841 4751 1969 4806 σαρο

314 4803 431 4865 κόςο
464 4803 695 4874 χρηστὸς
724 4804 780 4856 δὲ
814 4804 1098 4874 ἄνθρωπος
1134 4808 1393 4878 ἀδελφοὺς
1424 4812 1514 4865 καὶ
1561 4824 1839 4885 συγγενεῖς
1877 4803 1970 4878 καὶ

311 4890 547 4954 οἰκείους
594 4891 960 4960 πολεμοῦντας
1004 4893 1274 4964 ἀλλήλοις,
1321 4897 1580 4954 αἰδεῖσθαι
1632 4905 1802 4959 πείθει
1844 4911 1970 4972 τοὺς

310 4975 510 5045 νόμους
537 4975 629 5029 τοῦ
662 4977 819 5041 Θεοῦ,
866 4981 960 5032 καὶ
986 4980 1083 5051 τὴν
1118 4982 1313 5054 ἔχθραν
1359 4985 1765 5058 ἀπορρίψαντας
1796 4995 2048 5062 φιλεῖν...

308 5063 568 5133 ἀλλήλους
605 5065 746 5120 κατά
779 5068 838 5122 τὸ
878 5068 1018 5121 θεῖον
1049 5071 1348 5143 ἐπίταγμα.
1393 5077 1502 5129 Καὶ
1555 5079 1681 5150 μὴν,
1728 5082 1864 5154 ὅπερ
1906 5088 1963 5139 ἐν

309 5153 419 5214 τοῖς
458 5149 672 5221 σώμασι
711 5157 822 5216 τοῖς
870 5156 1156 5227 ἡμετέροις
1187 5160 1253 5212 16
1295 5159 1483 5232 νεῦρα.
1540 5165 1697 5218 τοῦτο
1731 5173 1961 5239 χρηστὸς

307 5236 591 5304 ἄνθρωπος
621 5241 678 5292 ἐν
708 5240 857 5313 οἰκίᾳ
880 5243 970 5294 καὶ
1003 5243 1263 5317 ἐκκλησίᾳ
1311 5248 1405 5299 καὶ
1442 5249 1611 5305 πόλει.
1668 5236 1832 5324 Σῶμα
1865 5259 1963 5328 μὲν

306 5324 416 5396 γάρ
441 5327 534 5379 καὶ
567 5327 699 5398 μέλη
728 5326 974 5399 ἀλλήλων
1020 5331 1138 5396 ἔθος
1173 5335 1454 5405 ὀνομάζειν
1496 5338 1575 5408 τῷ
1616 5341 1809 5415 Παύλῳ
1837 5324 1963 5413 τοὺς

306 5413 567 5481 ἀδελφούς
587 5432 600 5445 ⁸
643 5418 671 5468 6
695 5416 750 5468 δὲ
784 5419 908 5480 τοὺς
937 5419 1358 5492 διεσπασμένους
1387 5426 1481 5478 καὶ
1517 5413 1854 5500 μαχομένους
1883 5437 1963 5499 εἰς

305 5501 488 5569 φιλίαν
522 5501 688 5568 ἄγων,
721 5503 1009 5559 ἐϐεϐαίωσε
1055 5507 1148 5559 τοῦ
1191 5509 1402 5564 Παύλου
1434 5511 1525 5566 τὸν
1555 5514 1729 5584 λόγον,
1762 5521 1963 5575 πείθων

305 5588 552 5681 ἅπαντας
579 5590 915 5681 ,μη-ἀγνοεῖν
964 5595 1030 5648 τά
1085 5595 1240 5665 μέλη,
1283 5600 1413 5668 μηδὲ
1454 5604 1756 5659 κατεσθίειν
1793 5609 1961 5681 ἀλλή-

369 5674 395 5702 ι
420 5673 501 5724 εἰς
523 5688 550 5721 ιι
575 5675 753 5725 Samio
773 5687 1054 5729 correctum.
1088 5683 1362 5742 Legebalur
1375 5689 1588 5738 παιδίων.
1616 5691 1746 5742 Enn.

1548 272 1635 328 DF.
1674 271 2045 330 MANSUETU
2060 273 2214 328 DINE
2253 275 2502 332 SERMO.

3654 281 3764 341 553

2094 390 2236 454 λους.
2267 393 2476 447 Οὐκοῦν
2507 392 2712 466 ἀληθὴς
2750 397 2778 448 6
2805 394 2959 465 λόγος
2992 395 3197 460 ἐκεῖνος
3230 415 3240 426 ο
3289 395 3423 452 ὥστε
3452 399 3549 468 τὴν
3589 400 3759 472 αὐτὴν

2092 477 2202 548 ἔχει
2231 478 2458 548 δύναμιν
2487 481 2544 532 ἐν
2583 481 2848 552 ἐκκλησίᾳ
2877 482 2968 536 καὶ
2994 483 3142 554 οἰκίᾳ
3184 481 3278 537 καὶ
3301 483 3452 538 πόλει
3482 487 3510 539 6
3545 487 3644 557 τῆς
3677 491 3758 542 εἰ·

2093 568 2259 638 ρήνης
2287 567 2458 630 αἴτιος
2481 570 2594 631 τοῖς
2619 568 2866 638 ἀδελφοῖς
2904 570 3318 642 καθιστάμενος,
3360 572 3426 642 ήν
3458 571 3570 642 ἔχει
3599 575 3762 630 δύνα-

2095 670 2187 723 μιν
2225 655 2282 706 ἐν
2308 657 2420 717 τοῖς
2448 653 2660 724 σώμασι
2686 654 2756 707 τὰ
2779 655 2967 727 νεῦρα,
3007 657 3315 725 συγκολλῶν
3348 659 3442 710 καῖ⁸
3477 661 3760 715 συνάπτων

2089 742 2214 804 τοὺς
2242 740 2669 810 διεσπασμένους
2705 743 2796 795 καὶ
2833 743 3199 813 πολεμοῦντας
3238 742 3505 815 ἀλλήλοις.
3541 747 3760 820 Ταύτην

2094 827 2274 896 μέντοι
2288 827 2552 896 λαμϐάνει
2566 828 2663 899 τήν
2679 827 2904 899 δύναμιν
2921 831 3014 883 ἐπὶ
3030 831 3137 883 τῶν
3154 831 3304 903 [424]
3320 833 3494 888 ἀλλων
3507 834 3757 900 ἕκαστος,

2091 914 2219 968 ὅταν
2252 915 2414 979 αὐτὸς
2447 919 2585 986 φανῇ
2617 915 2833 987 πρῶτος
2857 917 3127 989 ἐπιεικείᾳ
3155 919 3329 984 συζῶν
3355 939 3368 952 ·
3413 924 3442 976 6
3472 922 3530 975 δέ
3561 923 3760 995 ῥᾳδίως

2090 1002 2169 1064 εἰς
2194 1000 2360 1073 ὀργὴν
2401 1001 2787 1073 ἐκφερόμενος,
2828 1004 3227 1072 καταγέλαστος
3274 1002 3411 1063 εἶναι
3460 1009 3659 1075 δόξειεν
3691 1011 3760 1064 ἀν

2089 1089 2203 1150 τοῖς
2232 1086 2464 1150 πολλοῖς,
2492 1088 2619 1141 ὅταν
2650 1091 2898 1159 ἐπιχειρῇ
2927 1091 3050 1152 τοὺς
3075 1089 3444 1162 θυμουμένους
3471 1096 3758 1166 πραΰνειν.

2089 1173 2154 1226 Τί
2179 1173 2286 1244 γὰρ
2314 1174 2379 1228 ἂν
2402 1174 2610 1244 γένοιτο
2636 1178 2816 1245 χεῖρον
2844 1178 2982 1249 ὀργῇ
3013 1177 3369 1232 δουλευόντων
3409 1181 3711 1253 ἀνθρώπων
3739 1197 3756 1249 ;

2087 1259 2171 1323 τίς
2199 1261 2254 1313 δὲ
2285 1261 2375 1314 τὸν
2419 1262 2655 1316 τοιοῦτον
2695 1263 2855 1332 ὀρῶν,
2902 1265 3002 1317 οὐκ
3036 1266 3366 1336 ἀποστρέφει
3403 1269 3528 1332 τοὺς
3560 1269 3761 1337 ὀφθαλο

2091 1346 2263 1417 μούς;
2313 1347 2472 1420 Ἀνὴρ
2499 1349 2714 1421 ὀργίλος
2747 1350 2916 1421 ἀηδής
2951 1352 3049 1420 μὲν
3074 1355 3186 1416 τοῖς
3217 1354 3549 1419 ἀπαντῶσιν,
3587 1357 3758 1428 ἀηδὴς

2086 1433 2143 1488 δὲ
2172 1437 2283 1498 τοῖς
2315 1435 2540 1504 γείτοσι,
2579 1437 2683 1489 κᾶν
2715 1438 2797 1499 είς
2823 1438 3011 1508 χρείαν
3057 1444 3298 1512 καταστῇ
3347 1443 3662 1514 χρημάτων,
3693 1448 3756 1499 ού

2089 1523 2284 1593 ῥᾳδίως
2331 1524 2553 1593 εὐπορεῖ
2593 1522 2703 1576 τῶν
2753 1524 3118 1592 κουφιζόντων
3156 1528 3254 1598 τὴν
3296 1530 3488 1583 πενίαν
3519 1548 3534 1564 ο
3581 1533 3759 1596 κοινός

2087 1609 2203 1662 ἐστι
2230 1609 2483 1680 πολέμιος
2511 1609 2602 1663 καὶ
2635 1610 2871 1664 πολιτῶν
2910 1614 3006 1666 καὶ
3049 1613 3233 1680 ξένων,
3269 1615 3406 1685 βοῶν
3432 1619 3527 1671 καὶ
3556 1637 3758 1692 κεκρα-

2087 1696 2218 1764 γὼς,
2250 1697 2462 1766 πληγάς
2484 1701 2593 1761 τοῖς
2620 1699 2934 1754 ἀπαντῶσιν
2961 1701 3228 1763 ἐντείνων,
3255 1705 3394 1775 ῥητά
3422 1707 3516 1759 καὶ
3543 1707 3758 1780 ἄρρητα

2085 1784 2285 1852 λέγων·
2321 1785 2398 1854 τῷ
2420 1785 2646 1856 τοιούτῳ
2664 1786 2724 1839 τὸ
2757 1786 2974 1858 βλέμμα
2999 1789 3342 1860 ταράττεται,
3373 1792 3433 1845 τὸ
3467 1795 3756 1865 πρόσωπον

2085 1870 2327 1939 οἰδαίνει,
2356 1874 2389 1942 ή
2421 1871 2640 1940 γλῶσσα
2681 1873 2873 1944 λυσσᾷ,
2913 1876 3112 1946 ῥᾳδίως
3145 1878 3200 1931 αἱ
3232 1882 3411 1950 χεῖρες
3449 1882 3542 1934 ἐπὶ
3575 1884 3754 1936 πάντα

2086 1958 2357 2028 φέρονται,
2403 1959 2470 2012 16
2513 1960 2622 2014 τῶν
2652 1960 3028 2032 δαιμονῶντων
3066 1967 3094 2018 6
3140 1967 3378 2031 τοιοῦτος
3419 1967 3707 2039 ἐργάζεται
3735 1989 3752 2003 ο

2085 2047 2178 2100 καί
2205 2064 2287 2111 τις
2315 2046 2454 2118 ὀρῶν
2484 2046 2822 2118 θυμούμενον
2847 2050 3152 2121 ἄνθρωπον,
3182 2055 3508 2124 ἀπορήσειεν
3541 2057 3608 2110 ἂν
3642 2057 3754 2112 εἴτε

2083 2135 2112 2186 6
2138 2132 2343 2213 δαίμων
2390 2133 2600 2188 ἐλαύνει
2646 2135 2737 2188 τὸν
2781 2136 2996 2198 ἄθλιον,
3049 2141 3158 2191 εἴτε
3193 2140 3332 2193 ἐκὼν
3362 2143 3442 2206 εἰς
3486 2145 3753 2216 τοσαύτην

2086 2201 2343 2291 ἐξηνέχθη
2392 2223 2604 2290 μανίαν.
2663 2222 2830 2293 Ὀργὴ
2876 2223 3084 2295 δαίμων
3119 2226 3380 2293 ἑκούσιος,
3421 2201 3754 2302 ⁷αὐθαίρετός

2085 2306 2270 2376 μανία,
2294 2307 2496 2378 ἐρημία
2529 2308 2738 2378 φρενῶν
2757 2326 2771 2339 °
2806 2312 2834 2362 6
2861 2310 3199 2382 θυμούμενος
3232 2315 3324 2369 τοῦ
3353 2315 3596 2371 διαϐόλου
3624 2321 3752 2372 παί-

2083 2410 2228 2462 γνιον
2251 2433 2268 2460 ,
2314 2395 2672 2468 ἐργαστήριον
2715 2397 2984 2468 δαιμόνων
3008 2440 3022 2463 ,
3074 2401 3173 2471 τῆς
3223 2403 3446 2457 ἐκείνων
3487 2407 3756 2478 πονηρίας

2083 2481 2361 2552 ὑπηρέτης
2407 2482 2574 2548 ἄξιος.
2629 2483 2760 2536 Εἰπέ
2795 2502 2918 2555 μοι,
2952 2486 3004 2539 τί
3039 2488 3272 2557 μάλιστα
3308 2489 3582 2559 βούλονται
3625 2496 3757 2557 τοὺς

2083 2566 2400 2639 ἀνθρώπους
2431 2570 2480 2621 οἰ
2515 2569 2766 2639 δαίμονες
2794 2572 3120 2641 ἐργάζεσθαι
3150 2591 3164 2633 ;
3212 2576 3332 2646 οὐχὶ
3369 2579 3559 2646 γονέας
3594 2581 3749 2651 ὑϐρί-

2084 2655 2226 2720 ζειν;
2255 2655 2372 2725 οὐχὶ
2392 2655 2490 2720 τὰς
2515 2658 2716 2728 μιαράς
2744 2661 2927 2728 χεῖρας
2950 2663 3062 2724 τοῖς
3082 2665 3464 2733 γεγεννηκόσιν
3490 2667 3751 2735 ἐπάγειν;

2081 2741 2200 2812 οὐχὶ
2249 2741 2586 2813 βλασφημεῖν
2619 2744 2712 2798 τὸν
2756 2745 2920 2810 Θεόν;
2972 2749 3155 2801 Ταῦτα
3188 2751 3364 2803 τοίνυν
3391 2752 3602 2806 ἅπαντα
3642 2755 3756 2808 τῶν

2083 2827 2435 2899 θυμουμένων
2479 2831 2635 2900 ἔργα.
2689 2832 2850 2886 Ὥστε
2882 2835 2976 2887 καὶ
3007 2835 3260 2901 ἀσεϐείας
3294 2841 3322 2892 6
3352 2838 3521 2909 θυμὸς
3552 2842 3750 2913 ῥᾳδίως

2081 2915 2253 2980 αἴτιος
2281 2916 2486 2984 γίνεται
2517 2921 2626 2981 τοῖς
2656 2920 2792 2990 ὀργῇ
2823 2920 3164 2977 δουλεύουσιν
3185 2941 3197 2954 ·
3248 2925 3368 2978 οὐδὲ
3395 2927 3502 2998 γάρ
3530 2933 3750 3000 κρατεῖν

2081 3004 2306 3067 ἑαυτοὺς
2324 3005 2574 3059 δύνανται
2593 3009 2800 3076 ταχέως
2824 3011 2873 3061 οἰ
2899 3009 3192 3073 δεδωκότες
3214 3012 3435 3077 ἑαυτοὺς
3456 3016 3534 3086 τῷ
3554 3015 3710 3086 θυμῷ
3731 3033 3745 3046 ·

2081 3088 2195 3141 ἀλλ’
2223 3087 2410 3159 ὥσπερ
2439 3092 2496 3142 ἐν
2525 3092 2750 3161 χειμῶνι
2790 3092 2883 3145 καὶ
2921 3093 3055 3163 ζάλῃ
3093 3095 3379 3167 θαλάττης,
3416 3101 3746 3172 κυϐερνήτου

2084 3174 2157 3244 μὴ
2207 3175 2469 3245 παρόντος
2494 3217 2507 3239 ,
2562 3177 3049 3249 παραλαμϐάνοντα
3096 3180 3164 3232 16
3211 3181 3429 3251 κύματα
3471 3184 3570 3254 τὴν
3615 3189 3747 3241 ναῦν

2079 3259 2283 3331 ἔρημον
2321 3262 2647 3333 ὑποϐρύχιον
2677 3268 2822 3317 ποιεῖ
2840 3265 3049 3336 ταχέως
3071 3281 3083 3293 ·
3116 3267 3287 3330 οὕτως
3309 3271 3337 3322 6
3363 3269 3530 3340 θυμὸς
3558 3272 3748 3343 ῶσπερ

2077 3364 2161 3411 τις
2191 3349 2427 3418 σκηπτὸς
2456 3350 2549 3403 καὶ
2575 3349 2777 3421 χειμὼν
2803 3351 3057 3421 ἐμπεσὼν
3090 3356 3155 3423 τῇ
3185 3355 3352 3426 ψυχῇ,
3391 3356 3627 3429 ἔκφρονα
3652 3368 3750 3418 καὶ

2079 3435 2413 3506 παραπλῆγά
2438 3440 2580 3490 ποιεῖ
2609 3437 2814 3507 ταχέως
2842 3439 2933 3492 τὸν
2963 3440 3112 3510 αύτῷ
3137 3441 3471 3497 δουλεύοντα.
3521 3446 3585 3498 Τί
3610 3443 3703 3500 οὖν
3727 3489 3744 3512 ,

2079 3519 2138 3575 εὖ
2171 3524 2508 3592 φρονούντων
2548 3524 2847 3595 ἀνθρώπων
2882 3528 2997 3579 ἐστὶ
3025 3530 3470 3598 προαναστέλλειν
3494 3533 3553 3586 τὸ
3582 3534 3742 3604 νόση-

2082 3626 2177 3677 μα,
2215 3609 2309 3663 καὶ
2348 3612 2477 3681 πρὶν
2521 3614 2600 3675 εἰς
2633 3612 2800 3683 ὀργὴν
2833 3614 3199 3686 ἐξενεχθῆναι,
3240 3617 3490 3689 κατέχειν
3517 3620 3614 3692 τήν
3639 3622 3743 3691 ψυ-

2078 3697 2199 3766 χὴν,
2233 3697 2323 3750 καὶ
2353 3699 2472 3761 ταῖς
2499 3699 2606 3752 ἀπὸ
2648 3699 2748 3769 τῆς
2781 3701 3000 3772 Γραφῆς
3030 3703 3330 3768 νουθεσίαις
3360 3705 3624 3776 κοιμίζειν
3649 3707 3741 3760 τὸν

2079 3781 2266 3852 θυμόν.
2310 3785 2372 3835 Εἰ
2402 3785 2508 3854 γὰρ
2538 3784 2645 3837 τῶν
2670 3787 2879 3855 γοήτων
2913 3789 3147 3857 ἐπῳδαῖς
3178 3790 3314 3843 εἴκει
3348 3795 3416 3845 16
3456 3793 3617 3864 θηρία
3645 3797 3742 3865 ρᾳ-

2073 3870 2220 3932 δίως,
2236 3869 2596 3940 τίθαυμάζεις
2612 3874 2659 3924 εἰ
2685 3872 2752 3924 16
2781 3872 2936 3940 λόγια
2951 3873 3044 3926 τοῦ
3063 3877 3298 3948 Χριστοῦ
3325 3878 3501 3948 ψυχὴν
3523 3881 3740 3952 ἀγριαίη

2074 3973 2270 4010 νουσαν
2301 3959 2380 4020 εἰς
2431 3958 2669 4028 γαλήνην
2724 3958 2816 4012 καὶ
2857 3960 3134 4031 ἰσοψυχίαν
3184 3967 3614 4038 μεταῤῥυθμίζει
3644 3987 3740 4022 τα-

2075 4043 2250 4113 χέως;
2298 4043 2492 4109 Πᾶσα,
2539 4047 2690 4116 φησί,
2729 4048 2932 4114 πικρία
2975 4050 3073 4102 καί
3117 4051 3260 4120 ὀργὴ
3291 4054 3391 4107 καὶ
3423 4056 3610 4125 θυμὸς
3639 4058 3737 4110 καὶ

2073 4126 2302 4196 κραυγὴ
2325 4127 2559 4196 ἀρθήτω
2579 4129 2677 4197 ἀφ’
2700 4130 2883 4198 ὑμῶν,
2913 4131 3036 4185 σὺν
3061 4134 3229 4204 πάσῃ
3254 4139 3431 4205 κακὶᾳ
3450 4156 3463 4170 ·
3500 4142 3737 4210 γίνεσθε

2073 4213 2142 4267 δὲ
2159 4217 2247 4280 εἰς
2264 4215 2573 4283 ἀλλήλους
2607 4219 2876 4286 χρηστοὶ,
2909 4221 3342 4292 εὔσπλαγχνοι,
3371 4228 3738 4298 χαριζὶἵμενοι

2072 4301 2306 4368 ἑαυτοῖς
2328 4318 2340 4331 ο
2370 4301 2480 4356 ἐὰν
2501 4320 2590 4369 τις
2621 4308 2769 4372 πρός
2792 4323 2922 4359 τινα
2940 4309 3049 4378 ἔχῃ
3067 4311 3335 4378 μομφὴν,
3363 4314 3555 4380 καθὼς
3582 4318 3679 4371 καὶ
3702 4321 3737 4372 ὁ

2075 4388 2218 4454 Θεὸς
2252 4390 2320 4442 ἐν
2343 4388 2575 4456 Χριστῷ
2605 4391 2924 4460 ἐχαρίσατο
2950 4395 3105 4464 ὑμῖν.
3144 4398 3397 4452 Γίνεσθε
3427 4395 3541 4455 οὖν
3557 4421 3735 4472 μιμηο

2073 4474 2168 4529 ταὶ
2188 4475 2290 4528 τοῦ
2315 4475 2484 4530 Θεοῦ.
2529 4477 2721 4547 Ὀρᾶτε
2750 4473 2859 4542 οἶός
2884 4481 3030 4536 ἐστιν
3055 4485 3084 4536 6
3119 4487 3322 4556 πρᾶοςς
3371 4486 3509 4551 τίνος
3537 4489 3733 4558 ὀνομά-

2073 4561 2222 4626 ζεται
2267 4563 2543 4632 μιμητής;
2585 4566 2686 4619 οὐκ
2715 4567 2993 4633 ἀγγέλων,
3047 4571 3146 4622 οὐκ
3191 4573 3563 4642 ἀρχαγγέλων,
3600 4575 3733 4630 ἀλλά

2070 4648 2162 4702 τοῦ
2191 4648 2460 4701 Δεσπὸτου
2494 4650 2600 4703 τῶν
2625 4651 2780 4705 ὅλων.
2816 4655 3006 4708 Καίτοι
3044 4658 3279 4710 κάκεῖνοι
3310 4661 3599 4730 πραότατοι
3639 4662 3731 4716 καὶ

2071 4737 2249 4805 πάσης
2281 4737 2482 4808 ἀρετῆς
2511 4737 2768 4808 γέμοντες
2800 4758 2812 4770 ο
2863 4740 2976 4794 ἀλλ’
3002 4743 3149 4812 ὅμως
3173 4747 3200 4798 ὁ
3245 4746 3451 4812 Παῦλος
3487 4749 3731 4820 ζηλωτάς

2070 4823 2202 4876 Θεοῦ
2229 4825 2353 4886 τοὺς
2383 4823 2623 4894 ἡμέρους
2645 4825 2952 4895 ὠνόμασεν,
2983 4829 3066 4882 ἵνα
3098 4831 3183 4884 διὰ
3212 4832 3305 4884 τοῦ
3344 4835 3605 4904 μεγέθους
3632 4839 3731 4908 τῆς

2067 4909 2234 4978 τιμῆς
2273 4909 2611 4979 πραοτάτους
2653 4905 2791 4964 εἷναι
2838 4915 3098 4987 παιδεύσῃ
3139 4919 3261 4981 τοὺς
3290 4920 3602 4986 ἀκούοντας,
3645 4914 3730 4977 ἵνα

2069 4997 2174 5058 πᾶς
2204 4997 2232 5047 6
2281 4995 2632 5066 ὑϐριζόμενος
2678 4997 2710 5067 ἢ
2756 4997 2883 5052 ἄλλο
2937 5019 2989 5053 τι
3033 5003 3256 5073 πάσχων
3301 5007 3491 5072 δεινὸν,
3539 5011 3726 5080 πράως

2067 5082 2263 5153 ἐνέγκῃ
2291 5083 2390 5147 τὰς
2427 5083 2710 5155 λοιδορίας,
2747 5087 2840 5140 καὶ
2868 5092 3117 5163 κρατήσῃ
3162 5093 3258 5162 τῆς
3303 5096 3490 5167 ὀργῆς,
3535 5097 3609 5161 ὠς
3650 5100 3728 5167 τῷ

2067 5167 2185 5255 Θεῴ
2216 5169 2419 5255 μέλλων
2449 5170 2761 5226 ἀκολουθεῖν
2789 5174 2847 5228 ἐν
2871 5176 2948 5248 τῷ
2980 5183 3200 5250 κρατεῖν
3227 5182 3325 5253 τῆς
3361 5185 3549 5255 ὀργῆς.
3595 5187 3726 5240 Τίνα

2066 5252 2280 5342 γὰρ-δὴ
2325 5254 2393 5306 16
2435 5255 2605 5322 Θεοῦ;
2652 5259 2890 5314 Ἀνωθεν
2944 5265 3042 5333 μὲν
3083 5252 3301 5326 ἅπαντα
3349 5252 3442 5324 καὶ
3487 5252 3588 5342 δρᾷ
3635 5275 3727 5327 καὶ

2066 5340 2271 5430 ἀκούει,
2301 5343 2356 5394 ἐν
2383 5342 2438 5396 δέ
2464 5345 2575 5408 τοῖς
2603 5346 2694 5400 ἐπὶ
2724 5347 2829 5417 γῆς
2871 5351 2964 5403 καὶ
3011 5351 3323 5424 λεγομένοις
3367 5358 3459 5410 καὶ
3493 5340 3723 5430 7196110-

2068 5429 2247 5498 μένοις
2293 5431 2604 5501 ἀδικήματα
2654 5435 2840 5491 πολλά.
2894 5440 3012 5493 Εἰσὶ
3063 5441 3119 5494 δέ
3165 5462 3306 5508 τινες
3355 5447 3433 5505 εἰς
3473 5449 3725 5502 τοσοῦτον

2065 5517 2286 5585 ἥκοντες
2319 5517 2588 5584 ἀσεϐείας,
2616 5523 2690 5586 ὡς
2715 5524 2806 5577 καὶ
2834 5525 3170 5600 βλασφημεῖν
3195 5532 3284 5584 τὸν
3315 5531 3448 5586 Θεὸν
3469 5576 3483 5599 ,
3515 5536 3642 5588 ὅταν
3673 5558 3723 5588 τι

2064 5604 2213 5674 παρά
2232 5605 2339 5656 τῶν
2354 5609 2697 5678 πραγμάτων
2715 5611 3009 5680 λυπῶνται,
3031 5618 3124 5669 καὶ
3140 5616 3427 5685 βλέποντες
3445 5625 3526 5687 εἰς
3541 5625 3715 5677 16110-3-

2071 5691 2243 5759 9av6v,
2265 5692 2472 5757 οὐδενὸς
2489 5697 2780 5768 ἀπέχονται
2799 5701 3059 5770 ῥήματος·
3093 5702 3243 5776 [6‘25]
3265 5709 3292 5759 6
3317 5707 3369 5760 δὲ
3388 5709 3515 5773 Θεὸς
3536 5713 3716 5784 ἀνέχευ
