4092 6206
500 260 613 318 εξῖἰῖ

503 379 673 436 Deum
701 376 993 430 imitentur.
1024 373 1141 428 iam
1170 385 1412 443 quaenam
1439 379 1560 426 sunt
1591 370 1679 423 illa
1715 384 1832 437 qum
1859 365 1995 420 Dei?
2023 364 2076 417 in

500 468 566 525 iis
591 468 732 524 enim
760 480 878 536 qua:
901 466 950 519 in
968 463 1218 534 supernis
1235 472 1381 527 sunt,
1404 462 1581 516 omnia
1601 460 1809 515 etvidet
1828 457 2040 512 claudit
2062 475 2075 510 :

496 562 549 615 in
579 559 645 614 iis
674 570 800 613 vero
826 572 944 628 quae
965 570 1126 626 super
1146 563 1343 610 terram
1366 562 1421 608 et
1448 552 1602 612 nunt,
1628 559 1681 606 et
1702 549 1973 613 dicuntur,
1997 548 2078 601 in-

490 650 711 723 justitizn
760 651 961 705 multa}.
982 649 1191 718 Quippe
1217 652 1343 703 Sunt.
1385 644 1622 700 nonnulli
1665 644 1751 712 qui
1790 643 1842 697 in
1878 649 2074 695 tantam

498 750 859 813 pervenerunt
885 742 1238 811 impietatem,
1260 749 1316 793 ut
1342 748 1395 793 et
1422 738 1589 794 Deum
1617 734 2005 805 hlasphement,
2031 732 2073 785 si

494 836 713 907 quando
738 837 791 890 in
817 852 878 890 re
905 835 1080 905 aliqua
1108 834 1511 896 contristentur,
1537 837 1591 884 et
1624 830 1679 883 in
1696 828 1884 882 οωιηιη
1905 823 2074 892 respi-

492 929 717 991 cientes,
746 938 777 981 a
808 926 969 981 nullis
985 925 1291 980 abstineant
1317 922 1495 978 verbis
1524 939 1537 974 :
1573 921 1711 974 Deus
1737 926 1913 971 tamen
1947 914 2066 979 fert,

490 1019 731 1089 quamvis
751 1024 950 1072 tentant
975 1016 1166 1071 habent
1183 1023 1496 1085 potestatem
1518 1011 1773 1080 doluique
1788 1006 2069 1077 agentibus

490 1122 702 1180 pinnam
715 1109 1145 1184 sumendi.Quod
1163 1109 1207 1163 si
1220 1122 1406 1163 omnes
1426 1114 1732 1176 peccatores
1755 1101 1941 1171 punire
1957 1099 2069 1154 vel-

488 1204 563 1256 let
594 1201 756 1263 Deus,
780 1214 1033 1271 perquam
1060 1199 1214 1272 pauci
1247 1198 1605 1259 salvarentur,
1634 1209 1733 1247 nec
1754 1192 2069 1247 sufﬁcerent

487 1292 555 1347 ad
570 1293 874 1362 sepulturas
893 1292 1139 1346 homines
1159 1308 1171 1344 :
1190 1288 1329 1343 unde
1348 1296 1401 1343 et
1418 1286 1582 1342 David
1596 1286 1740 1349 dicit,
1756 1284 1815 1339 Si
1832 1282 2069 1352 iniquita-

488 1394 562 1438 res
588 1384 946 1447 observaveris,
983 1381 1222 1444 Domine,
1258 1379 1492 1442 Domine,
1513 1378 1625 1448 quis
1642 1375 2064 1444 stutimbit?quo-

484 1476 623 1529 nium
634 1475 772 1546 apud
787 1485 833 1530 le
844 1473 1133 1545 propitiatio
1144 1482 1215 1527 est
1228 1471 1399 1545 (Prol.
1421 1468 1630 1538 129.5).
1643 1468 1705 1522 Et
1719 1467 1767 1521 in
1788 1466 1876 1521 illo
1894 1476 2071 1522 osten-

483 1567 561 1622 dit
577 1565 995 1622 misericordiam
1012 1560 1409 1635 suam,eoquod
1427 1561 1645 1631 nejuste
1660 1558 1870 1630 quidem
1891 1559 2060 1627 punit.

480 1662 646 1732 igitur
661 1659 899 1731 quisquis
919 1657 1200 1713 assimilari
1223 1660 1334 1709 vult
1352 1655 1478 1719 Deo,
1491 1669 1589 1723 pro
1600 1653 1738 1708 virili
1756 1659 2063 1705 mansuetus

477 1752 550 1808 sit
582 1766 646 1807 ac
671 1749 814 1804 mitis
841 1749 1079 1819 feratque
1108 1745 1316 1801 fortiter
1338 1786 1353 1811 ,
1389 1746 1435 1799 si
1464 1743 1589 1815 quid
1619 1744 1835 1814 gravius
1857 1742 1925 1797 ab
1945 1742 2063 1795 aliis

480 1847 727 1916 patiatur.
752 1842 982 1914 Diligitc,
1009 1841 1198 1912 inquit,
1225 1839 1454 1894 inimicos
1475 1846 1680 1900 vestros,
1707 1834 1979 1903 benefacite
1998 1833 2062 1888 iis

477 1939 563 2009 qui
588 1954 672 1994 vos
693 1938 925 2000 oderunt,
957 1944 1097 1990 orate
1116 1952 1205 2005 pro
1227 1935 1288 1987 iis
1315 1933 1402 2003 qui
1418 1946 1505 1985 vos
1520 1929 1709 1985 (rodunt
1736 1938 1783 1982 et
1803 1929 2063 1981 insectan-

476 2042 579 2095 tur,
606 2030 785 2085 dicitis
797 2029 985 2083 simius
1004 2027 1149 2083 Pani
1176 2036 1337 2081 vestro
1364 2025 1448 2095 qui
1471 2022 1609 2077 estin
1626 2021 1778 2087 aclis,
1799 2021 1883 2090 qui
1903 2018 2060 2074 solam

475 2136 624 2176 suum
654 2121 779 2175 oriri
807 2120 929 2191 facit
946 2130 1096 2190 super
1119 2116 1280 2173 malos
1309 2126 1355 2171 et
1376 2115 1550 2180 bonos,
1585 2123 1631 2169 et
1657 2115 1786 2183 pluit
1809 2127 1960 2182 super
1976 2112 2061 2180 ju-

476 2224 579 2269 stas
608 2224 654 2268 et
692 2214 911 2283 injustas
945 2209 1095 2283 (Luc.
1119 2208 1173 2266 ϐ.
1199 2208 1289 2264 27.
1316 2207 1408 2264 28.
1437 2216 1484 2262 et
1509 2205 1697 2260 Matth.
1725 2206 1778 2261 5.
1818 2206 1909 2260 M.
1939 2202 2052 2269 45).

552 2303 808 2359 Mmtsueti
846 2302 944 2358 Dei
986 2302 1283 2356 imitatores.
1331 2297 1672 2353 Mansuetudo
1716 2295 1903 2351 Christi
1935 2295 2055 2349 imi-

474 2399 650 2452 tando.
679 2395 981 2467 Pugnartnn
1010 2403 1198 2466 quanta
1220 2393 1440 2448 miseria.
1456 2391 1610 2445 —Et
1632 2391 1811 2444 multa:
1835 2388 2051 2458 quidem

473 2498 597 2545 sunt
642 2489 863 2543 virtutes
906 2501 1024 2557 quae
1066 2484 1423 2540 Christianum
1461 2480 1631 2536 virum
1671 2479 1884 2547 decent,
1935 2493 2051 2533 ma-

470 2581 613 2636 xima
639 2589 816 2634 autem
847 2580 1083 2634 omnium
1121 2574 1475 2631 mansuetudo
1522 2590 1534 2626 :
1585 2586 1706 2628 nam
1743 2584 1836 2627 eos
1881 2572 2049 2638 solos,

471 2673 562 2742 qui
592 2670 691 2726 hac
733 2670 1006 2740 conspicui
1039 2676 1182 2734 sunt,
1226 2667 1319 2722 Dei
1347 2665 1641 2720 imitatores
1677 2663 1920 2718 Christus
1950 2675 2050 2715 no-

470 2764 660 2819 minat.
705 2761 937 2817 Proinde
972 2770 1264 2830 congruum
1294 2766 1396 2825 est,
1429 2765 1486 2811 ut
1530 2755 1746 2828 quando
1772 2754 1892 2825 quis
1917 2767 2051 2810 con-

469 2855 687 2911 tumelia
716 2869 818 2909 nos
839 2854 1021 2919 abicit,
1050 2852 1132 2907 vel
1164 2851 1411 2907 verberat
1436 2848 1648 2904 velalia
1678 2848 1887 2903 ratione
1914 2846 2051 2901 afui-

468 2950 578 3020 git,
642 2947 999 3003 sustineamus
1060 2942 1239 2999 omnia
1304 2949 1581 2995 mansuete
1630 2947 1685 2994 et
1740 2938 2045 3009 patienter,

467 3040 868 3097 considerantes
906 3037 1045 3108 quod
1072 3035 1168 3091 Dei
1194 3035 1490 3090 imitatores
1516 3032 1870 3088 mansuetudo
1899 3030 2043 3086 facit.

468 3130 681 3186 Etenim
711 3129 828 3200 ipse
858 3128 1115 3182 Dominus
1143 3133 1199 3180 et
1229 3123 1474 3181 Salvator
1498 3132 1683 3178 uoster
1707 3121 2046 3177 contumeliis

466 3222 709 3289 allectus,
739 3221 1071 3283 verberatus,
1099 3218 1243 3274 cruci
1266 3217 1436 3273 clavis
1461 3214 1674 3280 afﬁxus,
1708 3214 1903 3269 leniter
1925 3212 2048 3266 tulit

466 3313 773 3370 Judzeorum
801 3311 1074 3377 furorem;
1121 3319 1176 3365 et
1223 3309 1345 3364 licet
1384 3316 1564 3378 posset
1605 3306 1672 3361 de
1715 3305 1893 3376 impiis
1933 3304 2047 3357 vin-

464 3406 659 3461 dictam
690 3417 923 3468 sumere,
973 3416 1078 3456 non
1128 3399 1356 3469 sumpsit
1404 3407 1598 3464 tamen,
1649 3398 1742 3452 sed
1792 3396 2042 3451 virtutem

464 3512 615 3552 suam
647 3494 880 3551 ostendit
904 3508 972 3549 eo
999 3491 1141 3562 quod
1170 3491 1443 3546 concussit
1470 3498 1687 3555 terram,
1719 3495 1773 3543 et
1803 3494 2043 3542 mortuos

463 3588 762 3653 suscitavit,
813 3597 866 3641 et
905 3583 1212 3639 obscuravit
1258 3582 1451 3649 solem,
1498 3590 1552 3635 et
1591 3591 1803 3635 noctem
1846 3596 1909 3635 ex
1956 3579 2042 3633 die

462 3682 590 3738 fecit
619 3700 631 3736 :
661 3677 1121 3735 mansuetudinem
1164 3684 1341 3730 autem
1372 3686 1423 3729 et
1471 3673 1897 3729 misericordiam
1943 3672 2039 3727 de-

462 3774 700 3837 claravit,
731 3771 851 3842 quia
879 3769 1082 3824 nullum
1113 3783 1178 3823 ex
1220 3766 1284 3821 iis
1311 3766 1402 3837 qui
1432 3766 1593 3835 impie
1631 3775 1849 3835 egerant
1882 3763 2038 3833 puni-

462 3869 537 3921 vit
562 3884 575 3920 :
605 3873 661 3920 ut
682 3863 951 3919 discerent
975 3873 1183 3923 omnes,
1210 3858 1301 3928 qui
1324 3856 1513 3926 impias
1539 3870 1727 3910 manus
1749 3854 2041 3908 intulerant

463 3956 711 4021 Domino,
754 3968 912 4024 quam
945 3966 1050 4006 non
1094 3949 1278 4004 fuisset
1319 3948 1367 4003 ei
1409 3947 1625 4002 difficile
1654 3945 1797 4016 ipsos
1827 3946 2036 4016 punire,

461 4049 552 4117 qui
594 4057 700 4101 tam
730 4044 887 4100 facile
934 4051 1129 4098 terram
1180 4040 1471 4095 commovit
1518 4047 1571 4093 et
1608 4038 1775 4093 solem
1817 4050 2038 4108 repente

461 4136 731 4193 obscurari
762 4135 1034 4204 prmcepit.
1064 4132 1131 4187 Et
1160 4132 1282 4202 quia
1313 4140 1419 4184 tam
1443 4136 1754 4185 mansuetus
1780 4130 1876 4183 luit
1898 4131 2034 4197 ipse,

462 4238 519 4283 ut
543 4243 648 4282 non
679 4226 852 4282 solum
898 4232 1175 4279 mansuete
1200 4221 1383 4277 tulerit
1410 4236 1505 4277 eos
1530 4221 1619 4292 qui
1654 4221 2041 4291 crucifigebant

460 4328 515 4374 et
553 4315 1012 4387 bIaSphcmabant,
1056 4312 1149 4368 sed
1197 4321 1254 4369 et
1297 4312 1509 4367 Patrem
1546 4311 1929 4374 obsecraverit.
1972 4327 2038 4367 ne

458 4407 761 4465 caelestibus
809 4405 1063 4461 adversus
1105 4403 1296 4474 impios
1335 4403 1455 4459 telis
1503 4402 2029 4469 uteretur:idcirco,

458 4517 578 4555 cum
606 4508 661 4555 et
687 4498 778 4553 tibi
807 4511 969 4569 grave
997 4495 1209 4567 aliquod
1231 4495 1501 4551 ctdurum
1524 4495 1712 4551 ferenti
1744 4498 2040 4566 subrepunt

459 4592 604 4646 furor
634 4598 689 4645 et
720 4589 818 4655 ira,
849 4588 1133 4644 recordare
1159 4587 1585 4643 mansuetudinis
1608 4587 1826 4654 Christi,
1856 4597 1911 4643 et
1933 4598 2040 4643 sta-

459 4687 550 4738 tim
594 4691 905 4737 mansuetus
948 4681 1150 4737 erisac
1180 4680 1416 4735 clemens
1446 4697 1459 4734 :
1490 4689 1544 4735 et
1581 4696 1687 4734 non
1730 4680 1901 4735 solum
1944 4681 2037 4735 tibi

458 4776 555 4845 ipsi
596 4774 923 4844 benignitate
962 4782 1049 4827 tua
1101 4772 1385 4842 plurimum
1430 4772 1561 4826 lucri
1608 4772 1794 4837 facies,
1844 4772 1938 4828 sed
1984 4782 2037 4827 et

459 4867 688 4922 inimicis
735 4863 981 4935 proderis
1020 4863 1330 4933 plurimum,
1379 4862 1634 4918 erudiens
1674 4863 1798 4917 illos
1842 4872 1900 4917 ut
1938 4863 2035 4932 ipsi

458 4958 668 5029 benigni
698 4957 844 5011 fiant.
876 4955 1132 5011 Videntes
1156 4955 1298 5009 enim
1331 4963 1383 5009 te
1408 4962 1645 5009 extrema
1687 4954 1951 5008 sustinere
1983 4963 2038 5009 et

459 5050 588 5104 iram
621 5056 901 5104 mansuete
931 5047 1092 5112 ferre,
1130 5046 1308 5100 statim
1344 5047 1517 5116 posito
1553 5044 1731 5101 furore
1769 5047 2035 5102 mansueti

457 5149 510 5194 et
535 5141 684 5195 lenes
715 5140 814 5209 ipsi
862 5140 1013 5205 fient,
1042 5137 1576 5207 mansuetudinisque
1608 5146 1709 5191 tute
1740 5137 2037 5192 imitatores

456 5247 577 5287 esse
626 5232 859 5301 cupient.
908 5228 1139 5284 Proinde
1189 5228 1429 5298 quisquis
1478 5226 1765 5283 iracundos
1821 5227 2035 5283 vincere

458 5322 705 5386 Volucrit,
735 5322 943 5376 fortiter
973 5319 1111 5374 ferat
1153 5318 1375 5389 injurias
1405 5326 1458 5372 et
1489 5318 1732 5383 verbera,
1762 5334 2031 5388 magnam-

456 5428 562 5483 que
586 5413 701 5482 ejns
730 5411 820 5483 qui
850 5410 1160 5466 verberibus
1187 5410 1321 5463 inse
1350 5409 1602 5464 szeviebat
1627 5410 2035 5463 conversionem

456 5504 676 5561 videbit.
710 5506 781 5561 At
806 5505 850 5559 si
876 5505 1037 5560 etiam
1070 5504 1184 5575 ipsc
1213 5504 1280 5557 ab
1308 5503 1381 5556 ira
1408 5502 1661 5566 vinceris,
1689 5503 1910 5557 studens
1941 5505 2041 5558 ini-

457 5598 654 5653 micum
684 5599 795 5669 pari
828 5598 1028 5653 insania
1074 5596 1278 5662 ulcisci,
1326 5595 1502 5650 nullus
1547 5610 1795 5666 umquam
1840 5596 2035 5653 irarum

458 5701 517 5745 et
556 5705 849 5763 pugnarum
874 5688 977 5748 erit
1001 5691 1162 5755 linis;
1191 5688 1284 5746 sed
1316 5704 1529 5758 semper
1559 5688 1647 5759 qui
1689 5688 1956 5744 insaniunt
1983 5700 2035 5747 et

1670 252 1758 308 DE
1791 248 2328 306 MANSUETUDINE
2368 250 2614 310 SERMO.

3663 264 3768 319 55!;

2187 364 2355 419 rabidi
2389 377 2533 432 sunt,
2576 379 2629 423 et
2660 371 2872 427 vincere
2898 372 3031 427 alios
3069 371 3323 429 conviciis
3361 384 3414 430 et
3457 376 3767 437 verberibus

2184 459 2437 525 cogitant,
2474 461 2522 512 in
2553 460 2871 517 immensum
2903 463 3100 520 bellant
3124 475 3178 521 et
3209 481 3437 537 pugnam
3457 481 3762 542 erumpunt,

2183 559 2369 602 mutuo
2400 551 2740 617 insidiantur,
2784 557 3083 613 calumnias
3111 566 3345 625 struunt,
3392 562 3632 633 pejemre
3671 579 3764 620 au-

2180 637 2328 703 dent,
2361 650 2414 694 et
2442 645 2813 700 accusationes
2843 646 3169 703 meditantur
3207 664 3394 707 eorum
3433 666 3552 721 qua:
3580 668 3757 724 neque

2177 731 2423 787 viderunt
2451 750 2622 804 neque
2649 739 2935 794 audierunt
2962 759 2975 796 :
3007 742 3058 796 in
3081 743 3167 798 die
3188 745 3405 815 quidem
3431 747 3570 802 sicut
3593 761 3761 804 canes

2178 824 2345 878 rabidi
2386 837 2438 881 et
2482 841 2786 897 quiarrentes
2830 833 3124 901 inimicum,
3154 846 3369 893 noctem
3405 850 3585 894 autem
3615 843 3759 911 cogi-

2178 917 2336 969 tando
2367 919 2713 986 insumentes,
2759 926 3032 995 quomodo
3069 927 3265 982 malum
3307 930 3520 1000 aliquod
3547 931 3755 988 maehio

2175 1018 2368 1063 nentur
2414 1019 2470 1065 et
2509 1012 2730 1069 insidias
2783 1026 2988 1084 parent.
3036 1017 3257 1073 Talibus
3308 1034 3481 1090 neque
3533 1034 3756 1077 somnus

2172 1101 2381 1155 vitiosis
2402 1104 2680 1163 aﬁ‘ectibus
2713 1118 2885 1173 vacat,
2915 1110 3007 1165 set.I
3039 1118 3227 1180 putant
3251 1113 3393 1181 quod
3421 1112 3595 1169 adimo
3615 1114 3755 1169 adsit

2170 1193 2420 1248 inimicus
2448 1205 2503 1250 et
2528 1197 2881 1253 criminentur
2917 1210 2971 1253 et
3002 1203 3338 1270 percutiant;
3378 1212 3433 1258 et
3478 1218 3510 1258 e
3549 1205 3755 1259 snmnis

2170 1296 2391 1355 repente
2435 1289 2769 1359 cvigilautes,
2808 1294 2978 1362 magis
3020 1293 3221 1350 cuidem
3266 1304 3540 1363 muttunn,
3588 1312 3746 1366 quam

2167 1380 2352 1448 epulas
2400 1380 2644 1451 diligunt.
2692 1384 2793 1438 Alii
2842 1398 2965 1438 vero
3014 1386 3090 1439 ira
3151 1388 3282 1441 ebrii
3328 1388 3745 1443 calumniatores

2167 1470 2417 1525 mercede
2440 1472 2761 1537 conducunt,
2791 1474 3107 1544 infandaque
3125 1477 3264 1536 inter
3279 1492 3338 1535 se
3359 1491 3522 1549 agunt
3542 1493 3704 1550 opera
3730 1500 3745 1536 :

2166 1571 2221 1616 et
2249 1572 2449 1633 quanto
2478 1566 2719 1634 pluribus
2759 1568 2913 1622 malis
2960 1581 3083 1625 sese
3122 1570 3419 1633 irritarunt.
3452 1582 3600 1628 tanto
3629 1591 3765 1629 inn--

2161 1653 2279 1723 jure
2307 1655 2512 1712 insania
2557 1658 2756 1712 furunt.
2802 1659 2933 1714 Nam
2975 1661 3114 1730 quod
3142 1662 3320 1717 ebrios
3347 1663 3531 1719 dicunt
3557 1665 3627 1719 ob
3663 1667 3746 1719 in-

2164 1746 2463 1803 satiabilem
2485 1748 2798 1806 ebrietatem
2826 1751 3104 1807 ardentius
3122 1754 3292 1819 sitire,
3324 1755 3425 1810 hoc
3449 1765 3504 1811 et
3535 1757 3745 1812 iracun-

2163 1837 2247 1893 dis
2276 1852 2373 1893 usu
2401 1845 2601 1907 evenit,
2631 1842 2722 1911 qui
2747 1842 2800 1897 in
2826 1844 3265 1912 perniciosiorem
3293 1856 3452 1900 ruunt
3482 1848 3745 1906 insaniant

2166 1938 2383 1999 propter
2430 1932 2806 2001 inexplebilem
2872 1935 3231 1990 contendendi
3281 1937 3585 1993 libidinem.
3644 1939 3741 1995 Hic

2162 2023 2368 2077 vocavit
2396 2037 2634 2090 servum,
2661 2026 2799 2081 alius
2826 2027 2990 2082 scorti
3018 2026 3182 2082 filium
3210 2044 3224 2092 ;
3253 2028 3343 2084 ille
3370 2030 3732 2100 insipientem,

2162 2113 2263 2170 iste
2289 2116 2531 2170 insanum
2565 2135 2578 2171 :
2610 2128 2692 2173 est
2721 2120 2811 2189 qui
2841 2119 3014 2175 furem
3046 2131 3100 2176 et
3130 2122 3406 2191 injustum,
3451 2125 3589 2181 alius
3624 2125 3736 2195 plc-

2160 2223 2289 2263 num
2315 2210 2459 2264 omni
2505 2212 2661 2265 malo.
2708 2211 2835 2267 Dein
2879 2215 2952 2268 ira
2982 2216 3114 2270 ebrii
3152 2215 3442 2288 confligunt
3486 2219 3621 2273 inter
3656 2238 3735 2285 se,

2157 2308 2211 2354 et
2238 2314 2427 2370 parum
2459 2302 2611 2358 abest
2635 2307 2760 2374 quin
2786 2305 3073 2361 bestiarum
3097 2322 3273 2363 mores
3295 2310 3584 2374 imitentur,
3612 2328 3736 2381 per-

2156 2391 2384 2457 cutiunt,
2438 2393 2737 2458 calcitrant,
2784 2397 3064 2464 mordent,
3111 2400 3460 2455 conseindnnt
3508 2402 3733 2457 invicem

2156 2498 2403 2552 corpora,
2435 2484 2567 2540 nulli
2597 2487 2729 2556 parti
2754 2499 2997 2557 parcunt,
3024 2506 3129 2544 non
3151 2490 3341 2554 oculis,
3367 2508 3470 2546 non
3495 2495 3728 2559 auribus,

2156 2588 2261 2628 non
2295 2575 2534 2643 naribus,
2581 2591 2685 2632 non
2728 2576 2901 2641 faciei.
2941 2595 3046 2635 non
3086 2581 3174 2635 alii
3203 2582 3434 2651 cuipiam
3470 2585 3731 2651 membro,

2156 2665 2249 2720 sed
2285 2666 2653 2724 conflictantcs
2692 2670 2830 2726 inter
2872 2686 2931 2727 sc
2959 2673 3249 2728 concidunt
3281 2683 3335 2729 et
3383 2676 3732 2746 pessnmdant

2154 2756 2381 2813 invicem
2403 2767 2485 2814 :et
2511 2761 2653 2831 quod
2682 2763 2879 2816 malum
2903 2779 3007 2817 non
3031 2764 3253 2819 faciunt?
3281 2768 3541 2821 secedunt
3570 2782 3597 2820 a
3634 2784 3732 2837 pn-

2150 2866 2253 2919 gna
2274 2893 2291 2918 ,
2309 2851 2398 2908 ille
2414 2852 2614 2909 amisso
2628 2855 2805 2919 oculo,
2833 2856 2920 2912 ille
2943 2857 3181 2923 auribus,
3206 2858 3300 2915 ille
3332 2858 3504 2927 labiis,
3521 2860 3609 2915 ille
3629 2863 3730 2916 alia

2151 2944 2393 3012 corporis
2434 2953 2600 3013 parte,
2653 2947 2823 3017 ntagis
2868 2956 3044 3004 tamen
3090 2949 3267 3004 anima
3307 2966 3466 3021 quam
3506 2968 3731 3023 corpore

2150 3036 2406 3103 corrupti,
2435 3035 2723 3102 furibundi,
2760 3037 2954 3102 insani,
2981 3039 3173 3106 rabidi,
3218 3041 3523 3109 ignorantes
3558 3044 3727 3115 legem

2151 3123 2360 3178 Domini
2385 3134 2438 3180 et
2465 3125 2776 3190 Salvatoris,
2805 3128 2892 3197 qui
2922 3129 3176 3197 praecepit
3197 3138 3253 3183 ut
3275 3130 3424 3201 alapa
3446 3146 3730 3201 percussos

2149 3224 2204 3269 et
2231 3216 2540 3271 verberatus
2567 3227 2728 3286 atque
2753 3218 2857 3271 alia
2887 3233 3091 3287 passus,
3118 3220 3324 3289 placido
3362 3223 3543 3277 animo
3578 3224 3731 3279 forti-

2150 3315 2229 3360 ter
2268 3306 2445 3361 omnia
2491 3307 2645 3370 ferat,
2694 3306 2978 3379 vincatque
3029 3312 3441 3369 mansuetudine
3489 3311 3722 3370 furorem

2148 3396 2327 3466 inique
2353 3397 2641 3466 agentium.
2672 3397 2813 3454 Sane
2842 3400 2933 3469 qui
2966 3399 3065 3455 hoc
3097 3398 3221 3454 facit
3254 3401 3499 3458 laudatur
3528 3405 3595 3459 ab
3624 3405 3728 3459 lto-

2148 3489 2400 3554 minibus,
2435 3498 2489 3544 et
2518 3500 2806 3545 coronatur
2832 3507 2861 3544 a
2892 3491 3003 3546 Deo
3052 3502 3105 3547 et
3146 3492 3450 3550 Servatore.
3494 3494 3562 3550 Et
3601 3511 3729 3567 pro-

2149 3589 2332 3651 pterea
2362 3581 2810 3651 perseverandum
2843 3592 2945 3649 est,
2977 3582 3202 3638 ferendo
3232 3584 3421 3640 leniter
3450 3585 3633 3654 iratos,
3673 3596 3728 3642 et

2147 3671 2541 3739 respiciendum
2587 3671 2654 3725 ad
2705 3686 2961 3726 coronam
3010 3689 3168 3742 quam
3220 3677 3541 3745 praeparavit
3583 3678 3726 3734 Deus

2146 3762 2439 3816 mansuetis
2466 3770 2517 3815 et
2551 3761 2788 3815 mitibus.
2822 3762 3131 3818 Absurdum
3160 3765 3304 3820 enim
3332 3776 3434 3835 cst,
3463 3777 3519 3823 ut
3544 3768 3720 3824 athle-

2147 3863 2213 3909 tae
2244 3856 2295 3908 in
2341 3854 2604 3925 gymnicis
2633 3854 2896 3924 agonibus
2936 3856 3234 3926 pulverem,
3265 3859 3485 3914 verbera
3527 3869 3583 3915 et
3613 3862 3727 3914 vnl-

2144 3962 2273 4001 nera
2303 3946 2471 4000 ferant
2503 3953 2722 4016 pr0pter
2747 3960 2938 4000 vanam
2968 3947 3218 4017 gloriam,
3243 3963 3496 4005 coronam
3527 3952 3725 4007 nullius

2144 4039 2399 4092 momenti
2420 4046 2762 4106 spectantes:
2797 4053 2896 4093 nos
2922 4047 3098 4094 autem
3121 4041 3416 4097 coronandi
3434 4055 3468 4099 α
3487 4042 3722 4109 Christo,

2143 4146 2248 4184 non
2291 4130 2612 4198 imperemus
2657 4129 2772 4196 iraa,
2813 4145 2918 4184 non
2951 4131 3129 4185 omnia
3166 4131 3376 4189 fortiter
3403 4133 3717 4196 toleremus.

2144 4222 2235 4277 sed
2269 4221 2484 4277 brevem
2508 4222 2835 4300 voluptatem
2871 4232 2925 4277 et
2956 4223 3210 4293 injustum
3244 4225 3476 4281 furorem
3520 4231 3721 4284 cmlesti
3780 4256 3782 4258 τ

2143 4312 2335 4367 honori
2363 4321 2417 4367 et
2444 4312 2627 4381 gloriae
2646 4312 3008 4382 praeferamus.
3033 4311 3323 4371 Enimvero
3352 4326 3405 4371 et
3426 4317 3526 4372 hoc
3550 4320 3724 4373 mani-

2143 4402 2359 4470 festum,
2390 4404 2529 4474 quod
2555 4419 2678 4458 cum
2719 4404 2885 4459 multa
2912 4420 3208 4477 magnaque
3244 4407 3372 4471 sint,
3412 4423 3532 4478 qua:
3555 4409 3727 4479 justo-

2144 4512 2260 4551 rum
2289 4498 2447 4549 vitam
2480 4504 2763 4561 exornant,
2794 4494 2897 4551 hoc
2942 4506 3117 4552 tamen
3160 4511 3268 4568 prro
3307 4499 3516 4554 cancris
3560 4498 3728 4555 efticit

2143 4598 2202 4643 ut
2230 4588 2511 4643 clarissimi
2554 4587 2800 4653 evadant,
2851 4588 2896 4644 si
2945 4591 3208 4646 mansueti
3252 4591 3450 4658 vivant,
3502 4604 3557 4649 et
3599 4609 3722 4665 erga

2144 4678 2261 4733 illos
2310 4678 2499 4748 placidi
2546 4679 2655 4733 sint
2696 4694 2726 4733 a
2767 4679 2959 4749 quibus
3006 4680 3214 4750 injuriis
3249 4682 3573 4739 afficiuntur.
3614 4686 3723 4740 llac

2142 4770 2283 4823 enim
2324 4770 2520 4824 virtute
2555 4769 2732 4825 Moses
2780 4768 3085 4826 Judaeorum
3142 4771 3403 4828 insaniam
3449 4775 3720 4833 moderate

2143 4859 2343 4927 ferens,
2388 4869 2442 4915 et
2485 4859 2732 4927 precibus
2782 4860 2994 4914 salvans
3040 4860 3306 4927 inimicos,
3360 4866 3618 4921 honorent
3670 4879 3724 4923 et

2142 4952 2362 5021 gloriam
2408 4950 2675 5004 caelestem
2717 4965 2827 5019 prie
2851 4951 2972 5005 aliis
3011 4951 3257 5018 obtinuit,
3292 4952 3493 5024 Deique
3521 4957 3722 5012 amicus

2144 5051 2362 5097 Vocatus
2392 5049 2495 5096 est.
2531 5040 2639 5095 [lac
2673 5054 2885 5111 quoque
2934 5041 3130 5097 virtute
3165 5051 3218 5097 et
3266 5043 3452 5108 David,
3498 5061 3721 5115 parcens

2143 5132 2374 5189 inimicis
2402 5140 2456 5187 et
2480 5128 2744 5198 hostibus,
2780 5131 2945 5186 Deum
2988 5131 3089 5186 sibi
3134 5133 3366 5188 amicum
3406 5146 3460 5191 et
3491 5136 3718 5191 benevo-

2142 5226 2250 5280 lum
2298 5222 2493 5279 ell‘ecit.
2528 5221 2655 5277 llaec
2688 5223 2831 5278 enim
2869 5237 2990 5277 cum
3023 5239 3211 5278 omnes
3251 5224 3497 5282 homines
3528 5241 3723 5283 ornare

2143 5319 2336 5383 valeat,
2362 5316 2412 5369 iu
2442 5314 2628 5386 primis
2651 5324 2829 5369 tamen
2853 5329 2946 5369 eos
2966 5315 3057 5386 qui
3082 5315 3134 5370 in
3164 5317 3516 5387 potestatibus
3537 5330 3722 5387 agunt.

2143 5412 2273 5466 Nam
2300 5426 2422 5466 eum
2452 5410 2777 5481 principibus
2803 5410 2982 5467 omnia
3012 5412 3405 5481 permittuntur,
3442 5414 3725 5485 si‘scipsos

2142 5503 2435 5565 continent,
2478 5509 2531 5555 et
2557 5516 2773 5556 suorum
2820 5517 3042 5572 operum
3087 5502 3276 5558 ducem
3323 5502 3519 5557 habent
3548 5505 3729 5575 legem
3789 5524 3796 5530 ·

2146 5596 2260 5661 Dei,
2310 5608 2414 5652 non
2466 5607 2657 5663 parum
2703 5592 2826 5648 inde
2866 5608 3052 5650 eorum
3102 5593 3406 5649 celebritati
3447 5604 3502 5650 et
3536 5591 3724 5666 gloria»:

2144 5686 2422 5744 aevi-escit.
2468 5684 2755 5742 Enimvero
2787 5682 2981 5741 Paulus
3006 5696 3059 5745 et
3091 5686 3298 5753 Petrus,
3336 5685 3426 5757 qui
3456 5685 3728 5743 ctelestsm
