4092 6206
435 240 543 296 555

431 349 996 423 tangebantapsidem
1033 357 1266 420 propter
1287 348 1549 404 virtutem
1581 363 1690 418 qua
1721 345 2008 418 conspicui

423 453 607 508 erant,
642 440 994 496 humanitate
1043 449 1226 496 tamen
1256 449 1314 494 et
1344 439 1774 493 mansuetudine
1805 439 2006 509 magis,

419 552 588 606 quam
623 534 752 592 aliis
773 534 958 600 bonis,
985 533 1344 590 claruerunt:
1372 533 1503 604 quia
1552 532 1822 587 honorem
1853 533 2011 586 exhi-

423 628 666 682 buerunt
704 627 772 682 iis
814 627 911 698 qui
959 643 1019 682 se
1064 626 1333 682 conviciis
1363 626 1736 690 incessebant,
1767 623 2010 679 inimicis

417 722 839 788 benefecerunt,
860 730 916 778 et
932 737 1076 791 saepe
1092 720 1402 790 lapidantes
1424 719 1686 790 precibus
1701 718 2005 773 salvarunt:

419 815 674 872 sciebant
698 817 846 871 enim
874 816 991 870 haec
1019 815 1255 870 maxime
1281 824 1436 886 grata
1467 815 1602 879 Deo,
1643 822 1700 868 et
1730 828 1842 884 prae
1885 813 2011 868 aliis

418 907 582 963 bonis
605 907 661 961 in
685 907 816 962 calo
836 906 1184 962 admirabilia
1201 922 1323 962 esse
1351 925 1365 961 :
1391 915 1448 961 et
1470 905 1680 962 idcirco
1704 907 1806 978 ipsi
1839 906 2008 961 vitam

418 1015 574 1055 suam
616 1001 674 1056 in
710 999 1139 1054 mansuetudine
1179 1001 1626 1064 transmiserunt,
1656 999 1904 1070 aliosque
1939 999 2008 1054 ad

416 1094 564 1153 illam
587 1093 847 1148 allexerc.
875 1092 1020 1159 Quin
1039 1100 1096 1148 et
1117 1093 1455 1164 Stephanum
1483 1095 1890 1165 periclitantem
1907 1109 2008 1164 pro

417 1180 623 1253 pietate
645 1183 776 1237 dum
799 1183 1056 1239 videmus
1075 1200 1175 1255 pro
1197 1184 1440 1240 inimicis
1459 1201 1620 1242 orare
1648 1185 1787 1254 (Act.
1813 1188 1864 1241 7.
1893 1185 2006 1255 59),

418 1283 475 1329 et
497 1276 980 1332 mansuetudinem
1004 1278 1126 1349 ejus
1143 1285 1201 1332 et
1223 1278 1528 1334 certamina
1549 1279 1755 1349 pariter
1774 1279 2012 1335 admira-

416 1384 560 1423 mur.
586 1367 881 1442 Reliquum
910 1379 1016 1436 est,
1044 1370 1174 1440 quia
1201 1378 1385 1426 tantos
1415 1387 1480 1427 ac
1508 1373 1645 1428 tales
1663 1372 1836 1429 duces
1857 1389 2011 1429 man-

415 1461 728 1517 suetudinis
749 1462 933 1518 sortiti
961 1479 1175 1529 sumus,
1199 1464 1562 1520 adhortemur
1582 1481 1686 1521 nos
1706 1476 1921 1533 mutuo,
1949 1474 2011 1522 ut

404 1554 643 1608 illorum
672 1554 906 1626 vestigia
933 1571 1252 1626 sequamur,
1279 1567 1337 1613 et
1365 1558 1419 1612 in
1441 1559 1867 1616 mansuetudine
1895 1560 2008 1617 Deo

416 1646 831 1702 ministremus:
853 1649 1306 1720 quandoquidem
1330 1650 1700 1707 ministerium
1718 1652 1864 1707 istud
1886 1654 2010 1710 aliis

416 1737 719 1794 virtutibus
773 1746 860 1794 est
920 1740 973 1795 ei
1016 1741 1179 1812 longe
1234 1743 1467 1814 gratius.
1511 1743 1582 1798 Et
1629 1744 2008 1802 divinissimus

415 1829 622 1885 Paulus
653 1830 918 1887 virtutem
944 1833 1181 1902 apostoli
1215 1845 1774 1905 commonstraturus,
1799 1837 2006 1894 Christi

417 1921 736 1978 ministrum
805 1929 1237 1984 mansuetudine
1292 1930 1647 2000 potissimum
1702 1934 2008 1990 clarescere

415 2010 596 2067 voluit
623 2012 700 2083 (l.
740 2012 874 2069 Tim.
906 2015 960 2069 5.
991 2015 1046 2070 5.
1081 2016 1182 2072 Tit.
1215 2020 1270 2074 5.
1313 2019 1368 2089 2)
1407 2037 1420 2074 :
1451 2029 1508 2076 et
1554 2021 1808 2091 quamvis
1837 2024 2010 2079 multa

417 2099 693 2168 potuisset
722 2101 930 2170 dicere,
963 2103 1012 2160 si
1043 2105 1270 2174 quidem
1307 2107 1599 2174 voluisset,
1632 2126 1755 2180 quae
1785 2121 2010 2182 aposto-

416 2189 530 2243 lum
554 2201 842 2258 ornarent,
871 2209 1070 2265 nempe
1094 2195 1408 2253 daemonum
1431 2198 1638 2269 fugam,
1662 2209 2010 2257 mortuorum

417 2281 920 2348 resurrectionem,
959 2293 1126 2354 alque
1171 2286 1315 2354 alia;
1367 2288 1629 2343 omnibus
1669 2298 1854 2345 tamen
1895 2291 2006 2347 illis

420 2367 737 2436 praeteritis,
761 2371 1191 2440 aequabilitatem
1225 2390 1442 2430 morum
1471 2376 1556 2430 vel
1585 2392 1718 2448 erga
1749 2377 2008 2435 inimicos

417 2469 640 2510 sursum
668 2470 733 2510 ac
759 2455 1019 2513 deorsum
1047 2470 1232 2516 versat
1259 2478 1326 2518 ac
1356 2470 1558 2518 tractat
1586 2483 1600 2520 :
1633 2480 1745 2535 quo
1775 2481 2008 2536 persua-

415 2539 573 2597 deret
594 2544 780 2610 nobis,
811 2555 874 2600 ut
903 2561 1003 2602 sua
1045 2548 1276 2620 vestigia
1319 2565 1639 2621 sequamur,
1673 2554 2008 2626 benignique

414 2627 591 2686 simus
622 2647 688 2687 ac
717 2633 900 2690 mites.
924 2634 956 2691 εἰ
963 2644 1148 2691 ustum
1180 2648 1267 2694 est
1296 2638 1467 2710 igitur
1486 2650 1708 2697 sanctos
1732 2641 1858 2698 illos
1885 2645 2011 2699 imi-

1134 239 1192 295 S.
1233 236 1519 295 JOANNIS
1555 236 2043 294 CHRYSOSTOMI
2084 236 2404 294 ARCIHEP.
2442 236 2992 294 CONSTANTINOP.

3593 242 3700 298 556

2112 364 2236 418 τητι
2265 347 2598 419 κοσμοῦντες
2628 349 2906 421 ἐφάνησαν
2927 391 2943 416 ,
2978 350 3072 404 καὶ
3099 351 3224 418 τοῦς
3257 351 3448 416 ἄλλους
3488 353 3701 423 ἀνθρώ-

2114 456 2250 503 πους
2281 440 2375 494 ἐπὶ
2408 440 2614 512 ταύτην
2644 441 3113 512 παρακαλοῦντες.
3148 443 3305 497 Ἐπεὶ
3340 444 3552 499 καὶτὸν
3580 447 3702 500 Στέ-

2113 551 2281 604 φανον
2329 534 2388 586 ὲν
2423 537 2536 597 τοῖς
2587 535 2727 608 ὑπὲρ
2775 536 2876 606 τῆς
2921 538 3204 604 εὐσεϐείας
3247 539 3518 604 κινδύνοις
3559 542 3701 613 ὑπὲρ

2112 625 2219 678 τῶν
2258 624 2471 695 ἐχθρῶν
2516 626 2752 697 ὁρῶντες
2798 628 3126 700 εὐχόμενον,
3167 631 3368 701 ὁμοίως
3401 631 3494 684 ἐπί
3527 649 3589 685 τε
3635 637 3700 705 τῇ

2111 717 2380 788 πραότητι
2407 719 2502 772 καὶ
2530 720 2644 782 τοῖς
2667 719 2844 788 ἀγῶσι
2867 720 3245 792 θαυμάζομεν.
3277 722 3497 793 Ἐπειδὴ
3517 724 3702 777 τοίνυν

2110 809 2399 874 τοσούτους
2423 810 2519 864 καὶ
2549 811 2825 877 τοιούτους
2851 814 3128 885 ἡγεμόνας
3149 815 3453 879 ἐπιεικείας
3478 817 3698 887 ἔχομεν,

2114 904 2588 976 παρακαλέσωμεν
2617 906 2844 970 ἑαυτοὺς
2882 907 2979 960 καὶ
3019 905 3285 978 ἀλλήλους
3328 911 3442 972 τοῖς
3472 908 3702 962 ἐκείνων

2117 997 2321 1066 ῐχνεσιν
2349 995 2598 1061 ἕπεσθαι,
2635 999 2730 1051 καὶ
2755 997 2844 1052 διὰ
2872 999 3178 1070 πραότητος
3208 1000 3286 1070 τῷ
3305 1000 3424 1071 Θεῷ
3454 1002 3704 1073 λειτουρο

2112 1089 2231 1156 γεῖν
2256 1127 2272 1152 ,
2310 1088 2388 1152 ὡς
2439 1087 2647 1160 ταύτην
2698 1089 2898 1160 μᾶλλον
2950 1090 3207 1160 ἀσμένως
3265 1091 3545 1163 δεχομένῳ
3599 1094 3701 1164 τὴν

2111 1176 2477 1251 λειτουργίαν,
2525 1179 2560 1251 ἢ
2599 1179 2700 1243 τὰς
2733 1180 2900 1245 ἄλλας
2930 1181 3149 1246 ἁπάσας
3183 1182 3406 1252 ἀρετάς.
3450 1185 3564 1238 Καὶ
3589 1186 3699 1256 γὰρ

2112 1271 2142 1324 ὁ
2172 1270 2447 1335 θειότατος
2477 1271 2691 1335 Παῦλος
2724 1271 2927 1344 ἀρετὴν
2964 1273 3264 1327 ἀποστόλου
3296 1273 3466 1342 δεῖξαι
3508 1275 3698 1345 βουλό-

2115 1383 2296 1436 μενος,
2335 1368 2400 1420 ὲκ
2430 1366 2527 1437 τῆς
2561 1365 2903 1438 ἡμερότητος
2935 1367 3170 1438 μάλιστα
3201 1367 3447 1437 βούλεται
3483 1368 3575 1422 τὸν
3602 1368 3696 1422 τοῦ

2111 1455 2350 1526 Χριστοῦ
2409 1455 2654 1510 διάκονον
2703 1457 2989 1525 φαίνεσθαι
3024 1473 3038 1487 ⁶
3091 1457 3270 1511 καίτοι
3319 1457 3492 1511 πολλὰ
3549 1453 3699 1528 εἶχεν

2113 1547 2308 1614 εἰπεῖν,
2344 1548 2480 1618 εἴγε
2512 1549 2694 1618 λέγειν
2726 1549 2977 1607 ἐϐούλετο
2997 1550 3066 1605 τὰ
3093 1550 3402 1622 κοσμοῦντα
3431 1551 3523 1605 τδν
3557 1551 3697 1605 ἀπό-

2119 1641 2325 1707 στολον,
2363 1640 2632 1712 δαιμόνων
2686 1641 2890 1708 ἔλασιν,
2941 1643 3155 1715 νεκρῶν
3208 1643 3506 1697 ἀνάστασιν
3533 1661 3550 1677 ο
3580 1643 3697 1698 ἀλλ’

2117 1733 2267 1803 ὅμως
2315 1733 2493 1788 πάντα
2537 1735 2783 1806 ὑπερϐὰς
2832 1737 3056 1801 ἐκεῖνα,
3105 1735 3204 1806 τὴν
3251 1736 3310 1789 ὲν
3354 1736 3467 1799 τοῖς
3507 1735 3697 1806 ἡθεσιν

2117 1823 2419 1879 ἐπιείκειαν
2448 1825 2560 1880 ἄνω
2590 1827 2683 1881 καὶ
2707 1828 2854 1883 κάτω
2898 1827 3254 1898 διεξέρχεται,
3296 1827 3442 1890 ὅπως
3473 1825 3696 1897 ἡμέρως

2112 1919 2542 1987 προσενήνεκται
2585 1921 2699 1980 τοῖς
2739 1919 2952 1991 ἐχθροῖς
2996 1917 3208 1983 διεξιών
3253 1935 3316 1971 τε.
3354 1919 3451 1972 καὶ
3497 1917 3692 1985 λέγων,

2115 2008 2204 2062 ἵνα
2234 2010 2398 2082 πείσῃ
2445 2012 2541 2066 καὶ
2580 2012 2726 2084 ἡμᾶς
2771 2015 2885 2077 τοῖς
2930 2013 3151 2076 οἰκείοις
3187 2012 3392 2083 ἴχνεσιν
3443 2011 3692 2075 ἕπεσθαι,

2113 2103 2210 2156 καὶ
2247 2105 2518 2174 χρηστοὺς
2567 2099 2707 2157 εἶναι
2756 2106 2852 2158 καὶ
2896 2104 3126 2176 πράους.
3175 2105 3394 2159 Δίκαιον
3441 2099 3534 2158 οὖν
3580 2105 3696 2168 τοῖς

2114 2193 2295 2262 ἁγίοις
2337 2195 2565 2259 ἐκείνοις
2599 2195 2934 2260 ἀκολουθεῖν,
2974 2195 3263 2259 κάκείνους
3291 2195 3562 2249 ποιεῖσθαι
3598 2193 3695 2248 τοῦ

2119 2285 2236 2358 βίου
2270 2288 2644 2359 παράδειγμα,
2664 2288 2752 2342 ἵνα
2782 2289 2918 2342 πᾶσι
2947 2290 3061 2352 τοῖς
3090 2287 3274 2350 καλοῖς
3299 2287 3694 2356 ὲκλάμποντες,

2114 2377 2224 2431 τῶν
2253 2379 2678 2449 ἐπηγγελμένων
2700 2379 2955 2451 τύχωμεν
2975 2378 3196 2448 ἀγαθῶν
3221 2378 3373 2449 παρὰ
3401 2377 3494 2431 τοῦ
3525 2376 3695 2448 μεγά-

2114 2467 2208 2521 λου
2237 2467 2373 2523 Θεοῦ
2400 2471 2492 2523 καὶ
2523 2470 2779 2542 Σωτῆρος
2818 2473 2851 2543 ἡ
2862 2471 2999 2543 μῶν,
3024 2471 3092 2524 δι’
3133 2465 3194 2526 οὗ
3241 2471 3336 2525 καί⁸
3376 2469 3493 2539 μεθ’
3522 2465 3584 2524 οῦ
3615 2466 3694 2538 τῷ

2116 2557 2294 2631 Πατρὶ
2338 2559 2436 2613 σὺν
2465 2558 2544 2631 τῷ
2573 2560 2851 2630 Πνεύματι
2883 2561 3024 2632 ἁγίῳ
3057 2562 3205 2615 πᾶσα
3231 2559 3380 2628 δόξα,
3412 2561 3570 2630 τιμὴ,
3600 2557 3696 2612 καὶ⁵

2117 2648 2320 2720 κράτος
2353 2651 2433 2712 εἰς
2457 2651 2587 2715 τοὺς
2617 2650 2820 2716 αἰῶνας
2848 2652 2956 2707 τῶν
2987 2651 3220 2706 αἰώνων.
3249 2651 3472 2723 Ἀμήν.’

419 2719 545 2788 tari,
568 2731 625 2778 et
648 2725 704 2781 in
739 2728 1023 2798 exemplar
1055 2729 1183 2785 vita:
1220 2747 1532 2803 proponere
1567 2751 1580 2788 :
1609 2745 1672 2790 ut
1692 2735 1856 2792 bonis
1887 2719 2535 2813 omnibusrefulgentes,
2584 2745 2855 2814 promissa
2878 2746 3025 2802 bona
3057 2761 3418 2818 assequamur
3439 2761 3470 2800 a
3495 2756 3696 2814 magno

419 2817 535 2874 Deo
585 2828 643 2876 et
682 2819 965 2879 Salvatore
1003 2832 1216 2893 nostro,
1247 2841 1348 2896 per
1387 2843 1552 2898 quem
1597 2837 1655 2885 et
1693 2846 1818 2887 cum
1846 2847 1958 2904 quo
1996 2832 2149 2890 Patri
2178 2848 2304 2891 cum
2349 2845 2544 2894 sancto
2577 2836 2789 2906 Spiritu
2821 2840 2895 2896 sit
2929 2842 3114 2898 omnis
3156 2840 3352 2914 gloria,
3389 2839 3590 2905 honor,
3637 2846 3696 2895 et

424 2913 720 2984 imperium
748 2917 804 2973 in
844 2920 1044 2976 sarcula
1075 2921 1426 2979 saeculorum.
1459 2923 1655 2981 Amen.
