4092 6206
1567 746 2531 883 ΡΒΆΕΡἈΤΙΟ

920 1142 1027 1222 l-N
1109 1143 1562 1223 ECLOGAS
1643 1145 1773 1223 ΕΤ
1852 1148 2476 1231 FLOBILEGIA
2553 1146 3168 1240 SEQUENTIA.

479 1859 631 1937 [4'28]
661 1863 815 1934 Saepe
851 1862 1094 1919 vidimus
1136 1873 1387 1919 orantem
1430 1865 1908 1937 Chrysostomum,
1947 1875 2098 1937 grata
2126 1866 2411 1922 concionis
2433 1866 2950 1922 admurmuratione
2983 1875 3273 1939 exceptum
3307 1880 3363 1925 et
3395 1869 3670 1942 frequenti

408 1961 624 2032 plausu,
655 1975 780 2016 cum
811 1960 1047 2015 maxime
1073 1959 1282 2030 aliquid
1315 1961 1677 2031 improvisum
1706 1973 1765 2017 et
1796 1962 2140 2032 inopinatum
2171 1962 2238 2017 ad
2266 1978 2446 2018 mores
2476 1962 2849 2016 instituendos
2878 1962 3178 2032 proferret.
3211 1964 3323 2020 Nec
3355 1965 3537 2020 minus
3559 1965 3674 2035 pla-

407 2055 523 2108 cuit
555 2063 678 2123 post
709 2053 887 2108 sancti
938 2053 1044 2108 viri
1089 2053 1303 2108 obitum
1352 2053 1628 2124 ejusmodi
1672 2053 1966 2124 disciplina
2016 2053 2348 2124 legentibus,
2388 2054 2740 2122 maximeque
2795 2053 2862 2107 iis
2903 2053 2999 2122 qui
3032 2053 3398 2108 concionandi
3438 2070 3670 2110 munere

405 2147 799 2220 fungebantur.
840 2149 1084 2219 Indeque
1119 2149 1350 2214 factum,
1383 2159 1445 2204 ut
1481 2149 1705 2220 quidam
1736 2165 1923 2220 sparsa
1953 2151 2008 2204 in
2037 2150 2274 2205 diversis
2295 2149 2540 2204 homiliis
2567 2149 2707 2215 loca,
2745 2149 2891 2206 idem
2931 2158 3315 2222 argumentum
3343 2151 3668 2221 spectantia,

405 2242 462 2298 in
496 2259 671 2298 unum
705 2245 1049 2316 colligerent,
1086 2255 1142 2301 et
1175 2261 1275 2315 pro
1306 2246 1520 2301 ratione
1555 2247 1801 2302 materia
1841 2247 2098 2302 homilias
2142 2247 2363 2310 multas,
2399 2261 2538 2316 quas
2573 2245 2802 2307 ἐκλογὰς
2839 2246 3134 2311 vocabant,
3177 2245 3577 2302 concinnarent
3606 2261 3672 2302 ac

403 2336 806 2393 describerent.
829 2338 887 2392 ld
914 2347 1066 2392 certe
1095 2337 1266 2408 probe
1284 2338 1510 2402 scimus,
1541 2353 1654 2392 rem
1680 2353 1878 2407 nempe
1901 2337 1976 2392 ita
1995 2336 2200 2393 Graecis
2223 2337 2509 2408 probatam
2531 2336 2722 2402 fuisse,
2747 2346 2806 2390 ut
2827 2336 3118 2391 innumera
3141 2336 3456 2407 eclogarum
3479 2351 3669 2391 exem-

401 2431 576 2500 plaria
608 2429 1033 2496 adornarentur,
1068 2440 1124 2486 et
1154 2431 1210 2486 in
1242 2433 1367 2487 aula
1399 2447 1620 2502 quoque
1652 2431 2052 2501 imperatorum
2089 2433 2144 2486 in
2175 2431 2358 2502 pretio
2392 2431 2754 2487 haberentur.
2795 2430 3007 2486 Visilur
3033 2432 3184 2486 enim
3233 2431 3290 2486 in
3333 2431 3670 2488 bibliotheca

399 2524 738 2582 Coisliniana
783 2529 956 2583 codex
996 2529 1464 2599 elegantissimus,
1509 2543 1668 2582 num.
1699 2527 1938 2591 LXXIX,
1974 2529 2133 2600 cujus
2161 2537 2219 2583 et
2255 2528 2648 2598 inscriptiones
2689 2536 2746 2584 et
2784 2527 3026 2583 initiales
3051 2527 3249 2583 litterae
3283 2542 3465 2583 aureae
3495 2539 3666 2584 sunt:

400 2623 448 2678 is
473 2634 659 2679 autem
700 2625 994 2680 undecimo
1023 2625 1225 2681 saeculo
1267 2633 1544 2691 exaratus,
1575 2625 1632 2679 in
1658 2641 1762 2680 usu
1791 2623 2237 2696 fuiLNicephoro
2259 2624 2562 2680 Botaniatae
2581 2623 2925 2695 imperatori,
2963 2623 3059 2694 qui
3086 2623 3142 2678 in
3172 2630 3410 2694 quatuor
3438 2622 3670 2694 depictis

400 2720 604 2776 tabulis
641 2731 1065 2792 repraesentatur
1088 2723 1289 2777 'initio.

471 2841 530 2895 ln
562 2842 734 2911 prima
771 2843 956 2897 tabula
997 2842 1300 2912 imperator
1327 2849 1629 2898 coronatus
1655 2851 1711 2898 et
1741 2842 1794 2896 in
1836 2842 1976 2897 solio
2023 2841 2244 2906 sedens,
2274 2840 2477 2898 Sabam
2512 2841 2844 2895 monachum
2886 2841 3155 2896 lectorem
3182 2838 3359 2903 audit,
3395 2839 3489 2908 qui
3519 2838 3666 2892 haud

397 2936 566 2994 dubie
602 2940 701 2994 has
732 2955 801 2994 ex
831 2938 1228 3010 Chrysostomo
1253 2949 1544 3009 excerptas
1578 2939 1794 3009 eclogas
1819 2937 1972 3009 legit.
2016 2937 2077 2992 ln
2113 2938 2356 2994 secunda
2381 2937 2567 2992 tabula
2593 2937 2895 3007 imperator
2923 2943 3223 2991 coronatus
3253 2942 3361 2988 stat
3385 2940 3666 3004 sceptrum

398 3037 616 3095 tenens,
651 3041 708 3087 et
743 3048 774 3086 a
822 3031 1067 3088 sinistris
1097 3033 1216 3103 ejus
1250 3032 1415 3086 Maria
1442 3031 1765 3101 imperatrix
1783 3039 1910 3096 stat,
1948 3038 2005 3086 et
2032 3031 2147 3100 ipsa
2179 3041 2458 3094 coronata,
2495 3038 2887 3099 sceptrumque
2923 3037 3097 3094 tenet;
3123 3026 3383 3082 Christus
3415 3040 3546 3080 vero
3575 3039 3668 3079 su-

394 3139 566 3192 perne
610 3123 892 3180 dexteram
926 3126 1160 3195 imponit
1203 3125 1370 3196 capiti
1417 3125 1788 3197 imperatoris,
1833 3135 1889 3181 et
1925 3125 2209 3180 sinistram
2250 3125 2417 3194 capiti
2457 3124 2852 3194 imperatricis,
2901 3122 3095 3177 ambos
3125 3136 3184 3176 se
3221 3121 3530 3192 patrocinio
3563 3133 3666 3174 suo

395 3226 579 3290 tegere
608 3221 947 3291 significans.
998 3222 1058 3277 ln
1103 3223 1265 3278 tertia
1311 3223 1616 3293 imperator
1643 3223 1697 3278 in
1740 3223 1881 3277 solio
1923 3222 2142 3287 sedens,
2173 3219 2471 3276 Veritatem
2505 3234 2536 3272 a
2563 3217 2794 3282 dextris,
2824 3215 3102 3271 Justitiam
3133 3230 3164 3268 a
3194 3212 3458 3276 sinistris,
3499 3223 3664 3279 supra

393 3312 593 3366 solium
633 3325 1014 3385 exsurgentes,
1052 3316 1219 3371 habet
1245 3335 1258 3370 :
1287 3317 1520 3372 inferius
1557 3331 1687 3373 vero
1717 3319 1928 3388 positos
1963 3326 2201 3387 quatuor
2223 3333 2290 3372 ex
2324 3314 2620 3386 pmcipuis
2643 3314 2782 3368 aulae
2814 3310 3184 3382 imperatoriae
3211 3307 3513 3374 ministris;
3541 3319 3664 3377 qua:

391 3411 855 3481 omnia'pluribus
879 3412 1231 3482 explicantur
1255 3416 1310 3468 in
1345 3412 1668 3467 Bibliotheca
1693 3412 2021 3468 Coish‘niana
2051 3414 2192 3484 typis
2218 3412 2364 3466 data.
2391 3411 2451 3466 In
2477 3421 2674 3481 quarta
2702 3408 2886 3464 tabula
2903 3409 3205 3477 imperator
3229 3410 3662 3474 repraesentatur-

392 3503 539 3558 hunc
566 3502 775 3558 librum
815 3514 1032 3571 tenens,
1061 3505 1516 3577 Chrysostomum
1545 3505 1805 3561 habens-a
1831 3503 2063 3572 dextris,
2085 3503 2342 3560 eumdem
2368 3502 2570 3559 librum
2605 3509 2938 3573 tangentem,
2965 3509 3020 3556 et
3042 3506 3295 3556 sanctum
3337 3497 3659 3555 Michaelem

389 3596 718 3654 Choniatem
756 3613 788 3652 a
829 3597 1096 3653 sinistris.

457 3713 644 3771 Codex
689 3723 774 3771 est
806 3715 1084 3771 undecimi
1117 3716 1324 3781 saeculi,
1363 3725 1422 3771 ut
1449 3732 1517 3770 ex
1563 3716 1888 3772 charactere
1921 3716 2194 3786 arguitur.
2239 3715 2431 3785 Neque
2468 3726 2650 3770 tamen
2692 3715 3007 3786 Nicephoro
3050 3713 3354 3769 Botaniata
3398 3721 3658 3768 exaratus

387 3809 513 3876 fuit,
554 3811 649 3866 sed
682 3810 864 3875 alteri,
900 3809 995 3880 qui
1033 3810 1213 3880 ipsum
1241 3818 1619 3880 praecesserat,
1653 3810 1989 3880 imperatori.
2026 3809 2160 3864 Nam
2195 3809 2425 3878 pictura:
2454 3809 2690 3880 priores,
2721 3824 2844 3878 qua:
2873 3809 2927 3861 in
2953 3807 3173 3863 duobus
3212 3808 3362 3864 foliis
3397 3822 3467 3864 ex
3499 3816 3654 3862 utra-

387 3919 494 3974 que
530 3902 669 3958 facie
699 3905 936 3974 depictis
975 3911 1153 3967 erant,
1181 3904 1379 3958 excisae
1409 3903 1565 3958 fuere
1603 3921 1617 3957 :
1657 3903 1731 3957 ita
1764 3912 1823 3957 ut
1865 3902 2070 3957 limbus
2106 3910 2258 3957 totus
2285 3902 2487 3972 prioris
2521 3901 2751 3971 picturae
2783 3902 3131 3968 remanserit,
3166 3909 3224 3957 et
3253 3903 3375 3957 loco
3401 3903 3651 3973 priorum

387 3994 739 4061 tabellarum,
777 4012 900 4067 quae
938 3996 1108 4052 alium
1151 3995 1540 4067 imperatorem
1588 3996 1946 4062 exhibebant,
1999 3996 2085 4050 hae
2127 3995 2617 4064 novte'Nicephori
2651 3993 2949 4050 Botaniat:e
2999 3996 3501 4067 agglutinarentur.
3544 3993 3650 4065 Qui

382 4087 732 4159 Nicephorus
765 4104 876 4144 non
915 4090 1010 4144 diu
1054 4089 1346 4160 imperium
1383 4091 1597 4155 tenuit;
1650 4104 1775 4144 nam
1815 4105 1962 4144 anno
1989 4089 2128 4146 l078
2154 4097 2474 4155 coronatus,
2517 4105 2663 4144 anno
2709 4088 2836 4143 1081
2877 4087 3242 4159 deposituset
3275 4091 3332 4146 in
3356 4090 3653 4146 monacho-

381 4200 503 4239 rum
539 4185 794 4239 ordinem
831 4184 1090 4240 redactus
1133 4197 1238 4240 est.

450 4306 591 4360 Hinc
634 4303 827 4361 videas
874 4314 1084 4376 quanto
1125 4305 1181 4361 in
1230 4305 1409 4376 pretio
1438 4305 1638 4377 eclogae
1683 4307 1801 4362 ista:
1834 4305 1979 4377 apud
2022 4303 2241 4361 Gmcos
2275 4305 2479 4360 habita:
2513 4305 2738 4360 fuerint.
2785 4302 3078 4368 Caeterum,
3117 4309 3407 4372 postquam
3438 4303 3650 4372 pri-orca

378 4404 591 4460 emissae
621 4403 862 4467 fuerant,
903 4402 1025 4457 aliae
1061 4418 1092 4457 a
1135 4401 1370 4476 diversis
1409 4401 1656 4472 adjectae,
1699 4409 1754 4457 et
1801 4402 1998 4472 priscae
2033 4402 2140 4457 illae
2169 4401 2470 4456 immutatae
2502 4415 2645 4471 saepe
2671 4399 2846 4464 fuere,
2884 4405 3058 4454 aucta:
3096 4397 3369 4470 pluribus,
3406 4396 3646 4468 hincque

380 4512 572 4569 magna
607 4498 665 4553 in
699 4497 986 4554 codicibus
1019 4497 1261 4552 varietas
1293 4497 1554 4552 occurrit.
1600 4497 1719 4552 Non
1750 4514 1817 4553 ex
1864 4499 2142 4568 germanis
2178 4497 2357 4552 solum
2387 4495 2614 4552 Joannis
2643 4495 3024 4568 Chrysostomi
3047 4494 3310 4568 operibus
3344 4494 3460 4550 hmc
3509 4509 3648 4550 con-

380 4589 650 4645 sarcinata
695 4599 844 4656 sunt,
881 4589 976 4644 sed
1014 4589 1184 4644 etiam
1217 4605 1284 4644 ex
1317 4589 1441 4644 aliis
1470 4606 1593 4660 quae
1634 4591 1719 4644 vel
1753 4590 1892 4644 falso
1926 4605 2127 4644 nomen
2167 4588 2546 4662 Chrysostomi
2588 4590 3012 4655 circumferunt,
3042 4589 3129 4646 vel
3169 4590 3316 4643 inter
3347 4586 3642 4642 admodum

377 4682 546 4738 dubia
588 4683 790 4739 merito
823 4683 1168 4754 rejiciuntur.
1216 4681 1274 4736 In
1306 4682 1458 4737 hisce
1488 4699 1654 4752 porro
1694 4684 1900 4754 eclogis
1932 4685 2172 4755 plurima
2207 4695 2332 4742 ante
2367 4687 2514 4742 dicta
2543 4695 2892 4756 repetuntur,
2922 4687 2978 4741 in
3011 4687 3229 4756 illisque
3255 4683 3490 4738 maxime
3521 4698 3644 4754 qua:

378 4778 483 4834 luci
512 4779 796 4836 mandavit
824 4779 1084 4845 Savilius,
1115 4781 1210 4851 qui
1236 4781 1425 4844 etiam,
1456 4789 1516 4835 ut
1557 4783 1672 4852 ipse
1721 4781 1948 4848 fatetur,
1978 4783 2045 4838 ad
2071 4799 2334 4838 nauseam
2367 4800 2544 4855 usque
2574 4785 2690 4840 haec
2720 4785 2966 4854 undique
2997 4783 3254 4839 corrasit.
3291 4781 3642 4854 Quapropter

377 4890 460 4930 me
489 4875 586 4930 diu
635 4875 862 4933 haesisse
906 4877 1103 4944 fateor,
1134 4893 1204 4933 an
1239 4880 1458 4950 eclogas
1503 4879 1625 4934 illas
1666 4879 1856 4934 darem
1901 4890 1962 4935 ut
2000 4881 2054 4936 in
2095 4881 2410 4938 Morelliana
2448 4881 2692 4937 editione
2734 4881 3010 4936 habentur
3046 4880 3109 4936 51
3152 4893 3406 4938 numero.
3456 4877 3642 4933 missis

374 4969 691 5037 Savilianis,
725 4987 848 5041 quae
889 4973 958 5028 48
992 4987 1286 5026 numerum
1331 4973 1632 5041 complent.
1669 4974 1896 5034 Verum.
1929 4991 1987 5031 re
2031 4976 2305 5031 maturius
2334 4991 2628 5047 perpensa,
2669 4975 2973 5030 Savilianas
3002 4974 3124 5030 illas
3170 4973 3389 5045 eclogas
3426 4989 3548 5044 qua;
3582 4974 3638 5030 in

375 5063 690 5118 Morelliana
739 5079 850 5119 non
899 5074 1238 5135 comparent,
1276 5064 1518 5136 adjicere
1557 5067 1738 5123 visum
1776 5067 1900 5134 fuit,
1950 5084 2018 5124 ne
2063 5069 2196 5140 quid
2250 5070 2304 5126 in
2343 5070 2450 5135 his,
2503 5069 2886 5140 qualecunque
2918 5067 3139 5123 tandem
3182 5068 3280 5134 sit,
3329 5066 3635 5122 desiderari

371 5161 673 5219 Videretur.

439 5278 590 5354 [429]
631 5283 762 5351 Quae
798 5287 854 5341 in
883 5287 1202 5343 Morelliana
1231 5286 1499 5352 editione,
1531 5300 1762 5345 curante
1801 5291 2079 5345 Frontone
2103 5291 2321 5355 Ducaeo,
2348 5290 2563 5346 emissae
2605 5299 2732 5346 sunt
2761 5293 2984 5361 cclogze,
3008 5307 3038 5346 a
3071 5290 3390 5346 Balthasare
3425 5289 3632 5344 Etzelio

360 5371 651 5434 Bremensl
698 5395 730 5435 e
769 5381 1032 5437 societate
1073 5381 1201 5438 Jesu
1256 5383 1404 5454 typis
1445 5383 1586 5439 datze
1647 5385 1868 5442 fuerant
1914 5387 2230 5458 Moguntiw.
2289 5403 2414 5442 cum
2465 5387 2922 5456 interpretatione
2964 5387 3159 5444 Latina
3216 5403 3336 5452 sua,
3384 5385 3631 5456 exceptis

369 5467 698 5540 quibusdam
745 5489 868 5542 quae
901 5489 931 5528 a
978 5473 1233 5530 Matthaao
1269 5474 1536 5531 Cromero
1572 5487 1629 5533 et
1669 5495 1699 5533 a
1760 5479 1926 5536 [ωηο
1974 5481 2250 5536 Tifernate
2301 5495 2446 5536 cusae
2479 5493 2535 5535 et
2571 5479 2763 5534 Latine
2812 5493 3090 5536 conversae
3133 5480 3370 5544 fuerant,
3419 5487 3479 5534 ut
3526 5492 3628 5535 suo

372 5556 490 5616 loco
527 5563 897 5621 manebimus.
951 5567 1156 5645 Harum
1193 5569 1508 5640 eclogarum
1546 5573 2052 5628 consarcinatorcm
2092 5575 2261 5630 fuisse
2304 5573 2502 5629 dicunt
2535 5573 2885 5630 Theodorum
2922 5577 3266 5649 magistrum,
3318 5587 3379 5634 ut
3432 5577 3487 5631 in
3527 5591 3624 5633 co-

368 5653 487 5707 dice.
539 5656 800 5715 Vaticano
846 5663 1040 5733 fertur,
1086 5663 1177 5732 qui
1217 5665 1384 5720 etiam
1423 5665 1750 5722 Theodorus
1783 5669 2170 5744 Daphnopates
2204 5671 2528 5731 vocabatur.
2561 5679 2622 5726 ut
2657 5670 2847 5729 videas
2891 5672 3035 5746 apud
3083 5672 3437 5728 Lainhecium
3482 5671 3626 5728 et-in
