4126 6196
502 295 609 352 559
1279 295 1650 352 PREFATIO
1686 297 1751 351 IN
1794 296 2040 350 ECLOC.
2104 296 2190 349 ET
2234 292 2502 349 FLOillL.
2545 287 2961 356 SEQUENTIA.
3636 279 3755 360 559..

495 412 901 481 Palmographia
948 421 1139 469 nostra
1184 414 1389 478 Graeca,
1436 432 1558 487 pag.
1595 417 1683 471 9'2.
1722 416 1869 470 Dicit
1918 423 2103 469 autem
2154 412 2397 468 Etzelius
2427 424 2485 464 se
2517 410 2616 462 has
2656 407 2878 476 eclogas
2918 401 3199 471 excepisse
3224 414 3291 453 ex
3319 393 3511 451 codice
3540 402 3751 489 pervevg

492 513 647 561 tusto
694 505 1046 560 bibliotheca:
1089 507 1145 562 S.
1182 510 1371 565 Jacobi
1420 510 1729 581 Moguntim.
1760 511 1972 581 Eclogzc
2002 525 2132 564 vero
2162 509 2245 563 hac
2270 507 2339 562 ab
2368 504 2579 560 Etzelio
2608 502 2769 558 editae
2795 501 2859 554 51
2898 506 3108 592 tantum
3149 492 3407 548 homilias
3435 488 3747 592 complent,;

488 605 549 650 ut
593 596 853 653 diximus.
908 599 969 654 In
1018 601 1208 656 codice
1239 602 1536 672 Nicephori
1582 603 1883 657 Botaniatae
1931 618 2097 672 supra
2132 608 2439 655 memorato
2470 597 2539 650 35
2581 595 2874 649 habentur.
2922 588 3160 645 Savilius
3187 594 3394 648 autem,
3425 588 3522 653 qui
3550 595 3734 688 ouium

483 695 728 766 undique
800 697 1065 760 corrasit,
1124 698 1487 769 quadraginta
1540 707 1595 754 et
1640 708 1766 755 octo
1820 697 2079 753 homilias
2141 695 2356 759 edidit,
2400 701 2456 747 et
2512 692 2618 745 hoc
2663 690 2716 743 in
2771 687 2920 742 notis
2972 684 3088 739 suis
3128 681 3389 736 Munitum
3446 681 3751 747 praemisilg

483 799 615 843 tom.
665 789 801 855 Vlll,
848 805 971 860 pag.
1021 790 1143 845 920.

557 947 576 979 α
619 929 1102 1000 Apauthismatum
1143 946 1409 986 numerus
1443 932 1497 986 in
1535 931 1930 1003 manuscriptis
1976 931 2091 986 fere
2126 931 2217 996 '52,
2249 931 2340 997 5'5,
2373 928 2461 984 vel
2508 927 2598 992 ⁵54,
2628 935 2685 981 et
2711 921 2933 995 quidem
2976 935 3046 975 ex
3089 915 3297 972 nostris
3330 915 3400 970 '58
3444 911 3733 1016 prioribus

480 1024 626 1090 (nam
658 1032 874 1087 caetera,
909 1039 1032 1093 qua:
1077 1032 1411 1094 sequuntur,
1460 1025 1692 1079 alterius
1729 1026 1946 1094 generis
1979 1024 2161 1094 sunt);
2212 1024 2258 1079 si
2304 1023 2494 1077 demas
2533 1020 2588 1086 9,
2639 1020 2701 1073 11
2732 1027 2790 1073 et
2824 1018 2916 1083 ‘28,
2958 1019 3258 1085 supersunt
3307 1017 3517 1063 tantum
3548 1014 3729 1075 capita

472 1115 543 1170 35
587 1116 901 1187 eclogarum
946 1118 1171 1175 nomine
1206 1121 1332 1191 jure
1393 1122 1689 1177 censenda.
1725 1121 2009 1177 Caeterum
2031 1130 2088 1177 et
2112 1122 2205 1176 hic
2232 1120 2477 1190 eclogam
2503 1116 2572 1171 de
2604 1113 2946 1185 virginitate,
2979 1124 3100 1204 qua:
3131 1108 3186 1162 in
3212 1103 3585 1204 manuscripto
3610 1101 3729 1156 Au-

470 1217 703 1275 gustano
747 1208 1022 1277 reperitur
1061 1208 1128 1280 (si
1158 1226 1322 1265 verus
1349 1220 1434 1266 est
1462 1212 1654 1266 titulus
1680 1212 1737 1267 in
1762 1211 1907 1267 libro
1948 1210 2186 1281 XXXIV)
2224 1207 2531 1265 desiderari
2562 1206 2702 1262 sciat
2733 1204 2953 1259 Lector.
2981 1197 3215 1263 Auctor,
3242 1212 3339 1252 seu
3367 1197 3556 1248 verius
3587 1208 3725 1247 con-

469 1299 802 1358 sarcinator.
852 1301 1050 1356 harum
1097 1305 1413 1374 eclogarum
1460 1305 1516 1359 in
1566 1307 1756 1362 codice
1810 1308 2077 1363 Vaticano
2128 1315 2186 1361 et
2235 1306 2488 1361 Palatino
2536 1302 2714 1357 fertur
2752 1299 3078 1355 Theodorus
3135 1294 3431 1366 Magister;
3474 1292 3568 1346 alii
3607 1291 3724 1345 fere

462 1390 603 1446 nihil
635 1391 688 1447 ei
740 1394 994 1449 tribuunt
1023 1407 1222 1465 praeter
1266 1397 1586 1453 vicesimam
1632 1400 1920 1470 septimam
1951 1415 2073 1470 quae
2105 1400 2168 1454 D.
2199 1398 2353 1453 Pauli
2382 1396 2630 1453 continet
2658 1392 2992 1450 encomium.
3026 1390 3200 1444 Porro
3247 1389 3301 1442 in
3345 1386 3450 1440 hac
3475 1384 3724 1439 editione

464 1482 840 1553 Moguntinam
865 1486 1164 1544 editionem
1193 1491 1604 1562 castigavimus,
1661 1502 1717 1548 et
1761 1493 1953 1548 multis
2002 1492 2070 1548 in
2091 1492 2230 1548 locis
2270 1490 2737 1562 locupletavimus
2786 1503 2855 1543 ex
2902 1484 3086 1540 tribus
3132 1479 3523 1549 manuscriptis
3574 1477 3718 1549 (nam

460 1582 517 1633 in
571 1580 831 1637 omnibus
877 1583 995 1640 fere
1035 1585 1394 1644 bibliothecis
1436 1598 1657 1645 exstant
1704 1591 2012 1662 descriptte)
2047 1594 2138 1646 :l.
2198 1590 2518 1653 Oxoniensi,
2568 1587 2622 1642 Ξ.
2673 1582 3037 1648 Londinensi,
3086 1590 3144 1636 et
3191 1580 3245 1635 5.
3278 1580 3336 1634 in
3382 1576 3720 1633 bibliotheca

457 1680 602 1732 mea.
646 1677 863 1735 Titulus
906 1682 1309 1751 particularum
1340 1685 1453 1740 sive
1500 1686 1833 1755 sectionum,
1879 1687 1974 1758 qui
2027 1696 2090 1743 ut
2133 1688 2435 1758 plurimum
2476 1685 2534 1739 in
2580 1681 2899 1753 Moguntina
2929 1677 3177 1748 corrupti
3214 1682 3395 1740 erant,
3428 1689 3496 1729 ex
3525 1687 3719 1727 manu-

455 1771 683 1842 scriptis
722 1774 886 1842 aliis,
949 1780 1260 1849 praesertim
1305 1780 1627 1849 Oxoniensi,
1685 1786 1843 1853 cujus
1889 1785 2054 1840 nobis
2101 1784 2239 1841 ﬁdes
2289 1781 2645 1854 exploratior,
2696 1786 2754 1835 et
2805 1775 3105 1848 saepissime
3155 1773 3425 1830 consultis
3467 1770 3725 1852 fontibus.

452 1867 897 1925 emendavimus.
944 1872 1021 1928 De
1057 1871 1356 1931 Oxoniensi
1407 1877 1598 1933 codice
1647 1878 2079 1945 observandum,
2122 1878 2274 1933 illum
2310 1892 2341 1931 a
2383 1874 2616 1944 reliquis
2658 1888 2797 1946 quos
2838 1871 3079 1926 vidimus
3121 1868 3381 1924 omnibus
3412 1864 3714 1935 plurimum

450 1959 816 2035 discrepasse.
865 1966 926 2023 In
956 1968 1051 2025 illo
1081 1972 1230 2027 enim
1275 1973 1452 2042 capita
1486 1974 1704 2040 eadem,
1741 1972 2058 2045 eaedemque
2096 1976 2385 2045 particulae
2412 1971 2676 2037 collectae,
2710 1977 2766 2025 at
2806 1968 2961 2023 nullo
2990 1966 3213 2026 ordine,
3240 1963 3392 2017 nulla
3427 1956 3708 2014 methodo.

451 2046 611 2114 Unde
661 2076 859 2120 omnes
901 2068 1189 2137 particulae
1237 2072 1481 2139 illativaa,
1525 2073 1724 2138 τοίνυν,
1774 2075 1888 2139 καί,
1940 2072 2080 2145 βούλε

2081 2091 2120 2126 ει
2171 2073 2387 2144 μαθεῖν,
2428 2073 2678 2142 aliaeque,
2728 2085 2852 2141 qua:
2893 2066 3051 2139 quasi
3094 2063 3347 2121 caementi
3387 2061 3505 2114 vice
3555 2066 3710 2119 sunt,

445 2146 727 2209 aberant:
784 2165 844 2213 ut
891 2157 946 2214 in
993 2159 1099 2217 hoc
1139 2162 1335 2220 codice
1383 2173 1647 2237 congesta
1694 2166 1948 2231 materia,
2010 2164 2065 2221 in
2120 2165 2355 2236 reliquis
2406 2165 2620 2236 digesta
2667 2162 2946 2218 videatur.
2995 2158 3128 2226 Quae
3177 2162 3488 2225 sequuntur
3530 2149 3621 2213 58,
3673 2161 3707 2202 e

441 2240 784 2308 bibliotheca
831 2257 980 2326 regis
1029 2255 1314 2316 Gallorum
1350 2269 1502 2329 sunt,
1556 2264 1805 2333 exceptis
1865 2261 2084 2318 duabus
2136 2263 2370 2327 ultimis,
2418 2276 2575 2332 quae,
2616 2267 2680 2315 ut
2722 2270 2778 2315 et
2827 2257 2928 2323 ΞΒ,
2974 2272 3039 2312 ex
3093 2251 3265 2309 Sladii
3324 2247 3432 2304 mei
3493 2242 3708 2301 chartis

442 2337 842 2400 Orientalibus.
896 2344 1016 2403 Non
1068 2365 1190 2406 sum
1241 2353 1464 2408 nescius
1509 2355 1751 2424 plurima
1803 2355 1859 2408 in
1909 2354 1996 2410 his
2039 2354 2244 2425 eclogis
2297 2352 2580 2408 emendari
2622 2367 2785 2423 posse
2848 2366 2879 2406 e
2928 2348 3197 2411 fontibus,
3258 2344 3303 2399 si
3360 2342 3487 2411 quis
3533 2354 3708 2394 venas

441 2451 637 2495 omnes
675 2451 1088 2513 perscrutetur;
1149 2448 1283 2518 quin
1342 2458 1398 2504 et
1441 2448 1624 2505 fontes
1690 2452 1841 2521 ipsos
1897 2466 1961 2505 ex
2010 2450 2099 2505 his
2164 2450 2361 2505 rivulis
2416 2462 2817 2518 nonnunquam
2878 2444 3100 2517 purgari
3153 2442 3424 2514 potuisse.
3479 2438 3523 2495 Si
3577 2436 3707 2509 (Ιυίε

439 2530 617 2586 otium
662 2539 721 2587 et
765 2533 1037 2607 integram
1087 2547 1303 2595 aetatem
1339 2541 1563 2598 afferret
1597 2560 1610 2598 :
1647 2559 1812 2613 quam
1860 2544 2097 2614 palmam
2133 2545 2388 2606 aliorum.
2440 2543 2535 2613 qui
2590 2552 2714 2613 post
2758 2557 2858 2598 nos
2912 2547 3097 2604 erunt,
3141 2535 3424 2593 industriae
3467 2533 3703 2602 diligen-

446 2620 640 2691 tiaeque
664 2624 1061 2694 relinquimus;
1100 2629 1156 2685 in
1192 2633 1387 2687 harum
1419 2635 1831 2703 emendatione,
1866 2645 2144 2708 quatenus
2174 2637 2396 2693 anobis
2416 2637 2703 2693 commode
2729 2634 2850 2691 ﬁeri
2883 2633 3082 2703 potuit,
3113 2645 3338 2702 operam
3365 2627 3701 2683 mediocrem

436 2713 694 2780 posuisse
742 2721 1017 2776 contenti.
1061 2721 1431 2783 Grammatica
1476 2729 1784 2800 sphalmata
1850 2731 2059 2801 ubique
2108 2732 2401 2787 sustulisse
2448 2746 2563 2785 non
2605 2738 2725 2785 erat
2772 2743 2940 2794 cura,
2983 2742 3055 2782 ne
3101 2725 3389 2781 videamur
3435 2721 3586 2775 illam
3642 2720 3699 2775 in

433 2806 667 2897 edendis
709 2812 1036 2883 fragmentis
1066 2817 1187 2875 istis
1215 2820 1557 2892 diligentiam
1597 2834 1881 2896 prasstare,
1920 2840 2086 2897 quam
2119 2834 2314 2882 auctor
2352 2827 2470 2896 ipse
2503 2826 2558 2880 in
2591 2823 2917 2895 colligendis
2950 2838 3061 2878 non
3090 2820 3313 2875 videtur
3348 2814 3692 2887 prazstitissr.

431 2894 546 2955 Nec
585 2903 735 2959 enim
765 2906 985 2963 edimus
1023 2912 1205 2981 qualia
1250 2912 1509 2971 formavit
1532 2894 1976 2989 Chrysostomus,
2012 2918 2109 2972 sed
2136 2918 2318 2987 qualia
2356 2894 2685 2972 deformavit
2727 2894 2958 2985 supinus
3014 2921 3072 2969 et
3113 2912 3357 2968 oscitans
3390 2906 3691 2963 mutilator.

432 2995 744 3053 Solmcismi
779 3001 926 3056 enim
958 3015 1259 3062 occurrunt
1294 3022 1406 3062 non
1452 3010 1636 3079 pauci,
1697 3011 1848 3082 iique
1884 3021 2034 3068 tanto
2064 3012 2319 3067 codicum
2357 3025 2628 3065 consensu
2664 3006 2998 3071 conﬁrmati,
3043 3013 3103 3061 ut
3153 3018 3264 3060 non
3311 3000 3689 3063 librariorum,

440 3089 539 3144 sed
574 3088 752 3160 ipsius
789 3098 1030 3153 auctoris
1050 3098 1188 3156 vitio
1210 3103 1409 3159 merito
1432 3105 1724 3160 videantur
1750 3106 2066 3178 contigisse.
2110 3105 2249 3162 Nota
2275 3113 2362 3162 est
2385 3105 2533 3160 enim
2565 3102 2893 3176 posterioris
2915 3102 3095 3158 aetatis
3127 3098 3479 3172 grammatica
3509 3094 3689 3165 qualis

427 3178 598 3240 fuerit
641 3202 661 3239 τ
695 3194 793 3243 aut
827 3189 874 3244 si
922 3192 1013 3247 cui
1050 3195 1301 3251 nondum
1352 3199 1424 3254 sit
1459 3201 1762 3270 explorata,
1808 3200 1970 3256 adeat
2001 3200 2295 3272 Georgium
2352 3198 2787 3255 Alexandrinum
2839 3206 2895 3252 et
2946 3196 3282 3267 biographos
3314 3202 3550 3255 nostros,
3583 3195 3682 3243 aut

426 3277 779 3344 apanthisma
814 3280 948 3338 illud
1001 3287 1150 3357 quod
1199 3289 1256 3344 in
1298 3290 1403 3347 hoc
1449 3293 1729 3350 volumine
1761 3293 1944 3348 ultimi
1990 3302 2077 3348 est
2122 3301 2239 3348 tum
2289 3294 2420 3358 loci,
2476 3300 2593 3347 tum
2633 3292 2821 3363 pretii.
2879 3290 3249 3358 Quamobrem
3297 3303 3366 3343 ne
3397 3291 3685 3355 exspectet

421 3368 615 3440 lector,
672 3382 735 3430 ut
778 3386 920 3448 opus
954 3380 1061 3436 hoc
1098 3396 1132 3438 a
1176 3383 1339 3440 nobis
1383 3390 1688 3445 cor-rectius
1729 3390 1979 3459 prodeat,
2013 3406 2177 3462 quam
2205 3401 2291 3449 est
2319 3393 2389 3449 ab
2428 3394 2549 3465 ipso
2577 3401 2802 3447 auctore
2842 3386 3188 3460 profectum;
3219 3403 3399 3458 neque
3450 3384 3688 3440 miretur

421 3464 597 3520 lector
640 3469 800 3526 citari
853 3473 945 3529 hic
989 3478 1273 3534 orationes
1318 3489 1375 3534 et
1423 3489 1688 3538 tractatus
1735 3483 1945 3555 aliquot
1999 3502 2031 3541 a

2076 3486 2239 3543 nobis
2277 3488 2425 3544 inter
2452 3464 2938 3558 circumitiopeva,
2988 3501 3084 3541 seu
3130 3483 3296 3539 etiam
3354 3478 3681 3549 νοθευὸμενα

418 3562 686 3632 ι.ι]εει()ε;
736 3581 860 3621 cum
881 3609 895 3632 ,
953 3578 1014 3624 ut
1059 3571 1357 3642 aliquoties
1395 3573 1804 3644 admonuimus,
1831 3592 1939 3633 non
1967 3579 2088 3636 heri
2119 3589 2215 3636 aut
2253 3582 2663 3638 nudiustertius
2709 3583 2937 3637 invectae
2970 3582 3081 3637 sint
3111 3578 3166 3634 in
3198 3577 3569 3633 bibliothecas
3598 3574 3681 3627 ha:

414 3652 690 3710 bonorum
741 3666 1033 3715 auctorum
1075 3664 1470 3734 corruptelae.»

484 3769 554 3825 Et
590 3780 715 3845 pag.
771 3772 881 3831 918
901 3776 971 3832 de
993 3777 1186 3836 decem
1231 3785 1528 3852 postremis
1558 3787 1783 3857 eclogis,
1814 3802 1953 3857 quas
1990 3786 2107 3858 ipse
2132 3803 2257 3843 cum
2290 3787 2415 3844 aliis
2451 3805 2562 3844 non
2603 3788 2796 3859 paucis
2823 3789 3025 3860 adjecit
3062 3788 3296 3859 loquens
3326 3786 3445 3842 haec
3470 3786 3671 3841 habet:

421 3882 443 3913 ς
485 3864 686 3921 Decem
733 3872 1115 3928 oratiunculas
1150 3888 1471 3945 sequentes,
1503 3879 1560 3933 in
1603 3879 1729 3935 aliis
1751 3878 1991 3949 ὲκλογῶν
2021 3897 2050 3933 σ

2046 3878 2362 3950 τυναγωγαῖς
2395 3881 2514 3937 fere
2542 3898 2651 3937 non
2680 3889 2947 3953 repertas,
2977 3880 3231 3936 exhibuit
3274 3878 3436 3933 nobis
3474 3877 3675 3932 biblio-

416 3954 572 4047 theca
620 3958 793 4029 Regia
839 3961 1092 4032 Lutetiae,
1131 3968 1336 4038 quibus
1384 3970 1519 4040 ipsis
1562 3971 1682 4028 sine
1725 3988 1925 4045 magno
1964 3974 2314 4030 incommodo
2340 3989 2530 4031 carere
2558 3976 2831 4047 potuisset
2865 3972 3179 4046 respublica
3215 3971 3508 4035 litteraria,
3548 3985 3673 4047 cum

409 4045 545 4100 alibi
583 4051 813 4109 totidem
844 4058 1052 4125 verbis,
1087 4063 1191 4118 etsi
1236 4080 1348 4120 non
1386 4082 1497 4122 uno
1530 4041 2202 4137 eumeum—reperiantur
2234 4071 2382 4141 apud
2431 4041 2582 4127 hunc
2626 4080 2918 4127 nostrum:
2955 4041 3051 4126 sed
3101 4068 3398 4124 maluimus
3431 4068 3489 4122 in
3518 4041 3673 4140 [4501

408 4150 626 4236 partem
675 4158 907 4214 peccare
961 4156 1241 4212 tutiorem.
1297 4159 1356 4213 In
1388 4160 1507 4215 istis
1533 4160 1579 4216 si
1622 4178 1730 4232 qua
1760 4164 1815 4218 in
1850 4180 1911 4219 re
1953 4173 2199 4221 erratum
2242 4176 2348 4233 est,
2381 4178 2579 4224 notare
2615 4184 2726 4224 non
2754 4177 2839 4224 est
2863 4169 3044 4223 visum
3078 4166 3236 4223 tanti.
3267 4165 3322 4220 Si
3356 4164 3489 4236 quid
3516 4163 3666 4218 enim

409 4230 469 4287 in
521 4232 649 4332 istis
689 4238 763 4293 sit
802 4244 951 4312 quod
994 4243 1285 4304 Lectorem
1319 4250 1549 4318 alliciat,
1591 4230 1842 4310 consulat
1878 4257 2044 4314 modo
2074 4258 2267 4315 titulos
2307 4230 2363 4315 in
2402 4262 2649 4332 margine
2688 4280 2700 4315 :
2733 4262 2801 4316 ad
2842 4261 2936 4315 illa
2993 4259 3257 4315 editionis
3299 4230 3505 4314 nostra:
3550 4256 3667 4311 loca

403 4327 593 4383 statim
642 4332 978 4404 remittetur,
1025 4340 1120 4395 ubi
1165 4342 1283 4398 haec
1329 4343 1522 4399 eadem
1563 4344 1860 4402 habiturus
1909 4355 1995 4403 est
2031 4350 2385 4406 correctiora.
2415 4370 2434 4402 ι

478 4446 570 4504 Sic
597 4449 711 4515 ille,
745 4459 808 4506 ut
840 4466 911 4508 ex
942 4454 1117 4525 priori
1150 4463 1286 4514 nota
1315 4457 1507 4516 videre
1531 4469 1635 4528 est,
1672 4461 1730 4516 in
1758 4461 1847 4518 his
1875 4464 2202 4538 colligendis
2226 4474 2282 4521 et
2309 4464 2674 4523 emendandis
2712 4466 2940 4522 multam
2972 4466 3230 4523 adhibuit
3262 4474 3449 4522 curam
3485 4473 3540 4522 et
3578 4465 3665 4522 in-

402 4541 697 4608 dustriam,
736 4552 794 4600 et
828 4545 1063 4602 fortasse
1098 4550 1365 4621 majorem
1411 4567 1575 4623 quam
1617 4555 1760 4611 ratio
1809 4566 1866 4613 et
1912 4558 2153 4630 dignitas
2193 4559 2380 4631 operis
2419 4559 2758 4632 postulabat.
2808 4559 2990 4617 Unum
3024 4569 3207 4616 tamen
3247 4569 3333 4616 est
3376 4559 3524 4630 quod
3572 4559 3658 4614 vel

401 4648 515 4689 non
555 4635 814 4703 advertit,
857 4639 944 4696 vel
978 4639 1276 4700 admonere
1315 4647 1578 4718 neglexit,
1605 4666 1805 4723 nempe
1849 4651 2205 4710 homiliarum
2234 4671 2356 4726 qua:
2381 4671 2451 4711 ex
2481 4654 2800 4727 hujusmodi
2838 4657 3045 4728 eclogis
3078 4657 3473 4713 consarcinatae
3504 4661 3654 4719 sunt,

400 4730 655 4786 ordinem
691 4734 833 4792 mire
880 4735 1167 4796 diversum
1207 4756 1329 4798 esse
1372 4742 1431 4799 in
1475 4746 1869 4819 manuscriptis
1916 4749 2226 4817 codicibus,
2271 4760 2330 4807 et
2358 4767 2488 4809 vere
2522 4752 2705 4822 operis
2738 4753 2879 4810 ratio
2905 4752 3120 4808 nullum
3149 4763 3361 4809 certum
3394 4758 3655 4807 constan-

398 4831 621 4896 temque
659 4828 914 4886 ordinem
938 4832 1224 4901 postulare
1252 4836 1494 4892 videtur.
1524 4838 1595 4896 Ut
1623 4849 1810 4896 autem
1839 4841 1956 4896 haec
1991 4845 2230 4900 varietas
2259 4844 2474 4902 ordinis
2500 4845 2696 4902 lectori
2737 4856 3023 4919 perspecta
3051 4847 3143 4914 sit,
3184 4848 3409 4903 ordines
3436 4847 3655 4916 Mogun-

398 4920 503 4976 tini
541 4922 755 4982 codicis
796 4928 1018 4998 qualem
1063 4940 1288 4988 secutus
1313 4943 1401 4989 est
1430 4935 1700 5004 Etzelius,
1748 4946 1804 4993 et
1831 4936 2123 4995 Savilianae
2165 4940 2448 5009 editionis,
2501 4954 2718 4999 necnon
2761 4944 2969 4999 codicis
3009 4942 3359 5006 Coisliniani,
3407 4942 3501 5012 qui
3547 4939 3651 4995 fuit

395 5016 697 5090 Nicephori
743 5022 1046 5082 Botaniatae
1074 5026 1450 5099 imperatoris,
1502 5047 1534 5087 e
1572 5033 1796 5103 regione
1825 5036 2105 5104 ponimus,
2137 5045 2196 5092 et
2240 5037 2308 5093 ad
2341 5038 2586 5111 singulos
2617 5039 2807 5095 titulos
2835 5040 3043 5095 codicis
3086 5040 3290 5110 prioris
3318 5040 3647 5109 Moguntiui,

394 5122 660 5167 numeros
705 5112 999 5175 Savilianae
1049 5120 1290 5190 primum
1339 5124 1631 5192 editionis,
1678 5144 1744 5183 ac
1772 5128 1975 5184 deinde
2023 5130 2234 5186 codicis
2271 5130 2594 5187 Coisliniani
2636 5133 3047 5205 subjungimus,

467 5222 605 5280 Cum
656 5242 788 5299 ergo
837 5232 990 5288 nulla
1041 5236 1311 5307 assignari
1353 5240 1529 5310 possit
1569 5244 1686 5300 veri
1739 5243 1953 5299 ordinis
1992 5244 2155 5311 ratio,
2205 5245 2274 5301 ad
2306 5245 2527 5301 libitum
2576 5258 2781 5319 putans
2830 5265 2916 5304 me
2955 5263 3116 5320 posse
3147 5263 3296 5312 eum,
3347 5249 3444 5318 qui
3478 5247 3644 5318 magis

395 5321 690 5392 arrideret,
739 5327 993 5384 ordinem
1025 5333 1213 5401 sequi;
1250 5335 1432 5404 primo
1460 5338 1623 5408 posui
1666 5340 1891 5411 triginta
1920 5347 1977 5395 ct
2027 5357 2190 5396 unam
2237 5341 2494 5397 homilias
2535 5343 2657 5399 illas
2683 5351 2744 5400 ut
2770 5344 3187 5415 in'Moguntino
3216 5346 3407 5401 codice
3439 5346 3653 5400 haben-

394 5426 506 5484 tur,
554 5436 683 5477 cum
722 5424 1182 5496 interpretatione
1224 5431 1415 5490 Etzelii
1451 5445 1508 5492 et
1558 5437 1792 5495 aliorum
1838 5439 1933 5511 qui
1982 5439 2042 5495 in
2080 5441 2258 5497 titulis
2307 5453 2705 5510 memorantur,
2760 5444 3066 5500 emendatis
3110 5444 3287 5499 titulis
3338 5436 3638 5499 secundum

396 5516 731 5613 §avilianam
794 5522 1118 5592 editionem,
1171 5529 1559 5604 adjunctisque
1604 5536 1661 5591 in
1704 5537 2037 5608 quibusdam
2087 5537 2333 5595 homiliis
2378 5540 2467 5607 iis,
2508 5556 2633 5612 qua:
2677 5542 2731 5596 in
2772 5541 3092 5613 Moguntina
3143 5543 3334 5597 codice
3388 5536 3634 5596 deerant.

395 5609 706 5687 Posteaque
738 5633 832 5676 eas
865 5634 1001 5689 quas
1029 5623 1271 5684 Savilius
1305 5631 1390 5686 vel
1420 5632 1835 5693 inserueratvel
1880 5635 2259 5707 sulijunxcrat,
2290 5609 2748 5711 interpretatione
2775 5609 2965 5695 Latina
2999 5654 3029 5695 a
3061 5655 3148 5695 me
3175 5639 3404 5696 donatas
3429 5636 3634 5702 addidi,
