4126 6196
307 334 395 387 56$
1093 331 1468 384 PliALI‘A'I‘lO
1509 332 1576 384 ΠΝ
1619 333 1868 386 ECLOG.
1929 335 1936 384 l

1943 331 2016 385 ET
2055 333 2329 388 FLORIL.
2371 334 2788 400 SEQL'ENTM.
3470 340 3572 394 53')

305 458 362 505 ut
403 449 520 520 jam
566 447 635 500 48
677 460 970 500 numerum
1005 447 1337 515 compleant.
1376 445 1516 500 illud
1561 447 1728 500 etiam
1782 445 2014 510 tentavi,
2071 447 2220 516 quod
2265 448 2504 503 Savilius
2551 465 2610 502 se
2651 466 2846 504 ausum
2898 466 3008 503 non
3053 449 3222 504 fuisse
3261 453 3571 520 proﬁtetur.

306 553 363 598 ut
397 556 596 610 nempe
631 540 751 595 loca
787 555 1018 608 operum
1065 539 1446 612 Chrysostomi
1494 541 1559 596 ad
1596 541 1902 611 marginem
1940 542 2009 596 ab
2055 544 2374 613 eclogarum
2427 545 2754 599 auctoribus
2809 555 3111 599 memorata
3148 548 3466 615 reperirem,
3518 557 3570 601 et

307 642 484 693 locum
518 637 613 692 ubi
655 637 711 690 in
759 637 862 691 hac
909 636 1154 691 editione
1204 648 1445 702 exstant,
1505 640 1865 710 assignarent.
1905 639 1975 693 At
2022 651 2314 710 postquam
2354 656 2418 694 ea
2454 642 2508 694 in
2551 657 2608 696 re
2662 659 2770 695 non
2813 658 3008 711 parum
3067 643 3486 706 desudaveram,
3519 656 3568 699 et

302 741 416 794 loca
450 751 560 792 non
593 749 766 804 pauca
803 734 1210 804 assignaveram
1261 751 1385 804 qua:
1417 735 1472 789 in
1519 735 1759 790 decursu
1792 735 1969 789 lector
1999 735 2296 791 observare
2325 739 2554 806 poterit,
2590 737 2957 790 animadverti
2997 755 3112 792 rem
3151 749 3258 792 tam
3285 755 3572 808 operosam

308 847 418 887 esse
465 839 527 885 ut
571 831 657 884 vis
701 829 891 900 perﬁci
943 831 1140 900 possit.
1192 831 1484 898 Quomodo
1533 831 1704 897 enim,
1752 831 1846 886 ubi
1898 831 1954 884 in
2001 833 2248 902 margine
2303 835 2534 898 dicitur,
2572 834 2655 888 Ea;
2704 832 3002 888 Comment.
3046 837 3100 888 in
3152 833 3462 890 Matt/imum
3520 839 3572 889 in

307 929 583 993 loannem,
628 928 684 980 in
739 926 912 998 Epist.
964 928 1034 982 ad
1087 927 1375 992 Romanos,
1418 930 1486 980 ad
1527 927 1846 992 Corinthios,
1885 929 1958 982 ad
2000 928 2270 994 Hebraeos,
2321 945 2444 984 cum
2496 945 2638 999 szepe
2677 929 2770 983 vix
2813 946 2920 983 una
2952 930 3216 999 periodus
3248 931 3457 1000 integra
3508 946 3571 983 ex

305 1022 397 1078 illo
428 1023 827 1078 commentario
859 1023 1156 1090 aﬂeratur;
1205 1025 1291 1079 vel
1327 1026 1372 1084 si
1425 1025 1616 1095 plures
1659 1023 1872 1095 periodi
1917 1027 2088 1082 variis
2121 1042 2190 1080 ex
2235 1027 2374 1081 locis
2405 1037 2682 1096 excerpts:
2735 1026 2872 1090 sint,
2915 1042 3172 1095 smpeque
3202 1043 3231 1080 a
3256 1028 3571 1089 eollectore,

305 1127 360 1175 ut
387 1131 514 1174 cum
550 1117 1004 1188 praeedentibus
1034 1120 1333 1188 quadrent,
1361 1136 1472 1175 non
1507 1137 1703 1191 parum
1739 1129 2026 1176 mutentur
2057 1123 2396 1192 :quomodo,
2430 1123 2678 1192 inquam,
2720 1123 2773 1176 in
2818 1131 2923 1176 tam
2950 1122 3146 1191 amplis
3169 1121 3576 1175 commentariis

299 1213 616 1285 hujusmodi
656 1215 961 1284 particulas
993 1215 1316 1284 expisceris,
1361 1226 1418 1271 et
1462 1217 1597 1289 quid
1644 1217 1866 1272 demum
1911 1219 1979 1273 ad
2020 1218 2273 1274 Lectoris
2313 1220 2664 1274 commodum
2719 1220 2951 1274 aﬂ‘erant
3001 1217 3320 1288 liujusmodi
3371 1217 3578 1270 indica-

302 1308 481 1364 tiones
526 1323 653 1376 quze
701 1307 769 1361 ad
817 1317 896 1362 tot
945 1318 1002 1364 et
1055 1317 1208 1363 tanta
1248 1309 1530 1364 volumina
1580 1311 1854 1382 legentem
1901 1313 2244 1369 amandant?
2275 1312 2626 1383 Quapropter
2652 1313 2722 1366 ab
2760 1313 3106 1368 iniructuoso
3153 1311 3340 1365 labore
3387 1323 3576 1378 perse-

299 1399 524 1470 quendo
568 1401 837 1457 abstinui.

369 1515 450 1571 Ex
501 1517 570 1570 iis
612 1531 749 1571 vero
778 1515 1040 1572 omnibus
1078 1534 1200 1588 quae
1247 1519 1394 1573 dicta
1425 1526 1576 1583 sunt,
1621 1517 1814 1572 inferri
1864 1526 2045 1588 potest
2077 1533 2272 1588 parum
2304 1518 2446 1573 lucri
2487 1534 2552 1574 ex
2584 1518 2780 1572 harum
2827 1517 3142 1588 eclogarum
3174 1517 3414 1571 lectione
3452 1531 3580 1586 per-

301 1613 411 1682 cipi
458 1627 644 1682 posse,
675 1627 802 1666 cum
840 1611 1078 1667 maxime
1121 1612 1264 1678 loca,
1297 1613 1502 1682 quibus
1545 1611 1651 1666 illa:
1688 1611 2093 1667 consarcinatae
2122 1612 2370 1676 fuerunt,
2418 1613 2473 1666 in
2505 1613 2642 1682 ipsis
2671 1610 3051 1684 Chrysostomi
3082 1607 3346 1680 cperibus
3379 1619 3436 1662 et
3473 1609 3573 1662 ho-

303 1709 474 1764 miliis
525 1717 582 1763 et
617 1710 847 1778 puriora
878 1708 1290 1778 sincerioraque
1335 1709 1468 1773 sint,
1505 1717 1561 1763 et
1601 1723 1728 1763 cum
1781 1709 2230 1777 praecedentibus
2271 1717 2326 1764 et
2371 1709 2732 1779 sequentibus
2775 1708 2961 1778 aptius
3007 1706 3342 1762 cohaereant.
3391 1705 3573 1760 Unum

304 1803 539 1860 fortasse
569 1805 764 1867 fuerit,
823 1806 880 1860 in
920 1821 1031 1875 quo
1067 1804 1275 1874 aliquid
1308 1804 1438 1859 boni
1466 1803 1738 1873 eXpiscari
1765 1802 1984 1873 possis;
2019 1819 2085 1858 ex
2129 1803 2268 1858 locis
2302 1818 2502 1874 nempe
2543 1803 2686 1870 illis,
2719 1820 2842 1874 quae
2882 1819 2947 1858 ex
2983 1803 3248 1873 operibus
3275 1801 3576 1873 Chysosto-

304 1903 402 1967 mi,
455 1918 576 1972 qua:
610 1901 848 1973 periere,
889 1911 1150 1973 excerpta
1185 1910 1334 1958 sunt.
1377 1902 1582 1956 Verum
1611 1911 1981 1971 praeterquam
2008 1899 2155 1970 quod
2197 1900 2532 1970 paucissima
2573 1901 2664 1955 illa
2711 1901 2831 1955 loca
2870 1911 3018 1966 sunt,
3053 1900 3124 1954 ita
3157 1899 3400 1954 breviter
3433 1897 3571 1949 atre-

305 2003 528 2061 runtur,
570 2004 633 2050 ut
665 1996 757 2050 vix
787 1994 1169 2051 internoscere
1202 1997 1382 2066 possis
1413 2009 1480 2049 ex
1519 1994 1873 2066 germanisne
1905 2009 1975 2047 an
2011 2008 2080 2047 ex
2121 1993 2264 2048 falso
2293 1993 2554 2064 ascriptis
2593 1993 2989 2066 Cbrysostomo
3020 1991 3285 2062 operibus
3317 1996 3569 2055 excerpta

305 2091 534 2146 iuerint.
572 2088 655 2145 Ad
698 2089 817 2144 haec
851 2096 1035 2143 autem
1087 2088 1278 2143 isthaec
1312 2087 1541 2143 moralia
1586 2086 1836 2157 qumdam
1871 2086 2051 2141 solum
2082 2094 2358 2158 praecepta
2386 2086 2671 2152 exhibent,
2711 2101 2834 2156 quae
2877 2087 2932 2140 in
2981 2093 3129 2139 tanta
3164 2096 3392 2153 operum
3435 2079 3570 2134 silva

302 2188 618 2246 sexcenties
650 2202 682 2241 a
708 2195 900 2242 sancto
927 2183 1174 2242 Doctore'
1210 2193 1558 2256 repetuntur.
1597 2184 1676 2241 Ne
1705 2183 1838 2254 quid
1867 2192 2049 2240 tamen
2081 2184 2388 2242 desiderari
2416 2183 2692 2253 videatur,
2724 2181 3118 2254 amplissimam
3147 2177 3417 2242 omnium,
3450 2189 3573 2244 quas

305 2287 412 2352 iam
455 2287 750 2357 habentur,
796 2287 1115 2359 eclogarum
1151 2285 1532 2343 collectionem
1573 2282 1928 2356 proferimus.
