4112 6204
500 201 599 256 951

509 327 629 366 smn
667 309 817 362 nobis
849 317 951 363 est.
1003 308 1097 363 Abi
1120 351 1134 372 ,
1164 308 1362 362 nemini
1391 307 1590 362 dictqu
1618 307 1751 360 velis
1775 346 1788 368 ,
1819 319 1886 358 ne
1919 303 2083 358 risum

505 394 782 436 Sermones
808 379 880 432 tui
908 389 1178 432 moveant.

576 449 715 519 Quid
745 450 888 504 tum?
917 448 1098 503 verbis
1137 449 1350 502 illorum
1379 447 1606 502 credidit
1628 487 1642 508 .
1670 447 1799 519 abiit
1825 447 2042 499 domum
2067 486 2082 506 ,

505 518 776 590 siluitque.
799 520 936 587 Quin
965 528 1018 572 et
1041 519 1351 586 jamdudum
1375 518 1857 590 neglexeratvidua
1889 531 2081 590 panem

507 587 914 645 subministrare
951 604 1109 657 quem
1153 590 1302 659 jussa
1342 587 1494 656 erat,
1521 588 1760 658 quotidie
1809 587 2083 657 iujiciebat

513 661 625 731 [sic
645 661 659 714 !
682 661 696 731 ]
724 661 775 714 in
804 659 1034 731 foveam.

598 727 695 785 κ’ἰὶ
714 731 919 802 aliquot
937 730 1100 802 elapsi
1124 739 1276 784 erant
1294 730 1427 794 dies,
1452 745 1576 802 cum
1606 746 1711 802 non
1734 729 1900 802 modo
1915 727 2082 782 semei

511 813 565 856 et
596 800 815 868 iterum,
832 800 924 856 sed
946 801 1226 872 quinquies
1246 801 1486 872 apparuit
1503 802 1552 855 ei
1575 801 1728 862 visio,
1755 800 2081 872 angelusque

510 887 699 942 magna
729 882 785 926 et
823 871 1014 926 minaci
1043 869 1174 942 voce
1194 913 1206 931 ,
1248 869 1355 925 Nisi
1397 872 1793 940 quamprimum
1814 869 1849 933 ,⁷
1874 869 2075 942 inquit,

509 941 931 999 nuntiaveris....
959 941 1064 994 noli
1095 941 1279 994 timere
1306 958 1371 994 ne
1401 950 1450 994 te
1480 942 1756 996 cachinnis
1784 941 2072 1008 excipiant,

508 1027 642 1068 neve
674 1013 1000 1081 impossibile
1032 1021 1293 1078 reputent,
1342 1012 1486 1066 illum
1521 1026 1614 1080 per
1643 1012 1947 1076 quindecim
1977 1027 2076 1064 an-

509 1097 608 1136 nos
636 1084 812 1138 vivum
842 1082 1194 1142 remansisse;
1224 1083 1445 1149 angeius
1473 1083 1612 1136 enim
1647 1082 1740 1135 Dei
1771 1083 1966 1137 missus
1994 1090 2077 1136 est

503 1153 596 1220 qui
639 1155 687 1210 ei
732 1154 1101 1208 f'amularetur.
1137 1152 1245 1220 Ego
1289 1167 1476 1220 panem
1507 1152 1834 1220 accipiebam
1877 1168 2070 1221 quem,

501 1227 642 1278 sicut
672 1224 820 1288 Elite,
849 1224 926 1277 sic
955 1230 1009 1275 et
1047 1222 1307 1291 Gregorio
1335 1223 1668 1291 perrigebam
1693 1235 1705 1272 ε
1737 1223 1813 1277 illi
1855 1223 2070 1289 quidem

503 1294 556 1347 in
596 1295 832 1354 deserto.
864 1291 985 1347 huic
1028 1303 1204 1346 autem
1253 1293 1306 1345 in
1348 1293 1558 1362 abyssis
1603 1302 1794 1358 terrm,
1822 1295 1909 1361 qui
1955 1295 2072 1348 loco

501 1365 631 1418 solis
676 1363 833 1418 lucidi
876 1364 1123 1417 virtutem
1165 1364 1214 1416 in
1245 1377 1304 1416 se
1333 1363 1577 1416 habebat.
1617 1363 1798 1417 Priora
1827 1380 1944 1432 qua:
1977 1366 2068 1420 tibi

501 1434 866 1488 nuntiaveram
897 1435 948 1487 iu
975 1433 1197 1487 dubium
1237 1434 1503 1489 revocasti
1539 1444 1756 1502 propter
1790 1435 2064 1490 hominum

502 1505 952 1567 incredulitatem;
999 1513 1054 1556 at
1101 1519 1241 1558 nunc
1286 1503 1644 1558 verbis‘meis
1687 1505 1844 1558 fidem
1890 1506 2064 1561 habe:

500 1574 631 1628 nihil
662 1575 805 1630 enim
833 1573 1160 1644 impossibile
1181 1583 1262 1627 est
1284 1575 1420 1643 apud
1447 1575 1632 1628 Deum.
1664 1574 1926 1644 Numquid
1961 1594 2065 1632 non

497 1643 685 1698 edocta
715 1661 773 1700 es
801 1643 1070 1712 quomodo
1099 1645 1164 1698 de
1191 1646 1305 1699 lacn
1338 1657 1389 1699 et
1416 1661 1446 1698 e
1472 1645 1649 1700 medio
1681 1643 1893 1698 leonum
1929 1647 2066 1702 fame

500 1715 786 1770 furentium
819 1716 1072 1771 liberatus
1102 1715 1256 1770 fuerit
1286 1716 1506 1770 Daniel?
1532 1725 1624 1770 aut
1654 1717 1922 1784 quomodo
1956 1729 2064 1773 tres

499 1787 648 1849 pueri
681 1787 972 1841 incolumes
998 1789 1354 1841 remanserint
1379 1788 1430 1840 in
1463 1786 1556 1840 ard
1579 1787 1669 1839 ἰιιί
1704 1786 1938 1852 flamma,
1967 1805 2064 1842 cu-

491 1853 579 1923 jus
609 1857 834 1928 altitudo
859 1857 1204 1928 quadraginta
1248 1873 1438 1912 novem
1483 1869 1790 1912 sanctorum
1826 1859 2062 1928 jejunio-

495 1940 612 1978 rum
642 1927 756 1981 dies
779 1927 1158 1980 adumbrabat?

563 1998 644 2050 An
677 2007 726 2051 te
758 1998 886 2052 latet
914 1997 1186 2069 quomodo,
1212 1997 1357 2052 arida
1386 2013 1504 2069 ossa
1533 2013 1630 2069 per
1655 1999 1832 2056 divina
1865 2000 2049 2055 obser-

493 2076 702 2122 vantem
726 2069 972 2124 mandata
999 2068 1357 2135 Ezechielem,
1379 2068 1600 2136 jnhcn'te
1627 2069 1753 2130 Deo,
1783 2085 1810 2123 a
1833 2081 2061 2139 quatuor

493 2146 774 2209 ventorum
805 2139 1040 2208 partibus
1070 2141 1120 2193 in
1147 2154 1338 2209 campo
1365 2151 1505 2192 mota
1540 2139 1766 2202 fuerint,
1799 2149 1853 2193 et
1875 2156 2058 2196 acces-

491 2208 660 2262 serint
686 2225 848 2264 unum
875 2210 940 2265 ad
966 2211 1191 2264 alterum
1215 2251 1230 2274 ,
1274 2208 1393 2262 non
1427 2210 1642 2262 fortuito
1681 2211 1928 2279 quidem,
1963 2213 2057 2267 sed

491 2280 904 2350 unumquodque
929 2280 994 2334 ad
1019 2280 1321 2348 juncturam
1353 2281 1538 2334 suam?
1575 2279 1801 2350 Desuper
1830 2298 1887 2335 ea
1917 2285 2057 2337 uerri

491 2357 538 2398 et
559 2349 716 2422 pellis
741 2352 950 2404 adducti
974 2361 1090 2404 sunt
1119 2352 1400 2422 insit/ﬂatus
1430 2361 1501 2404 est
1529 2351 1581 2405 in
1611 2349 1732 2405 istos
1763 2354 2056 2421 interfectos

489 2419 862 2494 spiritus‘vitai:
881 2419 1288 2494 steterttutsuper
1312 2422 1461 2494 pedes
1487 2438 1606 2494 suos
1627 2423 1874 2475 exercitus
1898 2419 2055 2494 gran-

491 2488 571 2562 dis
602 2489 748 2544 valde
776 2491 966 2558 (Ezech
1008 2494 1094 2548 57.
1115 2493 1168 2548 8.
1193 2488 1416 2561 lfl).lllc
1433 2493 1648 2562 quidem
1662 2503 1740 2547 est
1763 2488 2053 2548 etiamnum

495 2557 632 2633 fletis
653 2577 853 2633 ,qucut
891 2563 1180 2630 Gregorius
1208 2557 1493 2632 praedicat,
1525 2565 1721 2633 quique
1754 2573 1941 2630 potens
1972 2575 2054 2620 est

489 2626 636 2702 illum
679 2626 730 2702 in
758 2644 936 2702 puteo
979 2626 1319 2688 servarefTu
1365 2649 1492 2688 vero
1535 2626 1872 2690 sermonibus
1918 2639 2052 2692 meis

491 2697 648 2752 fidem
682 2697 838 2768 habe,
872 2717 1070 2770 eosque
1097 2719 1162 2772 po
1204 2704 1290 2758 ulo
1317 2705 1590 2756 auunntia.

565 2768 868 2824 Extrahitur
905 2789 934 2824 e
977 2783 1123 2825 puteo
1155 2719 1464 2825 ἕτεροι-ἔρως
1503 2775 1590 2825 obv

565 2768 868 2843 Extrahitur
905 2768 1464 2843 epttteoﬂregorius;
1503 2774 1697 2826 obviam
1737 2776 1782 2827 εἰ
1822 2779 2047 2843 procedit

487 2835 758 2910 Tiridates.
781 2835 1436 2910 -iAdmiratione'simul
1479 2851 1533 2893 et
1571 2853 1775 2895 terrore
1807 2835 2048 2910 perculsa

487 2906 680 2982 femina
708 2922 830 2963 cum
857 2909 1193 2982 festinatione
1226 2911 1426 2962 intrans
1455 2921 1635 2964 narrat
1664 2911 1728 2965 ad
1769 2906 2042 2982 satrapas,

486 2976 576 3044 qui
598 2976 807 3054 Δ(Ιιιιιιιις
827 2982 990 3054 regia:
1032 2981 1347 3054 praefectum
1380 2989 1694 3054 accersunt,
1725 2976 2048 3054 mittuntque

486 3045 766 3121 confestim
811 3045 1138 3104 Art'axaIam.
1180 3051 1292 3112 lto,
1336 3051 1613 3121 inquiunt,
1656 3045 1709 3105 et
1757 3045 2047 3121 deprecare

488 3117 633 3170 illum
682 3119 852 3193 ipsum
903 3121 993 3176 Dei
1037 3122 1226 3187 virum,
1259 3117 1422 3191 quem
1444 3138 1508 3176 nc
1536 3122 1803 3176 hominem
1830 3117 2044 3193 quidem

488 3192 847 3266 reptitavimus
891 3209 905 3245 :
955 3193 1326 3266 proficiscere,
1371 3209 1495 3261 roga
1549 3192 1861 3258 medicum,
1895 3198 2046 3266 cujus

487 3258 664 3334 verbis
690 3277 800 3334 nou
823 3258 1234 3317 auscultavimus
1261 3280 1274 3315 :
1311 3258 1488 3332 perge.
1520 3277 1647 3316 voca
1677 3278 1800 3318 eum
1827 3267 1913 3334 qui
1947 3258 2045 3323 nos

485 3328 553 3380 de
578 3333 941 3407 veutreiuferi
972 3343 1255 3387 vocatus-us
1283 3328 1365 3387 est
1391 3328 1680 3407 :fpropera,
1713 3328 2046 3407 supplexque

485 3399 694 3466 pustula
734 3402 802 3456 ab
839 3419 904 3458 eo
924 3445 938 3467 ,
968 3421 1126 3474 quem
1155 3399 1541 3459 contumeliose
1569 3399 1910 3461 tractavimus
1930 3399 2046 3472 ,ἰιι

488 3474 911 3542 persecutoribus
938 3475 1192 3542 ignoscat.

559 3539 874 3618 llteeomnia
897 3539 976 3599 vel
1005 3547 1162 3618 etiam
1196 3545 1278 3598 his
1304 3544 1506 3614 potiora
1533 3543 1755 3600 forsitan
1783 3547 1834 3602 in
1867 3563 2044 3618 prom-

486 3617 591 3686 pltt_
607 3611 901 3686 habuerunt
926 3632 1044 3686 qua:
1069 3611 1329 3670 dicerent.

558 3679 918 3759 Proficiscitur
945 3679 1121 3756 'regize
1163 3686 1354 3759 domus
1395 3685 1708 3759 prasl'ectus,
1750 3688 2044 3759 urbemque

485 3764 607 3804 cum
639 3753 976 3817 advenisset,
1004 3753 1217 3810 causam
1251 3753 1456 3812 itineris
1492 3757 1560 3809 ab
1600 3771 1665 3810 eo
1703 3753 2044 3815 sciscitantur

485 3823 628 3876 cives
658 3839 672 3877 :
697 3841 803 3896 qua
830 3828 1035 3896 cognita
1068 3827 1434 3882 admirabuudi
1478 3836 1533 3880 et
1573 3827 1854 3894 stupefacti
1905 3831 2043 3888 intra

487 3906 548 3969 se
589 3894 1195 3963 cogitabantianouam
1240 3907 1394 3969 pacto
1439 3897 1551 3950 fieri
1596 3905 1802 3969 potest,
1834 3899 2041 3969 inquie-

490 3963 636 4036 bant,
669 3974 725 4018 ιιι
750 3969 927 4020 vivum
959 3978 1159 4036 qumrat
1185 3963 1335 4035 cujus
1363 3983 1481 4024 ossa
1514 3963 1816 4036 quindecim
1848 3963 2042 4027 abhinc

484 4033 641 4108 anuis
685 4033 1318 4107 putredineconsumpta
1355 4033 1818 4106 sunt?'quomodo
1847 4044 2042 4108 quatris

486 4101 752 4160 incolume
777 4122 992 4176 corpus,
1023 4108 1162 4177 quod
1195 4101 1245 4161 in
1279 4101 1581 4162 visceribus
1597 4101 1887 4164 draconum
1915 4127 2043 4166 con-

485 4181 754 4242 sumptum
780 4178 1099 4246 computruit
1127 4189 1178 4232 et
1204 4178 1256 4232 iu
1287 4180 1557 4247 pulverem
1583 4193 1897 4234 conversum
1924 4185 2043 4237 est?

484 4257 592 4317 quo
633 4257 785 4313 pacto
827 4248 879 4301 in
922 4249 1242 4302 medicamen
1270 4259 1514 4317 quaerunt
1537 4264 1734 4317 corpus
1761 4251 1811 4303 iu
1845 4260 2039 4306 terram

486 4313 776 4390 redactum,
792 4319 930 4386 quod
952 4320 1050 4372 sibi
1077 4320 1172 4386 ipsi
1194 4313 1418 4372 salutem
1438 4313 1690 4390 praestare
1708 4335 1810 4373 non
1837 4325 2044 4390 potuit?

554 4384 689 4458 Quid
715 4384 864 4454 plura
881 4390 904 4441 7
923 4384 1139 4452 densos,
1163 4390 1346 4458 longos
1362 4384 1666 4455 validosque
1690 4384 2044 4457 funes-aptant

483 4461 537 4507 et
561 4455 610 4529 ιιι
637 4468 852 4529 puteum
873 4459 1179 4513 demittunt.
1201 4455 1343 4514 Voce
1365 4475 1549 4529 magna
1571 4459 1830 4512 exclamat
1850 4455 2042 4518 domus

483 4525 649 4599 regite
676 4528 988 4599 priefecuts:
1023 4529 1305 4599 Egredere,
1337 4525 1490 4582 serve
1523 4529 1631 4592 Dei,
1669 4541 1721 4583 et
1752 4531 1913 4584 libera
1947 4548 2044 4586 nos

481 4593 834 4669 gleimabibus
872 4593 1091 4654 deorum
1137 4615 1273 4668 quos
1311 4601 1536 4654 colimus
1567 4617 1582 4653 :
1637 4600 1924 4669 egredere,
1969 4604 2042 4657 fili

483 4664 651 4740 lucis,
669 4677 724 4721 et
748 4670 814 4722 ab
842 4669 1042 4724 umbris
1064 4664 1402 4724 tenelirarum
1433 4686 1562 4724 erue
1588 4664 1714 4722 nos':
1736 4687 1798 4724 ex
1827 4671 2043 4740 profun-

481 4734 565 4810 tlis
605 4737 812 4808 abyssis
855 4741 1140 4810 egredere,
1187 4741 1304 4804 sol,
1335 4741 1612 4810 majusque
1661 4734 2042 4808 uobis-pra-be

482 4803 862 4881 lumen'quam
888 4803 984 4865 'sol
1023 4811 1111 4881 qui
1128 4803 1298 4879 super
1323 4803 1444 4881 aera
1475 4803 1700 4864 volvitur
1731 4829 1745 4864 :
1774 4803 1876 4864 ille'
1895 4813 2040 4867 enim

480 4879 753 4944 corporeis
794 4881 962 4935 oculis
1007 4879 1179 4935 lucem
1227 4880 1454 4948 pra'bet;
1488 4888 1542 4932 tu
1583 4895 1709 4934 vero
1745 4881 2041 4936 animarum

479 4957 785 5004 nostrarum
819 4951 1003 5006 oculos
1041 4952 1160 5005 luce
1190 4950 1495 5019 perfundis,
1523 4959 1574 5002 et
1603 4950 1820 5004 deducis
1847 4951 1898 5004 in
1929 4961 2040 5006 ter-

481 5030 592 5090 ram
623 5029 843 5090 rectam,
875 5037 992 5090 quae
1019 5032 1100 5076 est
1131 5022 1309 5075 lumen
1340 5020 1723 5075 indeiieienset
1754 5021 2042 5077 inaccessi-

478 5087 604 5162 bile.
635 5089 758 5162 llaec
780 5087 1133 5162 eloquebatur
1162 5102 1394 5162 satrapa.

549 5160 616 5212 At
635 5159 793 5214 simul
815 5171 870 5215 ut
892 5159 1039 5217 motu
1061 5162 1261 5215 funium
1285 5160 1498 5215 funibus
1517 5159 1775 5214 insedisse
1795 5169 2039 5218 sanctum

475 5227 888 5295 intellexerunt,
943 5233 1176 5286 educunt
1225 5248 1348 5286 eum
1398 5230 1558 5284 foras.
1609 5231 1758 5284 'l‘nue
1812 5232 2040 5286 nubibus

473 5310 758 5372 coopertus
799 5304 880 5356 sol
927 5303 1016 5357 ille
1061 5304 1340 5372 apparuit.
1368 5301 1795 5370 quandoquidem
1843 5317 2039 5371 corpus

472 5373 626 5442 ejus,
672 5370 817 5426 velut
855 5383 967 5426 atra
1013 5370 1209 5441 fuligo,
1260 5374 1469 5442 nigrum
1512 5383 1659 5434 erat;
1707 5383 1867 5439 atque
1915 5370 2040 5425 inde

473 5439 850 5495 intellexerunt
892 5442 1020 5496 illud
1061 5439 1181 5497 csSe
1206 5439 1422 5511 corpus,
1447 5443 1586 5510 quod
1617 5451 1880 5495 tormenta
1915 5457 2037 5508 per-

477 5511 689 5581 tulerat,
716 5521 770 5564 et
797 5529 901 5574 quo
928 5514 1070 5566 velut
1099 5515 1213 5568 siue
1241 5529 1488 5581 corpore,
1525 5512 1826 5579 patiebatur
1853 5524 1906 5567 et
1935 5511 2038 5565 ful—

472 5580 649 5647 gebat.
689 5581 932 5634 Vestibus
959 5583 1152 5636 deinde
1183 5584 1278 5648 ipsi
1312 5580 1506 5636 oblatis
1535 5583 1679 5636 illum
1705 5584 1943 5636 in-luunt.

529 5647 663 5706 Tum
683 5650 1070 5718 obstupeseeus
1091 5647 1450 5710 admirabatur
1471 5672 1592 5710 eum
1614 5657 1856 5726 papulas,
1878 5669 2033 5725 quem

967 194 1315 252 BNCOMIUM
1354 194 1411 250 S.
1453 191 1778 250 GREGORII
1820 188 2234 256 ll.LU.\l|-.V.\T.,
2282 187 2602 250 AUCTORE
2666 188 2725 246 S.
2769 191 2957 248 JOAN.
2999 190 3373 249 CllRYSOST.

3652 203 3784 258 95?.

2191 304 2429 379 ορρηιηῖι
2478 313 2531 358 ει
2577 303 2753 360 decuit
2796 320 2929 379 eum,
2960 307 3201 379 sapiente
3250 308 3554 368 acclamarc
3580 336 3592 370 :
3621 319 3786 379 Tunc

2188 375 2533 461 stabit-justus
2560 390 2676 427 cum
2704 377 2868 457 multa
2897 377 3085 461 ﬁducia
3114 393 3177 431 ea:
3205 380 3419 461 agit-terno
3449 400 3641 450 eorum,
3670 375 3786 461 φξῖ

2187 459 2240 518 se
2263 443 2544 514 afflixerant
2571 456 2620 498 et
2658 448 2742 518 qui
2789 448 3190 515 aspernabantur
3227 449 3423 505 labores
3465 443 3641 512 illius:
3669 443 3780 518 θ’ἷξ

2187 514 2360 588 dentes
2405 531 2540 588 eum,
2567 514 2921 588 turbabuntur,
2968 528 3016 570 et
3054 534 3209 587 super
3245 522 3607 581 adiuuandum
3647 514 3779 588 ait};

2185 586 2398 665 salutem
2426 587 3104 665 valdeter-rebanturlﬁqp.
3122 586 3182 643 ⁷5.
3207 589 3257 665 1,.
3282 591 3359 660 2).
3384 594 3530 660 Quid
3561 586 3776 665 profuii

2185 656 2340 710 nobis
2383 656 2678 734 superbia?
2720 666 2812 711 aut
2853 658 2977 734 quid
3019 658 3277 724 jactantia
3319 656 3593 721 contulit?
3633 656 3774 734 "ei

2181 735 2335 780 erant
2359 728 2423 779 ad
2453 742 2666 780 manum
2691 743 2811 796 qum
2837 727 2939 782 diei
2975 738 3237 798 poterant.

2254 799 2322 851 At
2350 813 2448 852 nos
2474 798 2702 852 encomii
2727 800 2866 868 stylo
2891 814 2976 867 ea,
3005 815 3127 870 qua:
3153 799 3412 873 deinceps
3439 820 3761 881 evenerunt.

2181 881 2585 937 prosequamur.

2253 938 2554 1024 Egredienti
2585 953 2651 993 ex
2679 947 2838 1024 putet)
2867 955 2958 1020 rex
2983 949 3037 1022 et
3064 955 3258 1024 omnes
3279 982 3292 1004 .
3310 946 3408 1024 ,φή
3432 962 3552 1024 cum
3590 969 3656 1008 eo
3698 959 3755 1013 ῑη

2180 1007 2412 1092 furorem
2431 1009 2543 1092 acti
2573 1007 2744 1092 erant,
2771 1010 2979 1064 obviam
3013 1007 3347 1092 ierunt_nudi
3367 1027 3418 1092 et
3445 1007 3740 1092 deformes,

2176 1087 2231 1152 et
2259 1081 2443 1147 procul
2471 1080 2538 1152 ab
2565 1080 2695 1134 urbe
2717 1089 2919 1136 stantes
2943 1083 3343 1152 exspectabant.
3382 1089 3441 1140 At
3473 1106 3592 1147 eum
3635 1080 3735 1152 re:

2177 1149 2411 1222 nieotem
2436 1165 2463 1203 a
2488 1150 2642 1222 longe
2665 1149 3082 1222 prospexissent,
3107 1168 3301 1208 carnes
3325 1169 3444 1208 snas
3467 1149 3728 1222 furibundi

2174 1219 2452 1300 devorare,
2485 1221 2718 1304 clamare
2747 1231 2800 1276 et
2826 1221 3005 1276 dicere
3023 1233 3353 1304 coeperunt}
3383 1227 3528 1304 Veni,
3550 1219 3736 1304 augete

2174 1290 2226 1361 in
2269 1306 2493 1360 corpore
2539 1290 2738 1361 degens
2759 1332 2773 1353 ,
2813 1301 2867 1346 et
2893 1307 2995 1361 ope
3023 1290 3236 1348 luminis
3263 1296 3336 1348 tui
3364 1290 3562 1356 amicos
3589 1290 3738 1360 tcvne;

2175 1359 2387 1415 brarnm
2414 1361 2513 1443 qui
2533 1359 2644 1443 nos_
2663 1359 2944 1443 infestant,
2964 1365 3172 1431 expelle
3203 1383 3215 1418 :
3238 1367 3364 1443 veni
3385 1407 3400 1430 ,
3433 1359 3743 1443 profligator

2171 1445 2393 1508 eorum,
2424 1432 2513 1502 qui
2558 1432 2714 1487 nobis
2758 1432 3122 1500 dominantur,
3166 1435 3363 1506 quique
3400 1432 3630 1508 superlia
3652 1462 3746 1501 ex-

2169 1503 2492 1556 accrhabant
2515 1511 2731 1581 pectora
2753 1511 2953 1581 nostra,
2974 1515 3027 1558 ut
3044 1503 3306 1581 eum._q_u'i_
3320 1523 3413 1581 eos
3441 1503 3736 1581 torquebat,

2171 1582 2544 1635 torqueremus
2571 1591 2584 1625 :
2615 1574 2754 1638 veni,
2788 1574 2876 1643 qui
2903 1589 3130 1643 corpore
3159 1574 3380 1632 visibilis
3406 1595 3488 1639 es.
3519 1574 3573 1635 tit
3605 1574 3740 1640 iuvi;

2167 1643 2348 1724 sibilos
2377 1644 2635 1724 mentium
2664 1653 2967 1724 nostrarum
3000 1647 3246 1701 tenebras
3273 1651 3572 1724 propellas:
3596 1661 3742 1724 veni,

2168 1715 2260 1785 qui
2286 1723 2431 1785 veste
2459 1713 2673 1768 imlutus
2699 1730 2757 1768 es
2783 1715 3022 1770 coriacea
3051 1727 3105 1770 et
3127 1713 3387 1772 materiali
3407 1761 3422 1785 ,
3458 1732 3514 1775 ut
3546 1713 3736 1780 imma:

2168 1784 2379 1838 teriales
2405 1794 2459 1840 et
2491 1785 2836 1853 incorporeus
2867 1785 3049 1841 hostes
3077 1798 3310 1853 nostros,
3342 1784 3429 1853 qui
3466 1809 3565 1847 nos
3595 1797 3735 1850 inse-

2163 1866 2417 1922 qmmtur,
2449 1855 2749 1925 insequaris
2775 1873 2788 1908 :
2818 1856 2960 1922 veni,
2995 1858 3095 1920 sol,
3121 1869 3174 1912 et
3205 1855 3410 1914 fervido
3434 1872 3526 1918 tuo
3554 1868 3735 1922 calore

2163 1926 2523 1980 exundantem
2576 1926 2862 1994 impietatis
2908 1937 3107 1982 nostra:
3155 1939 3446 1984 torrentem
3499 1939 3732 1994 cxsicea.

2166 1995 2364 2049 Divina?
2389 1997 2562 2070 ignem
2583 1995 2838 2049 doctrinm
2863 2007 2965 2070 tua!
2989 2001 3142 2053 nobis
3166 2001 3471 2063 admoneas,
3497 2008 3586 2070 qui
3611 2027 3730 2070 nos,

2161 2075 2350 2136 stagno
2394 2068 2512 2132 gelu
2567 2075 2821 2121 concreto
2871 2069 3191 2134 immersos,
3242 2072 3407 2126 calori
3462 2068 3730 2136 restituat,

2162 2135 2292 2212 chi
2315 2179 2328 2202 ,
2357 2136 2552 2212 llutuen
2597 2136 2870 2212 divinum,
2902 2141 3217 2210 sterilesque
3260 2156 3478 2212 catnpos
3518 2159 3735 2204 nostros

2161 2207 2339 2288 irriga,
2373 2216 2430 2262 ut
2460 2208 2640 2288 virens
2666 2207 2980 2288 refloreseat
3004 2207 3188 2265 semen
3214 2207 3560 2288 exsiccatum.
3584 2223 3728 2288 quod

2157 2293 2187 2330 a
2219 2279 2349 2331 tein
2390 2277 2744 2350 nosdecidit.
2793 2279 3050 2350 segetes,
3097 2296 3232 2350 quas
3280 2283 3470 2339 feceris
3514 2298 3568 2340 ut
3603 2277 3727 2342 'tnr-

2156 2356 2409 2417 gescaut,
2445 2349 2576 2420 falce
2619 2349 2797 2402 divina
2838 2349 3052 2405 demetc
3082 2349 3331 2415 :bobus,
3361 2357 3447 2420 qui
3477 2371 3597 2411 sunt
3628 2362 3724 2417 filii

2159 2421 2256 2481 tui,
2284 2422 2364 2472 vel
2395 2419 2684 2490 flagellum,
2715 2422 2854 2487 quod
2879 2433 2961 2474 est
2986 2423 3162 2490 lingua
3198 2433 3308 2488 tua,
3333 2419 3542 2488 tritura;
3577 2431 3727 2484 illas-

2155 2504 2260 2558 quc
2288 2489 2474 2544 eadem
2505 2490 2679 2558 lingua
2710 2499 2794 2543 tua
2827 2492 3018 2545 ventila
3045 2489 3311 2548 :ibracbio
3338 2504 3424 2547 tuo
3455 2497 3638 2554 divino
3667 2504 3722 2555 in

2152 2574 2403 2614 acervum
2425 2575 2709 2629 compone,
2732 2576 2865 2628 quas
2884 2563 3042 2616 etiam
3075 2564 3128 2618 in
3159 2563 3348 2619 horrea
3378 2566 3554 2622 divina
3576 2587 3723 2626 com-

2155 2640 2355 2711 portes.
2393 2630 2522 2685 Veni
2547 2671 2563 2695 ,
2592 2633 2680 2700 qui
2711 2632 3117 2711 coelo-effusus
3143 2650 3203 2711 e_s
3223 2677 3238 2698 ,
3268 2638 3722 2711 caudentilmsque

2149 2700 2412 2779 doctrina:
2460 2711 2563 2755 tua:
2613 2702 2795 2771 prunis
2837 2704 3018 2773 spinas
3055 2705 3381 2779 c_arduorum
3411 2700 3717 2779 enuere-ma,

2151 2773 2528 2848 quzelabognn
2556 2781 2764 2826 tuorum
2787 2788 2970 2848 semen
2989 2774 3407 2848 suffocavcrunt.
3430 2773 3716 2848 Egredere,

2152 2843 2400 2897 minister
2425 2843 2535 2914 Dei,
2560 2857 2624 2914 ex
2659 2851 2818 2911 puteo
2846 2844 3127 2912 profundo,
3150 2847 3238 2914 qui
3263 2849 3436 2903 lumen
3459 2843 3719 2908 doctrina;

2151 2917 2364 2988 tme_ex
2409 2913 2616 2988 abyssis
2657 2928 2871 2968 sursqu
2919 2917 3200 2988 sparsisti:
3234 2920 3526 2988 egredere,
3574 2932 3628 2976 ct
3661 2926 3716 2979 iu

2149 2981 2373 3056 stygiaat
2400 2980 2639 3056 glaciem
2648 2993 2889 3056 austrum
2924 2980 3042 3040 lene
3066 2980 3353 3056 Spirant‘em
3376 2980 3569 3045 excita.
3592 2994 3710 3048 1am

2149 3051 2284 3131 in_te
2311 3050 2470 3131 situm
2499 3060 2584 3105 est
2608 3051 2792 3131 divino
2815 3062 3011 3109 terram
3040 3050 3294 3113 exercere.
3321 3069 3516 3131 aratro,
3544 3081 3708 3131 quam

2145 3121 2324 3176 colere
2344 3130 2498 3174 antea
2531 3137 2634 3176 non
2661 3123 2987 3189 sitiebamus,
3013 3141 3130 3179 cum
3152 3130 3439 3192 pra-sortita
3467 3121 3704 3189 lucidum

2147 3192 2394 3262 Solcmin
2427 3193 2696 3256 tenebras,
2730 3195 2874 3248 velut
2901 3196 2953 3249 in
2986 3211 3241 3250 earcerem
3262 3237 3278 3262 ,
3308 3196 3694 3254 ititnuseriwr-

2145 3263 2284 3317 diter
2311 3261 2713 3318 detruserimus.

2287 3333 2338 3385 Μ
2345 3348 2480 3386 erces
2506 3344 2676 3388 sancto
2695 3333 3033 3389 Illuminalori
3049 3355 3080 3390 a
3101 3337 3310 3390 Domino
3326 3335 3538 3391 reddita.
3563 3334 3693 3390 Per-

2145 3405 2428 3476 oratioa—
2451 3403 2569 3457 .lam
2597 3419 2722 3476 vero
2753 3406 2888 3460 beati
2923 3406 3126 3471 laudes,
3160 3422 3255 3476 pro
3284 3408 3444 3475 ipsius
3473 3410 3695 3471 meritis,

2144 3474 2388 3556 cncomio
2433 3474 2681 3556 prosequi
2711 3492 2890 3556 penes
2935 3474 3170 3556 menon
3207 3474 3312 3542 est,
3341 3477 3463 3556 licet
3492 3478 3540 3556 id
3572 3481 3698 3556 mihi

2145 3546 2375 3600 maxime
2411 3544 2479 3598 sit
2523 3544 2574 3598 in
2614 3544 2772 3618 votis.
2821 3549 2996 3602 Dicam
3032 3550 3188 3617 igitur
3208 3564 3366 3618 quant
3392 3549 3706 3606 brevissime

2143 3631 2204 3672 ea
2237 3631 2354 3684 quae
2387 3625 2564 3684 postea
2595 3616 2830 3684 profecto
2855 3616 3171 3673 Consecutus
3195 3616 3300 3672 est.

2217 3685 2451 3741 Fidelem
2481 3700 2694 3740 servum
2734 3703 2887 3742 suum
2933 3689 3010 3743 sic
3046 3691 3307 3742 allocutus
3337 3701 3414 3742 est
3445 3690 3699 3745 Creator:

2145 3756 2314 3825 Euge,
2348 3771 2509 3828 serve
2530 3756 2666 3810 boue
2693 3768 2746 3811 et
2777 3759 2966 3821 fidelis,
2999 3775 3064 3812 ne
3091 3761 3214 3828 quid
3246 3761 3507 3814 sollicitos
3536 3763 3609 3813 sis
3636 3761 3706 3816 de

2145 3835 2231 3880 tua
2255 3826 2474 3881 seminis
2501 3826 2550 3878 in
2579 3835 2747 3882 terras
2779 3826 3143 3897 projectione:
3171 3839 3222 3883 tu
3252 3831 3521 3897 plautasti,
3548 3831 3706 3885 Paule

2143 3898 2441 3967 alterzego
2469 3905 2643 3951 autem
2687 3898 3071 3954 incrementum
3110 3901 3200 3954 do.
3249 3898 3411 3963 Veni,
3462 3903 3597 3954 intra
3652 3904 3704 3954 in

2142 3967 2392 4036 gaudium
2417 3967 2643 4040 Domini
2689 3970 2784 4024 tui.
2817 3969 2891 4040 Ne
2923 3972 3139 4032 little-15,
3171 3971 3344 4024 Moses
3368 3973 3524 4027 alter.
3557 3972 3698 4040 quod

2145 4040 2235 4092 tibi
2270 4037 2475 4092 nonnisi
2507 4052 2696 4092 recens
2722 4039 3043 4094 crediderint
3075 4042 3250 4109 populi
3283 4060 3295 4092 :
3332 4051 3384 4094 tu
3427 4037 3585 4095 enim
3615 4057 3698 4096 me

2145 4109 2312 4178 magis
2337 4123 2492 4177 quam
2523 4123 2715 4179 corpus
2757 4119 2903 4163 tuum
2944 4111 3196 4164 dilexisti.
3231 4111 3396 4175 Veni,
3427 4115 3700 4179 requiesce

2144 4194 2181 4252 a_
2203 4180 2472 4252 laboribus
2505 4178 2627 4242 tuis,
2664 4195 2797 4252 nove
2832 4181 3011 4234 Daniel
3045 4198 3058 4233 :
3095 4182 3387 4252 nuptialem
3425 4178 3703 4252 ingredere

2146 4248 2433 4301 thalamqu
2465 4289 2477 4320 ,
2506 4265 2663 4316 quem
2696 4251 2788 4304 tibi
2819 4261 2972 4305 antea
3020 4248 3286 4320 pollicitus
3329 4248 3504 4306 eram:
3533 4251 3701 4315 Veni,

2144 4320 2323 4391 sedem
2371 4319 2552 4391 accipe
2599 4320 2736 4391 inter
2779 4319 3086 4387 apostolos.
3131 4323 3372 4391 apostolo
3419 4323 3590 4382 alter,
3620 4325 3708 4390 qui

2144 4389 2364 4444 verbum
2411 4389 2651 4445 veritatis
2696 4392 2840 4460 genti
2889 4393 3132 4459 superba:
3170 4389 3497 4445 annuntiain
3530 4411 3542 4445 :
3576 4389 3715 4444 inter

2144 4461 2452 4527 angelorum
2480 4461 2686 4527 agmina
2716 4461 2998 4530 eolloceris
3018 4503 3033 4524 ,
3065 4463 3155 4530 qui
3197 4463 3357 4516 vitam
3401 4463 3613 4514 illorum
3663 4465 3708 4514 in

2147 4531 2303 4583 terris
2321 4530 2594 4600 aunulatus
2615 4544 2691 4582 es.
2716 4528 2865 4600 Veni,
2890 4539 2941 4582 et
2965 4528 3095 4584 cuni
3118 4532 3432 4600 patriarchis
3462 4535 3714 4600 princeps

2144 4610 2297 4655 eto:
2338 4598 2589 4669 plantcrjs
2619 4607 2673 4650 ut
2703 4599 2876 4669 palma
2908 4610 3089 4653 saneta
3118 4598 3171 4654 in
3203 4603 3364 4654 donto
3396 4598 3626 4658 Domini.
3657 4598 3711 4654 et

2147 4670 2197 4741 in
2224 4667 2374 4741 atriis
2407 4669 2493 4741 Dei
2518 4667 2735 4741 floreas.
2759 4667 2913 4731 chi,
2932 4673 3278 4726 coronaheris
3303 4688 3426 4726 cum
3461 4673 3711 4741 martyri-

2149 4739 2264 4801 bus,
2296 4738 2662 4810 laetaberisque
2683 4755 2803 4792 cum
2835 4741 2918 4804 iis,
2943 4741 3032 4809 qui
3057 4758 3151 4810 pro
3175 4759 3260 4794 me
3282 4753 3547 4795 tormenta
3574 4738 3711 4810 ..δεδι

2145 4820 2269 4862 Sttttl.
2299 4828 2310 4863 :
2337 4810 2456 4861 veni
2488 4809 2537 4862 iu
2570 4809 2742 4861 aulam
2777 4809 3076 4878 nuptiarum
3109 4827 3369 4865 mearum.
3399 4809 3708 4879 \'eni,gau~

2145 4879 2236 4932 dio
2281 4879 2419 4950 inter
2455 4879 2842 4950 coenobitarum
2885 4881 3082 4935 choros
3127 4881 3455 4946 exsultabis,
3487 4884 3574 4950 qui
3609 4898 3712 4934 non

2147 4950 2306 5004 modo
2353 4949 2580 5003 dilexisti
2631 4961 2841 5004 montes
2883 4961 2936 5005 et
2978 4952 3224 5017 deserta,
3255 4953 3348 5006 sed
3378 4949 3520 5005 cmci
3551 4953 3712 5004 etiam

2141 5020 2336 5090 jugiter
2380 5019 2619 5090 confixus
2669 5020 2812 5074 fuisti
2854 5037 3102 5087 mecum;
3149 5022 3347 5076 idcirco
3397 5022 3710 5085 angelorum

2148 5089 2386 5143 meorum
2407 5089 2473 5142 ad
2499 5099 2550 5144 te
2571 5090 2773 5142 mittam
2797 5092 3030 5160 agmina,
3057 5102 3213 5160 tetjuc
3234 5093 3299 5145 ad
3330 5107 3415 5144 me
3440 5095 3710 5160 recipiam.

2147 5160 2208 5213 Et
2235 5161 2358 5228 quia
2391 5161 2612 5228 portasti
2648 5161 2843 5229 jugilcr
2867 5178 3080 5217 crucem
3113 5172 3257 5215 tuam
3283 5170 3340 5218 et
3371 5163 3561 5216 venisti
3591 5170 3712 5229 post

2145 5245 2252 5295 me,
2281 5245 2381 5299 ego
2412 5230 2740 5283 introducam
2770 5241 2819 5283 te
2848 5231 2899 5283 iu
2923 5233 3237 5300 paradisum
3259 5274 3274 5297 ,
3307 5233 3358 5285 iu
3385 5248 3544 5300 quem
3576 5235 3711 5282 latro

2145 5315 2241 5367 per
2278 5315 2492 5353 crucem
2535 5315 2683 5353 suam
2717 5299 2975 5355 introivit.
3005 5303 3200 5356 Beatus
3230 5318 3289 5355 es
3315 5313 3369 5355 tu
3391 5299 3415 5362 ,ί
3439 5304 3580 5356 inter
3612 5302 3712 5354 Ec-

2144 5371 2320 5425 clesiae.
2365 5371 2722 5438 patriarchas,
2768 5379 2916 5439 pater
2955 5383 3160 5426 sancte.
3209 5374 3347 5426 Olun
3395 5375 3615 5442 angelus
3663 5370 3714 5423 iu

2145 5455 2406 5508 corpore,
2440 5456 2582 5493 nunc
2607 5446 2958 5509 incorporeus
2987 5443 3125 5496 inter
3155 5444 3501 5507 incorporeus
3527 5457 3712 5495 versa-

2148 5511 2242 5582 ris.
2275 5510 2496 5571 Beatus,
2528 5512 2727 5578 optime
2753 5513 2949 5578 przesul
2977 5553 2989 5573 ,
3019 5511 3109 5578 qui
3137 5527 3264 5565 oves
3294 5512 3454 5582 Regis
3487 5514 3560 5564 tui
3594 5525 3712 5578 per-

2148 5579 2287 5633 ditas
2309 5621 2320 5642 ,
2351 5591 2403 5634 ct
2431 5596 2547 5650 quze
2578 5582 2692 5634 sine
2717 5581 2840 5632 ovili
2869 5594 3019 5634 erant
3040 5623 3054 5645 ,
3084 5584 3340 5650 repetiisti
3367 5579 3399 5646 ,’
3413 5583 3679 5634 adduxisti
3699 5619 3714 5643 ,

2149 5659 2205 5706 ct
2233 5651 2288 5707 iu
2313 5652 2446 5708 atria
2477 5651 2592 5722 ejus
2618 5652 2892 5723 collegisti.
2930 5653 3124 5709 Beatus
3156 5669 3212 5709 es
3246 5664 3322 5722 tu,
3354 5655 3440 5725 qui
3473 5655 3722 5723 luporum
