4042 6424
202 500 3453 570 ψ

1547 869 2201 1032 INDEX

567 1268 1179 1369 OPEBUM
1265 1272 1362 1363 s.
1456 1269 2058 1364 JOANNIS
2146 1263 3130 1361 CHRYSOSTOMI

1022 1572 1188 1642 QUAE
1230 1573 1298 1630 lN
1333 1572 1469 1629 HOC
1516 1570 1919 1629 nuonecuuo
1958 1572 2151 1630 TOMO
2199 1530 2717 1628 conatui-mrum

1533 1844 2253 1885 w—

226 2137 270 2191 1.
304 2132 558 2189 Prmlatio
580 2141 639 2186 et
672 2129 931 2186 homilia:
957 2118 1169 2183 XXXIV
1210 2128 1266 2182 in
1310 2126 1609 2197 Epistolam
1661 2126 1835 2183 sancti

298 2228 442 2284 Pauli
468 2226 538 2281 ad
574 2225 883 2289 Hebraeos,
930 2221 1277 2292 superaddita
1339 2215 1359 2286 (
1398 2215 1466 2272 ad
1495 2218 1656 2273 ﬁnem
1694 2233 1828 2289 ope-

303 2314 377 2370 ris
414 2317 433 2388 )
498 2316 743 2373 Mutiani
778 2313 1109 2369 Scholastici
1142 2311 1592 2380 interpretatione
1618 2307 1833 2377 Latina,

312 2409 500 2476 Savil.,
530 2408 697 2464 Tom.
728 2409 784 2461 4.
812 2422 936 2478 pag.
968 2405 1018 2460 1.
1052 2403 1243 2460 Morel.
1273 2402 1429 2459 Tom.
1463 2402 1516 2457 6.
1549 2417 1675 2475 pag.
1706 2402 1831 2457 427.

256 2553 559 2623 Sequuntur
576 2551 827 2607 bomiliae
855 2548 1107 2604 undecim
1140 2548 1408 2604 hactenus
1443 2561 1551 2600 non
1578 2545 1758 2613 editae,
1784 2555 1837 2603 et

318 2645 381 2698 ad
415 2645 701 2699 historiam
740 2642 888 2697 illius
914 2641 1012 2696 arvi
1046 2641 1274 2694 multum
1306 2638 1675 2694 conferentes.

252 2756 289 2823 -ι-
322 2756 376 2810 2.
403 2756 642 2810 llomilia
673 2755 853 2825 prima
878 2754 1063 2809 habita
1102 2754 1155 2808 in
1178 2752 1441 2824 Martyrio
1465 2770 1561 2809 seu
1590 2754 1642 2808 in
1666 2754 1839 2810 eccle-

318 2849 418 2911 sia,
458 2864 581 2918 qua:
624 2856 711 2903 est
758 2848 981 2917 antiqua
1013 2845 1171 2900 Petra
1208 2862 1220 2897 :
1260 2863 1279 2896 ι
1318 2843 1473 2909 Quod
1528 2845 1839 2915 frequenter

319 2942 759 2998 conveniendum
787 2941 881 3005 sit,
913 2948 966 2995 et
991 2937 1139 3010 quod
1174 2953 1283 2993 non
1312 2938 1387 2993 sit
1433 2936 1836 3008 desperandum

314 3034 383 3088 de
410 3034 609 3098 salute,
658 3052 677 3086 ι
716 3033 823 3088 col.
860 3031 1122 3088 469-470.

246 3156 287 3227 1⁵
319 3158 376 3213 5.
401 3157 641 3212 llomilia
664 3155 906 3213 secunda
937 3156 1125 3211 habita
1156 3172 1279 3211 cum
1301 3158 1617 3227 lmperatrix
1653 3158 1838 3213 Eudo-

314 3252 403 3304 xia
421 3248 684 3319 reliquias
715 3258 1015 3319 martyrum
1046 3249 1100 3302 in
1131 3249 1294 3303 aliam
1327 3251 1617 3305 ecclesiam
1656 3259 1838 3305 trans-

318 3342 458 3395 latas
488 3342 753 3395 comitata
788 3349 955 3407 esset,
989 3352 1117 3407 ctc.,
1154 3342 1259 3396 col.
1283 3342 1549 3398 475-476.

247 3453 288 3521 1-
325 3454 381 3508 ι.
416 3454 653 3509 llomilia
678 3456 836 3509 tertia
856 3455 1042 3511 habita
1061 3466 1353 3528 postquam
1381 3459 1682 3528 Imperator
1706 3460 1835 3515 reli-

300 3546 459 3616 quias
484 3556 851 3603 veneraturus
874 3548 929 3601 in
955 3549 1246 3605 ecclesiam
1272 3549 1329 3603 S.
1352 3549 1577 3605 Thomas
1599 3566 1721 3608 cum
1742 3568 1837 3608 co-

322 3639 519 3692 mitatu
553 3653 658 3693 suo
687 3648 932 3705 venerat,
959 3641 1066 3696 col.
1092 3640 1358 3697 481-482.

248 3748 287 3816 -ξ-
326 3750 379 3802 5.
408 3748 646 3805 llomilia
663 3760 858 3821 quarta
887 3753 940 3806 in
965 3754 1201 3809 ecclesia
1233 3755 1291 3809 S.
1315 3757 1624 3814 Anastasiae
1648 3758 1834 3815 habita

321 3836 389 3892 de
419 3840 689 3909 agonibus
719 3839 777 3894 S.
813 3839 956 3908 Julii,
992 3842 1097 3899 col.
1130 3844 1394 3903 485-486.

255 3958 295 4025 1'
331 3957 384 4012 6.
418 3960 656 4015 llomilia
686 3963 876 4032 quinta
895 3964 1077 4020 habita
1110 3967 1165 4020 in
1195 3969 1401 4040 templo
1432 3969 1490 4025 S.
1530 3970 1738 4039 lrcnes,
1768 3973 1835 4028 de

318 4051 501 4105 studio
531 4056 885 4123 praesentium
905 4064 955 4111 ct
977 4055 1043 4111 de
1069 4057 1288 4127 ignavia
1318 4061 1627 4117 absentium
1655 4083 1666 4117 :
1692 4065 1837 4135 quod

327 4141 397 4194 sit
422 4142 791 4212 psallendum,
816 4153 947 4213 ctc.,
981 4147 1087 4202 col.
1116 4148 1376 4205 495-494.

264 4257 301 4327 ἦ·
333 4261 620 4317 7.llomilia
643 4273 797 4319 sexta
846 4266 1112 4322 habitain
1156 4271 1394 4327 ecclesia
1442 4279 1836 4345 Apostolorum

317 4351 368 4404 in
405 4354 490 4407 die
544 4352 841 4409 Theodosii
905 4357 1282 4428 Imperatoris,
1324 4374 1515 4420 contra
1544 4368 1838 4434 Catharos,

321 4445 423 4498 col.
448 4446 709 4502 499-500.

263 4551 301 4619 -θ
336 4553 386 4607 8.
423 4555 657 4612 Homilia
690 4560 923 4629 septima
964 4562 1150 4622 habita
1184 4568 1238 4623 in
1273 4572 1476 4641 templo
1512 4573 1569 4629 S.
1603 4575 1840 4633 Anasta-

312 4648 423 4710 δίεν,
456 4650 561 4704 col.
597 4651 861 4709 501-502.

260 4759 298 4827 1'
357 4761 406 4814 9.
441 4761 673 4818 llomilia
731 4775 923 4823 octava
960 4769 1142 4828 habita
1174 4776 1229 4831 in
1260 4779 1494 4835 ecclesia
1545 4780 1605 4836 S.
1660 4783 1838 4853 Pauli,

318 4853 422 4907 col.
454 4854 578 4909 507-
592 4858 716 4913 508.

255 4971 293 5040 1-
330 4975 410 5028 10.
441 4974 674 5037 Homilia
709 4999 853 5042 nona
896 5006 910 5042 :
946 5006 966 5039 ε
1018 4989 1173 5056 Quod
1209 5008 1318 5049 non
1348 5005 1601 5068 oporteat
1626 4998 1694 5054 ad
1730 5000 1840 5057 cir-

318 5079 443 5119 cum
471 5078 523 5123 et
565 5074 771 5130 theatra
800 5079 1124 5147 ascendere,
1148 5089 1202 5138 et
1236 5084 1293 5138 in
1323 5085 1478 5151 illud,
1499 5086 1665 5143 Pater
1693 5107 1837 5145 meus

319 5171 477 5225 atque
504 5166 654 5221 τοι)άο
686 5180 962 5239 operatur,
993 5182 1042 5226 et
1072 5191 1193 5245 ergo
1222 5192 1428 5247 operor,
1454 5198 1469 5232 ι
1496 5195 1545 5235 c.
1567 5181 1828 5239 519-520.

1938 2126 1980 2197 οι-
2006 2127 2089 2181 11.
2118 2125 2352 2181 Humilia
2369 2125 2579 2183 decima
2603 2125 2658 2181 in
2676 2125 2833 2191 illud,
2868 2124 3063 2182 Messi:
3087 2127 3298 2198 quidem
3330 2131 3521 2199 multa,

1998 2220 2228 2289 operarii
2257 2230 2432 2273 autem
2459 2218 2642 2287 pauci,
2676 2220 2785 2273 col.
2824 2218 3090 2275 525-524.

1937 2335 1980 2406 -ι-
2010 2334 2097 2389 12.
2124 2332 2359 2390 Homilia
2389 2332 2677 2390 undecima
2707 2332 2778 2389 de
2815 2331 3079 2389 Eleazaro
3110 2343 3164 2391 et
3201 2340 3269 2393 de
3309 2342 3516 2409 Septem

2006 2428 2214 2499 pueris,
2239 2428 2344 2483 col.
2376 2427 2638 2513 551-5323

1942 2544 2027 2599 15.
2071 2543 2354 2599 Severiani
2380 2544 2448 2600 de
2504 2545 2716 2616 Sigi‘llis
2766 2547 3058 2610 librorum,
3092 2545 3199 2602 col.
3248 2546 3523 2602 559-540.

2004 2635 2175 2691 Savil.
2203 2634 2269 2692 T.
2305 2637 2357 2691 5.
2388 2653 2441 2707 p.
2477 2636 2605 2693 689.
2636 2636 2827 2693 Morel.
2852 2636 2989 2694 T.6.
3031 2653 3082 2707 p.
3113 2637 3237 2693 158.

1943 2748 2030 2801 H.
2067 2746 2303 2802 Ilontilia
2329 2750 2382 2802 in
2444 2748 2602 2815 illud,
2639 2748 2707 2803 In
2763 2752 3025 2821 principio
3078 2762 3193 2806 erat
3274 2751 3524 2817 Verbum,

2005 2841 2409 2899 001.551-552.
2462 2840 2633 2897 Savil.
2668 2841 2734 2896 T.
2769 2843 2822 2895 5.
2857 2859 2919 2913 p.
2964 2844 3089 2899 659.
3141 2844 3333 2900 Morel.
3373 2846 3437 2902 τ.
3477 2849 3530 2904 6.

2009 2954 2062 3007 p.
2095 2936 2223 2992 9255.

1943 3048 2029 3104 15.
2076 3048 2268 3103 Sermo
2295 3048 2362 3106 de
2408 3046 2850 3125 Mansuetudine,
2879 3050 2986 3104 col.
3037 3050 3307 3105 555-558.
3360 3054 3530 3113 Savil.

2000 3138 2134 3194 T.6.
2168 3155 2223 3209 p.
2246 3140 2372 3197 759.
2404 3139 2601 3198 Morel.
2628 3142 2691 3197 Τ.
2719 3141 2772 3198 5.
2803 3159 2857 3213 p.
2889 3142 3013 3200 558.
3052 3222 3059 3223 ί

1944 3256 2029 3308 16.
2057 3254 2269 3325 Eclogce
2292 3271 2386 3311 seu
2411 3256 2703 3329 Florilegia
2722 3274 2787 3313 ex
2813 3259 3021 3314 Savilio
3040 3269 3223 3326 aucta,
3251 3262 3358 3316 col.
3394 3260 3534 3314 567-

1999 3351 2125 3406 568.
2156 3351 2326 3407 Savil.
2358 3352 2422 3406 T.
2456 3351 2510 3405 7.
2546 3369 2600 3423 p.
2628 3350 2755 3407 665.
2780 3352 2969 3409 Morel.
3003 3353 3204 3425 T.6.p.
3238 3354 3365 3409 666.

1941 3463 2027 3516 17.
2065 3462 2310 3533 Liturgia
2341 3464 2516 3519 sancti
2540 3463 2772 3519 Joannis
2817 3464 3224 3535 Chrysoslomi,
3258 3468 3364 3520 col.
3389 3467 3524 3521 90l-

2011 3555 2136 3609 902.
2178 3555 2347 3612 Savil.
2382 3555 2444 3610 T.
2471 3556 2523 3611 6.
2559 3574 2615 3628 p._
2648 3558 2775 3613 985.

2536 3720 2810 3776 SPURIA.

1943 3850 2031 3905 18.
2072 3851 2129 3905 In
2170 3867 2363 3905 novatn
2407 3852 2749 3908 Dominicam
2782 3863 2837 3909 et
2878 3856 2931 3910 in
2967 3856 3025 3911 S.
3082 3855 3370 3923 Thomam,
3422 3856 3532 3912 col.

2000 3940 2262 3995 927—923.
2290 3940 2460 3997 Savil.
2487 3942 2550 3996 T.
2580 3945 2632 3997 7.
2670 3961 2723 4013 ῃ.
2754 3947 2879 4002 s73.

1945 4053 2031 4109 19.
2070 4054 2125 4110 In
2183 4058 2241 4112 t5.
2312 4055 2674 4126 Stephanum,
2704 4059 2810 4112 enl.
2856 4059 3120 4115 929-950.
3184 4060 3352 4115 Savil.
3391 4061 3535 4118 T.7.

2008 4163 2061 4217 p.
2096 4149 2225 4203 578.

1942 4252 2030 4316 29.
2068 4263 2123 4317 lu
2183 4262 2239 4317 S.
2281 4262 2642 4333 Stephanum,
2700 4267 2804 4319 col.
2842 4267 3105 4322 951-952.
3163 4267 3333 4322 Savnt.
3373 4269 3435 4323 T.
3482 4271 3531 4323 7.

2004 4371 2057 4423 p.
2096 4354 2221 4409 581.

1942 4469 2031 4523 21.
2064 4467 2121 4522 lu
2156 4467 2214 4523 S.
2274 4470 2637 4542 Stephanum,
2674 4473 2783 4531 col.
2833 4476 3093 4531 935-93-1.
3138 4476 3309 4531 Savil.
3376 4475 3439 4529 T.
3476 4476 3529 4530 7.

2010 4579 2063 4632 p.
2100 4563 2222 4617 781.

1944 4675 2034 4731 22.
2070 4678 2127 4730 ln
2166 4677 2222 4731 δ.
2258 4676 2642 4745 Peutecoslcn,
2668 4680 2774 4735 col.
2812 4682 3071 4736 951-958.
3131 4682 3300 4738 Savil.
3364 4680 3428 4735 T.
3472 4683 3532 4738 7.

2001 4784 2057 4839 p.
2082 4767 2206 4825 782.

1942 4883 2031 4937 25.
2072 4882 2145 4939 De
2180 4884 2461 4954 patientia,
2492 4886 2642 4941 etde
2690 4887 3178 4945 Consuxmnatione
3229 4890 3397 4959 hujus
3434 4907 3534 4946 sm-

2015 4978 2146 5045 culi,
2179 4987 2311 5046 ctc.,
2340 4980 2447 5035 col.
2472 4979 2736 5035 957-958.
2783 4981 2951 5037 Savil.
2979 4982 3043 5036 T.
3070 4984 3123 5039 7.
3161 4998 3215 5052 p.
3248 4984 3373 5037 153.

1944 5095 2034 5150 24.
2092 5094 2415 5151 Encomium
2446 5098 2621 5153 sancti
2672 5098 2920 5170 Gregorii
2975 5099 3372 5153 llluminatoris
3405 5114 3432 5151 a
3472 5098 3535 5153 D.

2017 5187 2212 5245 abbate
2231 5190 2299 5246 de
2320 5189 2583 5261 Villeiroy
2616 5205 2681 5247 ex
2708 5190 3035 5247 Armeniaco
3064 5191 3256 5247 Latine
3291 5205 3535 5247 versum.

1444 5513 2358 5554 WMW
