4042 6428
465 405 520 456 ιι
1129 388 1187 443 s.
1224 384 1498 443 JOANNIS
1526 377 1991 439 cnuvsosrosu
2034 371 2345 428 ARCillEP.
2385 371 2912 428 consumma.
3662 371 3734 425 η

464 516 819 577 adversarios,
848 524 941 566 cur
978 503 1178 562 nonad
1215 501 1429 558 Jodmos
1467 516 1495 552 a
1532 498 1641 553 Deo
1685 495 1879 548 missus
1923 487 2030 545 sit?

468 612 593 680 quia
655 622 722 663 eo
776 600 990 659 nomine
1046 598 1317 668 prtecipue
1374 591 1473 661 ipsi
1542 588 1769 643 fuissent
1816 581 2031 637 infensi.

471 676 603 757 Cum
650 699 749 751 hoc
796 692 955 763 igitur
994 688 1269 759 prmsciret
1311 683 1469 745 Deus,
1516 688 1568 734 et
1604 676 1742 747 quod
1773 688 1893 729 cum
1927 686 2032 763 non

472 801 648 849 essent
671 761 988 847 admissuri;
1018 778 1349 847 Proﬁciscere
1382 772 1450 825 ad
1474 778 1662 841 gentes,
1697 765 1887 834 inquit,
1915 761 2034 832 quia

468 886 547 939 illi
579 896 678 933 non
717 876 960 945 accipient
986 867 1325 925 testimonium
1356 876 1495 918 tuum
1535 860 1597 913 de
1636 874 1713 912 me
1761 857 1899 927 (Act.
1941 851 2033 907 22.

472 973 581 1045 18).
606 970 739 1025 Tum
766 968 893 1022 ille:
930 958 1377 1027 Eliam,Domine,
1417 954 1514 1022 ipsi
1557 951 1718 1005 sciunt
1767 946 1904 1045 quod
1946 958 2036 1045 ego

470 1038 763 1127 vinciebant,
808 1067 854 1112 et
902 1052 1221 1110 verberabam
1248 1064 1334 1119 per
1362 1060 1646 1117 synagogas
1691 1039 1945 1093 credentes
1982 1038 2036 1091 in

468 1170 534 1227 te,
568 1166 613 1212 et
642 1171 756 1210 cum
777 1149 1117 1223 effunderetur
1155 1140 1359 1211 sanguis
1389 1136 1637 1207 Stephani
1664 1133 1799 1188 testis
1826 1131 1930 1227 tui,
1946 1145 2037 1198 ego

470 1221 665 1321 quoque
719 1221 927 1299 aderam
978 1235 1266 1308 approbans
1312 1245 1424 1321 eam
1474 1226 1726 1321 card-em,‘
1742 1221 2038 1321 custodiens

469 1313 623 1396 .2“...
660 1331 1051 1391 interintentium
1096 1326 1241 1380 illum
1284 1319 1445 1393 (Ibid.
1482 1333 1530 1371 υ.
1569 1316 1656 1371 19.
1697 1314 1813 1382 20).
1865 1313 2039 1381 Atque

470 1434 575 1487 hoc
600 1431 647 1485 ei
674 1430 879 1499 signum
920 1436 1039 1477 esse
1082 1414 1315 1473 ostendit
1359 1420 1413 1467 et
1457 1416 1848 1499 argumentum,
1897 1402 2037 1474 quod

470 1540 577 1581 non
626 1517 879 1576 credituri
922 1515 1027 1569 sint
1072 1510 1194 1565 sibi.
1248 1506 1338 1562 Sic
1390 1504 1531 1559 enim
1584 1516 1642 1557 se
1692 1514 1778 1555 res
1831 1498 2036 1553 habet:

470 1612 682 1686 quando
704 1610 822 1681 quis
846 1622 876 1660 a
901 1612 1060 1675 gente
1090 1600 1337 1671 quapiam
1364 1593 1643 1659 deiecerit,
1674 1590 1719 1686 si
1748 1591 1919 1686 sit_ex
1962 1589 2042 1686 in:

470 1678 610 1760 fimis
653 1678 955 1757 et‘nullius
1013 1687 1445 1753 existimationis,
1496 1699 1603 1739 non
1651 1680 1935 1736 admodum
1987 1678 2042 1734 id

470 1798 757 1854 molestum
786 1802 869 1848 est
906 1789 970 1843 iis
996 1801 1129 1857 quos
1156 1782 1396 1839 deseruit
1424 1797 1437 1833 :
1467 1776 1609 1849 quod
1634 1776 1676 1829 si
1715 1774 1855 1829 idem
1886 1772 2043 1827 faciat

471 1888 703 1947 eximius
723 1883 916 1953 aliquis
945 1890 998 1935 et
1017 1879 1133 1936 zelo
1162 1875 1357 1930 ardens
1386 1880 1441 1928 et
1472 1871 1561 1941 qui
1590 1867 1796 1939 pridem
1825 1866 2041 1920 illorum

472 1978 752 2036 sententiae
793 1972 981 2035 fuerat,
1024 1968 1077 2023 id
1114 1979 1244 2021 vero
1271 1964 1390 2018 illos
1415 1961 1553 2015 male
1581 1959 1763 2025 habet,
1796 1964 1851 2013 et
1880 1968 2041 2025 supra

471 2069 691 2125 modum
740 2076 971 2121 maerore
1014 2056 1250 2120 coniicit,
1280 2064 1340 2109 ut
1367 2051 1509 2125 quod
1554 2049 1787 2105 maxime
1830 2047 2043 2101 illorum

471 2163 663 2231 dogma
695 2154 980 2217 convellat,
1013 2146 1301 2205 resiliendo
1327 2144 1393 2198 ad
1425 2144 1580 2197 alios.
1621 2140 1759 2208 Quin
1799 2146 1853 2193 et
1899 2136 2043 2192 aliud

470 2255 665 2317 iuerat,
721 2246 862 2319 quod
916 2241 1222 2298 incredulos
1273 2236 1540 2294 redderet.
1595 2232 1858 2302 Quidnam
1904 2231 2044 2286 hoc?

473 2342 627 2411 Quod
652 2341 841 2399 Petrus
874 2344 928 2391 et
953 2333 1144 2403 reliqui
1175 2345 1296 2386 cum
1322 2328 1538 2384 Christo
1580 2326 1950 2390 convixerant,
1991 2333 2046 2379 et

473 2436 709 2508 prodigia
744 2432 861 2501 ejus
890 2445 949 2482 ac
980 2425 1234 2481 miracula
1263 2421 1503 2476 viderant
1531 2437 1543 2472 :
1579 2418 1665 2473 hic
1694 2428 1873 2475 autem
1906 2416 2044 2470 nihil

473 2532 688 2591 horum,
714 2524 807 2579 sed
825 2537 943 2577 eum
962 2518 1173 2574 essetin
1203 2513 1443 2585 partibus
1466 2510 1799 2575 Judzeorum,
1828 2516 2047 2578 repente

476 2620 757 2690 transfugit
804 2616 869 2671 ad
915 2622 1173 2668 nostros:
1225 2607 1278 2662 id
1316 2604 1457 2677 quod
1509 2602 1659 2659 valde
1700 2617 1787 2657 res
1837 2612 2048 2657 nostras

474 2708 826 2767 conﬁrmavit.
872 2703 948 2758 llli
992 2702 1133 2757 enim
1179 2698 1262 2754 vel
1302 2696 1369 2752 ad
1410 2695 1633 2767 gratiam
1686 2691 2045 2747 testimonium

478 2807 617 2862 ferre
652 2801 818 2857 videri
860 2804 1125 2869 poterant,
1160 2792 1313 2863 quasi
1352 2789 1421 2844 ob
1449 2786 1683 2857 Magistri
1718 2784 2048 2840 desiderium

475 2900 854 2951 attestareutur
896 2888 1017 2943 talia
1053 2904 1066 2938 ι
1099 2894 1153 2938 at
1195 2884 1283 2938 hic
1317 2879 1727 2936 resurrectionis
1772 2878 1944 2942 testis,
2001 2876 2049 2930 is

478 2992 596 3060 ipse
624 3002 810 3041 vocem
852 2983 1020 3038 solam
1062 2980 1179 3048 ejus
1217 2976 1511 3031 audiverat.
1543 2973 1878 3043 QuaprOpter
1902 2970 2051 3026 vides

478 3097 571 3138 eos
620 3080 743 3134 huic
786 3092 847 3131 ex
891 3074 1068 3127 animo
1114 3068 1357 3135 infestos,
1387 3066 1679 3121 Seditiones
1702 3063 2048 3129 concitantes,

479 3185 533 3229 et
571 3171 699 3227 nihil
733 3184 836 3224 non
864 3168 917 3220 in
947 3164 1237 3235 perniciem
1279 3163 1397 3229 ejus
1438 3158 1744 3237 molientes.
1788 3155 2051 3212 Caeterum

480 3263 785 3321 incredulos
827 3257 1043 3313 Judmos
1091 3254 1205 3309 haec
1254 3267 1414 3307 causa
1465 3250 1883 3314 abalienaverat,
1932 3263 2052 3304 cre-

481 3358 670 3412 dentes
697 3368 823 3407 vero
852 3344 1136 3419 quamam?
1165 3343 1300 3411 Quia
1347 3355 1569 3396 necesse
1615 3339 1841 3395 habebat
1882 3340 2056 3410 genti-

480 3453 582 3506 bus
624 3460 760 3516 pure
806 3442 1098 3513 prtedicare
1138 3436 1492 3493 Christianam
1539 3434 1873 3504 religionem,
1919 3442 1973 3487 et
2009 3428 2057 3486 si

482 3540 697 3610 quando
739 3536 791 3589 in
836 3531 1141 3587 Juda-orum
1183 3526 1405 3597 regione
1455 3535 1777 3589 versaretur,
1818 3524 1951 3578 nihil
2002 3523 2056 3578 id

483 3632 721 3689 curabat.
765 3628 953 3684 Petrus
1002 3622 1144 3678 enim
1192 3630 1245 3675 et
1280 3618 1433 3683 socii,
1479 3627 1538 3672 ut
1580 3617 1671 3688 qui
1707 3616 2059 3690 Jerosolymis

485 3721 863 3795 pmdicabant,
896 3718 981 3771 ubi
1010 3716 1142 3786 legis
1170 3713 1381 3769 fervens
1402 3710 1642 3767 studium
1668 3720 1806 3777 erat,
1839 3727 2060 3768 necesse

487 3816 755 3872 habebant
790 3827 907 3867 eam
948 3810 1137 3880 jubere
1184 3806 1385 3862 servari
1416 3824 1431 3858 :
1474 3812 1529 3859 at
1570 3804 1657 3861 hic
1686 3816 1869 3862 noster
1896 3806 2061 3863 multa

486 3910 734 3963 libertate
778 3903 1039 3958 utebatur.
1084 3898 1272 3955 Plures
1304 3898 1467 3954 etiam
1504 3905 1659 3954 erant
1697 3913 1728 3954 e
1776 3899 2062 3970 gentilibus

488 4012 646 4070 quam
686 3993 875 4057 Judaei,
924 3998 1105 4061 utpote
1145 3990 1236 4060 qui
1285 3989 1492 4044 externi
1540 3998 1753 4055 essent;
1783 4005 1886 4045 non
1921 4001 2063 4046 tanta

490 4089 626 4160 legis
671 4084 926 4155 religione
972 4080 1318 4145 tenebantur,
1350 4094 1521 4150 eoque
1549 4079 1755 4136 facilius
1781 4096 1840 4137 se
1868 4082 1935 4139 ab
1973 4084 2061 4139 illa

494 4178 872 4241 absolvebant,
904 4174 1066 4230 Paulo
1094 4172 1269 4228 omnia
1300 4187 1431 4243 pure
1459 4173 1798 4242 praedicante.
1831 4175 1900 4231 Et
1943 4193 2067 4235 vere

493 4287 555 4327 ea
575 4270 641 4325 de
666 4282 823 4325 causa
846 4267 990 4321 illum
1019 4264 1270 4319 inducere
1299 4263 1567 4331 videntur,
1594 4275 1650 4319 ut
1674 4268 2067 4326 multitudinem

497 4366 837 4416 revereantur
866 4372 879 4407 :
925 4354 1091 4419 Vides,
1116 4354 1379 4421 inquiunt,
1408 4357 1587 4423 frater,
1625 4364 1741 4426 quot
1783 4358 1945 4413 millia
1968 4362 2069 4416 sint

491 4453 792 4507 Juda'orum
835 4446 1181 4502 credentium?
1222 4446 1308 4517 qui
1353 4445 1414 4499 ob
1460 4445 1555 4500 hoc
1590 4454 1638 4501 te
1674 4448 1907 4520 oderunt,
1934 4455 2069 4523 quod

494 4546 744 4600 audierint
770 4554 816 4597 te
838 4541 1164 4611 defectionem
1190 4555 1221 4591 a
1242 4539 1349 4610 lege
1378 4538 1573 4592 docere.

564 4636 667 4693 Cur
707 4634 898 4687 Paulus
942 4629 1223 4700 Epistolam
1264 4630 1333 4682 ad
1364 4627 1604 4685 Hebrceos
1648 4634 1928 4703 scripserit,
1972 4655 2071 4708 quo

495 4744 741 4800 tempore,
779 4740 879 4792 qua
911 4722 1190 4777 occasione.
1212 4751 1283 4761 —
1306 4719 1414 4775 Cur
1436 4722 1595 4792 igitur
1627 4723 1826 4781 .ludmis
1864 4730 2070 4799 scribit,

494 4840 617 4881 cum
650 4837 753 4876 non
781 4818 849 4873 sit
885 4830 1068 4871 eorum
1110 4812 1343 4869 doctor?
1370 4823 1461 4868 aut
1486 4828 1715 4884 quonam
1744 4818 1810 4873 ad
1838 4834 1930 4875 eos
1960 4823 2074 4892 epi-

494 4918 688 4973 stolam
718 4911 916 4969 mittit?
955 4907 1069 4963 Mea
1096 4905 1351 4976 opinione
1376 4905 1769 4979 Jerosolymam
1813 4920 1866 4965 et
1894 4911 1947 4965 in
1976 4912 2074 4967 Pa-

493 5010 782 5066 lznstinam.
814 5003 918 5061 Sed
948 5000 1217 5074 quomodo
1263 5000 1489 5057 scribit?
1516 5000 1975 5069 Quemadmodum
2024 5018 2077 5063 el

494 5099 823 5173 baptizabat,
872 5112 977 5151 non
1003 5094 1185 5165 jussus
1232 5091 1541 5161 baptizare;
1574 5093 1647 5147 ait
1688 5094 1832 5149 enim
1879 5112 1937 5152 se
1969 5114 2076 5155 non

497 5196 722 5250 missum
750 5191 815 5245 ad
846 5186 1219 5259 baptizandum
1253 5186 1331 5255 (l.
1363 5182 1482 5239 Cor.
1516 5186 1567 5239 1.
1598 5188 1689 5257 Π)
1721 5210 1734 5243 :
1769 5204 1868 5245 nec
1901 5200 2079 5249 tamen

498 5287 698 5343 vetitus
724 5291 863 5345 erat,
896 5280 990 5335 sed
1022 5294 1200 5349 opera:
1235 5277 1528 5333 auctarium
1557 5277 1659 5333 hoc
1691 5279 1835 5337 fecit.
1878 5282 1948 5338 Et
1983 5302 2080 5342 cur

497 5378 583 5433 his
614 5391 718 5431 non
748 5373 1029 5437 scriberet,
1062 5386 1158 5440 pro
1184 5368 1374 5439 quibus
1399 5369 1683 5425 anathema
1723 5387 1844 5430 esse
1870 5377 2082 5436 volebat

500 5470 678 5541 (Rom.
708 5466 764 5523 9.
786 5468 881 5537 3)?
907 5465 1244 5534 Quapropter
1269 5462 1402 5517 dixit
1428 5481 1441 5517 :
1471 5461 1649 5518 Nostis
1677 5467 1885 5536 fratrem
1914 5470 2081 5529 Timo-

501 5561 675 5613 theum
698 5559 939 5620 solutum,
961 5570 1210 5625 cumquo,
1230 5554 1273 5608 si
1299 5554 1548 5609 maturius
1576 5559 1786 5623 venerit,
1818 5563 1976 5615 visam
1997 5581 2082 5620 vos

506 5651 689 5725 (Hebr.
724 5652 811 5708 i5.
845 5650 962 5719 2'5).
997 5648 1237 5703 Nondum
1288 5647 1428 5701 enim
1470 5650 1896 5719 comprehensus
1942 5667 2077 5712 erat.

505 5747 639 5799 Cum
683 5744 841 5815 igitur
878 5742 1155 5798 biennium
1202 5740 1385 5795 Roma:
1436 5743 1703 5810 exegisset
1736 5744 1789 5798 in
1834 5746 2079 5813 vincuiis,

514 5839 727 5893 tandem
756 5837 1003 5892 dimissos
1035 5846 1144 5903 est;
1174 5837 1366 5891 deinde
1398 5837 1449 5890 in
1476 5836 1755 5906 Hispanias
1782 5846 2079 5908 prolectus;

2144 496 2325 555 postea
2355 485 2406 539 in
2430 484 2668 540 intimam
2701 486 2864 545 venit.
2916 494 2969 540 et
3004 482 3217 539 Judmos
3264 484 3477 551 invisit;
3520 500 3582 540 ac
3610 496 3732 537 tum

2140 593 2323 632 rursus
2365 577 2590 632 Romam
2627 592 2875 632 reversus
2905 587 3007 638 est,
3042 576 3256 647 quando
3298 586 3350 631 el
3398 576 3732 645 supplicium

2134 671 2284 738 jussu
2336 669 2563 724 Neronis
2596 670 2832 738 pertulit.
2866 669 3100 724 Proinde
3146 669 3369 737 epistola
3416 670 3481 722 ad
3534 668 3735 722 Timo-

2142 764 2320 817 theum
2365 763 2635 829 antiquior
2667 762 2763 816 hac
2808 771 2924 825 est;
2958 762 3065 816 illic
3093 764 3236 817 enim
3265 762 3414 827 dicit,
3448 761 3556 833 Ego
3588 763 3734 815 enim

2129 857 2242 925 jam
2283 856 2551 918 immolor;
2597 864 2651 909 et
2693 869 2931 917 rursum,
2980 853 3045 906 In
3086 856 3249 923 prima
3293 870 3405 907 mea
3434 854 3734 922 defensione:

2141 965 2283 1002 nano
2325 948 2447 1000 milti
2474 947 2637 1017 adfuit
2673 946 2745 1016 (ἓ.
2790 945 2922 999 Tim.
2954 946 3008 1000 4.
3050 947 3101 1000 6.
3147 958 3193 1000 et
3224 946 3334 1017 16).
3367 946 3522 1015 Smpe
3561 961 3727 1000 nam-

2140 1055 2241 1110 que
2276 1038 2524 1102 certavit,
2562 1037 3013 1108 quemadmodum
3057 1047 3112 1092 et
3148 1037 3737 1093 Thessalonicensihus

2142 1132 2323 1187 scribit
2378 1150 2391 1185 :
2441 1131 2732 1185 Imitatores
2779 1132 2903 1201 facti
2957 1132 3074 1185 estis
3126 1130 3477 1186 Ecclesiurum
3523 1130 3740 1184 ludam!

2146 1226 2219 1294 (Ι.
2254 1223 2427 1277 Thess.
2458 1224 2511 1277 2.
2539 1224 2649 1292 14).
2679 1224 2815 1289 Quin
2840 1232 2891 1277 et
2921 1223 3048 1293 ipsis
3072 1224 3332 1288 scribens,
3357 1222 3483 1277 Cum
3511 1222 3729 1293 gaudio,

2142 1316 2333 1385 inquit,
2386 1315 2721 1383 direptionem
2770 1314 3074 1385 facultatum
3127 1325 3408 1368 vestrarum
3460 1314 3730 1383 accepistis

2144 1409 2327 1482 (Hebr.
2382 1409 2466 1465 10.
2515 1410 2625 1479 54).
2662 1408 2824 1463 Vides
2869 1423 3054 1463 eorum
3098 1409 3428 1463 certamina?
3480 1406 3627 1474 Quod
3678 1406 3727 1460 si

2142 1502 2414 1572 apostolos
2457 1502 2528 1555 ita
2560 1501 2883 1565 tractabant,
2937 1516 3042 1555 non
3090 1502 3141 1555 in
3173 1500 3357 1555 Judma
3405 1499 3583 1563 modo,
3626 1499 3728 1551 sed

2147 1595 2465 1664 ubicumque
2509 1593 2649 1647 inter
2698 1592 2926 1663 gentiles
2970 1592 3235 1661 degebant
3274 1590 3441 1661 :quid
3487 1606 3590 1645 non
3643 1588 3728 1643 fa-

2143 1688 2277 1743 cturi
2307 1694 2467 1742 erant
2489 1685 2701 1739 caneris
2729 1684 3014 1739 ﬁdelibus?
3045 1684 3166 1738 Ideo
3200 1684 3347 1738 rides
3375 1699 3495 1737 eum
3531 1683 3731 1736 horum

2144 1794 2328 1835 curam
2362 1792 2550 1848 gerere
2592 1776 2934 1846 prtccipuam.
2965 1775 3096 1829 Cum
3142 1776 3285 1829 enim
3315 1776 3462 1837 dicit,
3502 1773 3731 1841 Proﬁci-

2144 1888 2256 1926 scor
2284 1871 2662 1925 ministraturus
2688 1868 2875 1921 sanctis
2894 1864 3231 1936 Jerosolyma:
3256 1866 3431 1935 (Rom.
3472 1866 3558 1920 l5.
3590 1865 3684 1933 95)
3714 1883 3729 1928 ;

2147 1972 2202 2018 et
2226 1976 2437 2017 rursum
2464 1975 2585 2015 cum
2626 1959 2941 2014 adhortatur
2977 1957 3281 2012 Corinthios
3326 1956 3392 2011 ad
3421 1956 3733 2010 beneﬁcen-

2147 2056 2296 2122 tiam,
2346 2053 2587 2109 scribens
2634 2052 2949 2107 Macedonas
2994 2051 3104 2121 jam
3148 2050 3486 2105 collationem
3536 2048 3736 2104 fecisse

2147 2148 2223 2220 (ἓ.
2252 2147 2368 2204 Cor.
2388 2148 2441 2203 8.
2472 2148 2546 2218 l),
2578 2146 2778 2202 addens
2808 2160 2865 2200 se
2889 2159 3099 2215 quoque
3124 2144 3169 2199 si
3199 2159 3333 2213 opus
3364 2144 3435 2197 sit
3467 2141 3739 2210 proiectu-

2146 2256 2284 2296 rum.
2312 2240 2375 2295 Et
2403 2254 2523 2294 eum
2568 2238 2713 2301 dicit,
2742 2236 2962 2291 Tantum
2999 2248 3051 2290 ut
3078 2254 3357 2307 pauperum
3386 2253 3625 2291 memores
3653 2254 3738 2291 es-

2147 2347 2332 2397 semus,
2371 2330 2425 2383 id
2470 2330 2605 2399 quod
2652 2330 2917 2398 diligenter
2966 2329 3140 2382 curari
3169 2328 3309 2399 (Gal.
3341 2328 3393 2381 2.
3430 2328 3539 2397 10)⁹
3591 2329 3736 2382 idem

2148 2424 2295 2479 dicit.
2349 2422 2575 2477 Rursum
2634 2419 2818 2477 dicens
2850 2461 2863 2481 ,
2920 2417 3139 2473 Dextras
3190 2418 3430 2472 dederunt
3480 2420 3739 2473 societatis

2148 2518 2273 2572 mihi
2300 2527 2345 2570 et
2366 2514 2635 2591 Barnabte,
2667 2523 2719 2566 ut
2749 2529 2839 2566 nos
2877 2512 3075 2580 quidem
3114 2512 3181 2564 ad
3208 2521 3395 2582 gentes,
3424 2512 3522 2580 ipsi
3566 2522 3739 2565 autent

2148 2610 2216 2663 ad
2261 2609 2578 2663 circuntcisos
2620 2604 2783 2674 (Ibid.
2814 2620 2859 2658 υ.
2892 2603 2974 2674 9),
3006 2603 3144 2657 idem
3192 2602 3337 2657 dicit.
3397 2605 3463 2656 At
3509 2617 3611 2673 nou
3656 2604 3743 2658 sic

2150 2702 2216 2757 de
2244 2700 2564 2773 pauperibus
2594 2698 2701 2751 illic
2724 2696 3029 2767 agentibus,
3062 2697 3156 2749 sed
3181 2695 3293 2749 \‘ult
3319 2710 3415 2748 nos
3444 2695 3738 2764 participes

2152 2807 2272 2847 esse
2325 2805 2450 2861 erga
2502 2789 2621 2843 illos
2667 2787 3052 2842 benelicentim.
3104 2786 3221 2840 Non
3265 2788 3408 2841 enim
3454 2797 3509 2839 ut
3541 2786 3742 2853 [mndi-

2158 2880 2312 2937 candi
2336 2922 2350 2943 ,
2378 2881 2454 2934 sic
2479 2894 2767 2949 pauperum
2800 2892 2982 2933 curam
3032 2877 3101 2930 ita
3147 2877 3252 2931 illis
3280 2878 3642 2931 commisimus
3685 2888 3746 2933 ut

2155 2974 2209 3030 hi
2260 2974 2552 3034 Gentibus.
2581 2974 2651 3026 illi
2698 2972 2894 3027 Judaeis
2924 2972 3308 3041 prospicerent.
3345 2972 3503 3026 Vides
3543 2974 3745 3044 nhiquc:

2153 3080 2311 3139 quam
2344 3065 2693 3123 sitsollicitus
2727 3084 2739 3118 :
2770 3074 2822 3119 et
2854 3065 3063 3118 merito.
3097 3065 3250 3118 Aliud
3282 3064 3423 3119 enim
3458 3075 3572 3118 erat
3600 3067 3743 3135 apud

2156 3167 2379 3215 exteras
2426 3166 2629 3225 gentes,
2667 3156 2753 3209 ubi
2808 3151 2975 3211 Judaei
3027 3170 3147 3209 cum
3188 3153 3389 3210 Grarcis
3440 3158 3747 3227 promiscuo

2156 3250 2504 3306 versabantur
2537 3267 2549 3302 :
2582 3249 2633 3303 in
2687 3247 2871 3303 Juda‘a
2924 3262 3051 3302 vero
3104 3247 3355 3317 quoniam
3409 3250 3571 3304 etiam
3628 3260 3746 3306 tmn

2157 3342 2395 3415 quaedam
2441 3340 2707 3397 libertatis
2736 3340 2947 3410 species
2996 3340 3266 3405 manebat,
3302 3356 3399 3395 nec
3426 3343 3748 3398 vetchantur

2161 3436 2272 3490 suis
2316 3435 2520 3506 legibus
2575 3435 2757 3489 vivere
2811 3432 3044 3492 nondum
3096 3432 3354 3487 Romanis
3405 3434 3470 3488 ad
3529 3435 3743 3503 plenum

2160 3526 2380 3593 subditi,
2413 3542 2520 3582 non
2571 3526 2763 3581 mirum
2796 3526 2839 3579 si
2882 3540 3131 3596 magnam
3161 3526 3261 3581 sibi
3296 3526 3631 3583 vindicabant
3657 3539 3746 3599 ty-

2160 3620 2464 3677 rannidem.
2493 3619 2549 3676 Si
2576 3620 2716 3674 enim
2750 3628 2804 3675 et
2836 3619 2890 3673 in
2920 3619 3110 3673 alienis
3129 3619 3369 3685 urbibus,
3398 3619 3534 3675 sicut
3556 3622 3751 3675 Cerin-

2164 3712 2262 3779 thi,
2293 3712 2574 3782 pulsabant
2625 3712 3104 3783 archisynagogum
3133 3722 3258 3765 ante
3298 3712 3469 3779 ipsum
3514 3714 3748 3769 tribunal

2164 3803 2519 3875 proconsulis,
2565 3802 2805 3859 Gallione
2854 3818 2966 3857 rem
3020 3801 3153 3857 nihil
3204 3811 3425 3859 curante
3468 3804 3621 3875 (Act.
3655 3808 3746 3863 l8.

2167 3900 2290 3969 l7);
2322 3912 2497 3952 annon
2523 3897 2692 3967 magis
2716 3897 2767 3950 in
2799 3895 3023 3952 Iudaea?

2236 3990 2291 4043 2.
2334 3989 2496 4044 Vides
2521 3989 2681 4059 igitur
2707 3988 2977 4059 quomodo
3002 3988 3053 4041 in
3088 3987 3192 4043 illis
3222 3988 3444 4043 urbibus
3475 3991 3751 4060 apostolos

2168 4081 2233 4136 ad
2274 4081 2617 4152 magistratus
2655 4077 2952 4144 adducunt,
2995 4088 3050 4135 et
3078 4082 3315 4150 gentium
3362 4097 3519 4152 opem
3563 4093 3751 4139 contra

2169 4190 2264 4232 eos
2292 4174 2605 4246 postulant:
2638 4172 2785 4229 (1οηιί
2828 4190 2957 4228 vero
3006 4172 3138 4228 nihil
3180 4175 3284 4229 tale
3324 4173 3609 4238 faciebant.
3656 4177 3755 4232 sed

2172 4269 2293 4339 ipsi,
2322 4276 2618 4323 convocato
2645 4266 2893 4332 concilio,
2920 4266 2973 4319 in
3000 4280 3366 4336 quoscumque
3396 4266 3611 4322 libuerit
3639 4270 3760 4322 ani-

2172 4359 2529 4415 madvertunt.
2564 4358 2652 4414 Sic
2690 4357 3019 4429 Stephanum
3066 4358 3472 4425 interfecerunt,
3502 4360 3582 4415 sic
3611 4376 3745 4431 apo-

2174 4453 2340 4507 stolos
2366 4450 2544 4523 ﬂagris
2586 4451 2985 4521 castigaverunt
3029 4452 3345 4506 inconsultis
3389 4452 3756 4522 praesidibus:

2176 4546 2251 4599 sic
2297 4554 2350 4597 et
2392 4544 2611 4598 Paulum
2654 4544 2882 4599 occisuri
2929 4552 3101 4607 erant,
3153 4544 3252 4597 nisi
3286 4543 3530 4598 tribunus
3572 4544 3651 4599 eis
3697 4560 3761 4601 se

2176 4636 2478 4705 ohjecisset.
2509 4634 2635 4690 Hrec
2664 4635 2806 4689 enim
2836 4633 3038 4688 ﬁebant
3076 4645 3332 4689 manente
3370 4635 3545 4690 adhuc
3574 4645 3761 4690 aucto-

2177 4728 2335 4781 ritate
2360 4726 2694 4797 pontiﬁcum,
2727 4726 2982 4781 incolumi
3011 4728 3212 4796 templo
3251 4743 3372 4782 cum
3399 4743 3497 4783 suo
3527 4729 3673 4783 cultu
3699 4739 3759 4783 et

2179 4818 2474 4874 sacriliciis.
2520 4818 2714 4888 Aspice
2746 4819 2917 4889 ipsum
2964 4819 3184 4873 Paulum
3214 4818 3420 4888 judicio
3465 4822 3765 4877 sacerdotis

2181 4912 2391 4981 subjici,
2419 4912 2708 4975 dicentem,
2740 4911 3039 4967 Nesciebam
3061 4929 3167 4967 esse
3188 4914 3478 4983 pontiﬁcem
3510 4914 3645 4983 (Act.
3667 4916 3764 4972 23.

2182 5007 2236 5078 5)
2264 5026 2276 5073 ;
2311 5006 2469 5078 idque
2516 5023 2695 5062 coram
2728 5008 2969 5062 Romano
2999 5008 3245 5077 prasside.
3297 5006 3467 5062 Tanta
3517 5009 3623 5062 illis
3653 5020 3766 5065 tuus

2184 5112 2299 5156 erat
2324 5103 2557 5158 licentia.
2590 5099 2776 5173 Cogita
2822 5102 2983 5173 igitur
3026 5118 3185 5171 quam
3221 5103 3419 5157 misera
3454 5112 3579 5157 tunc
3609 5104 3770 5160 luerit

2188 5194 2421 5248 lidclium
2456 5195 2791 5266 Jcrosolyma
2834 5205 3192 5266 cmtcranlque
3235 5195 3476 5251 Judaeam
3523 5196 3771 5251 habitan-

2190 5289 2321 5343 tium
2361 5291 2618 5352 couditio.
2652 5290 2826 5357 Quare
2865 5290 2990 5360 quid
3025 5292 3215 5344 mirum
3258 5291 3325 5357 si,
3365 5290 3453 5360 qui
3486 5292 3773 5349 anathema

2190 5402 2309 5440 esse
2338 5401 2432 5456 pro
2455 5385 2740 5441 incredulis
2768 5386 3031 5456 cupiebat,
3057 5395 3109 5439 et
3128 5384 3195 5439 de
3224 5386 3499 5440 conversis
3523 5386 3587 5439 ad
3612 5385 3771 5440 Iidem

2193 5489 2299 5532 tum
2345 5486 2460 5532 erat
2505 5478 2789 5544 sollicitus,
2820 5489 2875 5531 ut
2902 5478 2944 5532 si
2975 5492 3062 5532 res
3094 5486 3359 5546 posceret,
3391 5474 3774 5545 profccuunI-ut

2191 5587 2292 5623 non
2325 5571 2666 5637 detrectaret,
2694 5570 2759 5625 ad
2794 5569 3207 5624 ministrandutn
3244 5584 3429 5624 eorum
3478 5571 3775 5623 uccCSsita-

2191 5660 2332 5714 tibus
2375 5662 2621 5730 dignatur
2664 5676 2757 5714 eos
2785 5660 3151 5715 consolatione
3199 5675 3297 5731 per
3337 5659 3566 5725 litteras,
3614 5669 3667 5712 ct
3694 5661 3774 5714 la.

2192 5750 2375 5804 hanzes
2433 5750 2580 5806 fulcit
2627 5753 2737 5805 suis
2781 5750 3259 5804 adhortatiomhus.
3290 5749 3345 5803 lu
3386 5760 3589 5802 tantum
3631 5766 3777 5805 Ctlltll

2193 5847 2649 5914 opprimebantur,
2682 5854 2736 5899 ut
2790 5859 2925 5915 pene
2976 5843 3263 5898 deficerent
3296 5863 3308 5898 :
3341 5842 3391 5897 id
3450 5844 3588 5912 quod
3635 5844 3775 5901 ritu
