4042 6408
184 416 237 472 is
712 360 713 365 Ν
1088 376 1153 455 tu
1190 392 1401 454 EPIST.
1443 392 1536 451 AD
1576 388 1781 449 nemo

1886 389 1939 447 S.
1980 388 2135 446 CAP.
2177 390 2219 448 Ι.
2260 389 2486 448 1103111..
2531 389 2570 446 1.
3393 384 3459 437 lt

182 526 400 601 epistola:
432 523 605 579 linem
636 520 719 575 his
744 516 934 573 verbis
960 513 1156 569 indicat
1186 530 1199 566 :
1232 512 1557 581 Quapropter
1586 521 1767 561 manus

184 596 402 681 remissas
430 627 479 671 et
509 629 683 687 genua
727 609 906 665 soluta
946 607 1184 675 surrigitc
1206 601 1389 675 (Hebr.
1419 600 1505 657 12.
1542 596 1666 672 12);
1715 605 1771 652 et

182 724 402 771 rursum,
446 704 641 759 Adhuc
671 696 1013 770 perpusillum
1053 692 1312 761 temporis,
1340 702 1388 746 et
1412 690 1505 761 qui
1529 697 1770 742 venturus

182 812 241 857 est
264 800 440 863 ueniet,
473 806 522 850 et
545 811 653 848 non
674 790 935 854 tardabit;
956 797 1009 843 et
1034 788 1247 849 iterum,
1276 783 1341 840 Si
1365 791 1507 837 extra
1532 779 1766 849 discipli-

181 908 284 947 nam
309 889 451 953 estis,
499 886 665 958 igitur
694 880 862 953 spurii
902 880 1041 941 estis.
1082 894 1182 931 non
1219 876 1314 945 ﬁlii
1345 873 1507 947 (Ibid.
1555 872 1642 928 10.
1674 872 1764 928 57.

181 994 221 1037 et
250 982 327 1036 12.
355 979 435 1049 8).
466 976 751 1046 Quoniam
777 972 922 1029 enim
951 968 1122 1026 Judri
1164 975 1337 1031 erant,
1386 975 1443 1020 et
1468 980 1499 1019 a
1530 962 1769 1033 patribus

180 1073 279 1130 suis
307 1071 623 1126 didicerant
649 1083 683 1124 e
704 1065 928 1136 vestigio
949 1059 1334 1133 exspectandas
1357 1073 1479 1115 esse
1508 1059 1768 1112 malorum

180 1174 229 1220 et
268 1166 538 1219 bonorum
582 1156 1005 1222 vicissitudines,
1053 1154 1239 1223 sicque
1275 1166 1399 1207 esse
1436 1148 1766 1214 vivendum;

184 1268 297 1313 tunc
333 1269 466 1310 vero
505 1266 612 1322 spe
655 1251 921 1305 bonorum
952 1256 1069 1319 post
1119 1254 1349 1301 mortem
1396 1243 1581 1310 dilata,
1628 1243 1768 1298 mala

183 1358 370 1404 tantum
398 1353 566 1400 erant
598 1344 654 1398 in
688 1340 970 1407 manibus,
998 1347 1052 1393 et
1076 1337 1334 1393 credibile
1365 1344 1481 1391 erat
1511 1345 1628 1405 post
1649 1335 1770 1389 lon-

182 1454 286 1510 gam
313 1433 671 1491 tolerantiam
702 1430 961 1504 quosdam
1007 1430 1062 1484 in
1108 1426 1599 1499 pusillanimitatem
1635 1426 1771 1481 inci-

182 1533 344 1594 disse;
375 1530 617 1585 multum
651 1526 752 1581 hac
780 1524 848 1580 de
879 1539 936 1579 re
961 1522 1222 1578 sollicitus
1246 1529 1348 1577 est.
1382 1519 1487 1574 Sed
1514 1518 1629 1574 haec
1672 1533 1770 1573 suo

184 1635 410 1692 tenipore
439 1621 787 1675 disseremus
827 1616 1119 1688 prolixius;
1165 1630 1306 1671 nunc
1350 1613 1483 1669 satis
1524 1613 1593 1667 sit
1636 1611 1773 1667 indi-

185 1729 343 1780 casse,
383 1710 533 1783 quod
580 1723 809 1766 necesse
849 1707 927 1761 illi
958 1706 1117 1762 fuerit
1160 1705 1227 1760 ad
1256 1720 1353 1761 eos
1397 1704 1661 1769 scribere,
1703 1703 1773 1760 de

184 1806 363 1877 quibus
390 1816 513 1860 erat
546 1812 833 1871 tantopere
859 1799 1143 1855 sollicitus.
1175 1797 1328 1853 Licet
1356 1797 1500 1855 enim
1529 1795 1673 1851 notis
1702 1795 1772 1852 de

185 1898 348 1959 musis
373 1898 445 1959 ad
474 1898 632 1968 ipsos
664 1896 859 1949 missus
893 1908 998 1948 non
1044 1893 1134 1958 sit,
1170 1890 1302 1946 nihil
1347 1899 1528 1945 tamen
1560 1890 1773 1947 velabat

185 2007 291 2047 cum
325 1992 596 2047 scribere.
630 1986 788 2057 Quod
830 1996 1007 2041 autem
1036 1984 1102 2038 ad
1133 1982 1627 2053 pusillanimitatem
1655 1998 1776 2037 ver-

186 2090 382 2155 gerent,
417 2080 635 2135 indicat
664 2078 747 2132 his
772 2076 953 2132 verbis
986 2093 999 2128 :
1031 2072 1291 2128 fletnissas
1331 2089 1512 2127 manus
1537 2083 1583 2127 et
1607 2074 1775 2128 soluta

186 2190 335 2247 genua
378 2172 650 2241 surrigite,
704 2178 749 2224 et
791 2183 995 2240 gressus
1032 2174 1193 2221 rectos
1232 2166 1417 2239 facile;
1464 2174 1518 2221 et
1556 2165 1772 2231 iterum,

190 2263 299 2319 Non
333 2265 468 2319 enim
510 2264 740 2333 injustas
766 2269 839 2315 est
868 2258 1026 2325 Deus,
1052 2268 1108 2323 ut
1135 2257 1460 2312 obliviscatur
1496 2258 1663 2326 operis
1688 2273 1775 2311 rc-

188 2357 267 2411 αὴ
304 2366 349 2410 et
384 2355 628 2415 caritatis
677 2350 861 2424 (Ibid.
908 2350 996 2409 12.
1044 2348 1131 2404 12.
1176 2349 1244 2404 15
1289 2358 1335 2403 et
1378 2348 1433 2405 6.
1483 2347 1595 2419 10).
1641 2348 1774 2404 Nam

190 2446 350 2501 anima
393 2445 614 2501 crebris
653 2450 902 2514 quassata
955 2432 1357 2503 tentatitmibus,
1412 2453 1557 2501 suum
1598 2439 1774 2494 dioto-

192 2546 329 2592 vetur
377 2553 409 2591 a
451 2536 592 2592 ﬁde.
632 2534 758 2590 Ideo
811 2532 1093 2589 confirmat
1127 2547 1222 2588 eos
1268 2533 1464 2588 talibus
1528 2533 1780 2588 adhorta-

195 2627 432 2689 tionibus.
478 2643 556 2682 ne
615 2626 725 2682 sint
770 2624 933 2681 corde
976 2624 1273 2680 incredulo.
1306 2626 1481 2695 Atque
1533 2624 1649 2680 hate
1695 2634 1781 2680 est

194 2736 335 2776 causa
378 2738 477 2778 cur
520 2723 581 2775 in
615 2719 713 2775 hac
741 2718 1079 2791 petissimum
1112 2717 1337 2787 epistola
1371 2718 1535 2772 multa
1568 2716 1635 2773 de
1676 2717 1780 2774 lide

196 2812 427 2880 disserat,
451 2824 509 2868 et
536 2812 727 2867 multis
750 2811 926 2865 allatis
950 2810 1209 2880 exemplis
1238 2809 1380 2872 circa
1414 2810 1574 2865 linem
1599 2819 1781 2867 osten-

197 2902 285 2968 dit,
312 2904 564 2973 patribus
592 2915 807 2973 quoque
830 2915 934 2955 non
964 2909 1344 2970 repraesentata
1371 2916 1491 2970 qua:
1516 2900 1779 2970 promissa

198 3005 338 3051 erant
360 3011 389 3050 e
413 2995 650 3065 vestigio
676 3000 927 3049 secutura
955 2990 1117 3046 bona.
1148 2990 1230 3047 Ad
1264 2992 1399 3055 hate,
1432 3006 1499 3046 ne
1536 3006 1596 3047 se
1622 3002 1779 3062 puta-

200 3085 625 3141 rcotderclictos
662 3084 717 3139 in
756 3082 1189 3149 adversilatibus,
1223 3081 1432 3138 duobus
1470 3083 1646 3139 modis
1686 3098 1782 3140 eos

200 3179 397 3233 instruit
427 3198 441 3233 :
475 3178 659 3247 primo
690 3192 1044 3247 quacumque
1091 3175 1385 3231 acciderint
1406 3176 1603 3246 jubens
1637 3176 1782 3234 ferre

202 3268 436 3336 fortiter,
496 3267 703 3325 deinde
743 3282 963 3338 sperare
1011 3276 1218 3322 certum
1261 3269 1537 3337 prarmium
1570 3287 1584 3324 :
1615 3268 1781 3325 Deum

202 3360 331 3414 enim
353 3376 458 3416 non
492 3360 869 3431 neglecturum
902 3358 1281 3413 inhonoratum
1313 3358 1560 3425 Abclem,
1603 3370 1656 3415 et
1692 3376 1781 3415 re-

1881 504 2075 576 liquam
2101 506 2357 578 deinceps
2379 508 2651 577 jnstorum
2680 504 2902 562 seriem.
2948 504 3015 560 Et
3043 503 3309 575 triplicem
3353 500 3462 555 illis

1877 598 2299 653 consolationem
2354 598 2575 654 adhibet
2618 614 2633 652 :
2680 611 2841 651 unam
2892 597 3141 667 exemplo
3196 597 3464 667 passionis

1876 690 2074 747 Citriin
2106 710 2119 746 :
2152 691 2341 748 dicens
2377 707 2483 746 non
2524 706 2644 747 esse
2674 691 2936 762 potiorem
2963 703 3178 744 servum
3210 703 3372 758 quam
3394 688 3464 743 sit

1878 784 2043 855 ipsius
2068 786 2319 840 dominus
2351 801 2365 837 :
2398 785 2623 837 alteram
2651 791 2923 837 ostentato
2960 780 3293 835 credentium
3323 792 3464 849 pra:-

1878 880 1987 933 mio
2014 896 2028 934 :
2062 879 2270 940 tertiam
2295 877 2422 931 dum
2451 876 2609 931 docet
2634 876 2933 946 qualisnam
2978 873 3049 929 sit
3088 876 3200 929 lucc
3221 873 3465 929 adversi-

1878 982 1980 1028 tas.
2007 970 2117 1026 Nec
2144 984 2240 1040 per
2265 971 2441 1024 futura
2469 970 2641 1024 solum
2670 983 2764 1023 eos
2791 967 3073 1024 contlrmat
3100 1010 3114 1033 ,
3148 966 3340 1037 quibus
3369 967 3469 1020 mi-

1877 1080 1979 1123 nus
2017 1065 2216 1120 moveri
2270 1073 2550 1134 poterant,
2602 1077 2788 1117 verum
2836 1062 2995 1117 etiam
3051 1074 3145 1131 per
3196 1059 3466 1129 praeterita

1877 1175 1997 1232 qua:
2020 1158 2333 1215 acciderunt
2375 1159 2615 1227 ipsorum
2655 1155 2916 1227 patribus.
2942 1153 3090 1210 Idem
3129 1161 3184 1209 et
3221 1152 3466 1208 Christus

1878 1253 2023 1319 facit,
2049 1267 2192 1308 nunc
2213 1266 2414 1322 negans
2432 1265 2645 1305 senum
2664 1247 2923 1317 majorem
2949 1262 3071 1303 esse
3098 1262 3194 1300 suo
3226 1244 3458 1309 domino,

1878 1362 2021 1404 nunc
2065 1347 2259 1401 multas
2289 1359 2410 1400 esse
2440 1342 2748 1399 mansiones
2777 1339 2916 1412 apud
2963 1340 3174 1395 Patrem
3202 1353 3355 1393 suum
3380 1349 3470 1391 as-

1877 1453 2153 1501 severans,
2177 1445 2232 1491 et
2252 1450 2540 1505 numquam
2569 1450 2677 1490 non
2706 1432 2997 1490 incredulis
3021 1446 3102 1485 va:
3122 1428 3463 1484 denuntians.

1880 1531 2050 1586 Porro
2104 1528 2396 1598 Apostolus
2449 1528 2696 1582 crebram
2748 1524 3076 1581 mentionem
3123 1523 3247 1577 facit
3274 1520 3465 1576 Testa-

1879 1623 2043 1681 menti
2073 1622 2204 1677 Novi
2235 1620 2390 1676 simul
2412 1630 2467 1677 et
2498 1618 2744 1675 Veteris:
2773 1617 2912 1690 quod
2937 1617 2985 1671 id
3017 1614 3468 1671 animadverteret

1878 1719 1946 1775 ad
1990 1714 2405 1773 resurrectionis
2444 1712 2846 1784 persuasionem
2898 1708 3052 1764 valde
3104 1706 3465 1763 conducibile.

1878 1811 1957 1868 Ne
1986 1809 2127 1895 enim
2156 1818 2375 1880 propter
2400 1805 2703 1876 passionem
2736 1801 2945 1857 Domini
2974 1800 3043 1855 de
3076 1799 3470 1855 resurrectione

1880 1903 1998 1974 ejus
2018 1890 2284 1965 dubitent,
2309 1897 2688 1969 prOphetarum
2720 1910 2840 1950 eam
2873 1891 3194 1949 testimoniis
3219 1890 3469 1953 adstruit,

1881 1997 2144 2067 docetque
2167 1994 2365 2049 noetris
2386 1991 2546 2046 rebus
2569 1986 2972 2044 venerationem
2996 1983 3203 2049 deberi,
3236 1997 3340 2035 non
3371 1979 3469 2037 Ju-

1882 2088 2050 2143 daicis
2077 2104 2091 2138 :
2124 2085 2301 2141 adhuc
2326 2083 2467 2138 enim
2495 2080 2753 2150 templum
2780 2077 2954 2132 stabat
2973 2090 3095 2131 cum
3125 2074 3238 2129 suis
3263 2072 3470 2127 sacrifi—

1882 2180 1982 2243 ciis
2010 2196 2023 2234 :
2053 2186 2380 2249 quaprOpter
2405 2174 2536 2230 dicit
2570 2191 2584 2228 :
2615 2169 2874 2227 Exeamus
2915 2169 3071 2239 igitur
3097 2177 3241 2223 extra
3279 2178 3468 2231 castra,

1884 2270 2211 2341 opprobrium
2241 2269 2352 2338 ejus
2380 2273 2635 2337 portantes
2659 2261 2843 2332 (Hebr.
2878 2260 2963 2315 15.
2995 2259 3109 2327 15).
3140 2258 3355 2313 Paterat
3379 2272 3473 2312 att-

1888 2376 1994 2422 lem
2015 2364 2114 2419 hac
2146 2370 2294 2434 parte
2323 2355 2651 2415 contradici:
2675 2354 2729 2411 Si
2755 2351 2873 2408 iure
2901 2352 3087 2407 umbra
3122 2359 3323 2405 tantum
3348 2358 3473 2405 sunt

1884 2468 1941 2515 et
1990 2456 2163 2525 imago
2212 2452 2300 2523 qui
2334 2450 2391 2505 tit
2418 2457 2477 2505 ut
2527 2463 2633 2503 non
2662 2452 3028 2517 praetereant,
3060 2456 3235 2513 neque
3280 2441 3477 2497 cedant

1882 2550 1995 2621 jam
2025 2554 2224 2603 exortu
2254 2543 2358 2598 luci
2392 2539 2652 2605 veritatis,
2686 2536 2778 2593 sed
2806 2536 2859 2591 in
2888 2549 2987 2589 suo
3010 2536 3191 2606 vigore
3218 2546 3476 2603 perseven

1887 2642 2043 2700 rent?
2069 2640 2191 2696 ldeo
2223 2638 2325 2693 hoc
2346 2648 2558 2706 quoque
2591 2640 2906 2687 eventurum
2935 2643 3034 2683 suo
3062 2638 3303 2695 tempore
3345 2625 3477 2680 sub-

1887 2734 2105 2790 indicat.
2133 2729 2287 2800 Quod
2314 2738 2492 2783 autem
2533 2725 2644 2795 jam
2692 2733 2839 2787 ante,
2881 2722 3041 2790 longo
3088 2729 3347 2788 tempore.
3383 2732 3481 2787 per

1888 2828 2045 2884 fidem
2091 2826 2145 2881 in
2191 2818 2568 2877 afflictionibus
2604 2823 2912 2872 constanter
2939 2812 3347 2883 perduraverint
3375 2810 3476 2865 de-

1886 2923 2054 2979 clarat
2072 2918 2258 2976 dicens
2302 2934 2315 2972 :
2353 2913 2481 2971 Cum
2526 2911 2747 2967 debeatis
2774 2925 2870 2976 pro
2898 2906 3137 2977 temporis
3163 2906 3358 2959 ratione
3386 2905 3482 2957 do-

1888 3024 2047 3070 ctores
2074 3028 2211 3076 esse;
2232 3018 2310 3076 et,
2334 3005 2418 3063 Ne
2437 3007 2569 3076 {orte
2582 3004 2647 3058 sit
2668 3003 2721 3056 in
2742 3001 2914 3071 aliquo
2934 3008 3150 3054 vestrum
3176 3013 3265 3052 cor
3290 2994 3482 3049 malum

1888 3102 2243 3173 inﬁdelitatis;
2288 3108 2364 3165 et,
2396 3096 2690 3151 Imitatores
2716 3093 2838 3164 [acti
2888 3092 3006 3146 estis
3045 3107 3239 3155 eorum,
3282 3088 3365 3160 qui
3394 3104 3484 3151 per

1889 3199 2045 3269 ﬁdem
2084 3211 2144 3247 ac
2170 3191 2468 3264 patientiam
2510 3187 2840 3241 hereditatem
2873 3183 3264 3255 promissionum
3301 3197 3481 3236 conse-

1888 3288 2032 3362 quuti
2060 3296 2177 3342 sunt
2203 3282 2367 3354 (Ibid.
2410 3281 2465 3337 5.
2497 3278 2584 3336 12.
2614 3290 2661 3333 et
2688 3278 2739 3333 5.
2770 3274 2854 3331 12.
2887 3285 2936 3330 et
2965 3275 3020 3331 6.
3054 3273 3167 3345 12).

994 3540 3451 3568 _________________________________.._.____.___——___————_

1670 3656 2011 3720 HOMILIA
2056 3655 2101 3715 l.

208 3796 321 3854 ω.
352 3800 399 3855 1.
429 3816 483 3855 v.
523 3800 575 3854 1.
607 3798 952 3865 lfultifariam
988 3796 1262 3869 multisque
1299 3797 1463 3851 modis
1497 3798 1617 3852 olim
1644 3796 1782 3852 Deus

270 3890 468 3960 loquens
492 3891 728 3960 patribus
748 3888 802 3942 in
834 3889 1116 3958 prophetis,
1163 3888 1434 3942 novissime
1463 3889 1640 3942 diebus
1674 3888 1787 3942 ictis

271 3981 505 4051 loquutus
541 3992 613 4035 cst
643 3980 859 4034 nobisin
893 3977 1036 4032 Filio
1064 3994 1083 4032 :
1105 3978 1160 4032 2.
1187 3996 1335 4048 quem
1351 3980 1606 4033 constituit
1636 3979 1782 4034 here-

272 4075 377 4127 dem
400 4076 772 4135 universorum,
807 4088 897 4142 per
924 4087 1070 4141 quem
1090 4072 1207 4142 fecit
1236 4081 1283 4125 et
1303 4069 1510 4125 swcula.

274 4162 321 4217 1.
362 4163 575 4219 Revera
604 4163 689 4217 ubi
721 4160 1009 4215 abundavit
1045 4169 1341 4229 peccatum,
1374 4159 1786 4230 superabunda-

213 4254 345 4309 vitet
372 4256 546 4325 gratia
580 4253 755 4325 (Rom.
787 4252 839 4308 5.
875 4251 989 4322 20).
1024 4251 1135 4307 lloc
1162 4252 1322 4321 igitur
1362 4250 1448 4306 hic
1488 4268 1703 4323 quoque
1736 4252 1789 4307 in

216 4348 458 4415 pntmtnio
500 4346 809 4401 subindicat
840 4345 1027 4399 beatus
1057 4344 1272 4407 Paulus,
1301 4344 1545 4399 scribens
1582 4345 1649 4400 ad
1686 4346 1789 4402 lle-

214 4436 389 4491 hrams.
412 4438 550 4493 Nam
579 4436 831 4507 quoniam
853 4444 970 4490 erat
991 4434 1278 4490 verisimile
1295 4436 1438 4503 ipsos
1450 4438 1717 4491 cruciatos
1741 4448 1794 4490 et

217 4535 242 4573 ι
269 4523 412 4578 malis
443 4532 691 4584 vexatos,
725 4529 780 4575 et
809 4534 895 4574 res
923 4534 985 4574 ex
1010 4519 1093 4573 his
1116 4517 1442 4588 judicantes,
1473 4517 1787 4572 existimare

216 4612 411 4681 seipsos
437 4612 697 4667 omnibus
724 4611 844 4665 aliis
873 4610 1132 4673 minores.
1174 4608 1412 4663 ostendit
1450 4607 1549 4662 hac
1578 4608 1791 4662 ratione

216 4714 299 4755 eos
325 4704 503 4773 potius
536 4700 795 4769 majorem
824 4708 1140 4768 assequutus
1160 4713 1279 4753 esse
1303 4698 1529 4769 gratiam
1554 4706 1609 4752 et
1636 4696 1793 4751 valde

217 4803 653 4862 exsuperantem.
701 4807 768 4847 ex
816 4792 931 4860 ipso
974 4790 1195 4846 exordio
1236 4790 1498 4845 orationis
1545 4789 1793 4845 excitans

218 4885 526 4941 auditorem.
578 4885 867 4956 Propterea
911 4884 1081 4939 dicit:
1113 4883 1463 4955 .ifultifariam
1508 4882 1785 4954 multisque

219 4977 366 5031 modis
398 4979 524 5032 olim
547 4975 687 5029 Deus
714 4976 922 5046 loquens
944 4976 1174 5045 patribus
1204 4976 1257 5029 in
1289 4976 1550 5046 propltetis
1574 4990 1593 5031 :
1618 4976 1673 5030 in
1693 4991 1796 5030 no-

220 5074 416 5150 tissimis
443 5076 526 5129 his
550 5072 725 5128 diebus
745 5073 981 5144 loquutus
1006 5084 1079 5129 est
1106 5076 1247 5131 nobis
1268 5076 1320 5130 in
1342 5074 1498 5135 Filio.

285 5161 478 5218 Paulus
518 5166 683 5232 major
712 5165 990 5231 prophetis.
1015 5194 1087 5206 —
1121 5166 1227 5221 Cur
1260 5182 1368 5221 non
1401 5169 1639 5235 seipsum
1684 5181 1784 5232 op-

223 5253 380 5318 posuit
409 5255 690 5325 prophetis
724 5254 748 5309 ?
781 5255 927 5326 atqui
976 5265 1095 5310 erat
1135 5255 1242 5311 illis
1271 5256 1429 5328 longe
1474 5256 1671 5327 major,
1704 5269 1810 5327 quo

228 5342 369 5400 etiam
413 5347 619 5416 maiora
648 5346 856 5403 fuerant
896 5348 942 5402 ei
975 5348 1199 5403 credita.
1238 5347 1344 5405 Sed
1375 5348 1477 5403 hoc
1507 5364 1613 5403 non
1658 5348 1805 5403 t‘acit.

222 5437 424 5501 Quare?
455 5440 694 5495 Primum
727 5442 943 5507 quidem
976 5457 1166 5511 magna
1207 5442 1275 5497 de
1315 5458 1375 5497 se
1420 5442 1603 5498 dicere
1645 5457 1805 5498 recu-

223 5539 371 5585 sans:
402 5530 643 5587 secundo
669 5542 847 5587 autem
870 5575 884 5597 ,
912 5533 1056 5604 quod
1100 5534 1336 5587 nondum
1372 5533 1591 5604 perfecti
1621 5542 1806 5589 essent

223 5621 516 5680 auditores:
546 5628 740 5693 tertio,
771 5641 867 5683 eos
895 5626 1065 5697 magis
1096 5627 1288 5683 volens
1313 5627 1608 5695 extollere,
1639 5637 1695 5682 et
1717 5640 1800 5681 os-

225 5714 425 5773 tendere
455 5732 705 5787 magnam
736 5733 858 5774 esse
892 5718 1332 5789 prmcelleutiam.
1359 5718 1522 5788 Quasi
1554 5718 1762 5774 diceret
1788 5736 1800 5771 :

1896 3780 2111 3828 nostros
2129 3770 2155 3824 τ
2174 3768 2241 3825 ad
2268 3784 2368 3826 nos
2392 3768 2538 3826 enim
2564 3767 2711 3824 misit
2732 3766 2927 3823 Filium
2954 3781 3112 3823 suum
3140 3764 3499 3837 unigenitum.

1895 3861 2131 3919 Pulchre
2180 3871 2360 3918 autem
2404 3862 2485 3917 sic
2532 3861 2771 3931 incepit,
2824 3859 3170 3931 Multifariam
3224 3860 3501 3930 multisque

1893 3956 2057 4012 modis
2079 3972 2098 4011 :
2126 3955 2367 4012 ostendit
2389 3956 2533 4012 enim
2562 3955 2705 4027 quod
2735 3970 2803 4011 ne
2833 3954 2934 4025 ipsi
2964 3953 3181 4025 quidem
3216 3954 3502 4024 pmphette

1897 4050 2064 4104 Deum
2115 4048 2391 4116 viderunt;
2422 4048 2592 4104 Filius
2624 4063 2754 4104 vero
2781 4047 2935 4104 vidit.
2970 4047 3106 4103 Illud
3138 4048 3280 4101 enim
3308 4090 3322 4114 ,
3354 4046 3501 4102 Mul-

1895 4141 2123 4211 tifariam
2152 4143 2427 4211 multisque
2456 4143 2653 4207 modis,
2688 4142 2792 4197 hoc
2834 4151 2949 4209 est,
2991 4142 3205 4197 diverse
3245 4151 3299 4196 ct
3327 4142 3497 4197 varie.

1900 4234 2011 4305 Ego
2032 4237 2178 4292 enim
2200 4279 2216 4302 ,
2244 4239 2438 4307 inquit,
2471 4236 2809 4306 multiplicaui
2841 4238 3078 4304 visiones,
3104 4245 3148 4290 et
3181 4236 3233 4289 in
3263 4235 3501 4290 manibus

1894 4330 2264 4401 prophetarum
2308 4348 2423 4385 sum
2445 4330 2759 4386 assimilatas
2786 4328 2942 4399 (Osee
2968 4329 3055 4384 12.
3082 4329 3191 4400 10).
3223 4328 3501 4397 Quamob-

1894 4438 2006 4477 rem
2051 4423 2245 4479 nonin
2295 4424 2399 4479 hoc
2443 4425 2618 4479 solum
2664 4435 2748 4479 est
2795 4423 3197 4495 prazcellentia,
3241 4421 3383 4492 quod
3428 4421 3502 4477 ad

1892 4516 2013 4573 illos
2036 4516 2251 4587 quidem
2283 4516 2432 4573 missi
2457 4528 2583 4573 sunt
2615 4517 2892 4588 prophetae
2914 4559 2929 4581 ,
2970 4517 3039 4571 ad
3071 4534 3169 4571 nus
3195 4525 3375 4571 autem
3409 4515 3499 4569 Fi-

1891 4609 2027 4671 lius;
2074 4609 2169 4665 sed
2220 4610 2381 4665 etiam
2414 4608 2557 4680 quod
2607 4609 2821 4665 illorum
2870 4608 3087 4680 quidem
3139 4608 3319 4661 nullus
3365 4606 3501 4663 vidit

1895 4705 2097 4771 Deum,
2125 4704 2258 4759 vidit
2284 4713 2461 4759 autem
2488 4704 2657 4759 Filius
2684 4704 3017 4775 unigenitns.
3050 4702 3116 4759 Et
3147 4702 3251 4758 hoc
3278 4701 3497 4772 quidem

1893 4812 1999 4850 non
2028 4798 2207 4850 statim
2238 4796 2411 4868 ponit,
2443 4797 2638 4867 probat
2664 4807 2845 4853 autem
2877 4813 2971 4868 per
2997 4812 3059 4853 ea
3088 4812 3209 4867 quze
3236 4796 3499 4867 deinceps

1892 4899 2192 4961 sequuntur
2220 4909 2234 4944 :
2267 4906 2463 4961 nempe
2492 4891 2708 4960 quando
2740 4891 2870 4945 dicit
2897 4890 2965 4947 de
2992 4890 3328 4946 humanitate
3355 4910 3367 4943 :
3401 4891 3499 4947 Cui

1892 4984 2029 5039 enim
2062 4984 2365 5056 angelorum
2404 4986 2535 5041 dixit
2558 5003 2578 5040 :
2610 4984 2777 5040 Filius
2805 5003 2944 5040 meus
2970 5002 3022 5041 es
3050 4994 3103 5039 tu
3131 4987 3156 5040 ?
3184 4994 3267 5053 et,
3304 4986 3440 5042 Sede
3465 5005 3499 5042 ιι

1894 5074 2087 5132 dextris
2130 5076 2254 5131 meis
2286 5079 2357 5150 (υ.
2386 5079 2441 5133 5.
2468 5088 2513 5133 et
2541 5077 2672 5151 l3)?
2707 5077 2840 5134 Vide
2870 5088 3050 5134 autem
3100 5094 3349 5149 magnam
3379 5079 3499 5149 ejus

1896 5168 2233 5239 prudentiam
2262 5189 2275 5225 :
2302 5185 2331 5223 a
2356 5171 2632 5242 prephetis
2660 5173 2895 5243 primum
2924 5172 3159 5227 ostendit
3186 5175 3501 5243 prtecellen-

1895 5260 2021 5314 tiam
2047 5278 2061 5313 :
2081 5260 2279 5317 deinde
2304 5277 2427 5318 cum
2453 5263 2584 5319 illttd
2606 5266 2985 5321 conﬁrmasset
3008 5274 3280 5337 tamquam
3301 5267 3368 5322 de
3388 5283 3499 5338 quo

1893 5363 2203 5419 constaret,
2235 5358 2548 5424 pronuntiat
2571 5358 2716 5429 quod
2748 5358 2855 5413 illis
2881 5358 3099 5428 quidem
3134 5359 3389 5428 loquutus
3415 5370 3499 5415 est

1895 5461 1990 5512 per
2024 5444 2348 5515 prophetas,
2386 5448 2544 5505 nobis
2585 5460 2764 5505 autem
2814 5464 2912 5518 per
2940 5449 3309 5521 Unigenitom.
3342 5452 3498 5519 Quod

1894 5538 1937 5591 si
1972 5539 2078 5594 illis
2109 5540 2270 5593 etiam
2300 5556 2395 5608 per
2424 5541 2645 5611 angelos
2673 5540 2840 5616 (nam
2868 5544 3045 5613 angeli
3077 5557 3297 5613 quoque
3323 5545 3498 5598 collo-

1894 5630 2043 5699 quuti
2090 5643 2217 5686 sunt
2256 5646 2378 5685 cum
2416 5631 2617 5687 Judtcis
2643 5633 2662 5703 )
2688 5650 2700 5685 :
2730 5643 2786 5687 at
2811 5633 2863 5687 in
2897 5635 2997 5689 hoc
3025 5650 3241 5705 quoque
3289 5635 3409 5688 illos
3444 5636 3496 5689 in

1891 5732 2097 5779 tantum
2125 5740 2462 5795 superamus.
2495 5727 2638 5797 quod
2666 5729 2945 5783 nobiscum
2972 5728 3187 5798 quidem
3212 5730 3494 5795 Dominus,

225 5798 347 5869 Qutd
381 5823 636 5881 magnum
679 5818 765 5867 est
804 5812 947 5885 quod
990 5811 1283 5885 prophetas
1320 5812 1471 5870 misit
1511 5811 1579 5871 ad
1622 5820 1805 5884 patres
1888 5833 2013 5874 cum
2047 5818 2156 5876 illis
2200 5828 2380 5885 autem
2426 5820 2569 5876 εοννί
2609 5838 2623 5878 :
2656 5835 2777 5875 nam
2812 5832 2861 5876 et
2896 5821 3076 5894 ungt'li
3124 5832 3177 5879 et
3219 5824 3496 5895 propheta:
