4042 6432
460 418 470 424 -
539 396 609 453 ις
1261 385 1316 441 8.
1355 380 1627 440 JOANNIS
1664 378 2129 438 CHRYSOSTOMI
2169 376 2484 431 Αηίῖιιεεῐι.
2518 375 3048 434 CONSTANTINOP.

541 496 808 555 conservi.
839 495 1065 552 Pulchre
1088 502 1263 550 autem
1294 493 1424 549 dicit
1451 511 1466 549 :
1496 494 1563 548 lu
1590 496 1869 553 novissimis
1891 499 2063 553 diebus
2089 518 2109 555 .-

543 605 665 643 nam
710 588 812 643 hoc
856 600 1067 662 quoque
1113 585 1259 655 ipsos
1288 586 1516 650 excitat,
1565 594 1621 641 et
1669 588 1976 643 consolatur
1998 590 2111 661 jam

540 682 802 738 defessos.
835 678 984 735 Sicut
1003 678 1144 735 enim
1173 675 1304 734 dicit
1328 676 1487 733 alibi:
1512 675 1763 733 Dominus
1806 697 1964 751 prope
1997 692 2071 737 est
2092 725 2109 743 ,

542 775 672 829 nihil
702 771 906 828 solliciti
943 770 1051 826 sitis
1097 768 1359 841 (Philipp.
1403 769 1457 826 4.
1488 761 1543 836 6)
1569 787 1584 836 ;
1615 778 1669 826 et
1695 786 1916 837 rursus,
1959 771 2109 828 Nunc

541 868 671 922 enim
707 865 916 936 propior
945 873 1018 919 est
1045 872 1220 918 nostra
1262 862 1402 918 salus
1420 902 1438 931 ,
1485 880 1639 934 quam
1667 880 1780 917 cum
1807 864 2112 919 credidimus

542 957 717 1027 (Rom.
765 956 849 1012 15.
887 956 1012 1024 ll):
1039 955 1110 1009 ita
1141 953 1229 1011 hic
1258 968 1488 1025 quoque.
1522 952 1659 1022 Quid
1694 963 1931 1026 estergo
1969 956 2111 1026 quod

542 1047 668 1102 dicit
688 1046 711 1101 ?
732 1045 880 1114 Quod
906 1047 997 1116 qui
1029 1048 1083 1101 in
1121 1046 1413 1102 certamine
1437 1053 1518 1101 est
1545 1056 1895 1117 consumptus
1938 1059 1993 1103 et
2018 1064 2113 1104 ex-

542 1136 781 1205 haustus,
802 1148 1077 1208 postquam
1111 1138 1336 1194 audierit
1374 1138 1532 1194 linem
1558 1139 1883 1208 certaminis,
1923 1142 2112 1211 paulu-

542 1228 650 1283 lum
670 1229 917 1297 respirat,
943 1238 997 1283 ιιι
1023 1232 1109 1299 (ιυί
1131 1229 1264 1285 sciat
1281 1230 1421 1285 illius
1438 1230 1651 1301 quidem
1667 1246 1784 1287 esse
1806 1232 1987 1298 linem,
2014 1233 2117 1289 ini.

544 1320 673 1374 tiutn
705 1331 882 1375 autem
907 1321 1117 1390 quietis.
1160 1320 1226 1375 In
1267 1322 1547 1376 novissimis
1584 1322 1757 1377 diebus
1781 1324 2014 1392 loquutus
2044 1335 2114 1379 est

543 1410 755 1466 nobisin
782 1410 940 1467 Filio.
975 1412 1111 1467 Ecce
1140 1427 1357 1479 rursus,
1388 1411 1453 1466 In
1480 1412 1638 1468 Filio.
1669 1414 1771 1470 Per
1796 1414 2011 1483 Filium,
2037 1417 2116 1471 in-

542 1504 654 1571 quit
672 1544 688 1567 ,
732 1504 987 1559 adversus
1014 1518 1107 1560 eos
1137 1506 1226 1574 qui
1268 1504 1451 1560 dicunt
1478 1506 1530 1562 id
1556 1508 1844 1579 convenire
1871 1508 2114 1580 Spiritui.

542 1592 704 1650 Vides
728 1594 867 1663 quod
896 1595 1035 1651 istud
1063 1595 1133 1651 1η
1158 1606 1240 1653 est
1269 1597 1387 1651 Per.
1421 1598 1487 1653 Et
1512 1597 1665 1664 illud,
1692 1599 1849 1667 Olim,
1879 1610 1933 1656 et
1961 1602 2111 1671 illud,

543 1683 609 1739 In
635 1686 914 1751 novissimis
939 1688 1147 1755 diebus,
1178 1688 1376 1759 aliquid
1407 1689 1549 1745 aliud
1580 1690 1769 1747 innuit.
1800 1692 2116 1760 Quodnam?

540 1776 744 1849 Nempe
766 1794 888 1835 cum
920 1780 1145 1835 multum
1180 1780 1437 1850 temporis
1461 1781 1877 1852 intercessisset,
1913 1801 1983 1841 ex
2010 1802 2115 1857 quo

541 1884 753 1927 eramus
777 1871 1094 1942 castigandi,
1125 1887 1191 1928 ex
1217 1888 1324 1942 quo
1350 1873 1659 1929 defecerant
1682 1875 2024 1944 charismata,
2050 1894 2113 1935 ex

541 1977 648 2031 quo
672 1976 777 2018 non
800 1971 915 2019 erat
942 1978 1064 2034 spes
1087 1964 1291 2032 salutis,
1323 1980 1389 2019 ex
1412 1981 1518 2035 quo
1544 1967 1984 2036 exspectabamus
2003 1968 2116 2026 fore

541 2061 601 2107 ut
624 2050 949 2107 detrimento
978 2053 1210 2124 undique
1230 2052 1583 2120 afliceremur,
1609 2063 1735 2111 tunc
1764 2056 1935 2126 majus
1964 2060 2115 2114 nobis

541 2141 732 2213 obtigit
770 2142 1214 2199 emolumentum.
1262 2143 1395 2201 Vide
1422 2154 1601 2202 autem
1630 2162 1789 2216 quam
1822 2149 2117 2217 prudenter

539 2233 644 2291 hoc
671 2234 886 2290 dixerit.
912 2233 1027 2290 Non
1058 2236 1200 2291 enim
1240 2236 1405 2303 dixit,
1444 2236 1693 2294 Christus
1722 2240 1971 2310 loquutus
1998 2253 2111 2307 εει,

541 2342 859 2400 quamquam
890 2327 1003 2397 ipse
1041 2336 1156 2382 erat
1185 2327 1469 2398 loquutus;
1510 2329 1605 2385 sed
1642 2332 1893 2399 quoniam
1952 2332 2117 2387 imbe-

540 2421 649 2478 cilli
674 2436 860 2477 eorum
886 2420 1087 2487 animi,
1114 2434 1213 2476 nec
1238 2436 1357 2492 quae
1381 2420 1449 2477 de
1476 2420 1693 2477 Christo
1723 2423 1942 2479 dicenda
1966 2435 2116 2480 erant

540 2512 714 2567 adlme
754 2510 936 2566 audire
975 2518 1234 2580 poterant,
1283 2511 1453 2567 dicit:
1497 2511 1564 2566 In
1590 2510 1730 2567 Filio
1766 2514 2001 2582 loquutus
2043 2524 2116 2568 est

541 2602 700 2658 nobis.
721 2601 853 2671 Quid
872 2602 1025 2667 dicis,
1051 2602 1187 2657 Deus
1201 2617 1293 2673 per
1313 2602 1507 2658 Filium
1528 2604 1776 2675 loquutus
1796 2607 1915 2661 est?
1934 2607 2112 2662 Certe.

543 2693 644 2752 Ubi
670 2709 797 2766 ergo
821 2694 1179 2750 excellentia?
1210 2695 1297 2750 hic
1324 2696 1466 2751 enim
1505 2696 1785 2752 ostendisti
1817 2708 1871 2753 et
1910 2697 2114 2754 Novum

542 2797 598 2844 et
622 2786 786 2844 Vetus
814 2802 935 2844 esse
966 2787 1123 2843 unius
1160 2796 1214 2843 et
1242 2787 1484 2856 ejusdem
1508 2829 1524 2853 ,
1565 2788 1708 2859 quod
1738 2789 1952 2861 quidem
2006 2806 2118 2846 ma-

542 2894 660 2950 gna:
689 2894 794 2933 non
817 2885 899 2933 est
920 2877 1271 2934 excellentiae.
1306 2877 1591 2949 Propterea
1620 2878 1722 2935 hoc
1749 2880 1969 2936 verbum
1996 2896 2118 2951 per—

542 2971 784 3042 sequitur
830 2978 885 3026 et
923 2971 1175 3040 exponit,
1204 2970 1389 3025 dicens
1428 2968 1730 3039 :Loquutus
1770 2983 1841 3027 est
1879 2972 2022 3027 nobis
2064 2973 2118 3028 in

545 3061 704 3117 Filio.
740 3060 867 3117 Vide
891 3061 1158 3133 quomodo
1180 3060 1231 3115 td
1255 3075 1536 3117 commune
1559 3061 1745 3128 faciat,
1783 3070 1839 3118 et
1869 3063 2109 3134 discipu—

544 3155 625 3212 los
654 3154 755 3211 sihi
783 3162 1029 3226 exmquat
1060 3153 1257 3210 Paulus
1281 3152 1466 3210 dicens
1504 3172 1518 3207 :
1547 3152 1813 3225 Loquutus
1838 3166 1911 3213 est
1950 3157 2115 3215 nobis.

545 3254 703 3323 Atqui
737 3266 842 3306 non
868 3260 950 3305 est
978 3256 1025 3304 el
1057 3256 1304 3320 loquutus
1324 3289 1339 3313 ,
1372 3246 1466 3303 sed
1505 3246 1759 3317 apostolis
1778 3285 1795 3313 ,
1826 3254 1883 3300 et
1909 3260 2002 3315 per
2026 3246 2105 3313 ip-

542 3355 633 3395 sos
672 3340 871 3395 multis.
908 3339 1011 3395 Sed
1045 3340 1186 3411 ipsos
1228 3339 1466 3404 extollit,
1514 3346 1568 3392 et
1596 3335 1826 3391 ostendit
1858 3334 1999 3406 quod
2029 3334 2109 3389 eis

543 3445 753 3501 quoque
802 3430 874 3483 sit
928 3430 1202 3499 loquutus;
1250 3429 1316 3483 Et
1368 3426 1526 3483 simul
1580 3426 1795 3481 Judasos
1848 3424 2110 3496 perstrin-

541 3523 617 3589 git
659 3535 827 3577 :natn
878 3533 1064 3575 omnes
1124 3521 1263 3587 fere,
1316 3519 1507 3590 quibus
1565 3517 1769 3589 loquuti
1806 3526 1933 3574 sunt
1984 3531 2109 3587 pro—

542 3612 737 3685 pheta,
780 3613 1023 3668 scelerati
1074 3620 1227 3666 erant
1276 3620 1331 3667 et
1372 3610 1702 3666 exsecrandi.
1755 3610 1820 3665 Et
1868 3609 2107 3664 nondum

541 3703 609 3758 de
650 3704 730 3760 his
766 3704 926 3760 verba
962 3704 1131 3771 linat;
1159 3702 1369 3759 interim
1416 3713 1590 3758 autem
1641 3703 1870 3771 loquitur
1895 3702 1963 3758 de
2008 3702 2106 3757 do-

542 3798 625 3851 nis
644 3810 761 3867 qua:
780 3810 810 3850 a
834 3796 945 3850 Deo
972 3804 1094 3850 sunt
1120 3794 1343 3858 collata;
1369 3793 1593 3865 ideoque
1618 3793 1922 3865 subiungit:
1948 3792 2108 3859 Quem

539 3888 789 3944 constituit
814 3888 1044 3943 heredem
1065 3889 1428 3941 uniuersorum.
1459 3887 1556 3944 llic
1581 3886 1710 3943 dicit
1733 3902 1949 3943 carnem
1970 3905 1982 3938 :
2000 3886 2108 3942 sie-

541 3989 597 4034 ut
622 3990 676 4032 et
716 3977 878 4033 David
906 3978 1041 4033 dixit
1070 3978 1123 4033 in
1174 3977 1410 4033 secundo
1438 3978 1672 4048 psalmo,
1703 3976 1916 4033 Postulo
1945 3995 1978 4031 a
2007 3993 2106 4043 me,

539 4079 587 4126 et
612 4068 741 4123 dabo
766 4068 856 4122 tibi
878 4077 1047 4140 gentes
1088 4068 1413 4123 hereditatem
1446 4078 1584 4121 tuam
1604 4069 1772 4139 (Psal.
1800 4067 1849 4121 2.
1887 4067 1966 4136 8).
1993 4066 2109 4122 Non

540 4168 623 4215 est
642 4161 783 4216 enim
810 4160 1038 4231 amplius
1064 4174 1186 4230 pars
1205 4160 1419 4215 Domini
1443 4159 1627 4227 Jacoh,
1659 4172 1831 4232 neque
1857 4176 1972 4216 sors
1993 4164 2108 4233 ejus

539 4261 624 4307 est
667 4251 856 4319 Israel,
888 4251 983 4307 sed
1024 4267 1230 4308 omnes.
1274 4251 1410 4319 Quid
1452 4253 1554 4308 sibi
1593 4255 1706 4309 vult
1735 4254 1901 4322 illud,
1949 4254 2109 4322 Quem

540 4344 798 4401 constituit
822 4345 1051 4399 heredem
1072 4344 1225 4400 illoc
1251 4354 1354 4412 est,
1386 4343 1513 4401 fecit
1540 4360 1661 4401 eum
1688 4346 1967 4401 Dominum
1993 4362 2110 4402 om-

540 4434 708 4494 nium.
737 4433 886 4502 Quod
915 4435 1075 4491 etiam
1119 4435 1311 4491 Petrus
1348 4436 1483 4491 dixit
1526 4437 1579 4493 in
1624 4438 1798 4503 Actis,
1833 4437 1900 4492 Et
1924 4437 2107 4493 Domi-

541 4543 662 4581 nunt
692 4536 739 4582 et
766 4526 1019 4582 Christum
1047 4544 1161 4582 eum
1188 4530 1304 4599 fecit
1331 4527 1469 4583 Deus
1500 4528 1635 4601 (Act.
1656 4530 1713 4584 2.
1741 4529 1855 4601 36).
1886 4531 2110 4587 lleredi's

540 4628 716 4679 autem
746 4620 961 4674 nomine
986 4635 1114 4674 usus
1134 4628 1244 4681 est.
1268 4620 1375 4674 duo
1401 4620 1727 4691 significans,
1749 4638 1945 4693 nempe
1966 4624 2110 4693 quod

540 4710 786 4780 proprius
825 4719 879 4764 et
921 4725 1211 4779 germanus
1256 4721 1399 4766 esset
1442 4710 1636 4779 Filius,
1682 4723 1736 4769 et
1764 4714 1904 4784 quod
1949 4715 2018 4771 ab
2043 4731 2109 4773 eo

540 4800 695 4854 avelli
737 4814 842 4854 non
875 4809 1053 4869 posset
1085 4800 1399 4856 dominium.
1430 4800 1683 4857 Heredem
1721 4807 2065 4861 universorum
2090 4850 2107 4877 ,

542 4889 643 4948 hoc
672 4898 785 4955 est,
820 4892 983 4945 totius
1012 4891 1217 4946 mundi.
1250 4890 1480 4946 Rursum
1512 4893 1577 4947 ad
1609 4893 1661 4949 id
1685 4896 1827 4965 quod
1852 4906 1936 4953 est
1962 4899 2109 4969 prius

540 4984 707 5040 refert
732 4985 1032 5041 orationem
1064 5004 1079 5041 :
1112 4984 1215 5041 Per
1237 5003 1381 5056 quem
1410 4987 1528 5056 fecit
1555 4996 1601 5042 et
1624 4991 1828 5045 secula.

611 5077 663 5131 2.
704 5075 891 5134 Contra
940 5078 1378 5135 Arionem-Ubi
1406 5090 1528 5135 sunt
1580 5082 1667 5151 qui
1722 5082 1927 5153 dicunt,
1988 5086 2113 5144 Erat

542 5168 753 5238 quando
796 5184 902 5225 non
933 5170 1086 5225 erat?
1116 5170 1319 5226 Deinde
1367 5180 1523 5227 utens
1562 5173 1848 5243 gradibus,
1876 5176 2011 5235 dixit
2055 5180 2110 5236 id

540 5260 682 5331 quod
704 5270 786 5316 est
811 5261 967 5332 longe
990 5262 1181 5331 majus.
1209 5264 1261 5319 5.
1291 5262 1390 5331 Qui
1417 5281 1532 5317 cum
1552 5266 1617 5320 sit
1642 5267 1879 5335 splendor
1909 5272 2107 5341 gloria,

538 5368 586 5411 et
625 5354 792 5425 ﬁgura
819 5357 1110 5411 substantiae
1133 5360 1263 5428 ejus,
1297 5369 1605 5428 portansque
1630 5362 1801 5415 omnia
1828 5365 1976 5419 verbo
2004 5367 2109 5420 vir-

538 5447 657 5500 tutis
702 5462 827 5515 sute,
870 5451 1218 5518 purgationem
1259 5462 1575 5521 peccatorum
1618 5455 1827 5525 faciens,
1868 5457 2004 5512 sedet
2043 5462 2112 5513 ad

538 5538 794 5592 dexteram
822 5540 1102 5609 majestatis
1128 5542 1179 5593 in
1210 5543 1418 5596 excelsis
1447 5560 1465 5597 :
1491 5543 1543 5598 4.
1575 5554 1714 5599 tanto
1754 5546 1931 5601 melior
1956 5567 2110 5622 auge.

538 5629 603 5688 lis
644 5630 868 5697 effectus,
898 5642 1086 5701 quanto
1116 5632 1430 5698 di/Tercntius
1460 5650 1567 5704 pra!
1605 5637 1708 5691 illis
1750 5654 1930 5694 nomen
1969 5643 2111 5697 herc-

538 5722 728 5775 ditauit.
761 5721 935 5791 Pnptn,
980 5733 1175 5793 quanta
1214 5735 1295 5779 est
1336 5727 1626 5795 apostolica
1670 5730 1966 5799 sapientia!
2003 5733 2111 5791 imo

540 5828 668 5869 vero
698 5829 804 5869 non
836 5814 1004 5876 Pauli.
1030 5816 1119 5873 scd
1158 5816 1385 5889 Spiritus
1422 5829 1500 5876 cst
1533 5820 1617 5877 hic
1648 5823 1955 5882 admiranda
1984 5843 2108 5900 gra-

3714 382 3801 441 16

2201 492 2291 542 tia.
2320 486 2433 541 Non
2472 485 2614 539 enim
2655 498 2721 537 ex
2756 496 2857 537 suo
2894 493 3053 534 sensu
3102 477 3214 533 haec
3252 487 3330 532 est
3375 478 3642 545 Io'quttltts.
3678 496 3792 532 ,ηις
3860 514 3861 519 η

2204 585 2400 629 tantam
2449 588 2513 627 ex
2558 587 2617 627 se
2660 571 2865 626 invenit
2911 570 3225 641 sapientiam
3259 586 3271 620 :
3304 567 3444 623 unde
3481 569 3670 624 enim?
3707 586 3791 624 ex

2204 667 2374 722 cultro
2400 674 2452 720 et
2476 665 2726 736 pellibus,
2758 672 2848 718 aut
2870 679 2934 719 ex
2961 663 3171 717 oflicina
3192 664 3215 717 ?
3240 662 3331 717 sed
3362 662 3553 717 divina:
3580 663 3629 718 id
3657 674 3793 719 erat

2202 759 2550 828 Operationis.
2597 757 2711 813 Non
2754 758 2897 812 enim
2946 754 3062 811 haec
3100 756 3329 827 cogitata
3373 756 3613 826 pariebat
3654 758 3790 825 ejus

2204 849 2572 919 intelligentia,
2621 863 2740 918 qua:
2787 858 2911 902 tunc
2949 845 3162 919 quidem
3210 856 3327 902 erat
3380 846 3512 902 adeo
3556 848 3676 900 vilis
3726 855 3793 902 ct

2203 940 2428 1009 abiecta,
2459 948 2518 994 ut
2558 938 2689 993 nihil
2736 938 2957 993 haberet
2995 937 3225 1007 amplius
3265 952 3422 1007 quam
3465 936 3653 1008 plebeii
3687 936 3791 1006 qui

2204 1031 2257 1085 in
2286 1029 2400 1085 foro
2427 1040 2705 1085 versantur
2733 1047 2747 1083 :
2776 1028 3043 1099 quomodo
3073 1028 3213 1083 enim
3245 1028 3363 1097 plus
3390 1028 3629 1093 haberet,
3657 1044 3794 1097 qua:

2203 1121 2259 1176 in
2287 1120 2669 1183 cdntractihus,
2704 1128 2759 1174 et
2784 1119 3011 1189 pellibus
3038 1127 3292 1188 perpetuo
3326 1128 3531 1172 versata
3564 1128 3615 1172 et
3644 1132 3794 1172 con-

2204 1226 2412 1283 sumpta
2434 1214 2631 1269 fuerat?
2654 1212 2745 1267 sed
2769 1212 2995 1282 Spiritus
3024 1212 3187 1280 gratia
3212 1228 3304 1281 pcr
3330 1227 3465 1283 quos
3494 1213 3603 1265 vult
3628 1226 3793 1266 suam

2205 1306 2311 1358 vim
2342 1306 2596 1360 ostendit.
2634 1304 2783 1359 Sicut
2817 1305 2959 1359 enim
2999 1304 3044 1358 si
3073 1305 3192 1373 quis
3220 1318 3437 1373 parvum
3466 1319 3690 1373 puerum
3731 1306 3791 1358 in

2207 1396 2373 1450 altum
2420 1397 2707 1466 quemdam
2747 1396 2943 1460 locum,
2972 1405 3026 1450 et
3054 1396 3144 1467 qui
3178 1395 3245 1450 ad
3299 1396 3469 1465 ipsum
3519 1396 3798 1466 pertingat.

2206 1489 2322 1543 cazli
2362 1490 2635 1555 verticem,
2689 1489 2816 1543 velit
2857 1488 3143 1555 adducere,
3184 1488 3384 1544 sensim
3424 1497 3477 1543 et
3527 1489 3797 1559 paulatim

2209 1580 2311 1637 hoc
2330 1579 2476 1647 facit,
2508 1597 2604 1651 per
2624 1581 2818 1652 gradus
2841 1581 2927 1649 qui
2950 1591 3075 1634 sunt
3102 1579 3310 1634 inferne
3332 1595 3455 1635 eum
3486 1578 3791 1645 adducens;

2208 1671 2401 1728 deinde
2438 1681 2717 1742 postquam
2753 1686 2874 1726 eum
2902 1686 3060 1739 supra
3090 1671 3352 1735 statuerit,
3386 1670 3683 1738 ctjnsserit
3716 1671 3789 1723 ad

2212 1762 2460 1819 inferiora
2495 1763 2729 1815 animum
2771 1762 3081 1824 advertere,
3113 1759 3405 1829 viderilqne
3434 1759 3753 1829 caligantem
3775 1802 3795 1825 ,

2212 1853 2585 1909 conturbatum
2633 1860 2687 1907 et
2734 1849 3115 1905 circumfusum
3170 1850 3426 1916 tenebris,
3470 1866 3590 1905 cmn
3643 1851 3795 1904 acci-

2212 1947 2363 2015 piens
2393 1945 2538 2000 ducit
2578 1943 2822 2009 inferius,
2859 1942 3156 1997 concedens
3200 1952 3255 1995 ut
3294 1943 3560 2011 rc5piret;
3593 1941 3801 1997 deinde

2212 2042 2488 2105 postquam
2520 2035 2690 2103 ipsum
2717 2032 2995 2097 recrearit,
3023 2045 3209 2087 rursus
3235 2032 3488 2097 susmllit,
3517 2040 3574 2087 et
3602 2048 3799 2088 rursus

2211 2126 2463 2182 deorsum
2503 2125 2647 2181 ducit
2676 2144 2689 2179 :
2720 2126 2791 2179 ita
2821 2126 2978 2181 etiam
3010 2124 3135 2180 fecit
3172 2126 3359 2181 beatus
3400 2126 3613 2186 Paulus.
3643 2137 3697 2182 et
3739 2128 3798 2181 in

2213 2217 2450 2273 llehrteis
2475 2225 2529 2272 et
2566 2216 2779 2287 ubique,
2812 2224 2871 2269 ut
2913 2215 3004 2285 qtti
3049 2216 3149 2270 hoc
3174 2231 3204 2270 a
3244 2215 3493 2286 Magistro
3522 2215 3796 2271 didicerit.

2214 2306 2425 2363 Etenim
2459 2307 2573 2375 ipse
2602 2321 2812 2376 quoque
2854 2306 2931 2360 sic
2980 2304 3103 2360 fecit
3130 2324 3145 2360 :
3176 2306 3464 2376 aliquando
3489 2307 3704 2377 quidem
3740 2308 3798 2362 in

2214 2399 2379 2453 altum
2417 2398 2650 2465 sustulit,
2686 2397 2972 2468 aliquando
3000 2408 3177 2453 autem
3236 2397 3372 2454 infra
3401 2397 3617 2454 demisit
3641 2400 3803 2454 audi-

2217 2501 2379 2555 tores,
2418 2504 2523 2544 non
2552 2490 2731 2544 sinens
2770 2498 2827 2543 ut
2866 2488 2954 2543 diu
2985 2490 3171 2543 eodem
3202 2491 3252 2545 in
3281 2501 3424 2546 statu
3453 2502 3803 2546 morarentur

2218 2578 2315 2649 (α).
2349 2578 2481 2634 Vide
2518 2594 2650 2649 ergo
2687 2579 2773 2634 hic
2800 2594 3032 2649 quoque,
3064 2588 3343 2650 postquam
3375 2581 3518 2651 ipsos
3546 2581 3599 2634 itt
3628 2581 3800 2637 altum

2214 2669 2489 2725 eduxisset
2516 2669 2790 2739 gradibus,
2819 2680 2873 2725 et
2898 2670 3174 2725 statuisset
3209 2669 3263 2724 in
3293 2671 3409 2739 ipso
3446 2671 3647 2725 vertice
3675 2672 3799 2741 pie-

2216 2762 2379 2824 tatis,
2408 2761 2713 2831 priusquam
2761 2760 3050 2831 caligarent
3099 2770 3152 2815 et
3196 2761 3443 2831 gravibus
3488 2762 3801 2819 circumfusi

2216 2859 2398 2906 essent
2435 2852 2689 2917 tenebris,
2721 2852 2988 2921 quomodo
3031 2866 3126 2908 eos
3170 2866 3357 2908 rursus
3398 2853 3613 2909 deducit
3657 2855 3802 2911 infe-

2216 2943 2349 3008 rius,
2379 2951 2435 2999 et
2459 2943 2759 2998 concedens
2788 2952 2847 2998 ut
2871 2943 3218 3013 respirarent,
3251 2944 3402 3010 dicit,
3438 2945 3700 3017 Loquutus
3726 2960 3805 3003 est

2216 3034 2358 3088 nobis
2396 3035 2450 3087 in
2496 3032 2633 3089 Filio
2658 3051 2677 3099 ,'
2704 3044 2760 3090 ct
2803 3051 3009 3099 rursus,
3048 3036 3205 3103 Quem
3252 3037 3509 3091 constituit
3552 3038 3788 3094 heredem

2217 3126 2581 3179 universorum.
2629 3125 2833 3180 Nomen
2886 3126 3031 3180 enim
3083 3126 3203 3180 Filii
3260 3126 3473 3182 interim
3518 3140 3601 3182 est
3642 3143 3800 3183 com-

2223 3236 2405 3277 mune.
2436 3221 2539 3279 Ubi
2581 3221 2724 3276 enim
2772 3220 3074 3274 intellectus
3119 3217 3278 3273 fuerit
3318 3215 3569 3288 proprius
3596 3225 3651 3271 et
3677 3231 3809 3287 ger-

2228 3327 2436 3378 manus,
2468 3321 2551 3368 est
2576 3311 2823 3383 superior
2848 3311 3116 3367 universis
3145 3328 3158 3364 :
3188 3312 3400 3365 interim
3427 3318 3629 3377 autem,
3661 3324 3806 3380 quo-

2220 3403 2611 3475 modocumque
2636 3405 2726 3469 sit,
2755 3403 2981 3458 adstruit
3006 3402 3146 3472 quod
3168 3401 3237 3455 sit
3258 3418 3291 3457 e
3318 3402 3547 3471 superis.

2292 3493 2492 3547 Paulus
2520 3494 2774 3565 gradatim
2796 3494 2858 3548 de
2884 3492 3086 3548 Christo
3115 3493 3356 3561 loquitur.
3374 3489 3592 3545 —Vide
3618 3500 3803 3545 autem

2221 3593 2280 3638 ttt
2303 3585 2354 3638 in
2383 3574 2669 3640 humiliore
2693 3585 2858 3656 gradu
2883 3585 3053 3654 primo
3079 3592 3297 3650 statuat,
3322 3584 3484 3649 Quem
3510 3586 3798 3650 constituit,

2218 3674 2420 3741 dicens,
2442 3676 2670 3735 heredem
2692 3677 3071 3741 uniuersorum;
3093 3674 3221 3729 illud
3239 3675 3403 3739 enim,
3419 3674 3688 3729 Constituit
3710 3676 3802 3730 he-

2217 3768 2407 3833 redem,
2448 3776 2533 3823 est
2562 3767 2760 3823 humile
2786 3777 2841 3823 ct
2869 3767 3187 3836 subjectum.
3224 3765 3423 3822 Deinde
3451 3767 3500 3819 itt
3529 3766 3797 3836 superiori

2216 3860 2381 3931 gradu
2405 3875 2524 3915 eum
2551 3858 2847 3925 constituit,
2894 3858 3222 3930 subjungens
3249 3876 3263 3913 :
3296 3857 3397 3912 Per
3429 3874 3575 3926 quem
3600 3859 3721 3930 fecit
3750 3869 3799 3913 et

2214 3954 2438 4008 uacula:
2466 3953 2657 4008 deinde
2692 3953 2744 4007 in
2760 3952 2960 4014 altiori.
2979 3961 3035 4009 et
3055 3960 3174 4022 post
3194 3967 3351 4022 quem
3368 3966 3472 4007 non
3498 3961 3580 4007 est
3607 3952 3747 4006 alius
3777 3969 3791 4005 :

2221 4043 2322 4111 Qui
2346 4060 2459 4098 cum
2486 4044 2551 4099 sit
2575 4040 2817 4115 splendor
2844 4043 3021 4114 gloria:
3067 4054 3114 4097 et
3143 4044 3311 4114 ﬁgura
3338 4044 3633 4099 substantia
3659 4045 3790 4115 ejus.

2215 4135 2420 4195 Revera
2443 4136 2591 4193 duxit
2606 4136 2672 4192 ad
2692 4138 2859 4193 lucem
2883 4136 3322 4201 inaccessibilem,
3341 4137 3406 4190 ad
3427 4136 3595 4205 ipsum
3617 4136 3794 4205 splen-

2216 4226 2421 4283 dorem.
2462 4228 2531 4283 Et
2560 4229 2867 4299 priusquam
2920 4226 3152 4282 tenebrae
3189 4226 3466 4291 accedant,
3511 4226 3633 4283 vide
3658 4243 3790 4297 qun-

2214 4318 2377 4374 modo
2394 4333 2575 4373 rursus
2596 4335 2715 4375 enm
2739 4318 2936 4375 sensim
2960 4319 3207 4382 demittit,
3230 4318 3410 4372 dicens
3433 4334 3447 4371 :
3476 4316 3793 4387 Portansque

2214 4411 2385 4464 omnia
2425 4411 2573 4465 verbo
2622 4411 2819 4464 uirtutis
2863 4425 2989 4471 sua,
3031 4425 3144 4461 cum
3190 4425 3281 4477 per
3328 4408 3547 4476 seipsum
3594 4410 3791 4476 fecisset

2210 4502 2563 4571 purgationem
2594 4512 2909 4571 peccatorum
2940 4510 3249 4565 nostrorum,
3278 4499 3406 4554 sedit
3434 4498 3503 4553 ad
3527 4498 3789 4553 dexteram

2210 4592 2508 4660 majestatis.
2534 4591 2650 4647 Non
2678 4592 2810 4646 dixit
2837 4591 3099 4651 absolute.
3129 4589 3297 4655 Scdit,
3326 4590 3421 4645 sed
3448 4590 3573 4644 Post
3596 4604 3788 4659 purga-

2210 4684 2408 4739 tionem
2453 4684 2610 4741 sedit.
2644 4683 3008 4755 Appreltendit
3045 4683 3188 4738 enim
3236 4682 3654 4737 incarnationem
3688 4700 3701 4736 :
3732 4691 3787 4736 et

2206 4790 2390 4830 rursus
2418 4776 2649 4846 loquitur
2674 4775 2916 4831 humilia.
2949 4773 3149 4829 Deinde
3178 4789 3361 4829 rursus
3385 4791 3505 4829 cum
3532 4788 3787 4843 magnum

2207 4865 2331 4934 quid
2368 4877 2511 4923 esset
2538 4867 2807 4938 loquutus,
2839 4867 2919 4920 Ad
2946 4866 3205 4921 dexteram
3250 4867 3415 4930 enim,
3444 4867 3634 4936 inquit,
3666 4883 3778 4921 ma-

2202 4960 2400 5029 iestatis
2424 4960 2474 5015 in
2502 4959 2733 5025 excelsis,
2764 4962 3048 5015 revertitur
3075 4960 3140 5015 ad
3174 4960 3222 5015 id
3250 4960 3391 5031 quod
3416 4968 3501 5014 est
3530 4958 3729 5014 humile
3764 4980 3778 5014 ς

2203 5050 2369 5106 Tanto
2416 5054 2595 5107 melior
2631 5055 2826 5124 angelis
2869 5058 3059 5123 factus,
3088 5064 3276 5121 quanto
3322 5050 3637 5118 di/Ierentins
3675 5067 3787 5120 prail

2204 5142 2308 5195 illis
2336 5158 2516 5196 nomen
2562 5143 2875 5197 hereditaoit.
2921 5143 3015 5197 llic
3056 5142 3311 5213 deinceps
3347 5142 3580 5211 loquitur
3616 5142 3684 5196 de
3712 5156 3782 5196 eo

2204 5231 2345 5301 quod
2376 5233 2607 5299 pertinet
2630 5233 2696 5286 ad
2728 5248 2966 5287 carnem.
3000 5231 3132 5287 Illud
3160 5232 3325 5297 enim,
3358 5230 3551 5286 Factus
3578 5231 3777 5296 melior,

2204 5329 2480 5389 paternam
2530 5339 2635 5377 non
2685 5322 2948 5394 signiﬁcat
2989 5324 3311 5387 essentiam;
3362 5323 3447 5377 illa
3496 5323 3639 5377 enim
3674 5339 3779 5378 non

2204 5416 2360 5479 facta,
2399 5415 2491 5470 sed
2523 5415 2698 5486 genita
2729 5424 2809 5471 est
2839 5431 2854 5472 :
2886 5415 2980 5471 sed
3007 5416 3277 5471 carnalem
3309 5416 3631 5479 essentiam;
3662 5416 3775 5486 ipsa

2208 5504 2348 5557 enim
2375 5513 2455 5557 est
2485 5504 2640 5558 facta.
2666 5505 2768 5560 Sed
2796 5521 2900 5559 non
2926 5520 3068 5559 nunc
3094 5506 3267 5573 agitur
3295 5506 3362 5560 de
3390 5517 3619 5561 essentia
3642 5523 3657 5573 ς
3687 5509 3781 5561 sed

2208 5593 2347 5647 sicut
2372 5594 2609 5649 Joannes
2637 5594 2852 5660 dicens,
2879 5595 2980 5663 Qui
3004 5606 3115 5663 post
3154 5614 3231 5651 me
3258 5599 3391 5651 venit
3410 5640 3424 5661 ,
3456 5608 3574 5651 ante
3598 5615 3677 5650 mc
3703 5601 3780 5668 {a-

2212 5694 2321 5738 ctus
2352 5696 2445 5753 est,
2476 5687 2594 5754 quia
2620 5696 2690 5739 est
2728 5687 2869 5755 prior
2897 5686 3075 5756 (Joan.
3106 5687 3156 5741 l.
3178 5688 3289 5755 15).
3312 5688 3360 5741 itl
3395 5688 3611 5754 indicat,
3638 5691 3781 5759 quod

2284 5821 2358 5885 (α)
2381 5819 2485 5871 lluc
2507 5819 2687 5870 desinit
2711 5816 2901 5868 humilia
2927 5815 3078 5879 prima
3101 5816 3147 5865 in
3183 5811 3357 5864 Codice
3382 5812 3678 5865 Culhcrtino.
