4042 6408
151 420 205 477 l'l
1014 403 1079 461 IN
1118 398 1331 460 EPIST.
1385 396 1475 454 AD
1510 389 1879 451 llEBl‘tEOS.
1922 389 2072 447 CAP.
2119 388 2159 446 ἰ.
2204 384 2435 444 llOMlL.
2480 382 2521 439 Ι.
3364 377 3434 437 ω

151 523 207 565 stt
235 506 546 564 honoratior
590 516 651 563 et
695 504 1080 578 splendidior:
1112 506 1182 559 ita
1228 503 1315 560 hic
1353 516 1566 573 quoque
1595 500 1734 554 Pau-

152 605 237 668 lus,
264 617 378 657 cum
400 602 561 667 dicit,
598 599 772 656 Tanto
799 600 981 654 melior
1006 599 1199 669 angelis
1220 598 1404 667 factus,
1437 595 1537 651 hoc
1567 595 1737 665 signi-

150 696 269 760 ficat,
298 692 441 764 quod
467 692 713 764 probior
735 700 792 748 et
820 691 1147 763 prmelarior,
1177 699 1370 761 quaitto
1410 686 1737 742 excellentius

150 803 239 853 pro
271 786 372 839 illis
399 801 596 839 nomen
626 783 954 839 hereditavit.
990 779 1151 835 Vides
1186 778 1329 851 quod
1369 778 1545 848 agitur
1573 775 1641 830 tie
1668 788 1734 829 eo

147 875 268 947 quod
309 877 551 946 pertinet
596 874 672 929 ad
714 872 973 929 carnem?
1017 871 1119 925 bne
1156 870 1300 927 enim
1347 883 1563 933 nomen,
1599 867 1738 921 Deus

148 967 382 1033 Verbum,
415 982 653 1035 semper
682 965 893 1032 habuit,
922 979 1028 1018 non
1068 972 1251 1034 postea
1287 961 1492 1031 accepit
1519 957 1735 1015 heredi-

149 1059 339 1122 tarium;
364 1073 550 1127 neque
575 1068 715 1112 tunc
743 1055 933 1111 melior
962 1055 1166 1125 angelis
1192 1052 1363 1109 factus
1385 1060 1491 1117 est,
1521 1048 1737 1120 quando

149 1151 254 1205 fecit
294 1148 689 1219 purgationem
735 1154 1045 1215 nostrorum
1092 1149 1459 1214 peccatorum,
1499 1140 1596 1195 scd
1640 1138 1736 1193 fuit

147 1255 335 1310 semper
365 1240 592 1302 melior,
628 1248 690 1294 et
714 1238 903 1293 melior
941 1232 1455 1305 incomparabiliter.
1492 1229 1597 1287 Sed
1634 1227 1737 1285 hoc

146 1334 323 1388 dictum
366 1341 454 1386 est
499 1338 781 1401 quantum
828 1327 895 1382 ad
941 1340 1161 1382 carnem
1192 1323 1407 1379 attinet.
1448 1323 1538 1378 Sic
1579 1322 1735 1376 nobis

145 1436 334 1493 quoque
362 1435 485 1476 mos
508 1429 626 1484 est,
654 1433 779 1474 cum
809 1417 1077 1488 loquimur
1101 1415 1169 1471 de
1195 1411 1523 1478 hominibus,
1549 1418 1605 1466 et
1627 1410 1735 1465 alta

145 1528 190 1570 et
225 1514 441 1570 humilia
482 1513 703 1568 dicere.
734 1510 867 1566 Nam
895 1508 1114 1581 quando
1144 1506 1395 1570 dicimus,
1437 1503 1610 1558 Homo
1650 1502 1736 1555 ui-

148 1607 247 1672 bili,
269 1586 427 1661 homo
457 1613 637 1669 terra,
668 1601 831 1657 homo
860 1600 1017 1664 cinis,
1044 1599 1112 1653 ab
1133 1613 1199 1654 eo
1220 1595 1361 1669 quod
1385 1604 1468 1651 est
1498 1593 1736 1649 deterius

149 1707 297 1754 totum
328 1710 601 1751 vocamus
626 1711 641 1759 ;
688 1692 903 1764 quando
933 1700 1113 1747 autem
1143 1689 1392 1753 dicimus,
1426 1684 1736 1761 lmuiortale

148 1789 323 1844 animal
366 1788 562 1854 homo,
600 1786 938 1841 rationabilis
976 1792 1033 1838 et
1060 1791 1322 1853 cognatus
1348 1792 1731 1850 supernorum,

150 1886 207 1940 ab
251 1899 313 1939 eo
366 1882 518 1953 quod
594 1888 686 1936 est
749 1879 944 1933 melius
996 1890 1183 1932 rursus
1228 1884 1397 1929 totum
1452 1886 1731 1928 vocamus.

151 1976 212 2029 Ita
250 1976 405 2029 etiam
463 1974 536 2031 de
595 1971 852 2036 Christo,
906 1968 1195 2039 aliquando
1268 1964 1486 2037 quidem
1543 1980 1611 2020 ex
1667 1978 1734 2018 eo

151 2066 274 2136 quod
306 2074 389 2121 est
432 2068 661 2130 minus,
737 2058 1029 2131 aliquando
1098 2067 1278 2113 autem
1333 2072 1404 2112 ex
1463 2071 1529 2111 eo
1588 2054 1733 2125 quod

152 2168 219 2212 est
277 2158 469 2214 melius
559 2153 802 2225 loquitur
872 2152 1101 2217 Paulus,
1160 2158 1217 2205 et
1275 2147 1730 2219 dispensationem

152 2248 317 2305 volens
338 2247 707 2312 constituere,
735 2253 791 2300 et
821 2243 1015 2300 docere
1043 2243 1111 2299 de
1136 2250 1325 2297 natura
1357 2240 1410 2296 in
1439 2255 1598 2312 quam
1626 2255 1732 2294 non

151 2340 277 2397 cadit
302 2340 579 2397 interitus.

209 2432 259 2488 5.
285 2428 597 2485 Exhortatio
622 2428 691 2484 ad
728 2427 1067 2483 innocentiam
1088 2425 1412 2481 seruandam.
1452 2421 1733 2477 Maledicta

152 2520 197 2573 ξπ
221 2517 502 2581 proximum
533 2527 748 2586 quanta
772 2534 934 2588 pana
954 2519 1191 2573 obnoxia.
1219 2543 1289 2556 —-
1309 2516 1572 2584 Quoniam
1600 2515 1732 2585 ergo

154 2615 479 2673 peccatorum
504 2617 822 2664 nostrorum
848 2608 971 2664 fecit
1002 2608 1393 2679 purgationem,
1416 2621 1733 2662 maneamus

154 2698 257 2765 puri
293 2708 345 2753 et
390 2699 623 2765 mundi,
658 2700 855 2755 nullam
901 2702 1257 2771 suscipiamus
1302 2699 1597 2763 maculam;
1638 2697 1731 2752 sed

156 2805 297 2860 quam
327 2792 486 2848 nobis
514 2792 714 2849 indidit
754 2792 1205 2863 pulchritudinem
1237 2801 1291 2848 et
1313 2792 1568 2847 decorem
1600 2805 1735 2846 con—

156 2893 413 2938 servemus
457 2885 804 2957 impollutam
846 2894 901 2941 et
950 2886 1206 2940 mundum
1232 2926 1248 2948 ,
1281 2885 1489 2939 nullam
1516 2883 1733 2940 sordem

160 2968 424 3028 habentem
450 3016 466 3041 ,
499 2985 598 3031 aut
625 2991 839 3047 rugam,
866 2984 958 3031 aut
986 2975 1186 3047 aliquid
1216 2975 1503 3045 ejusmodi.
1532 2973 1733 3031 Sordes

158 3061 281 3116 enim
297 3075 419 3120 sunt
433 3073 490 3121 et
508 3081 646 3137 ruga
663 3068 823 3121 etiam
843 3082 1002 3137 parva
1022 3074 1260 3136 peccata,
1282 3075 1338 3120 ut
1366 3066 1731 3128 maledictum,

159 3155 459 3211 contumelia
492 3197 510 3221 ,
544 3156 890 3211 mendacium
938 3174 951 3210 :
998 3158 1107 3211 imo
1153 3170 1281 3210 vero
1315 3171 1380 3209 ne
1407 3170 1468 3210 ea
1518 3156 1731 3225 quidem

161 3253 267 3296 sunt
294 3259 455 3313 parva
484 3287 501 3313 ,
534 3246 637 3302 sed
665 3256 721 3302 et
747 3246 904 3302 valde
929 3261 1117 3316 magna
1140 3285 1156 3312 ,
1183 3245 1320 3301 adeo
1348 3262 1406 3300 ut
1436 3246 1595 3300 etiam
1624 3245 1735 3316 pri-

162 3344 270 3388 vent
296 3352 460 3407 regno
499 3339 785 3394 caelorum.
837 3338 1154 3406 Quomodo?
1178 3336 1276 3406 Qui
1311 3337 1529 3392 fratrem
1574 3352 1729 3392 suum

164 3438 299 3480 vocat
332 3427 537 3484 fatuum
564 3471 579 3495 ,
614 3438 699 3484 est
724 3429 990 3484 obnoxius
1013 3470 1029 3495 ,
1058 3428 1263 3498 inquit,
1305 3427 1736 3498 gebeunariguis

166 3517 374 3582 (Matth.
411 3523 465 3577 5.
499 3521 578 3576 22
605 3521 646 3592 ).
678 3522 731 3576 Si
762 3530 941 3577 autem
991 3521 1081 3590 qui
1114 3529 1266 3575 vocat
1316 3520 1515 3574 fatuum
1542 3559 1560 3587 ,
1592 3519 1733 3589 quod

167 3608 348 3664 videtur
373 3617 622 3667 omnium
668 3628 789 3668 esse
822 3612 1153 3667 levissimum
1182 3620 1236 3667 et
1282 3610 1431 3666 lusus
1461 3611 1684 3681 puerilis
1715 3626 1731 3675 ;

165 3700 236 3766 qui
264 3712 407 3757 vocat
457 3704 760 3773 malignum
798 3712 852 3758 et
903 3702 1202 3758 maleficum
1233 3712 1288 3757 et
1314 3701 1549 3755 invidum
1577 3709 1629 3756 et
1656 3700 1736 3755 in-

168 3794 571 3850 numerabilibus
600 3795 720 3849 aliis
765 3795 979 3866 probris
1027 3794 1263 3864 appetit,
1298 3808 1433 3863 quas
1467 3808 1573 3847 non
1627 3793 1737 3849 luet

167 3900 331 3951 pteuas
376 3888 797 3957 castigationis?
827 3886 954 3957 quid
1001 3895 1083 3941 est
1127 3887 1227 3942 boc
1257 3885 1602 3941 horribilius?
1630 3884 1734 3941 Sed

169 3976 400 4032 sustinete
448 3993 641 4048 qnmso
668 3977 809 4047 quod
837 3978 974 4032 dico.
1005 3977 1063 4032 Si
1092 3977 1233 4033 enim
1279 3978 1367 4046 qui
1397 3976 1522 4031 facit
1551 3976 1640 4031 uni
1669 3992 1736 4032 ex

171 4067 378 4123 minimis
402 4112 415 4135 ,
441 4072 548 4140 ipsi
578 4070 725 4133 facit,
757 4078 811 4124 et
844 4070 931 4139 qui
961 4084 1067 4124 non
1102 4067 1229 4123 facit
1259 4069 1348 4123 uni
1380 4084 1445 4123 ex
1474 4068 1732 4134 minimis,

172 4160 252 4228 ipsi
274 4177 371 4216 non
402 4162 531 4218 facit
554 4162 883 4231 (Matt/1.25.
910 4161 1127 4229 40.45);
1157 4160 1426 4231 quomodo
1458 4176 1561 4215 non
1596 4160 1734 4214 idem

174 4261 239 4304 est
260 4253 305 4305 in
331 4255 489 4310 laude
515 4264 569 4308 et
588 4254 1018 4323 vituperatione?
1038 4253 1137 4321 Qui
1164 4254 1305 4308 enim
1339 4253 1556 4307 fratrem
1580 4268 1734 4307 suum

175 4347 471 4401 contumelia
526 4346 734 4409 afficit,
769 4346 935 4400 Deum
970 4344 1136 4399 afficit
1164 4344 1518 4409 contumelia;
1549 4355 1603 4399 et
1646 4344 1736 4415 qui

176 4432 365 4494 fratrem
393 4455 557 4496 suum
604 4438 865 4501 honorat,
895 4438 1123 4493 honorat
1154 4438 1340 4492 Deum.

235 4550 281 4604 ι.
323 4554 649 4609 Ενειὰἔειηιιιε
676 4568 805 4624 ergo
834 4552 1089 4623 linguam,
1123 4560 1181 4606 ut
1208 4550 1491 4606 benedicat
1518 4560 1569 4605 et
1598 4550 1735 4606 bona

178 4642 315 4695 Verba
345 4646 537 4700 eﬂ'erat
563 4663 575 4699 :
606 4643 878 4714 Compesce
901 4646 1042 4700 enim
1064 4686 1077 4710 ,
1115 4643 1314 4713 inquit,
1345 4644 1569 4712 linguam
1596 4653 1735 4697 tuam

178 4748 200 4780 o
221 4737 338 4787 ιιοαΙο
364 4737 380 4805 (
393 4736 541 4790 ρωι.
563 4737 653 4791 53.
678 4736 792 4806 li).
812 4735 925 4790 Non
946 4736 1086 4790 enim
1118 4733 1239 4788 ideo
1260 4749 1378 4788 eam
1406 4734 1551 4788 dedit
1576 4735 1735 4802 Deus,

180 4833 225 4872 ut
244 4826 535 4882 maledictis
560 4838 617 4883 et
643 4830 985 4884 contumeliis
1013 4840 1354 4900 appetamus,
1386 4844 1444 4886 ut
1470 4848 1570 4887 nos
1598 4835 1735 4889 invi-

178 4929 274 4969 cem
316 4921 739 4987 ealumniemur;
789 4923 882 4977 sed
921 4934 976 4977 ut
1022 4924 1190 4979 Deum
1237 4925 1519 4982 laudemus
1544 4968 1558 4992 ,
1594 4936 1651 4981 ut
1677 4943 1737 4982 ca

180 5007 428 5079 loquamur
470 5030 591 5084 qum
619 5016 748 5071 dant
776 5020 1001 5087 gratiam
1045 5018 1409 5084 audientibus,
1466 5037 1585 5090 qua:
1616 5031 1769 5077 sunt'

178 5098 231 5151 ad
252 5104 655 5161 aediﬁcationem
680 5148 694 5172 ,
720 5124 840 5177 qua:
870 5118 994 5163 sunt
1039 5108 1102 5163 ad
1136 5110 1435 5164 utilitatem.
1460 5110 1741 5166 Maledicto

180 5198 452 5262 quempiam
480 5213 539 5252 es
569 5199 899 5257 insectatus?
924 5202 1049 5270 quid
1083 5202 1306 5257 lucraris
1330 5244 1345 5265 ,
1373 5204 1461 5273 qui
1511 5204 1739 5273 teipsum

179 5296 361 5354 quoque
387 5305 509 5343 cum
539 5290 630 5344 illo
650 5290 848 5345 damno
877 5292 1155 5361 implicas‘i
1182 5309 1241 5349 ea
1265 5310 1330 5349 eo
1352 5296 1492 5349 enim
1526 5310 1584 5351 es
1610 5311 1741 5351 con-

182 5386 404 5440 sequutus
436 5388 492 5433 ut
521 5382 789 5450 repeteris
822 5383 1134 5439 maledicus.
1164 5384 1377 5439 Nullum
1411 5386 1551 5439 enim
1575 5428 1588 5451 ,
1625 5387 1745 5442 nul-

184 5460 271 5558 ltlm
298 5478 373 5522 est
399 5473 593 5526 malum
620 5472 761 5544 quod
791 5488 852 5528 se
880 5476 1033 5528 sistat
1056 5475 1120 5529 ad
1154 5475 1299 5529 illum
1324 5492 1491 5545 usque
1526 5477 1613 5546 qui
1646 5493 1740 5547 pa-

186 5558 308 5619 ιιιιιτ,
339 5560 426 5614 sed
452 5577 571 5616 cum
592 5579 807 5633 quoque
843 5563 931 5631 qui
974 5562 1097 5618 facit
1122 5565 1531 5636 comprehendit
1557 5585 1569 5618 :
1594 5568 1741 5622 verbi

186 5652 553 5713 mus1,invidus
578 5658 792 5713 videtur
813 5656 1031 5726 quidem
1051 5658 1200 5713 alteri
1231 5659 1488 5725 insidiari,
1516 5662 1626 5729 ipse
1648 5677 1743 5714 au-

192 5742 276 5789 tem
301 5743 432 5807 prior
458 5746 684 5807 fructum
713 5747 918 5816 accipit
948 5750 1181 5815 peccati,
1211 5760 1267 5805 ut
1292 5754 1378 5820 qui
1412 5750 1646 5805 tabescat
1690 5761 1745 5806 et

190 5841 510 5907 corrumpitur
530 5886 545 5911 ,
589 5853 645 5899 et
675 5841 750 5897 ab
780 5838 1034 5895 omnibus
1062 5840 1184 5897 odio
1213 5840 1489 5897 habeatur.
1538 5842 1741 5897 Avarus

1824 496 1986 549 alium
2012 494 2181 564 privat
2206 490 2475 562 pecuniis,
2510 486 2604 543 sed
2634 484 2737 540 sibi
2765 497 2978 556 quoque
2999 482 3169 539 aufert
3188 480 3419 540 aliorum

1824 600 2098 649 amorem;
2133 584 2243 639 imo
2270 581 2435 639 efficit
2462 589 2519 636 ut
2562 593 2752 635 manes
2778 592 2900 634 eum
2947 574 3249 632 maledictis
3273 574 3423 630 inse-

1826 686 2059 734 ctentur.
2084 676 2183 731 Est
2209 684 2391 731 autem
2420 674 2561 728 bona
2587 671 2723 726 fama
2752 670 2911 740 longe
2932 668 3125 723 melior
3148 666 3421 738 pecuniis:

1828 784 1952 825 nam
1984 768 2131 824 illam
2159 767 2375 838 quidem
2408 781 2513 821 non
2541 772 2622 820 est
2649 762 2804 818 facile
2830 752 3163 832 abstergere,
3194 759 3292 814 bas
3318 773 3420 814 au-

1831 872 1934 917 tem
1963 860 2119 916 facile
2145 869 2228 916 est
2270 859 2519 914 amittere
2562 875 2575 911 :
2622 864 2785 925 atque
2811 853 2947 908 adeo
2970 895 2986 921 ,
3017 851 3159 924 quod
3186 859 3270 907 est
3299 865 3419 905 am-

1831 954 1968 1022 plius
1988 990 2006 1018 ,
2050 951 2156 1005 illa:
2184 948 2400 1020 quidem
2432 948 2477 1003 si
2528 962 2637 1002 non
2664 945 2877 1009 adsint,
2908 944 3043 1000 nihil
3071 942 3273 998 laedunt
3297 958 3421 999 eum

1829 1044 1918 1114 qui
1948 1058 2053 1098 non
2080 1042 2271 1107 habet;
2304 1043 2419 1095 haec
2449 1049 2626 1095 autem
2656 1038 2701 1091 si
2733 1052 2840 1091 non
2869 1034 3051 1099 adsit,
3076 1034 3246 1091 efficit
3268 1042 3328 1090 ut
3354 1034 3427 1088 sit

1830 1136 2123 1206 probrosus
2148 1142 2203 1190 et
2232 1132 2489 1188 ridiculus
2508 1171 2525 1197 ,
2554 1129 2914 1201 omnibusque
2958 1127 3131 1184 hostis
3160 1137 3215 1183 et
3242 1126 3426 1182 inlmi-s

1831 1242 1947 1283 cus.
1978 1226 2269 1282 iracundus
2294 1238 2482 1280 rursus
2510 1222 2660 1294 prius
2702 1222 2940 1293 seipsum
2984 1219 3188 1276 cruciat
3214 1259 3230 1285 ,
3257 1232 3316 1274 se
3344 1218 3427 1273 la-

1833 1320 1989 1374 nians
2019 1332 2080 1373 ac
2110 1316 2424 1386 discerpens
2447 1354 2464 1383 ,
2509 1323 2565 1370 et
2594 1320 2722 1369 tunc
2751 1313 2900 1368 illum
2928 1313 3011 1367 cui
3037 1310 3315 1367 irascitur.
3348 1309 3425 1365 ita

1835 1408 2131 1465 maledicus
2158 1423 2217 1463 se
2244 1408 2477 1478 priorem
2519 1405 2719 1477 probro
2744 1413 2799 1461 et
2836 1403 3108 1460 dedecore
3132 1400 3300 1460 afficit
3326 1441 3341 1466 ,
3374 1410 3431 1456 et

1840 1509 1966 1557 tunc
1990 1514 2115 1556 eum
2143 1513 2302 1570 quem
2331 1495 2620 1552 maledicto
2648 1495 2889 1565 appetit:
2921 1504 3014 1549 aut
3060 1509 3128 1549 ne
3167 1492 3271 1548 hoc
3297 1491 3421 1562 qui.

1837 1592 1959 1649 dem
1986 1592 2123 1648 forte
2150 1597 2327 1663 potest
2351 1608 2365 1643 :
2396 1587 2494 1645 sed
2520 1586 2634 1643 abit
2661 1587 2777 1659 ipse
2806 1587 3023 1657 quidem
3053 1627 3068 1652 ,
3097 1592 3287 1640 nactus
3316 1584 3433 1638 exi-

1844 1690 2210 1747 stimationem
2231 1685 2480 1744 scelerati
2501 1694 2557 1741 et
2579 1683 2895 1741 exsecrandi
2926 1680 3181 1748 hominis,
3206 1680 3296 1735 ille
3316 1691 3449 1734 vero

1843 1793 1902 1839 ut
1922 1783 2097 1855 magis
2117 1792 2330 1838 ametur
2346 1779 2609 1840 efficiens.
2622 1778 2849 1848 Quando
2869 1777 3013 1834 enim
3036 1776 3177 1832 male
3196 1775 3445 1840 audiens,

1840 1892 1946 1930 non
1974 1890 2071 1945 par
2096 1874 2212 1947 pari
2243 1871 2441 1936 refert,
2472 1872 2567 1928 sed
2598 1871 2787 1928 laudat
2815 1879 2871 1927 et
2894 1868 3216 1934 admiratur,
3248 1883 3355 1923 non
3378 1867 3449 1922 il-

1838 1968 1950 2023 lum
1980 1965 2161 2022 laudat
2180 2006 2195 2033 ,
2230 1964 2325 2021 sed
2352 1963 2613 2035 seipsum.
2659 1960 2793 2018 Nam
2820 1962 2961 2018 sicut
2986 2004 3002 2027 ,
3030 1969 3092 2017 ut
3123 1960 3270 2031 prius
3295 1957 3403 2014 dixi
3427 1998 3446 2026 ,

1839 2074 1963 2131 quze
2001 2059 2054 2113 in
2083 2058 2359 2130 proximos
2389 2066 2710 2127 torquentur
2737 2053 3027 2110 maledicta
3050 2093 3065 2117 ,
3094 2067 3159 2108 ea
3190 2051 3337 2122 prius
3362 2060 3448 2106 at-
3472 2082 3475 2085 λ

1842 2151 2059 2222 tingunt
2102 2166 2198 2208 eos
2242 2151 2331 2222 qui
2378 2151 2745 2207 insidiantur:
2781 2149 2855 2205 ita
2882 2149 3046 2205 etiam
3077 2163 3200 2219 quze
3225 2145 3280 2202 in
3310 2161 3446 2217 pro-

1842 2242 2073 2315 pinquos
2108 2243 2462 2299 conferuntur
2488 2242 2631 2299 bona
2657 2284 2673 2309 ,
2706 2257 2804 2299 eos
2835 2241 2928 2312 qui
2971 2249 3270 2313 operantur
3298 2239 3447 2309 prius

1843 2333 2118 2391 delectant
2168 2344 2223 2391 et
2262 2334 2462 2407 gaudio
2500 2334 2762 2390 afficiunt.
2795 2332 2930 2389 Nam
2962 2332 3051 2401 qui
3080 2331 3279 2387 bonum
3307 2330 3450 2400 parit

1845 2437 1895 2482 et
1928 2427 2163 2491 malum,
2196 2442 2262 2482 eo
2309 2417 2506 2481 merito
2562 2425 2714 2497 prior
2756 2425 2873 2495 ipse
2909 2422 3106 2479 fruitur
3152 2439 3166 2476 :
3212 2430 3267 2478 et
3310 2421 3449 2477 sicut

1844 2533 1982 2588 aqua
2012 2528 2067 2575 et
2108 2518 2249 2575 salsa
2276 2528 2330 2575 et
2360 2518 2615 2589 potabilis
2648 2532 2776 2573 vasa
2806 2515 2998 2589 implet
3028 2528 3216 2571 eorum
3250 2512 3337 2584 qui
3370 2511 3449 2566 af-

1843 2607 2064 2679 ferunt,
2100 2625 2163 2666 ac
2204 2609 2421 2666 fontem
2450 2626 2557 2666 non
2590 2610 2780 2665 minuit
2807 2623 2874 2665 ex
2905 2623 3015 2678 quo
3058 2614 3274 2663 emanat
3312 2623 3327 2659 :
3376 2605 3449 2659 ita

1844 2702 2006 2758 etiam
2036 2709 2091 2758 et
2117 2702 2306 2757 vitium
2335 2712 2391 2759 et
2422 2703 2592 2757 virtus
2620 2702 2771 2758 illum
2800 2700 2945 2757 unde
2972 2700 3084 2756 exit
3112 2708 3165 2755 et
3194 2698 3447 2763 delectat,

1844 2804 1901 2851 et
1929 2793 2124 2863 perdit.
2158 2793 2229 2849 Et
2254 2794 2372 2850 haec
2400 2795 2619 2865 quidem
2646 2794 2732 2849 bic
2758 2794 2833 2849 ita
2862 2793 3087 2850 habent.

1918 2883 2214 2956 Infcrorum
2242 2900 2418 2956 poema.
2449 2916 2519 2925 —
2539 2884 2671 2953 Qum
2688 2900 2868 2940 autem
2897 2884 3006 2940 illic
3026 2892 3173 2951 sunt,
3202 2898 3449 2955 qutrnam

1845 2977 2130 3047 explicabit
2155 2977 2370 3033 dicendi
2392 2977 2637 3043 facultas,
2666 2977 2753 3033 vel
2779 2977 2919 3033 bona
2944 2976 3031 3033 vel
3058 2976 3243 3031 mala?
3273 2976 3452 3031 Nulla.

1852 3068 1985 3124 Nam
2018 3069 2153 3123 bona
2190 3069 2404 3140 quidem
2434 3069 2516 3126 vel
2542 3085 2757 3125 omnem
2793 3078 3123 3141 exsuperant
3153 3068 3451 3139 intelligun-

1848 3161 2019 3227 tiam,
2061 3158 2262 3217 nedum
2300 3162 2640 3225 orationem;
2687 3162 2829 3216 mala
2892 3169 3072 3215 autem
3127 3159 3270 3215 dicta
3325 3160 3448 3233 qui-

1846 3252 1972 3308 dem
2016 3261 2143 3307 sunt
2180 3252 2489 3308 nominibus
2517 3254 2712 3325 quibus
2737 3254 3113 3309 assuevitnus:
3143 3268 3267 3307 nam
3298 3253 3405 3307 illic
3433 3292 3455 3318 γ

1851 3346 2066 3417 inquit,
2094 3356 2175 3402 est
2206 3346 2342 3419 ignis
2368 3356 2424 3403 ct
2457 3346 2692 3403 tenebrae
2718 3358 2772 3402 et
2799 3347 3013 3403 vincula
3046 3356 3100 3402 et
3134 3346 3333 3401 vermis
3358 3346 3452 3416 qui

1848 3452 1955 3494 non
1978 3438 2175 3493 desiuit
2202 3454 2218 3505 ;
2252 3454 2430 3509 neque
2460 3439 2574 3495 bzcc
2620 3438 2793 3495 solum
2842 3437 3135 3494 ostendunt
3163 3454 3282 3508 qum
3305 3437 3449 3492 dicta

1853 3540 1997 3595 sunt,
2023 3530 2117 3586 sed
2149 3532 2250 3586 alia
2282 3532 2548 3602 graviora.
2584 3531 2652 3586 Et
2672 3542 2731 3585 ut
2759 3531 3047 3601 intelligas,
3078 3529 3183 3585 boe
3208 3530 3446 3599 primum

1850 3622 2031 3679 statim
2054 3622 2361 3677 considera.
2396 3622 2527 3677 Nam
2556 3623 2598 3676 si
2627 3632 2710 3678 est
2736 3623 2896 3693 ignis,
2922 3621 3194 3693 quomodo
3224 3629 3351 3676 sunt
3377 3630 3462 3675 te~

1854 3712 2080 3769 nebraz?
2118 3712 2281 3769 Vides
2321 3714 2463 3785 quod
2516 3715 2603 3769 ille
2635 3714 2774 3785 ignis
2816 3713 2887 3768 sit
2930 3714 3032 3769 boc
3058 3712 3316 3785 gravior?
3345 3727 3454 3767 non

1852 3803 2017 3860 liabet
2035 3805 2177 3860 enim
2202 3804 2399 3860 lucem.
2426 3805 2480 3861 Si
2504 3815 2586 3861 est
2610 3805 2769 3877 ignis,
2790 3804 3063 3875 quomodo
3089 3820 3305 3874 semper
3322 3803 3458 3857 urit?

1854 3898 2014 3955 Vides
2046 3898 2190 3970 quod
2220 3897 2323 3954 hoc
2364 3898 2487 3968 igne
2533 3898 2606 3955 sit
2633 3898 2885 3969 gravior?
2932 3913 3038 3953 non
3072 3898 3214 3952 enim
3243 3898 3455 3952 exstin-

1844 3994 2029 4062 guitur
2060 4010 2072 4045 :
2105 4008 2228 4047 nam
2276 4003 2566 4063 propterea
2599 3992 2798 4048 dicitur
2830 3991 3319 4062 inexstinguibilis.
3346 3991 3455 4047 Co-

1848 4089 2082 4157 gitemus
2122 4102 2252 4157 ergo
2298 4096 2560 4158 quantum
2589 4087 2659 4143 sit
2686 4087 2888 4142 malum
2937 4086 3017 4141 uri
3066 4096 3330 4156 perpetuo
3355 4128 3375 4151 ,
3402 4094 3461 4142 et

1851 4194 1971 4236 esse
2000 4181 2051 4235 in
2083 4180 2343 4245 tenebris,
2377 4188 2432 4235 et
2459 4179 2881 4235 innumerabiles
2908 4180 3157 4235 emittere
3188 4179 3457 4249 ejulatus,

1850 4281 1906 4326 et
1945 4273 2174 4327 stridere
2202 4272 2455 4327 dentibus
2478 4315 2491 4337 ,
2518 4282 2573 4329 et
2600 4288 2669 4328 ne
2694 4272 2867 4327 audiri
2900 4272 3139 4343 quidem.
3175 4273 3228 4327 Si
3275 4274 3457 4339 enim,

1848 4376 1970 4415 cum
2001 4364 2121 4431 quis
2148 4378 2210 4417 ex
2246 4364 2311 4416 iis
2342 4364 2432 4432 qui
2478 4361 2774 4418 liberaliter
2815 4374 2940 4417 sunt
2984 4361 3232 4428 educati,
3267 4361 3354 4416 bie
3386 4362 3437 4416 in

1844 4457 2117 4509 carcerem
2140 4454 2394 4522 injectus,
2430 4452 2679 4510 faetorem
2703 4453 2901 4517 solum,
2928 4464 2979 4508 et
3006 4455 3188 4523 jacere
3220 4455 3270 4507 in
3304 4462 3447 4508 tene-

1844 4542 1957 4598 bris
1978 4555 2031 4599 et
2058 4546 2108 4599 iu
2137 4547 2311 4603 vincul
2339 4561 2365 4600 s
2396 4562 2515 4601 esse
2550 4562 2673 4601 cum
2702 4545 2989 4601 bomieidis
3010 4588 3023 4609 ,
3055 4546 3241 4617 quavis
3271 4554 3447 4599 morte

1842 4635 1969 4689 dicit
2000 4652 2119 4691 esse
2164 4638 2377 4707 gravius
2420 4638 2643 4707 :cogita
2688 4638 2816 4707 quid
2865 4640 2934 4692 sit
2982 4638 3199 4708 quando
3237 4638 3448 4693 nrinmr

1840 4743 1962 4783 cum
2005 4728 2164 4799 bujus
2194 4732 2341 4785 orbis
2374 4740 2531 4787 terra:
2560 4732 2846 4787 bomicidis
2867 4776 2880 4795 ,
2913 4743 2966 4787 et
2995 4750 3170 4803 neque
3197 4734 3447 4790 videmus

1843 4836 1943 4875 nec
1991 4822 2280 4885 videmur,
2312 4823 2405 4877 sed
2457 4824 2506 4877 in
2562 4832 2707 4879 tanta
2756 4825 3101 4881 multitudine
3147 4826 3297 4882 s'dos
3322 4841 3449 4883 esse

1842 4913 2235 4969 existimamus.
2261 4915 2391 4970 Nam
2416 4917 2657 4971 tanebrrc
2686 4929 2738 4971 ct
2767 4918 2900 4972 lucis
2918 4918 3164 4974 defectus
3192 4935 3304 4975 non
3328 4937 3450 4991 pcr-

1844 5006 2005 5061 mittit
2035 5016 2089 5062 ut
2118 5009 2201 5064 vel
2230 5024 2325 5064 eos
2362 5012 2451 5080 qui
2486 5026 2653 5081 prope
2695 5020 2823 5066 sunt
2877 5012 3293 5080 discernamus;
3347 5016 3454 5072 sed

1843 5104 2212 5173 unusquisque
2236 5104 2304 5158 ita
2330 5105 2436 5159 erit
2466 5105 2710 5170 allectus,
2745 5116 3016 5177 Lunquam
3045 5108 3194 5162 solus
3220 5108 3323 5164 hoc
3352 5125 3447 5178 pa-

1845 5197 2007 5253 tiens.
2041 5197 2095 5252 Si
2148 5208 2327 5253 autem
2372 5210 2590 5254 nostros
2636 5201 2847 5254 animos
2878 5217 2971 5270 per
3002 5216 3061 5255 se
3109 5211 3359 5272 premunt
3396 5213 3451 5259 et

1845 5290 2170 5345 conturbant
2195 5289 2431 5346 tenebrae
2460 5309 2474 5344 :
2503 5290 2629 5360 quid
2660 5292 2785 5355 erit,
2818 5291 3034 5361 quando
3064 5310 3185 5347 cum
3210 5294 3451 5351 tenebris

1846 5389 1952 5435 tam
1984 5382 2139 5437 multi
2167 5381 2367 5438 fuerint
2400 5382 2621 5440 dolores
2650 5393 2705 5440 et
2729 5383 3218 5455 conflagrationes?
3244 5385 3450 5454 Quam-

1846 5476 2032 5531 obrem
2060 5491 2192 5547 rogo
2220 5486 2276 5531 ut
2301 5476 2419 5532 bace
2444 5477 2585 5547 apud
2629 5493 2727 5532 nos
2760 5488 3021 5548 perpetuo
3049 5494 3329 5535 versemus
3350 5522 3368 5548 ,
3398 5490 3453 5535 et

1847 5586 1966 5635 qum
1996 5585 2023 5623 a
2047 5571 2229 5625 verbis
2273 5570 2495 5627 affertur
2540 5572 2844 5627 molestiam
2891 5573 3187 5628 toleremus
3214 5615 3228 5639 ,
3260 5588 3328 5629 ne
3359 5575 3448 5643 qui

1850 5676 1945 5729 per
1977 5677 2062 5717 res
2086 5662 2229 5731 ipsas
2262 5664 2555 5734 suscipitur
2584 5665 2886 5719 cruciatum
2913 5666 3196 5734 patiamur.
3218 5663 3458 5720 Omnino

1848 5756 1989 5809 enim
2018 5766 2178 5809 erunt
2201 5756 2314 5811 bzrc
2342 5758 2544 5821 omnia,
2568 5767 2621 5812 et
2638 5772 2732 5812 eos
2754 5758 2844 5827 qui
2875 5758 3070 5827 iujnsta
3094 5756 3450 5821 admiserunt,

1851 5849 2026 5905 nullus
2060 5849 2205 5905 illinc
2231 5851 2455 5922 eximet,
2490 5866 2595 5907 non
2627 5860 2803 5924 pater,
2835 5866 2939 5906 non
2980 5860 3176 5920 mater,
3210 5867 3316 5907 non
3342 5850 3454 5908 fra—
