4042 6428
1322 402 1373 456 S.
1409 396 1682 455 JOANNIS
1718 381 2189 449 CHRYSOSTOSII
2230 379 2544 441 ARCHIEP.
2583 385 3114 443 CONSTANTINOP.
3823 382 3914 443 gr,

2316 485 2607 541 habeamus
2634 487 2771 541 bona
2802 502 2963 557 opera
2992 532 3005 551 ,
3040 490 3140 544 msi
3169 490 3365 559 injuste
3392 488 3653 545 collectas
3681 487 3937 542 divitias

2308 579 2452 647 juste
2481 578 2837 635 el'l‘undamus.
2888 581 2998 635 lloc
3044 592 3221 637 autem
3266 584 3406 653 quod
3438 583 3503 638 de
3549 584 3937 652 clcemosyna

2314 670 2575 737 dicimus,
2626 687 2731 725 non
2772 672 2945 726 sohun
2976 675 3260 729 conveniet
3298 674 3546 729 divitibus
3566 715 3582 739 ,
3610 673 3706 729 sed
3738 675 3934 729 etiam

628 414 692 465 ill

622 536 740 585 ter;
769 516 973 573 etiamsi
1007 512 1225 569 multam
1257 506 1500 563 ﬁduciam
1530 502 1721 555 habeat
1742 542 1756 563 ,
1781 506 1833 552 et
1858 507 2044 564 magna
2071 504 2193 585 pos-

628 616 695 667 sit
730 584 879 679 apud
915 609 1079 662 Deum
1124 620 1138 657 :
1185 600 1366 655 Frater
1392 597 1533 651 enim
1562 610 1662 647 non
1706 589 1955 679 redimit,
1988 584 2197 679 redimet

631 670 981 771 ἠθικα-(Μαι.
1018 696 1104 752 48.
1136 694 1234 764 8)?
1267 692 1381 759 Ipse
1411 688 1554 743 enim
1578 694 1660 740 est
1684 682 1773 752 qui
1800 670 1975 735 reddit
1997 675 2202 771 unicui-

631 814 732 864 que
760 766 1048 848 secundum
1071 798 1233 856 opera
1261 796 1357 836 sua
1379 820 1394 846 ,
1425 789 1479 834 et
1505 792 1571 833 ex
1600 775 1666 831 iis
1688 774 1812 828 licet
1840 780 1890 827 et
1918 766 2118 824 servari
2148 772 2203 820 et

635 884 832 955 puniri.

709 973 1042 1040 Elccmosyna
1087 962 1487 1021 commendatur.
1522 987 1593 999 —
1622 955 1797 1011 Facite
1840 951 1976 1007 vobis
2021 949 2208 1002 amicos

638 1084 700 1122 ex
747 1078 977 1118 mamona
1019 1056 1298 1128 iniquitatis
1348 1051 1524 1124 (Luc.
1568 1050 1654 1104 16.
1702 1046 1804 1116 9).
1842 1043 2211 1128 Obsequamur

641 1172 802 1226 ergo;
837 1127 1169 1206 Dominicum
1201 1145 1343 1201 enim
1387 1150 1470 1197 est
1512 1138 1820 1194 mandatum
1861 1152 1875 1187 :
1919 1127 2214 1201 superﬂuas

643 1223 897 1317 pecunias
934 1243 985 1296 in
1018 1251 1218 1311 egenos
1246 1245 1593 1305 spargamus:
1627 1227 1881 1283 iaciamus
1908 1223 2214 1317 eleemosy-

647 1310 766 1393 nam
793 1378 807 1397 ,
832 1335 1003 1389 donec
1029 1310 1345 1400 possumus;
1381 1324 1481 1377 hoc
1526 1328 1608 1377 est
1646 1318 1787 1375 enim
1817 1315 2017 1369 amicos
2043 1310 2217 1365 facere

648 1448 710 1484 ex
756 1440 998 1482 mamona
1040 1416 1363 1490 iniquitatis:
1394 1412 1641 1485 pecunias
1667 1411 1719 1464 in
1742 1421 1937 1478 egenos
1977 1400 2220 1458 eﬁ‘unda-

651 1528 794 1580 mus,
904 1526 957 1568 ut
986 1514 1133 1569 illum
1167 1512 1342 1577 ignem
1388 1503 1792 1580 exinaniamus,
1824 1498 2095 1580 nt_ipsum
2117 1506 2223 1580 eff

654 1567 1018 1669 stinguamus,
1047 1603 1106 1648 ut
1133 1567 1242 1645 illic
1266 1590 1556 1643 habeamus
1579 1579 1850 1635 ﬁduciam.
1876 1572 2088 1628 Etenim
2117 1567 2228 1622 illic

657 1668 915 1745 nnnsunt
940 1686 1026 1740 isti
1055 1683 1143 1754 qui
1174 1696 1272 1736 nos
1307 1677 1607 1745 suscipiunt
1634 1712 1647 1736 ,
1675 1668 1769 1725 sed
1800 1674 2050 1754 nostrum
2072 1673 2225 1754 opus.

656 1780 807 1847 Quod
849 1778 990 1834 enim
1019 1748 1122 1831 non
1163 1771 1405 1827 absolute
1452 1765 1591 1837 quod
1634 1762 1788 1817 nobis
1816 1759 1924 1811 sint
1952 1748 2229 1847 amici,‘id

659 1840 756 1927 nos
779 1871 947 1942 possit
969 1879 1184 1922 servare
1203 1904 1218 1927 ,
1244 1862 1391 1917 disce
1415 1874 1479 1914 ex
1512 1855 1897 1910 additameuto.
1937 1845 2052 1942 cur.
2088 1840 2229 1942 enim

661 1935 967 2025 non'dixit,
1014 1956 1197 2013 Facite
1224 1951 1373 2006 vobis
1400 1950 1599 2003 amicos
1643 1952 1703 1999 ιιι
1749 1956 1843 1997 vos
1885 1935 2231 2025 excipiantin

661 2052 879 2109 aeternis
905 2020 1014 2103 suis
1047 2042 1421 2107 tabernaculis,
1449 2037 1543 2093 sed
1574 2034 1789 2090 modum
1810 2030 1968 2085 etiam
1999 2020 2231 2094 adjecit?

662 2162 783 2201 cum
814 2144 956 2199 enim
983 2140 1242 2202 dixisset,
1275 2134 1357 2187 Ea:
1402 2145 1637 2185 mamona
1684 2122 1965 2193 iniquitatis
1985 2161 1999 2185 ,
2048 2124 2233 2172 osten-

664 2238 741 2293 dit
771 2234 909 2305 quod
958 2248 1021 2287 ex
1066 2222 1585 2300 pecuniis-convenit
1630 2233 1723 2273 eos
1772 2216 1955 2307 facere.
1995 2208 2234 2307 amicos,

666 2294 971 2399 signiﬁcans
997 2294 1138 2392 quod
1171 2318 1282 2374 sola
1310 2330 1407 2370 nos
1442 2327 1550 2368 non
1576 2307 1827 2365 defendet
1854 2301 2107 2363 amicitia,
2136 2294 2241 2351 nisi

2315 763 2656 832 pauperibus.
2691 763 2756 817 Et
2779 764 2823 818 si
2855 767 2971 835 quis
2999 766 3069 819 sit
3095 766 3184 835 qui
3210 766 3560 821 mendicando
3590 766 3767 820 alatur
3791 805 3813 829 ,
3849 764 3933 819 ad

2277 869 2434 911 leum
2487 868 2699 925 quoque
2747 856 2862 910 hare
2911 856 3157 926 dirigitur
3187 858 3397 911 oratio:
3433 872 3588 913 nemo
3630 866 3714 912 est
3755 856 3932 911 euim

2309 946 2445 1002 adeo
2477 961 2679 1017 pauper
2699 989 2712 1015 ,
2752 948 2853 1003 etsi
2882 947 2952 1002 sit
2977 947 3129 1003 valde
3166 963 3371 1019 pauper
3395 992 3409 1015 ,
3433 949 3521 1020 qui
3564 964 3667 1003 non
3701 947 3929 1003 habeat

2325 1038 2431 1091 duo
2460 1038 2685 1091 minuta.
2724 1034 2872 1090 Licet
2901 1048 3029 1103 ergo
3081 1033 3160 1086 vel
3190 1048 3255 1087 ex
3301 1036 3482 1100 paucis
3524 1048 3690 1104 pauca
3714 1036 3890 1090 danti
3924 1078 3945 1104 ,

2322 1143 2581 1197 superare
2654 1141 2749 1182 eos
2798 1125 2884 1195 qui
2940 1125 3088 1195 plura
3141 1114 3483 1193 possidentes
3540 1125 3687 1195 plura
3744 1125 3943 1193 dant,

2324 1222 2465 1275 sicut
2514 1220 2606 1274 illa
2654 1218 2832 1274 vidua.
2875 1216 2989 1271 Non
3020 1216 3164 1272 enim
3208 1230 3277 1271 ex
3306 1230 3494 1271 eorum
3541 1231 3658 1287 quas
3712 1217 3941 1272 dantur

2326 1326 2574 1368 mensura
2598 1354 2613 1377 ,
2643 1308 2738 1366 sed
2770 1324 2836 1364 ex
2863 1309 2914 1364 vi
2956 1317 3012 1364 et
3049 1316 3312 1377 potestate
3356 1318 3409 1363 et
3451 1322 3637 1363 eorum
3662 1309 3752 1379 qui
3786 1308 3944 1364 dant

2325 1401 2576 1458 institutd
2600 1411 2654 1457 et
2694 1408 2939 1471 prompta
2982 1398 3257 1453 voluntate
3294 1397 3563 1468 judicatur
3600 1399 3945 1469 magnitudo

2325 1496 2707 1565 eleemosyuae.
2742 1492 2927 1561 Itaque
2968 1491 3165 1560 ubique
3192 1491 3438 1545 instituto
3467 1505 3601 1561 opus
3627 1498 3713 1547 est
3741 1500 3802 1547 et
3860 1491 3941 1546 ιι-

2327 1585 2451 1641 bera
2484 1594 2835 1655 promptaque
2856 1581 3156 1647 voluntate;
3180 1581 3378 1653 ubique
3401 1582 3451 1635 in
3471 1582 3636 1637 Deum
3663 1582 3938 1637 caritate.

2325 1676 2380 1732 Si
2412 1690 2534 1731 cum
2566 1690 2628 1731 ea
2674 1674 2851 1729 omnia
2883 1687 3104 1743 agamus
3129 1715 3143 1739 ,
3178 1674 3387 1728 etiamsi
3432 1689 3602 1744 pauca
3649 1673 3941 1729 habentes

2328 1782 2494 1836 pauca
2524 1765 2836 1825 dederimus
2864 1806 2879 1830 ,
2914 1764 3102 1819 faciem
3148 1778 3300 1818 suam
3333 1764 3477 1819 Deus
3520 1780 3629 1819 non
3661 1774 3886 1819 avertet
3918 1806 3938 1829 ,

2327 1857 2423 1912 sed
2454 1858 2679 1926 accipiet
2710 1867 2975 1925 tamquam
3006 1870 3196 1925 magna
3221 1866 3275 1910 et
3305 1854 3639 1911 admiranda.
3669 1856 3940 1912 Attendit

2326 1965 2473 2005 enim
2504 1950 2726 2004 liberam
2758 1960 2813 2004 et
2858 1957 3157 2019 promptam
3190 1947 3354 2002 animi
3404 1948 3734 2003 voluntatem
3759 1989 3775 2013 ,
3809 1964 3936 2003 .ion

2329 2058 2389 2100 ea
2423 2058 2541 2113 qua:
2569 2042 2799 2096 dantur:
2828 2040 2953 2096 etsi
2984 2041 3128 2095 illam
3157 2038 3350 2095 viderit
3388 2055 3507 2096 esse
3545 2056 3792 2111 magnam
3820 2083 3838 2107 ,
3878 2042 3937 2095 ei

2329 2148 2484 2189 suum
2516 2132 2617 2187 fert
2642 2131 2949 2202 suﬁ‘ragium
2986 2141 3042 2185 et
3061 2129 3318 2200 judicium
3338 2171 3354 2198 ,
3386 2140 3439 2184 et
3464 2140 3791 2187 aeternorum
3823 2133 3937 2187 bo-

2332 2240 2521 2280 norum
2574 2223 2702 2278 facit
2747 2223 3219 2293 participemque:
3266 2221 3425 2277 detur
3464 2223 3715 2279 omnibus
3758 2224 3935 2280 nobis

2332 2316 2541 2385 assequi
2565 2356 2577 2382 ,
2616 2314 2782 2385 gratia
2811 2323 2865 2368 et
2893 2312 3237 2381 benignitate.

2096 2653 2439 2716 HOMILIA
2479 2652 2533 2712 ll
2546 2695 2559 2708 .

654 2806 778 2861 Car.
826 2806 875 2859 l.
921 2820 973 2858 v.
1022 2805 1074 2858 3.
1123 2803 1223 2869 Qui
1256 2818 1369 2858 cum
1394 2811 1458 2854 sit
1484 2801 1725 2869 splendor
1754 2801 1948 2871 gloritc,
1990 2809 2036 2854 et
2062 2800 2229 2870 ﬁgura

723 2899 1014 2953 substantia!
1035 2900 1165 2969 ejus,
1188 2908 1503 2967 portamque
1521 2897 1689 2951 omnia
1708 2895 1853 2949 verba
1881 2894 2079 2949 virtutis
2099 2910 2225 2959 sua,

729 3009 818 3060 per
846 2992 1166 3061 semetipsum
1190 2991 1539 3061 purgationem
1578 2998 1901 3059 peccatorum
1944 2998 2229 3041 nostrorum

726 3084 937 3154 faciens.

726 3177 777 3230 1.
822 3174 898 3228 Dc
934 3172 1041 3227 Deo
1082 3189 1233 3243 quam
1262 3182 1538 3227 reverenter
1578 3173 1679 3227 sive
1720 3171 1858 3240 loqui
1902 3172 2003 3225 sive
2050 3170 2229 3224 audire

654 3266 943 3320 debeamus.
971 3295 1041 3305 —
1075 3265 1278 3334 Ubique
1307 3264 1522 3334 quidem
1558 3264 1637 3333 pia
1677 3274 1728 3317 et
1768 3263 2016 3332 religiosa
2050 3270 2227 3315 mente

653 3369 735 3413 est
759 3373 910 3429 opus.
941 3358 1180 3411 maxime
1209 3365 1384 3410 autem
1412 3355 1624 3425 quando
1646 3354 1711 3409 de
1744 3355 1851 3408 Deo
1872 3352 2067 3423 aliquid
2096 3351 2229 3407 diei-

654 3464 772 3503 mus
799 3458 853 3503 et
876 3448 1120 3502 audimus
1154 3464 1167 3499 :
1200 3462 1318 3501 nam
1350 3461 1521 3516 neque
1547 3447 1723 3515 lingua
1746 3445 1909 3514 loqui,
1940 3458 2112 3513 neque
2133 3459 2227 3498 au-

652 3540 725 3593 ris
764 3538 957 3608 aliquid
1009 3539 1193 3591 audire
1238 3537 1305 3592 de
1353 3539 1460 3591 Deo
1503 3546 1674 3605 potest
1714 3551 1812 3605 pro
1842 3536 2139 3606 dignitate:
2171 3544 2227 3590 et

653 3632 774 3700 quid
804 3633 921 3685 dico
962 3631 1192 3700 linguam
1220 3641 1273 3687 et
1302 3633 1524 3685 aurem?
1554 3648 1723 3701 neque
1754 3632 1895 3685 enim
1927 3647 2076 3685 mens
2107 3646 2227 3699 quas

653 3724 766 3778 luec
795 3724 948 3793 longe
969 3732 1207 3792 superat,
1246 3734 1418 3793 potest
1446 3723 1641 3792 aliquid
1669 3732 1853 3777 exacte
1875 3720 2225 3791 comprehen-

652 3814 801 3879 dere,
834 3816 1045 3885 quando
1076 3815 1141 3869 de
1169 3816 1279 3869 Deo
1310 3816 1555 3869 volumus
1577 3814 1774 3884 aliquid
1803 3814 1998 3883 eloqui.
2028 3813 2158 3867 Nam
2179 3813 2222 3867 si

651 3919 751 3972 pax
783 3906 873 3959 Dei
901 3914 1187 3973 exsuperat
1219 3919 1432 3958 onmem
1466 3911 1718 3969 mentem,
1750 3912 1802 3958 et
1831 3919 1950 3971 qua:
1981 3912 2105 3957 sunt
2134 3918 2225 3969 pa-

652 4005 762 4049 rata
794 3995 856 4048 iis
885 3996 973 4064 qni
1004 3994 1171 4061 ipsum
1194 3991 1438 4061 diligunt,
1466 3990 1515 4043 in
1538 3989 1876 4045 corhominis
1900 4004 2004 4043 non
2030 4005 2219 4045 ascen-

650 4089 878 4141 derunt:
912 4085 1076 4139 multo
1108 4084 1276 4153 magis
1308 4085 1419 4152 ipse
1455 4082 1595 4137 Deus
1640 4082 1783 4151 pacis
1803 4123 1817 4149 ,
1849 4083 2218 4136 universorum

651 4180 833 4249 Opilex
858 4222 872 4245 ,
905 4191 1139 4232 nostram
1173 4186 1457 4246 exsuperat
1499 4178 1779 4231 rationem.
1828 4176 2053 4246 Oportet
2100 4193 2226 4246 ergo

652 4274 827 4328 omnia
860 4273 1134 4337 suscipere
1166 4286 1284 4324 cum
1315 4269 1415 4323 ﬁde
1451 4279 1503 4324 et
1532 4271 1766 4339 pietate;
1798 4278 1850 4323 et
1878 4268 2089 4337 quando
2124 4270 2227 4322 im-

652 4364 843 4420 becilla
872 4364 1030 4417 fuerit
1056 4363 1215 4427 ratio,
1250 4371 1306 4415 ut
1336 4376 1443 4415 non
1476 4362 1642 4429 possit
1672 4369 1860 4415 exacte
1889 4368 1939 4414 et
1982 4370 2229 4415 accurate

652 4457 925 4524 explicare
973 4463 1028 4508 et
1079 4452 1365 4508 ostendere
1406 4467 1525 4519 quae
1575 4452 1841 4516 dicuntur,
1894 4461 2018 4505 tunc
2062 4452 2229 4521 magis

656 4549 820 4602 Deum
850 4546 1149 4614 gloriﬁcare
1170 4586 1183 4610 ,
1213 4543 1353 4613 quod
1386 4544 1543 4596 talem
1585 4543 1875 4597 habeamus
1904 4542 2071 4596 Deum
2094 4583 2108 4608 ,
2138 4543 2227 4611 qui

655 4646 890 4691 mentem
934 4643 1169 4688 nostram
1210 4641 1427 4701 superat
1469 4642 1523 4687 et
1571 4632 2006 4701 intelligentiam.
2033 4639 2219 4694 Multa‘

654 4730 796 4783 enim
824 4745 888 4783 ex
922 4728 1005 4790 iis,
1037 4742 1157 4795 quze
1183 4724 1249 4779 de
1278 4726 1385 4778 Deo
1412 4734 1589 4777 mente
1622 4737 1914 4786 versamus,
1946 4736 2013 4776 ne
2041 4737 2230 4791 possu-

656 4836 774 4874 mus
814 4817 1030 4887 quidem
1054 4817 1229 4885 eloqui
1262 4833 1274 4868 :
1305 4824 1395 4869 aut
1420 4815 1586 4869 multa
1616 4814 1934 4883 eloquimur,
1976 4828 2079 4866 non
2108 4828 2231 4881 pos-

663 4922 848 4960 sumus
886 4915 1061 4959 autem
1110 4904 1405 4974 intelligere
1439 4901 1626 4957 :verbi
1658 4903 1827 4969 gratia
1849 4942 1863 4963 ,
1907 4898 2047 4969 quod
2091 4899 2228 4953 Deus

665 5000 859 5068 ubique
894 5000 965 5051 sit
986 4998 1183 5051 scimus
1208 5013 1222 5060 ;
1252 4992 1516 5063 quomodo
1546 5004 1724 5047 autem
1747 5033 1761 5056 ,
1793 5007 1896 5045 non
1930 4992 2111 5061 utique
2150 4990 2230 5043 in-

670 5091 956 5159 telligimus
989 5107 1002 5143 :
1035 5088 1177 5159 quod
1223 5088 1293 5142 sit
1328 5088 1409 5142 vis
1449 5086 1688 5155 quaedam
1733 5086 2080 5154 incorporea,
2123 5097 2236 5138 om-

668 5181 810 5233 nium
850 5179 1109 5234 bonorum
1152 5193 1330 5244 causa,
1378 5177 1607 5243 scimus;
1645 5176 1914 5247 quomodo
1941 5184 2118 5231 autem
2146 5174 2233 5240 sit,

666 5279 755 5323 aut
794 5284 1035 5339 quaenam
1066 5270 1133 5323 sit
1162 5270 1449 5323 nescimus.
1484 5267 1621 5323 Ecce
1647 5267 1907 5332 dicimus,
1944 5275 1997 5320 et
2027 5281 2130 5320 non
2160 5265 2238 5318 in-

665 5359 974 5427 telligimus.
1007 5360 1119 5413 Dixi
1159 5373 1278 5414 esse
1309 5360 1501 5430 ubique
1522 5401 1535 5423 ,
1568 5358 1660 5414 sed
1689 5373 1793 5413 non
1833 5358 2100 5429 intelligo;
2129 5357 2235 5412 dixi

669 5460 789 5505 esse
818 5451 931 5505 sine
963 5450 1222 5521 principio
1246 5492 1260 5517 ,
1306 5460 1358 5505 ct
1398 5465 1500 5503 non
1536 5449 1797 5519 intelligo;
1842 5448 1945 5502 dixi
1988 5448 2239 5519 genuisse

677 5558 730 5596 ἐκ
758 5543 953 5611 seipse,
983 5552 1036 5596 et
1063 5543 1240 5597 nescio
1261 5541 1525 5612 quomodo
1552 5555 1731 5595 rursus
1756 5539 2065 5609 intelligam.
2102 5538 2237 5594 Sunt

672 5651 795 5705 ergo
848 5635 1087 5703 quredam
1140 5652 1257 5706 qua:
1307 5650 1407 5690 nec
1455 5634 1558 5689 dici
1603 5643 1825 5705 possunt
1860 5652 1873 5688 :
1907 5642 1964 5688 ut
2010 5632 2237 5698 exemi-li

726 5795 743 5826 ί
770 5791 826 5842 In
848 5788 1124 5841 (Jolbertino
1148 5796 1253 5853 post
1279 5790 1473 5841 allatum
1498 5791 1764 5853 Scriptura:
1787 5804 1936 5841 saera:
1960 5789 2119 5841 locum
2157 5790 2244 5838 ho-

666 5855 794 5904 milia
828 5853 1037 5901 secunda
1074 5854 1153 5902 hic
1192 5855 1382 5913 incinit,
1418 5856 1607 5903 omissis
1631 5854 1737 5903 aliis
1770 5856 2009 5913 omnibus,
2048 5864 2156 5914 qua?
2199 5854 2243 5898 in

669 5916 808 5966 Iidito
835 5916 1201 5977 praemittuntur.

2344 2816 2517 2867 causa,
2554 2808 2797 2878 intelligit
2838 2812 3120 2881 COgitatio,
3163 2812 3255 2868 sed
3283 2830 3386 2867 non
3418 2824 3591 2883 potest
3615 2815 3819 2872 dicere.
3854 2817 3933 2872 Et

2338 2902 2395 2944 ut
2425 2895 2563 2949 scias
2596 2896 2811 2951 Paulum
2840 2915 3051 2969 quoque
3088 2916 3206 2956 esse
3251 2904 3597 2972 imbecillum,
3630 2914 3684 2961 et
3727 2921 3930 2961 exem-

2341 2982 2423 3051 pla
2458 3001 2561 3039 non
2593 3000 2779 3043 exacte
2811 2990 3014 3056 dicere,
3052 3000 3107 3045 et
3130 2995 3533 3058 coutremiscas,
3569 3010 3743 3065 neque
3775 2996 3929 3050 ulte-

2336 3075 2447 3128 rius
2477 3078 2675 3147 aliquid
2707 3095 2937 3150 quzeras,
2966 3082 3089 3136 audi
3118 3101 3132 3135 :
3164 3100 3283 3138 nam
3306 3101 3426 3140 eum
3450 3085 3671 3142 dixisset
3692 3088 3922 3151 Filium,

2334 3168 2684 3239 epiﬁeemquc
2710 3173 2997 3239 posuisset,
3028 3174 3151 3241 quid
3182 3174 3352 3229 dicit?
3381 3176 3477 3241 Qui
3512 3193 3625 3230 cum
3649 3179 3715 3231 sit
3740 3181 3927 3249 splen-
3998 3224 4004 3231 .

2333 3259 2427 3313 dor
2454 3262 2650 3331 glorise,
2681 3274 2726 3317 et
2754 3265 2915 3333 ﬁgura
2938 3265 3230 3321 substantia:
3258 3271 3386 3337 ejus.
3419 3269 3533 3325 Hoc
3564 3272 3650 3339 pie
3670 3280 3751 3327 est
3772 3274 3927 3326 acci-

2336 3350 2587 3418 piendum
2611 3394 2624 3416 ,
2655 3365 2709 3408 et
2737 3357 3093 3411 abscindenda
3124 3375 3243 3427 quae
3273 3369 3397 3415 sunt
3434 3362 3686 3418 absurda.
3718 3365 3924 3435 Splen-

2332 3443 2426 3494 dor
2451 3442 2646 3512 gloriae,
2678 3445 2869 3515 inquit.
2906 3448 3011 3503 Sed
3044 3449 3164 3503 vide
3191 3450 3256 3504 ad
3283 3451 3411 3520 quid
3444 3452 3546 3507 hoc
3573 3455 3824 3523 accipiat,
3860 3468 3921 3511 et

2331 3531 2401 3585 ita
2429 3534 2607 3604 accipe
2634 3553 2645 3587 :
2673 3536 2813 3606 quod
2843 3552 2906 3591 ex
2930 3538 3063 3606 ipso,
3090 3539 3229 3608 quod
3261 3540 3642 3609 impatihiliter,
3674 3543 3818 3613 quod
3852 3560 3924 3599 eo

2331 3639 2436 3678 non
2464 3624 2722 3680 diminuto
2753 3644 2852 3682 nee
2881 3629 3074 3684 eﬁ'ecto
3107 3631 3297 3685 minori
3326 3650 3339 3685 :
3368 3635 3618 3701 quoniam
3648 3644 3770 3689 sunt
3802 3637 3924 3706 qui-

2331 3715 2452 3769 dam
2501 3718 2590 3786 qui
2644 3717 2884 3788 quaedam
2940 3720 3167 3774 absurda
3213 3722 3279 3775 ab
3333 3723 3579 3793 exemplo
3619 3724 3918 3794 accipiunt.

2333 3807 2595 3876 Splendor
2622 3810 2799 3876 enim,
2832 3810 3109 3880 inquiunt,
3153 3828 3256 3866 non
3298 3823 3380 3868 cst
3407 3815 3458 3868 in
3486 3830 3544 3869 se
3570 3816 3876 3870 consistens
3902 3857 3916 3880 ,

2332 3898 2424 3951 sed
2457 3899 2594 3967 quod
2627 3899 2693 3952 sit
2722 3899 2880 3955 habet
2908 3902 2957 3953 in
2989 3902 3113 3955 alio.

2404 3989 2636 4043 Marcelli
2688 4000 2735 4043 et
2790 3990 3003 4045 Photini
3032 3993 3255 4047 Itazresis.
3300 3994 3489 4049 Contra
3538 3996 3823 4052 Sabellium
3868 4010 3917 4053 et

2331 4079 2528 4134 Arium.
2560 4110 2628 4120 —
2655 4080 2732 4135 Ne
2769 4081 2868 4136 hoc
2897 4098 3023 4153 ergo
3049 4084 3299 4152 accipias,
3342 4100 3375 4139 ο
3416 4085 3597 4151 homo,
3627 4103 3801 4157 neque
3832 4089 3915 4144 la-

2330 4170 2487 4226 bores
2516 4173 2703 4228 morho
2729 4174 2961 4229 Marcelli
3000 4186 3053 4229 et
3092 4176 3323 4231 Pbotini.
3359 4178 3399 4233 E
3442 4180 3740 4249 prOpinquo
3764 4183 3914 4236 enim

2331 4262 2423 4315 tibi
2456 4264 2722 4329 medetur,
2774 4282 2839 4318 ne
2887 4267 2937 4319 in
2991 4266 3139 4321 illum
3186 4270 3472 4338 Cogitatum
3522 4271 3761 4338 incidas;
3810 4290 3915 4329 nec

2333 4356 2593 4422 permittit
2636 4366 2694 4408 ut
2741 4356 3040 4412 deturbcris
3086 4360 3137 4413 in
3169 4362 3525 4431 perniciosum
3572 4365 3720 4419 illum
3760 4382 3913 4422 mor-

2331 4444 2477 4497 buzn.
2522 4445 2659 4510 Quid
2704 4459 2878 4501 autem
2910 4448 3076 4502 dicit?
3106 4448 3175 4503 Et
3216 4453 3380 4523 ﬁgura
3422 4454 3715 4510 substantiae
3761 4458 3912 4527 ejus;

2328 4535 2603 4590 declarans
2658 4537 2819 4605 quod,
2873 4540 3011 4594 sicut
3064 4542 3175 4610 ipse
3222 4546 3292 4597 sit
3342 4546 3392 4598 in
3445 4545 3718 4617 hyposmsi
3772 4563 3908 4614 sua,

2332 4627 2525 4680 nullius
2568 4627 2810 4698 indigens
2844 4647 2856 4682 :
2888 4632 2956 4684 ita
2987 4631 3144 4687 etiam
3177 4634 3361 4689 Filius.
3393 4636 3489 4692 llic
3520 4639 3661 4693 enim
3695 4638 3797 4693 hoc
3828 4640 3912 4695 di-

2329 4717 2418 4777 cit.
2445 4718 2731 4773 ostendens
2760 4736 2862 4773 non
2892 4736 3012 4777 esse
3041 4722 3401 4780 diversitatem
3432 4744 3529 4783 nec
3552 4729 3715 4783 ullam
3742 4729 3911 4783 dissi-

2332 4803 2706 4870 militudinem,
2754 4814 2809 4859 et
2845 4807 3109 4874 propriam
3141 4822 3259 4862 esse
3296 4807 3516 4878 ﬁguram
3544 4820 3600 4865 et
3622 4811 3908 4865 characte-

2332 4908 2444 4947 rem
2472 4895 2739 4963 prototypi
2769 4910 2861 4950 seu
2892 4897 3227 4965 exemplaris,
3261 4908 3314 4953 et
3346 4900 3484 4969 quod
3515 4916 3609 4970 per
3632 4916 3691 4957 se
3721 4903 3909 4956 consi-

2333 4993 2455 5036 stat.
2499 4984 2628 5039 Nam
2665 4987 2754 5055 qui
2785 4987 2919 5042 dixit
2948 4990 3192 5057 superius
3215 5031 3230 5055 ,
3273 4992 3413 5059 quod
3446 5007 3537 5061 per
3562 4993 3734 5063 ipsum
3766 4995 3909 5050 Deus

2334 5074 2458 5128 fecit
2485 5077 2685 5141 omnia,
2712 5076 2797 5132 hic
2828 5078 2917 5132 dat
2942 5079 2990 5133 ei
3020 5082 3410 5135 auctoritatem.
3443 5082 3577 5149 Quid
3605 5084 3748 5139 enim
3779 5085 3909 5139 sub-

2329 5167 2537 5237 iungit?
2564 5167 2883 5240 Portausque
2908 5172 3078 5225 omnia
3107 5173 3252 5227 verba
3278 5174 3475 5228 virtutis
3497 5192 3602 5230 sua:
3612 5193 3631 5241 ;
3660 5186 3717 5231 ut
3742 5192 3807 5232 ex
3839 5192 3910 5233 eo

2333 5258 2652 5326 accipiamus
2676 5274 2780 5313 non
2809 5260 2979 5315 solum
3012 5261 3233 5332 ﬁguram
3265 5263 3597 5331 substantiae,
3629 5264 3720 5320 sed
3742 5264 3905 5321 etiam

2332 5347 2474 5417 quod
2523 5350 2697 5403 omnia
2739 5352 3002 5421 gubernet
3044 5367 3164 5407 cum
3215 5355 3552 5412 auctoritate.
3600 5355 3733 5412 Vide
3776 5372 3907 5429 ergo

2333 5439 2599 5508 quomodo
2620 5442 2759 5511 quod
2787 5452 2866 5497 est
2895 5444 3166 5513 proprium
3191 5444 3383 5510 Patris,
3414 5445 3515 5500 hoc
3542 5447 3724 5502 tribuit
3748 5445 3906 5504 Filio.

2332 5529 2461 5583 Nam
2492 5542 2768 5599 propterea
2795 5549 2898 5587 non
2925 5534 3060 5588 dixit
3084 5536 3344 5599 absolute,
3378 5536 3695 5607 Portansque
3715 5540 3903 5606 omnia,

2335 5636 2505 5689 neque
2526 5622 2677 5685 dixit,
2708 5624 2911 5680 Virtute
2937 5639 3053 5688 sua.
3081 5626 3196 5694 sed,
3239 5625 3396 5681 Verbo
3422 5629 3616 5685 virtutis
3641 5647 3765 5685 suta.
3786 5629 3906 5686 Sic—

2336 5720 2392 5763 ut
2418 5712 2556 5768 euizn
2590 5713 2740 5769 nobis
2769 5731 2936 5786 nuper
2980 5718 3231 5786 paulatim
3268 5720 3902 5777 ascendebatetdesceu-

2335 5803 2495 5858 debat
2529 5824 2541 5859 :
2573 5806 2637 5859 ita
2687 5822 2824 5862 nunc
2852 5824 3064 5879 quoque
3095 5821 3359 5880 tamquam
3392 5813 3643 5881 gradibus
3671 5814 3907 5869 ascendit

2337 5899 2387 5950 in
2432 5899 2628 5968 altum,
2664 5901 2853 5955 deinde
2884 5917 3069 5959 rursus
3100 5902 3347 5960 deorsum
3374 5904 3551 5975 ducit,
3584 5916 3635 5962 et
3661 5907 3766 5976 ait,
3805 5905 3906 5962 Per
