4042 6406
159 386 208 440 ⁸21
1038 386 1102 442 ΙΝ
1142 380 1358 441 EPIST.
1400 378 1490 434 AD
1528 376 1740 439 IIEBI'U

1841 374 1892 429 5.
1933 374 2084 430 CAP.
2129 376 2168 431 1.
2210 374 2440 432 1101111..
2481 372 2546 429 II.

153 496 272 548 qum
297 485 410 545 (erit
438 489 487 533 et
517 482 743 535 secuta.
784 479 922 535 Vide
946 485 1215 551 quomodo
1246 484 1332 537 hic
1361 497 1577 553 quoque
1602 483 1738 538 duas

151 573 352 642 capessit
378 574 516 628 vias.
553 570 768 627 Volens
808 572 952 627 enim
993 588 1092 628 nos
1133 572 1401 630 abducere
1447 589 1477 630 a
1518 574 1736 632 Sabellii

151 672 194 715 et
230 663 332 716 Arii
373 662 833 719 innovationibus
866 679 883 729 ;
926 676 1150 734 quorum
1196 664 1333 720 alter
1370 665 1425 719 in
1464 666 1736 737 hypostasi

152 756 390 824 superﬂua
435 756 623 820 tollit,
670 756 815 811 alter
856 770 983 811 vero
1029 771 1189 811 unam
1224 768 1468 813 naturam
1511 773 1609 830 per
1652 760 1737 814 in-

152 848 483 917 aqualitatem
514 848 756 914 dividit;
790 862 861 904 ex
889 848 1179 903 abundanti
1203 848 1295 903 ille
1324 857 1611 921 utrumque
1638 850 1737 905 de-

149 938 262 1004 jicit.
308 936 604 1005 Quomodo
652 938 821 1008 igitur
870 939 969 994 hoc
1014 938 1181 994 facit?
1233 940 1503 1010 Perpetuo
1551 940 1737 996 eadem

153 1036 305 1082 versat
330 1037 386 1083 et
411 1028 669 1098 loquitur
688 1069 705 1095 ,
732 1036 793 1082 ut
816 1043 885 1084 ne
914 1036 1128 1097 putetur
1155 1043 1278 1084 esse
1308 1030 1425 1085 sine
1452 1030 1739 1101 principio,

152 1120 219 1173 vel
240 1135 267 1174 a
298 1120 405 1175 Deo
435 1120 687 1176 alienus.
717 1120 787 1174 Et
811 1136 879 1175 ne
906 1129 1123 1191 stupeas
1151 1120 1235 1177 his
1260 1121 1478 1190 auditis,
1504 1122 1699 1179 dilecte
1725 1142 1738 1179 :

154 1227 253 1265 nam
276 1212 317 1265 si
342 1213 507 1267 etiam
539 1222 677 1284 post
701 1222 809 1268 tam
836 1215 1002 1269 multa
1032 1213 1356 1270 documenta
1379 1226 1504 1271 sunt
1523 1216 1740 1287 quidam

153 1303 227 1372 qui
250 1301 499 1359 dixerunt
527 1320 665 1359 eum
692 1318 815 1359 esse
840 1305 1096 1372 alienum,
1136 1315 1189 1360 et
1227 1307 1456 1362 alterum
1496 1310 1545 1362 ei
1575 1308 1743 1365 dede-

154 1402 259 1448 runt
282 1405 485 1463 patrem
510 1437 528 1462 ,
564 1396 752 1465 ipsum
783 1411 997 1467 quoque
1024 1397 1265 1454 dicentes
1290 1414 1412 1453 cum
1444 1414 1512 1455 eo
1543 1400 1742 1456 bellum

153 1502 352 1557 gerere:
375 1488 553 1544 sinon
577 1490 703 1544 haec
735 1489 981 1555 dixisset,
1008 1489 1133 1560 quid
1157 1506 1264 1546 non
1289 1501 1477 1547 essent
1497 1493 1746 1563 loquuti?

155 1579 355 1645 Quando
383 1581 555 1651 igitur
585 1596 817 1637 necesse
859 1581 1021 1637 habet
1056 1582 1139 1637 his
1176 1583 1405 1651 mederi,
1430 1594 1560 1639 tunc
1582 1584 1745 1639 etiam

156 1689 355 1730 necesse
381 1674 548 1729 habet
578 1675 732 1745 loqui
765 1674 1022 1740 humilia;
1050 1684 1107 1729 ut
1128 1675 1280 1742 illud,
1310 1676 1602 1731 Constituit
1623 1694 1745 1735 eum

158 1763 389 1820 heredem
417 1766 811 1820 universorum
838 1807 852 1831 ,
884 1773 973 1832 et,
1001 1766 1107 1821 Per
1132 1765 1309 1835 ipsum
1354 1768 1479 1821 fecit
1528 1767 1744 1823 saecula.

161 1857 339 1915 Deinde
362 1874 432 1913 ne
472 1868 665 1915 autem
695 1859 857 1914 aliam
895 1868 1098 1929 partem
1130 1857 1288 1913 laedat
1310 1900 1326 1924 ,
1362 1874 1429 1914 ex
1462 1858 1750 1915 humilibus

162 1947 296 2004 dictis
332 1966 454 2005 eum
485 1963 686 2006 rursus
710 1950 892 2005 evehit
917 1948 983 2004 ad
1016 1949 1432 2018 auctoritatem;
1472 1960 1527 2005 et
1562 1962 1749 2007 osten-

163 2038 229 2095 dit
250 2054 364 2096 eum
392 2056 518 2097 esse
546 2041 608 2096 in
639 2040 831 2096 eodem
864 2041 1071 2096 honore
1095 2055 1203 2111 quo
1230 2041 1392 2096 Pater
1415 2083 1431 2109 ,
1461 2051 1517 2096 et
1540 2041 1675 2097 adeo
1698 2044 1751 2097 in

164 2140 331 2196 eodem
360 2140 617 2206 honore,
668 2150 725 2195 ut
770 2140 927 2195 multi
973 2140 1283 2195 existiment
1328 2139 1578 2195 eumdem
1626 2153 1749 2194 esse

168 2230 377 2288 Patrem.
409 2232 553 2288 Vide
583 2242 767 2287 autem
796 2247 1044 2303 magnam
1070 2233 1186 2301 ejus
1212 2232 1549 2302 prudentiam
1576 2250 1589 2286 :
1616 2230 1748 2285 illud

168 2325 294 2391 prius
334 2326 508 2393 ponit,
554 2334 859 2394 exacteque
887 2334 941 2380 et
976 2336 1232 2381 accurate
1258 2324 1312 2380 id
1338 2325 1664 2390 conﬁrmat;
1695 2332 1750 2379 et

166 2428 269 2468 cum
298 2413 397 2469 hoc
427 2414 532 2470 fuit
557 2427 862 2482 ostensum,
893 2416 1038 2486 quod
1064 2416 1136 2471 sit
1165 2415 1260 2471 Dei
1286 2415 1457 2471 Filius
1478 2456 1493 2480 ,
1524 2424 1579 2470 et
1604 2414 1748 2487 quod

167 2506 225 2561 sb
248 2507 358 2577 ipso
386 2524 496 2563 non
542 2508 618 2561 sit
661 2507 905 2573 alienus,
942 2516 1061 2562 tuto
1103 2506 1359 2576 deinceps
1397 2520 1749 2577 quacumque

167 2595 265 2649 vult
296 2597 399 2652 alta
427 2598 695 2668 loquitur.
724 2596 857 2651 Nam
889 2598 1142 2667 quoniam
1183 2596 1325 2668 quod
1369 2612 1623 2669 magnum
1648 2597 1750 2651 ali-

169 2688 277 2757 «id
305 2688 369 2743 de
406 2704 475 2744 eo
504 2688 731 2754 dixerit,
771 2689 971 2744 multos
995 2687 1064 2743 ad
1106 2687 1248 2745 hanc
1275 2688 1497 2745 deduxit
1526 2696 1749 2744 senten-

172 2779 298 2843 tiam,
320 2779 386 2834 de
409 2779 711 2836 humilibus
731 2780 878 2849 prius
898 2780 1172 2851 loquutus,
1203 2789 1329 2836 tunc
1347 2789 1461 2835 tuto
1487 2790 1746 2852 quantum

172 2868 269 2922 vult
294 2870 345 2924 in
380 2871 550 2926 altum
583 2870 831 2941 procedit
856 2888 870 2925 :
895 2880 951 2927 et
984 2886 1108 2927 cum
1139 2871 1384 2941 dixisset,
1426 2872 1589 2939 Quem
1618 2890 1745 2927 con-

171 2962 310 3015 uinn't
348 2964 587 3019 heredem
630 2964 1003 3030 uniuersorum,
1038 2972 1094 3020 et
1118 2964 1260 3035 quod
1291 2980 1389 3035 per
1416 2966 1592 3034 ipsum
1624 2966 1749 3023 fecit

172 3056 362 3117 sawla.
402 3065 533 3112 tunc
564 3055 876 3127 subjungit:
911 3055 1236 3128 Fortunaque
1262 3058 1435 3112 omnia
1462 3058 1612 3113 uerbo
1638 3060 1745 3113 vir-

174 3143 275 3199 tutis
297 3161 414 3201 sua.
447 3146 586 3201 Nam
619 3147 712 3217 qui
743 3146 911 3202 verbo
940 3148 1060 3202 solo
1088 3147 1354 3219 gubernat
1380 3149 1561 3203 omnia
1586 3190 1601 3215 ,
1635 3165 1746 3206 non

176 3248 287 3302 opus
314 3236 556 3294 habuerit
586 3239 771 3309 aliquo
799 3237 867 3293 ad
896 3238 1078 3293 omnia
1107 3237 1477 3311 producenda.

231 3324 284 3380 2.
316 3328 463 3396 Quod
509 3329 614 3383 hoc
651 3338 829 3384 autem
859 3330 932 3384 ita
972 3331 1077 3395 sit,
1104 3330 1228 3385 vide
1257 3331 1530 3401 quomodo
1561 3348 1746 3390 rursus

177 3421 445 3487 procedens
464 3424 562 3478 dat
581 3422 634 3479 ei
658 3424 1051 3491 auctoritatem,
1082 3423 1243 3479 etiam
1272 3424 1424 3491 illud,
1452 3423 1557 3480 Per
1574 3442 1743 3497 quem,

176 3513 408 3572 eximens.
437 3515 580 3572 Nam
610 3516 864 3587 quoniam
911 3530 1009 3587 per
1048 3516 1224 3586 ipsum
1266 3516 1411 3587 quod
1451 3518 1625 3574 voluit
1662 3529 1747 3575 est

178 3616 420 3672 operatus,
469 3608 541 3663 ab
585 3622 656 3663 eo
702 3607 770 3663 de
811 3617 1009 3664 cetero
1052 3608 1361 3676 discedens,
1406 3611 1533 3681 quid
1572 3611 1747 3668 dicit?

176 3691 311 3752 Initio
339 3708 391 3754 tu
413 3742 429 3767 ,
466 3700 713 3768 Domine,
746 3712 931 3757 terram
961 3702 1209 3773 fundasti,
1240 3711 1289 3758 et
1314 3719 1471 3774 Opera
1500 3722 1747 3761 manuum

178 3795 350 3842 turum
373 3800 488 3846 sunt
520 3791 638 3845 cali
660 3790 863 3865 .(Hebr.
902 3792 955 3847 l.
990 3792 1104 3862 10).
1135 3791 1407 3863 Nusquam
1442 3794 1593 3861 illud,
1641 3796 1747 3851 Per

176 3893 333 3945 sunt.
378 3874 561 3954 neque
604 3883 748 3955 quod
790 3900 884 3955 per
933 3885 1111 3957 ipsum
1159 3884 1287 3941 fecit
1333 3888 1553 3944 saecula.
1600 3888 1744 3957 Quid

176 3973 321 4026 vero?
346 3988 530 4030 annon
559 3974 629 4031 ab
652 3974 772 4046 ipso
800 3976 936 4032 facta
967 3977 1134 4033 sunt?
1177 3976 1444 4047 Maxime;
1486 3981 1584 4036 sed
1634 3996 1742 4037 non

177 4058 292 4115 sicut
328 4073 381 4118 tu
408 4064 577 4132 dicis,
613 4082 787 4136 neque
816 4077 875 4122 ut
917 4076 971 4123 tu
1004 4070 1319 4139 suspicaris,
1350 4072 1503 4141 quasi
1530 4088 1630 4143 per
1656 4073 1741 4129 in—

177 4161 507 4213 strumentum
534 4200 550 4226 ,
593 4173 768 4229 neque
810 4168 1080 4231 tamquam
1122 4176 1228 4217 non
1266 4161 1453 4217 luisset
1482 4162 1739 4234 facturus,

178 4246 264 4301 nisi
290 4264 500 4305 manum
531 4250 633 4321 ipsi
663 4251 984 4321 prabuisset
1006 4252 1187 4309 Pater.
1215 4252 1366 4310 Sicut
1389 4252 1536 4309 enim
1564 4257 1741 4312 nemi-

178 4350 277 4391 nem
296 4339 521 4409 judicat,
544 4350 602 4397 et
627 4342 824 4397 dicitur
844 4342 1094 4413 judicare
1118 4359 1216 4413 per
1246 4341 1436 4410 tilium,
1470 4353 1741 4415 quatenus

173 4425 376 4492 iudicem
424 4432 579 4487 illum
630 4433 873 4503 genuit:
912 4433 986 4488 ita
1034 4434 1196 4489 etiam
1244 4434 1445 4490 dicitur
1492 4438 1739 4505 operari,

175 4530 408 4587 quatenus
436 4524 631 4595 genuit
674 4524 941 4595 opiﬁcum.
989 4524 1047 4581 Si
1094 4526 1239 4581 enim
1286 4525 1449 4582 Pater
1494 4528 1612 4597 ejus
1656 4540 1740 4586 est

177 4624 311 4668 causa
335 4626 384 4671 et
420 4627 637 4681 auctor,
669 4617 840 4673 multo
868 4618 1039 4690 magis
1066 4633 1254 4674 eorum
1285 4635 1406 4691 qua:
1439 4636 1533 4690 per
1563 4622 1737 4692 ipsum

179 4701 291 4759 facta
316 4720 455 4763 sunt.

235 4794 372 4897 Pauli
397 4805 727 4867 Samosateni
750 4814 974 4873 haresis.
1001 4818 1177 4887 Arius,
1204 4822 1482 4897 Sabellius,
1514 4829 1740 4890 Παπει-

174 4883 241 4992 In
260 4930 274 4956 ,
315 4892 567 4992 Photinus
612 4914 661 4958 et
711 4905 947 4963 Marcion
991 4883 1341 4983 confutantur.
1390 4883 1482 4962 --'
1502 4883 1731 4992 Quando

176 4988 284 5089 flo-
304 4988 749 5089 Vult-ostendere,
787 5000 929 5069 quod
957 5016 1025 5058 ex
1052 5002 1189 5073 ipso,
1223 4988 1731 5089 necessario'loqui-

176 5074 475 5175 turb-amitis
511 5088 772 5154 :quando
810 5102 993 5147 autem
1034 5094 1148 5151 vult
1185 5097 1293 5155 alta
1326 5100 1509 5174 loqui,
1538 5074 1728 5165 ansam

174 5168 333 5236 arripit
365 5171 647 5232 Ilarcellus
683 5190 737 5235 et
775 5181 1061 5242 Sabellius.
1090 5188 1197 5246 Sed
1225 5168 1508 5253 amborum
1533 5215 1722 5262 crees.

174 5266 284 5370 Et:
299 5262 501 5370 fugiens
521 5270 797 5370 Ecclesia,
822 5278 909 5334 via
936 5281 1113 5339 media
1142 5294 1226 5341 est
1246 5287 1511 5361 ingressa.
1540 5294 1725 5370 Neque

175 5359 290 5454 futui
317 5367 495 5415 manet
519 5362 573 5417 in
603 5362 924 5437 humilitate,
959 5386 1028 5427 ne
1055 5372 1234 5433 locum
1266 5359 1498 5454 occupet
1524 5359 1731 5449 Paulus

174 5435 523 5507 Samosatenus
560 5456 680 5526 (a);
713 5474 889 5532 neque
911 5435 1144 5537 semper
1180 5435 1434 5531 remanetr

174 5701 974 5841 ﬂammis:
992 5701 1726 5841 se.

177 5794 305 5879 an“
320 5794 535 5826 nonanis
553 5794 666 5830 nios
686 5794 1203 5903 ιἰἑαωῗσέῗιιὲὣιξοίι.
1228 5794 1434 5855 Paulum
1454 5794 1727 5866 Samii—ag-

463 5932 740 5995 Psrnoc.
789 5936 906 5997 Gn.
957 5933 1174 6007 LXIII.

3354 371 3425 428 2‘!

1844 490 1903 537 ct
1927 496 2114 537 rursus
2139 478 2375 535 ostendit
2404 490 2651 547 magnam
2681 474 2799 543 ejus
2830 472 3283 544 propinquitatem
3309 515 3324 537 ,
3368 491 3437 530 nu

1842 589 2031 631 rursus
2054 574 2253 631 insiliat
2277 572 2567 629 Sabellius.
2594 568 2740 624 Dixit
2759 567 2976 633 Filium,
3000 579 3055 625 et
3074 568 3253 625 statim
3282 582 3441 640 urget

1844 666 2040 723 Paulus
2065 666 2471 729 Samosatenus,
2504 661 2687 718 dicens
2716 660 2889 732 ipsum
2920 674 3044 716 esse
3072 661 3270 716 Filium
3298 662 3441 717 sicut

1841 762 2060 817 multos.
2088 758 2193 817 Sed
2220 757 2382 814 letale
2411 758 2459 813 ei
2491 756 2689 811 vulnus
2711 753 2920 819 inﬂixit,
2943 752 3129 809 dicens
3157 753 3440 810 heredem.

1841 851 1949 909 Sed
1976 851 2152 907 adhuc
2178 849 2517 922 impudenter
2543 861 2603 903 se
2622 845 2763 917 gerit
2790 860 2914 901 cum
2942 846 3073 901 Ario
3099 865 3112 901 :
3140 861 3262 900 nam
3286 846 3437 911 illud,

1842 942 2117 999 Constituit
2143 942 2313 1012 ipsum
2348 936 2616 1004 heredem,
2647 936 2809 991 ambo
2835 943 3022 991 tenent
3052 953 3066 990 :
3098 932 3189 991 ille
3218 936 3437 1006 quidem

1842 1034 2029 1090 dicens
2053 1048 2174 1088 esse
2215 1030 2640 1093 imbecillitatis;
2686 1028 2774 1083 hic
2816 1036 2999 1083 autem
3040 1043 3245 1084 conaus
3275 1043 3447 1098 Oppu-

1848 1140 2017 1198 gnare
2060 1125 2222 1179 etiam
2275 1122 2419 1189 quod
2457 1120 2713 1187 deinceps
2744 1120 3007 1190 sequitur.
3041 1118 3173 1174 Nam
3211 1134 3332 1174 cum
3361 1120 3444 1173 di-

1844 1220 2011 1275 xisset
2026 1214 2353 1284 Paulus,Per
2370 1231 2515 1287 quem
2526 1214 2642 1284 fecit
2663 1222 2712 1267 et
2735 1212 2943 1275 strcula.
2962 1212 3210 1284 supinum
3230 1212 3446 1281 quidem

1847 1310 2132 1381 prostravit
2161 1306 2530 1379 impudentem
2576 1306 3029 1369 Samosatenuui;
3072 1304 3233 1359 Arius
3263 1312 3447 1361 autem

1846 1402 2025 1457 adhuc
2054 1399 2265 1455 videtur
2292 1413 2415 1453 esse
2447 1397 2617 1452 fortis.
2661 1395 2765 1451 Sed
2812 1395 2935 1449 vide
2978 1395 3253 1467 quomodo
3305 1398 3448 1451 hunc

1847 1508 2059 1565 quoque
2104 1490 2476 1562 prostrauerit,
2524 1488 2748 1551 dicens,
2799 1488 2902 1556 Qui
2934 1504 3049 1543 cum
3093 1489 3159 1543 sit
3201 1490 3449 1559 splendor

1848 1590 2026 1660 gloria:
2046 1589 2175 1659 ejus.
2203 1585 2309 1641 Sed
2340 1598 2470 1641 ecce
2496 1598 2683 1638 rursus
2713 1582 2958 1638 insiliunt
2988 1582 3278 1649 Sabellius,
3310 1584 3449 1639 Mar-

1848 1680 2017 1736 cellus
2048 1688 2103 1734 et
2142 1678 2424 1733 Photinus.
2467 1674 2573 1731 Sed
2621 1675 2726 1729 illis
2764 1688 2980 1745 quoque
3010 1674 3263 1731 omnibus
3289 1693 3449 1731 unam

1851 1774 2045 1844 inﬂigit
2073 1774 2303 1843 plagam,
2330 1770 2520 1826 dicens
2553 1787 2566 1823 :
2600 1766 2670 1822 Et
2695 1768 2962 1822 character
2990 1766 3288 1823 substantia
3313 1770 3448 1841 ejus,

1852 1876 2159 1938 portamque
2188 1864 2363 1918 omnia
2389 1862 2537 1915 verba
2564 1860 2765 1915 uirtutis
2790 1876 2916 1915 sua.
2951 1860 3050 1916 Hic
3082 1876 3270 1916 rursus
3306 1861 3450 1917 hlar-

1848 1960 2061 2015 cionem
2092 1974 2309 2030 quoque
2338 1956 2486 2021 ferit,
2520 1972 2625 2008 non
2656 1952 2947 2007 admodum
2975 1949 3193 2021 quidem
3221 1950 3455 2012 t’ortiter,

1849 2052 1973 2109 (erit
1992 2061 2171 2107 tamen
2196 2064 2350 2105 :nam
2369 2064 2466 2118 per
2488 2055 2657 2101 totam
2677 2044 2961 2115 epistolam
2983 2058 3106 2097 cum
3130 2041 3210 2097 eis
3233 2050 3456 2111 pugnat.

1845 2143 1979 2209 Sed,
2005 2144 2143 2199 sicut
2169 2142 2315 2207 dixi,
2346 2137 2689 2210 splendorem
2728 2135 2919 2207 glorise
2962 2132 3161 2188 Filium
3189 2131 3325 2187 dixit
3354 2147 3368 2184 :
3401 2138 3460 2184 et

1847 2223 1992 2307 quod
2041 2233 2145 2289 hoc
2171 2241 2318 2288 recte
2358 2231 2433 2286 sit
2471 2228 2698 2295 dictum,
2725 2226 2850 2282 audi
2875 2224 3152 2283 Christum
3184 2223 3252 2279 de
3286 2237 3347 2279 se
3372 2221 3457 2276 lo-

1847 2335 2127 2399 quentem,
2144 2322 2259 2395 Ego
2283 2338 2397 2379 sum
2418 2322 2510 2376 lus;
2534 2320 2713 2374 mundi
2733 2318 2917 2390 (Joan.
2948 2318 3000 2374 8.
3026 2314 3143 2388 12).
3165 2316 3456 2384 Propterea

1846 2431 2028 2477 autem
2049 2417 2181 2475 dicit
2209 2412 2579 2487 splendorem,
2600 2426 2796 2483 nempe
2814 2414 3138 2479 ἀπαύγασμα,
3161 2407 3457 2464 ostendens

1846 2511 1993 2585 quod
2025 2510 2135 2566 illic
2155 2522 2371 2581 quoque
2398 2508 2471 2561 ita
2497 2506 2675 2562 dictus
2696 2505 2788 2571 sit,
2810 2513 3082 2573 tamquam
3104 2500 3286 2556 lumen
3309 2513 3339 2551 a
3367 2499 3454 2554 lu-

1850 2601 2139 2660 mine.Non
2163 2602 2267 2656 hoc
2282 2607 2462 2654 autem
2480 2596 2654 2653 solum
2672 2594 3000 2661 ostenditur,
3019 2592 3115 2649 sed
3135 2593 3297 2649 etiam
3310 2589 3457 2663 quod

1846 2704 2061 2752 nostras
2082 2690 2409 2748 illuminavit
2434 2689 2665 2743 animas.
2692 2688 2795 2742 l’er
2822 2684 3169 2756 Splendorem
3215 2699 3348 2738 vero
3367 2696 3458 2738 es-

1848 2786 2040 2843 sentia
2073 2782 2437 2854 aequalitatem
2466 2779 2725 2843 ostendit,
2753 2785 2808 2833 et
2836 2777 2954 2848 ejus
2980 2791 3104 2833 cum
3135 2774 3298 2831 Patre
3325 2790 3453 2844 pro-

1847 2877 2222 2950 pinquitatem.
2264 2872 2452 2945 Cogita
2508 2870 2865 2927 subtilitatem
2911 2882 3102 2925 eorum
3144 2882 3264 2938 quae
3310 2865 3457 2921 dicta

1845 2979 2000 3028 sunt:
2016 2983 2177 3026 unam
2200 2966 2411 3037 accepit
2433 2963 2749 3028 essentiam,
2770 2970 2825 3017 et
2851 2959 3211 3034 hypostasim,
3227 2958 3293 3013 ad
3318 2958 3455 3014 duas

1845 3060 2208 3119 ostendendas
2236 3059 2588 3131 hypostases:
2620 3054 2761 3126 quod
2790 3054 2955 3110 etiam
2985 3051 3114 3108 facit
3142 3052 3195 3107 in
3228 3052 3454 3108 scientia

1846 3154 2099 3225 Spiritus.
2129 3150 2198 3209 Ut
2222 3151 2365 3207 cnim
2394 3148 2525 3207 dicit
2550 3162 2711 3202 unam
2744 3160 2866 3202 esse
2893 3143 3177 3200 scientiam
3202 3142 3378 3199 Patris
3400 3152 3456 3199 et

1848 3245 2104 3317 Spiritus,
2136 3252 2194 3299 ut
2232 3256 2355 3313 quas
2384 3256 2446 3297 re
2474 3254 2603 3296 vera
2654 3238 2724 3293 sit
2752 3252 2889 3307 una,
2909 3245 2965 3293 et
2989 3252 3020 3291 a
3051 3250 3112 3292 se
3137 3236 3272 3291 nihil
3301 3235 3457 3291 ditl'c-

1846 3348 1932 3395 rat
1961 3358 1976 3397 :
2005 3339 2080 3394 ita
2113 3338 2201 3393 hic
2229 3336 2392 3392 etiam
2424 3348 2588 3390 unum
2622 3331 2895 3403 quidpiam
2924 3330 3284 3401 apprehendit
3325 3346 3452 3385 ver-

1845 3432 1973 3487 bum
1990 3431 2055 3486 ad
2083 3430 2313 3486 duorum
2333 3428 2674 3501 hypostases.
2692 3423 2895 3480 Deinde
2914 3423 3212 3494 subjunxit,
3235 3422 3300 3477 Et
3331 3424 3456 3477 clm-

1842 3533 2008 3579 racter
2034 3540 2123 3579 seu
2150 3524 2341 3595 ﬁgura.
2373 3522 2569 3593 Figura
2595 3520 2738 3575 enim
2771 3534 2868 3575 seu
2896 3518 3179 3574 character
3206 3527 3290 3573 cst
3314 3518 3455 3574 alius

1842 3618 1912 3674 ab
1942 3616 2239 3687 exemplari
2273 3622 2591 3686 prototypo;
2635 3612 2776 3669 alius
2805 3621 2985 3668 autem
3032 3625 3141 3667 non
3187 3612 3410 3667 omnino
3434 3655 3451 3678 ,

1844 3708 1942 3765 sed
1966 3708 2020 3764 in
2048 3722 2116 3764 eo
2135 3707 2279 3778 quod
2306 3705 2496 3761 attinet
2512 3704 2578 3761 ad
2604 3704 2939 3776 hypostasin.
2970 3702 3102 3758 Nam
3124 3701 3213 3759 hic
3238 3719 3454 3775 quoque

1841 3802 2125 3858 character
2168 3799 2405 3856 ostendit
2467 3799 2671 3855 nullam
2717 3813 2841 3855 esse
2888 3797 3303 3864 diversitatem,
3354 3799 3453 3855 sed

1844 3894 2003 3965 plane
2028 3893 2082 3949 in
2114 3892 2367 3949 omnibus
2396 3891 2692 3963 perlectam
2722 3889 3139 3946 similitudinem
3166 3892 3282 3961 ejus
3302 3932 3319 3958 ,
3351 3906 3451 3946 cu-

1836 3984 1926 4055 jus
1964 3994 2049 4041 est
2082 3984 2365 4041 character
2394 3994 2449 4040 et
2476 3982 2667 4055 ﬁgura.
2714 3982 2852 4039 Cum
2896 3998 3030 4055 ergo
3074 3984 3250 4055 ipsum
3297 3996 3454 4041 vocet

1840 4080 2069 4135 formam
2096 4089 2150 4133 et
2174 4080 2546 4133 characterem
2568 4118 2581 4141 ,
2617 4078 2748 4147 quid
2790 4076 3009 4134 dicent?
3034 4080 3107 4133 At
3137 4078 3334 4143 homo,
3365 4079 3418 4135 in

1842 4174 1978 4245 quit,
2006 4173 2185 4227 dictus
2208 4179 2293 4228 est
2318 4172 2484 4227 etiam
2523 4170 2702 4241 imago
2731 4168 2885 4242 (Gen.
2920 4172 2971 4227 I.
3001 4169 3100 4241 26)
3171 4170 3449 4244 imaginis.

1842 4267 1980 4335 Quid
2010 4272 2179 4326 vero?
2207 4286 2333 4325 num
2363 4272 2436 4327 ita
2469 4284 2525 4329 ut
2554 4274 2769 4331 Filius?
2795 4270 2935 4344 Non,
2959 4275 3159 4347 inquit,
3178 4274 3275 4331 sed
3294 4279 3449 4349 quod

1842 4359 2020 4432 imago
2057 4377 2165 4418 non
2206 4364 2462 4420 ostendat
2489 4366 2927 4423 similitudinem.
2974 4369 3137 4439 Atqui
3184 4378 3449 4440 quatenus

1840 4451 2005 4510 homo
2035 4455 2212 4513 dictus
2237 4466 2323 4513 est
2349 4458 2558 4530 imago.
2589 4461 2831 4517 ostendit
2858 4461 3273 4519 similitudinem
3305 4475 3364 4519 ut
3390 4464 3446 4520 in

1838 4542 2079 4602 homine.
2114 4546 2247 4603 Nam
2269 4549 2413 4620 quod
2439 4550 2582 4607 Deus
2603 4562 2685 4608 est
2710 4552 2766 4607 in
2790 4552 2944 4620 calo,
2975 4552 3080 4610 hoc
3103 4564 3187 4611 est
3207 4555 3372 4612 homo
3391 4557 3445 4612 in

1839 4645 2007 4703 terra,
2031 4638 2198 4709 quod,
2228 4640 2470 4713 inquam,
2499 4644 2695 4701 attinet
2714 4645 2782 4701 ad
2804 4646 3167 4718 principatum
3195 4666 3208 4702 :
3234 4658 3287 4704 et
3307 4650 3449 4704 sicut

1838 4726 2001 4785 homo
2042 4728 2381 4789 dominatum
2425 4736 2637 4792 obtinet
2674 4737 2729 4792 in
2760 4738 3014 4795 omnibus
3061 4756 3182 4812 quae
3225 4750 3352 4797 sunt
3394 4743 3448 4798 in

1837 4828 2003 4889 terra,
2036 4822 2109 4877 ita
2156 4824 2299 4880 Deus
2337 4825 2676 4884 dominatum
2722 4830 2931 4887 obtinet
2966 4834 3019 4887 in
3047 4832 3300 4888 omnibus
3327 4850 3449 4905 quas

1834 4920 1961 4967 sunt
1989 4913 2043 4969 in
2086 4914 2220 4971 caelo
2257 4924 2315 4971 et
2344 4916 2399 4973 iu
2433 4927 2598 4975 terra.
2624 4919 2901 4980 Caeterum
2927 4923 3092 4981 homo
3119 4940 3230 4981 non
3271 4924 3449 4983 dictus

1836 5004 1937 5061 fuit
1961 5007 2243 5065 character
2266 5050 2283 5075 ,
2329 5025 2436 5067 non
2466 5011 2647 5070 dictus
2684 5013 2786 5070 fuit
2813 5016 3095 5087 splendor,
3131 5033 3240 5075 non
3271 5018 3449 5077 dictus

1833 5097 1936 5155 fuit
1960 5099 2133 5157 forma
2167 5120 2182 5158 :
2213 5104 2358 5175 quod
2384 5105 2606 5177 quidem
2634 5107 2841 5165 indicat
2867 5112 3164 5170 essentiam
3184 5152 3201 5181 ,
3248 5123 3342 5169 aut
3369 5115 3449 5171 si-

1834 5192 2197 5252 militudinem
2224 5212 2347 5267 quae
2387 5209 2473 5255 est
2510 5201 2565 5255 in
2609 5202 2870 5260 essentia.
2917 5204 3071 5261 Sicut
3096 5220 3229 5279 ergo
3271 5207 3445 5263 forma

1832 5288 1975 5343 servi
2006 5288 2140 5344 nihil
2186 5291 2331 5347 aliud
2377 5294 2656 5364 exprimit,
2696 5312 2858 5369 quam
2906 5297 3181 5355 hominem
3210 5301 3264 5356 in
3295 5302 3447 5359 nullo

1830 5380 2171 5441 dill'erentem
2204 5404 2217 5441 :
2248 5384 2323 5441 ita
2353 5389 2516 5444 etiam
2551 5389 2723 5447 forma
2758 5393 2853 5450 Dei
2898 5394 3031 5451 nihil
3071 5396 3219 5452 aliud
3261 5399 3450 5469 expri-

1830 5476 1932 5532 mit
1959 5493 2122 5550 quam
2157 5479 2351 5537 Deum.
2396 5484 2497 5553 Qui
2523 5502 2641 5541 cum
2671 5489 2759 5553 sit,
2795 5489 2992 5562 inquit,
3036 5493 3285 5564 splendor
3324 5495 3444 5567 glo-

1828 5568 1941 5624 rint.
1969 5570 2106 5629 Vide
2133 5574 2261 5645 quid
2293 5574 2456 5645 faciat
2483 5578 2702 5636 Paulus.
2730 5579 2864 5638 Cum
2891 5583 3152 5655 dixisset,
3198 5588 3301 5656 Qui
3325 5604 3443 5643 cum

1828 5664 1894 5718 sit
1921 5665 2167 5734 splendor
2188 5668 2399 5740 gloria,
2428 5672 2710 5742 subjunxit
2731 5692 2919 5733 rursus
2948 5698 2961 5733 :
2993 5678 3154 5737 Sedet
3178 5683 3247 5737 ad
3269 5682 3442 5739 deste-

1830 5771 1940 5809 ram
1970 5760 2254 5830 κοίμισαί.
2286 5778 2307 5817 :
2336 5762 2391 5819 in
2421 5764 2621 5836 quibus
2651 5781 2781 5825 usus
2806 5778 2891 5826 est
2927 5774 3240 5831 nominibus
3260 5816 3278 5844 ,
3310 5790 3438 5833 nus~

1830 5863 1989 5920 quam
2032 5850 2250 5912 invento
2292 5856 2515 5916 nomine
2539 5860 2814 5920 essentia.
2848 5863 3036 5938 Neque
3078 5867 3223 5923 extim
3272 5868 3436 5940 maje-

3093 5967 3134 6035 2
