4042 6458
625 442 695 495 ‘23
1356 436 1414 493 5.
1442 434 1715 493 JOANNIS
1751 428 2220 489 CllllYSOSTOMl
2258 427 2569 483 ARCIIIEP.
2611 429 3135 489 (ZONSTANTINOP.
3814 429 3881 485 υ

615 553 746 602 διες,
773 550 945 606 neque
971 544 1189 589 dextera
1212 530 1445 588 ostendit
1470 548 1663 587 nomen
1690 531 1830 601 quod
1853 530 1964 586 vult
1986 530 2189 597 dicere,

615 625 707 681 sed
737 639 930 681 nomen
961 639 1065 679 non
1095 633 1270 694 potest
1312 622 1572 677 invenire.
1618 621 1729 676 lloc
1762 630 1845 677 est
1880 620 2022 675 enim
2051 620 2191 691 quod

614 717 856 771 dicebam
887 716 954 769 ah
982 715 1156 781 initio,
1190 713 1379 784 Aliqua
1411 727 1557 782 saepe
1590 713 1887 782 cogitamus
1911 718 1967 766 et
1994 710 2190 765 intelli-

616 812 812 879 ginnas,
862 818 917 864 et
961 824 1065 863 non
1105 822 1391 878 possumus
1437 806 1638 877 eloqui.
1670 805 1802 861 Nam
1847 819 2020 874 neque
2054 803 2193 859 Deus

614 919 807 957 nomen
855 909 937 955 est
982 899 1253 963 esscntim,
1305 913 1478 968 neque
1526 898 1668 953 illius
1716 894 1964 951 essentia:
2016 904 2187 963 potest

616 1007 807 1047 nomen
850 989 1069 1046 omnino
1100 988 1351 1045 inveniri.
1382 989 1447 1044 Et
1474 987 1598 1059 quid
1629 988 1823 1042 mirum
1864 985 1907 1038 si
1952 986 2002 1039 in
2037 984 2145 1038 Deo
2176 1027 2190 1050 ,

614 1099 732 1139 cum
764 1095 863 1136 nec
892 1080 945 1135 in
973 1079 1167 1152 angelo
1198 1080 1465 1135 inveneris
1500 1094 1693 1134 nomen
1718 1120 1735 1146 ,
1765 1076 1905 1148 quod
1933 1076 2192 1147 signiticet

618 1179 947 1237 essentiam?
984 1180 1210 1233 fortasse
1250 1187 1425 1233 autem
1454 1191 1553 1232 nec
1583 1177 1633 1230 in
1666 1176 1840 1231 anima
1871 1194 1883 1229 :
1913 1190 2016 1231 non
2050 1177 2191 1231 enim

620 1274 746 1328 mihi
778 1272 987 1327 videtur
1039 1272 1139 1325 hoc
1182 1285 1375 1325 nomen
1407 1269 1524 1339 ejus
1564 1266 1850 1324 ostendere
1879 1267 2190 1335 essentiam,

617 1364 710 1419 sed
733 1364 839 1418 vim
872 1361 1131 1433 Spirundi.
1159 1360 1417 1416 Eamdem
1443 1360 1585 1415 enim
1610 1369 1666 1413 et
1694 1358 1949 1423 animam,
1979 1367 2032 1413 et
2055 1373 2149 1413 cor
2171 1398 2187 1423 ,

616 1462 669 1508 et
695 1462 925 1509 mentem
954 1452 1130 1506 vocari
1162 1450 1358 1506 videris
1388 1468 1401 1503 :
1434 1449 1532 1505 Cor
1556 1448 1700 1505 enim
1728 1448 1918 1519 inquit,
1944 1449 2190 1503 mundum

614 1561 729 1598 creo
757 1545 808 1597 in
838 1560 915 1598 me
946 1541 1080 1596 Deus
1109 1539 1280 1615 (Psal.
1313 1540 1401 1597 50.
1436 1540 1550 1611 12).
1572 1538 1687 1594 Νοη
1712 1539 1883 1594 solum
1914 1554 2041 1595 vero
2064 1539 2185 1606 ista,

613 1637 706 1693 sed
733 1646 787 1692 et
811 1637 1055 1707 spiritum
1089 1634 1267 1689 multis
1296 1633 1347 1687 iu
1372 1633 1504 1688 locis
1534 1631 1729 1687 videris
1756 1645 1873 1687 eam
1898 1630 2182 1701 appellari.

618 1728 929 1797 Portansque
955 1726 1124 1780 omnia
1145 1725 1291 1779 verba
1314 1724 1513 1779 virtutis
1538 1739 1661 1778 tute.
1686 1721 1844 1778 Vides
1860 1722 1986 1793 quid
2017 1722 2187 1779 dicit?

683 1822 735 1875 5.
781 1820 953 1874 Minus
976 1828 1047 1873 est
1072 1816 1314 1871 mundum
1338 1832 1533 1881 creare,
1562 1831 1714 1885 quam
1736 1814 1904 1883 ipsum
1935 1816 2189 1869 continere

610 1925 655 1967 et
679 1930 895 1968 servare.
916 1939 988 1952 —
1006 1908 1283 1977 Quomodo
1308 1923 1457 1979 ergo,
1488 1921 1671 1977 quaeso
1702 1915 1752 1960 te
1775 1947 1789 1971 ,
1818 1905 2119 1967 contendis,
2153 1919 2187 1959 0

609 2006 878 2071 hazrctice,
905 2018 1023 2057 cum
1051 2002 1307 2072 scriptum
1338 2002 1407 2053 sit
1434 2017 1447 2050 :
1480 1997 1643 2063 Dixit,
1678 1996 1868 2065 inquit,
1892 1996 2044 2062 Deus,
2070 1994 2187 2050 Fiat

608 2098 698 2150 lux
726 2094 877 2163 (Gen.
917 2095 963 2147 l.
992 2094 1068 2163 5),
1099 2091 1310 2147 Patrem
1347 2090 1593 2161 jussisse,
1624 2086 1817 2144 Filium
1844 2098 2023 2144 autem
2058 2088 2188 2163 obe-

606 2188 809 2242 diissc?
845 2184 951 2242 Sed
991 2199 1115 2239 ecce
1145 2182 1233 2238 hic
1258 2196 1469 2254 quoque
1498 2182 1612 2252 ipse
1635 2181 1801 2235 verbo
1836 2179 1958 2235 facit
1989 2199 2004 2236 :
2036 2198 2181 2251 nam,

607 2277 944 2343 Portansque,
987 2276 1175 2345 inquit,
1208 2274 1416 2337 omnia;
1456 2272 1558 2326 hoc
1586 2282 1688 2338 est,
1715 2271 2036 2340 gubernans,
2066 2289 2184 2343 qua:

606 2372 802 2427 eadunt
846 2369 1109 2425 continet.
1150 2366 1266 2421 Non
1312 2376 1393 2420 est
1445 2364 1587 2419 enim
1639 2364 1815 2420 minus
1866 2365 2180 2433 continere,

604 2479 761 2532 quant
791 2461 1044 2517 mundum
1074 2451 1305 2522 fecisse;
1336 2456 1429 2512 sed
1462 2457 1503 2511 si
1536 2456 1780 2511 mirabile
1801 2455 1999 2526 aliquid
2024 2471 2183 2527 oporo

606 2563 678 2609 tet
705 2554 904 2616 dicere,
932 2560 1015 2606 est
1039 2552 1199 2605 etiam
1229 2549 1418 2619 majus.
1448 2547 1579 2602 Nam
1612 2546 1743 2602 illud
1765 2546 1979 2618 quidem
2005 2556 2086 2602 est
2113 2563 2177 2604 ex

604 2645 769 2699 nihilo
808 2641 1006 2713 aliquid
1062 2638 1403 2710 producere:
1439 2654 1559 2711 qua:
1610 2639 1747 2693 facta
1799 2646 1924 2693 sunt
1966 2649 2175 2706 autem,

600 2737 872 2807 relapsura
905 2734 971 2789 ad
1003 2730 1228 2788 nihilum
1256 2732 1535 2789 continere
1563 2739 1619 2786 et
1658 2732 1796 2787 inter
1824 2746 1884 2787 se
1912 2731 2177 2788 dissiden-

601 2830 670 2881 tia
700 2826 1048 2896 conjungere,
1090 2823 1194 2880 hoc
1229 2832 1314 2881 est
1358 2838 1605 2894 magnum
1653 2831 1709 2878 et
1754 2822 2088 2891 admirabile,
2126 2835 2179 2880 et

597 2918 847 2975 indicium
885 2932 1091 2988 magna:
1119 2916 1352 2973 virtutis.
1397 2914 1601 2971 Deinde
1630 2914 1925 2970 ostendens
1951 2913 2177 2970 facilita-

598 3021 727 3076 tem,
759 3009 910 3076 dixit,
935 3008 1157 3064 Portam
1184 3022 1277 3064 seu
1306 3006 1504 3063 ferens.
1522 3005 1637 3061 Non
1656 3006 1807 3071 dixit,
1833 3004 2171 3074 Gubernans,

594 3117 624 3157 a
667 3101 977 3172 metaphora
1021 3115 1206 3156 eorum
1247 3099 1336 3171 qui
1380 3098 1544 3169 digito
1590 3097 1929 3153 solummodo
1973 3099 2170 3169 aliquid

593 3202 829 3259 movent,
860 3202 915 3248 et
938 3190 1181 3247 efﬁciunt
1210 3201 1268 3246 ut
1296 3190 1703 3247 circumferetur
1730 3191 1828 3261 (η).
1863 3191 1959 3247 llic
1993 3202 2171 3247 osten-

590 3288 668 3342 dit
710 3301 953 3357 magnam
999 3285 1159 3341 etiam
1204 3284 1397 3341 molem
1442 3299 1565 3341 esse
1601 3292 1883 3351 creaturae,
1931 3282 1983 3339 id
2027 3284 2169 3355 quod

588 3392 838 3449 magnum
878 3384 964 3432 est
1011 3375 1061 3432 ei
1110 3374 1241 3430 nihil
1279 3389 1420 3430 esse.
1468 3373 1668 3430 Deinde
1715 3388 1901 3429 rursus
1937 3376 2170 3431 ostendit

586 3468 731 3540 quod
758 3466 810 3523 id
840 3469 1000 3525 faciat
1036 3466 1171 3523 citra
1214 3465 1475 3531 laborem,
1519 3464 1728 3529 dicens,
1780 3463 1940 3520 Vetto
1968 3466 2168 3520 virtutis

587 3574 711 3613 sua.
740 3558 904 3613 Recte
933 3557 1088 3625 dixit,
1128 3555 1287 3610 Verba
1317 3571 1335 3610 :
1361 3571 1481 3609 nam
1510 3555 1761 3625 quoniam
1787 3557 2005 3611 verbum
2027 3558 2164 3627 apud

588 3666 686 3705 nos
712 3649 922 3705 videtur
949 3664 1070 3707 esse
1094 3647 1233 3705 exile
1258 3656 1312 3702 ct
1338 3656 1516 3710 tenue,
1560 3646 1791 3701 ostendit
1825 3646 1877 3701 id
1908 3663 2012 3701 non
2047 3663 2167 3704 esse

590 3744 729 3803 exile
757 3752 812 3797 et
842 3753 1001 3797 tenue
1040 3747 1092 3796 tu
1130 3741 1259 3797 Deo.
1289 3739 1394 3797 Sed
1434 3740 1576 3812 quod
1602 3739 1813 3812 quidem
1846 3739 2008 3795 verbo
2033 3752 2159 3808 por-

589 3841 683 3895 tet,
715 3831 881 3898 dixit;
912 3830 1180 3904 quomodo
1204 3839 1381 3887 autem
1406 3829 1572 3887 verbo
1594 3838 1789 3901 portet,
1820 3842 2154 3899 nequaquam

588 3920 782 3991 adjecit
812 3938 826 3978 :
858 3937 1030 3991 neque
1071 3922 1216 3977 enim
1256 3921 1382 3977 sciri
1410 3927 1612 3991 potest.
1656 3919 1855 3977 Deinde
1888 3918 2163 3989 subjunxit

586 4016 654 4069 de
697 4015 812 4084 ejus
855 4013 1155 4085 majestate.
1196 4012 1287 4069 Sic
1330 4012 1473 4068 enim
1514 4011 1641 4068 fecit
1681 4012 1841 4069 etiam
1880 4010 2159 4067 Joannes:

589 4122 713 4163 nam
742 4122 863 4163 cum
882 4106 1107 4165 dixisset
1133 4106 1273 4177 quod
1302 4107 1370 4161 sit
1401 4105 1564 4171 Deus,
1596 4103 1869 4175 subjunxit
1890 4102 2159 4175 opiﬁcium

589 4205 872 4252 creatum.
904 4196 1055 4264 Quod
1099 4195 1241 4251 enim
1284 4195 1375 4251 ille
1410 4195 1570 4250 tacite
1608 4194 1798 4260 innuit,
1848 4192 2054 4258 dicens,
2095 4190 2165 4246 In

590 4288 841 4357 principio
885 4296 993 4341 erat
1043 4285 1274 4350 Verbum,
1326 4294 1403 4351 el,
1455 4284 1639 4339 Omnia
1688 4301 1776 4355 per
1818 4284 1985 4355 ipsum
2030 4286 2165 4355 facta

591 4389 705 4434 sunt
734 4379 913 4448 (Joan.
940 4380 996 4434 4.
1032 4380 1054 4434 i
1080 4389 1125 4433 et
1142 4380 1221 4447 3),
1248 4378 1349 4435 hoc
1371 4377 1565 4434 Paulus
1594 4392 1805 4448 quoque
1826 4392 1921 4448 per
1942 4375 2163 4433 verbum

590 4472 824 4528 ostendit
860 4480 915 4527 et
940 4471 1189 4537 dicendo,
1238 4468 1339 4525 I’er
1376 4486 1520 4540 quem
1551 4468 1667 4539 fecit
1707 4478 1755 4523 et
1789 4468 1977 4524 mula
2004 4483 2024 4524 :
2052 4478 2167 4525 ete-

592 4563 701 4616 nim
741 4577 863 4617 eum
908 4560 1141 4616 ostendit
1175 4570 1232 4614 et
1262 4558 1508 4629 opiﬁcem
1546 4567 1603 4615 et
1646 4573 1768 4615 esse
1813 4567 1939 4615 ante
1984 4560 2164 4615 omnia

592 4650 805 4707 szecula.
832 4650 969 4717 Quid
1001 4665 1149 4714 vero,
1189 4664 1311 4704 cum
1349 4648 1417 4704 de
1445 4648 1602 4706 Patre
1625 4650 1841 4721 quidem
1868 4650 2010 4706 dicat
2040 4665 2165 4722 pro.

593 4743 776 4812 pheta,
817 4743 861 4797 Α
890 4744 1074 4799 seculo
1100 4752 1147 4797 et
1173 4757 1329 4812 usque
1356 4742 1410 4796 in
1439 4742 1683 4797 circulum
1712 4752 1766 4797 tu
1793 4759 1844 4798 es
1870 4742 2041 4815 (Psal.
2074 4744 2165 4800 89.

592 4836 669 4905 2)
704 4853 716 4889 :
750 4835 818 4890 de
857 4834 994 4890 Filio
1024 4843 1223 4899 autent,
1263 4832 1404 4905 quod
1447 4833 1517 4887 sit
1559 4842 1684 4889 ante
1730 4834 1908 4890 omnia
1951 4836 2166 4903 saecula,

594 4938 649 4983 et
673 4928 912 4983 omnium
938 4926 1136 4998 opifex,
1165 4924 1292 4995 quid
1332 4923 1605 4981 dixerint?
1636 4924 1744 4981 imo
1770 4939 1899 4981 vero
1932 4925 2168 4997 quando,

596 5020 736 5091 quod
764 5020 832 5076 de
870 5019 1027 5075 Patre
1061 5016 1363 5083 dicebatur,
1391 5017 1491 5084 Qui
1518 5026 1602 5072 cst
1644 5026 1772 5073 ante
1811 5016 2025 5085 s:ecula,
2072 5018 2172 5074 hoc

597 5112 794 5169 videris
821 5112 981 5168 etiam
1011 5110 1212 5166 dictum
1240 5107 1309 5164 de
1340 5108 1514 5163 Filio?
1554 5108 1623 5165 Et
1667 5108 1809 5165 sicut
1846 5108 1978 5164 dicit
2002 5107 2170 5165 Joan~

488 5202 497 5219 '
598 5220 714 5269 nes,
758 5202 871 5258 Vita
900 5212 1026 5268 erat,
1056 5200 1364 5273 signiﬁcans
1414 5202 1518 5255 vim
1543 5216 1607 5256 ac
1650 5209 1966 5271 potestatem
1997 5202 2173 5258 conti-

599 5299 760 5355 nendi
792 5306 1113 5361 creaturam,
1160 5295 1411 5367 quoniam
1458 5294 1573 5365 ipse
1615 5304 1698 5349 est
1738 5295 1847 5349 vita
1884 5294 2121 5350 omnium
2157 5313 2171 5349 :

598 5393 668 5447 ita
702 5389 897 5446 Paulus
933 5404 1171 5459 quoque,
1223 5385 1541 5454 Portansque
1575 5385 1745 5439 omnia
1787 5385 1932 5440 verba
1978 5387 2175 5441 virtutis

599 5500 705 5539 sua:
734 5498 751 5535 :
783 5498 886 5536 non
913 5481 1049 5535 sicut
1074 5478 1270 5544 Graeci,
1302 5486 1357 5532 et
1387 5476 1496 5546 ipsa
1523 5476 1795 5532 creatione
1815 5486 1868 5531 et
1890 5475 2175 5546 providen-

602 5581 693 5639 tia,
717 5584 970 5645 quantum
992 5573 1055 5627 ad
1088 5572 1233 5642 ipsos
1259 5569 1465 5634 attinet,
1490 5569 1659 5638 ipsum
1688 5568 1975 5637 privantes.
2007 5568 2073 5623 ad
2097 5570 2176 5624 lu-

604 5686 723 5724 nam
744 5683 909 5737 usque
922 5666 1036 5734 ejus
1053 5660 1431 5719 concludentes
1449 5659 1759 5729 potentiam.
1778 5658 1961 5724 Perse,
1983 5658 2175 5730 inquit.

668 5792 741 5851 (ιι)
765 5791 871 5841 Huc
892 5789 1074 5839 desinit
1095 5782 1300 5838 Homilia
1323 5782 1367 5834 ll
1392 5783 1439 5834 in
1464 5780 1761 5844 Colbertino,
1786 5780 1867 5830 ubi
1888 5785 2067 5831 cetera
2089 5788 2185 5826 tun-

606 5860 684 5905 nia
707 5854 1059 5904 desiderantur.

2306 528 2443 596 facta
2465 523 2761 593 purgatione
2791 534 3108 592 peccatorum
3150 532 3450 581 nostrorum.
3495 524 3626 583 Cum
3664 528 3893 590 dixisses

2306 614 2375 671 de
2397 615 2503 669 illis
2531 612 2858 669 admirandis
2886 624 2941 669 et
2971 615 3176 686 magnis
3220 631 3339 686 qua:
3364 627 3491 673 sunt
3514 632 3793 691 suprema,
3824 626 3891 681 de

2303 720 2498 767 extero
2516 707 2642 762 dicit
2658 707 2818 762 etiam
2842 706 2911 761 de
2936 721 3063 761 cura
3082 707 3199 777 ejus
3220 708 3273 762 in
3291 709 3552 766 homines.
3571 712 3638 768 Et
3652 717 3891 774 maxime

2301 800 2516 873 quidem
2545 807 2662 854 erat
2701 798 2829 853 illud
2852 798 3101 867 generale
3130 808 3187 854 et
3225 800 3469 857 universa
3495 806 3883 875 complectens,

2301 890 2623 959 Portamqu
2646 889 2853 955 omnia;
2874 903 3058 943 verum
3086 886 3189 943 hoc
3226 899 3309 944 est
3335 891 3503 948 multo
3523 896 3719 965 majus.
3749 897 3886 953 Nam

2299 983 2459 1039 etiam
2476 980 2824 1051 estgenerale
2839 990 2889 1035 et
2906 980 3155 1035 universa
3176 981 3557 1050 complectens:
3578 1002 3726 1055 nam,
3740 991 3887 1060 quod

2299 1077 2470 1146 ipsum
2507 1082 2737 1145 spectat,
2768 1087 2959 1129 omnes
2997 1072 3174 1127 salvos
3218 1069 3362 1127 fecit.
3394 1073 3617 1131 Etenim
3644 1078 3887 1139 Joannes

2293 1182 2505 1239 quoque
2531 1180 2651 1219 cum
2677 1165 2927 1219 dixisset:
2965 1158 3077 1212 Vita
3108 1171 3235 1228 erat,
3265 1169 3319 1216 et
3344 1164 3735 1231 providentiam
3762 1171 3885 1238 ejus

2310 1270 2680 1341 signiﬁcasset,
2709 1284 2893 1324 rursus
2928 1267 3077 1337 dicit,
3106 1266 3174 1321 Et
3202 1268 3291 1322 lux
3315 1278 3442 1334 erat,
3485 1267 3536 1323 id
3580 1268 3757 1337 ipsum
3789 1268 3891 1323 de-

2310 1362 2541 1418 clarans.
2588 1360 2691 1416 Per
2728 1377 2800 1427 se,
2834 1360 3025 1430 inquit,
3072 1363 3206 1431 facta
3238 1361 3537 1431 purgatione
3566 1371 3895 1430 peccatorum

2310 1467 2593 1506 nostrorum
2615 1466 2634 1515 ;
2676 1452 2813 1507 sedet
2851 1452 2918 1504 ad
2958 1451 3217 1505 dexteram
3253 1452 3530 1529 majestatis
3573 1452 3625 1505 in
3652 1450 3893 1529 excelsis.

2311 1542 2424 1595 Duo
2452 1540 2537 1595 hic
2572 1542 2722 1611 ponit
2761 1542 2988 1595 maxima
3016 1541 3132 1610 ejus
3162 1557 3307 1595 cura:
3334 1524 3525 1596 indicia
3555 1559 3569 1596 :
3601 1550 3657 1596 et
3684 1524 3833 1609 quod
3862 1556 3893 1594 a

2309 1632 2540 1700 peccatis
2565 1646 2663 1686 nos
2700 1632 3024 1701 purgaverit,
3058 1643 3113 1686 et
3156 1630 3298 1703 quod
3346 1647 3443 1703 per
3479 1647 3539 1687 se
3582 1630 3633 1686 id
3672 1630 3891 1687 fecerit.

2309 1726 2374 1779 Et
2399 1724 2578 1780 multis
2606 1726 2656 1779 in
2682 1725 2816 1780 locis
2843 1724 2990 1779 vides
3020 1740 3139 1781 eum
3166 1724 3234 1781 de
3270 1724 3372 1779 hoc
3392 1724 3633 1795 gloriari,
3658 1741 3765 1780 non
3796 1739 3892 1779 so-

2305 1825 2413 1869 tum
2450 1814 2517 1871 de
2544 1816 2980 1870 reconciliatione
3014 1831 3141 1887 erga
3171 1818 3356 1881 Deum,
3396 1815 3490 1870 sed
3535 1816 3697 1871 etiam
3743 1817 3891 1886 quod

2305 1907 2405 1962 hoc
2435 1906 2628 1961 factum
2660 1908 2725 1961 sit
2771 1922 2863 1977 per
2890 1907 3084 1962 Filium
3116 1925 3129 1960 :
3159 1908 3358 1964 etenim
3402 1922 3587 1963 revera
3631 1924 3889 1976 magnum

2300 1997 2498 2053 donum
2531 2002 2690 2056 etiam
2713 2002 2884 2071 majus
2912 2000 3105 2056 factum
3141 2013 3244 2068 eSt,
3274 2017 3339 2057 eo
3364 2000 3506 2071 quod
3535 2015 3631 2072 per
3659 2000 3885 2055 Filium.

2300 2088 2431 2144 Nam
2474 2105 2594 2145 cum
2643 2091 2886 2157 dixisset,
2933 2092 3088 2148 Sedet
3124 2093 3193 2145 ad
3238 2093 3517 2156 dexteram,
3564 2100 3638 2156 et,
3692 2090 3798 2146 Per
3835 2108 3891 2145 se

2302 2182 2597 2251 purgatione
2624 2187 2763 2254 facta
2792 2192 3114 2253 peccatorum
3142 2193 3446 2247 nostrorum,
3475 2190 3531 2236 et
3558 2196 3779 2237 crucem
3807 2197 3892 2238 re-

2300 2282 2543 2327 vocasset
2576 2274 2626 2327 in
2667 2274 3007 2339 memoriam,
3040 2273 3147 2328 cito
3178 2273 3451 2342 subjunxit
3476 2286 3786 2327 sermonem
3818 2271 3889 2327 de

2300 2364 2693 2419 resurrectione
2718 2375 2771 2419 et
2799 2365 3135 2421 ascensione.
3175 2363 3306 2418 Vide
3332 2372 3510 2418 autem
3540 2362 3886 2433 prudentiam

2295 2452 2411 2522 ejus
2449 2453 2769 2509 incil'abilem
2799 2472 2811 2507 :
2836 2471 2942 2511 non
2988 2455 3143 2520 dixit,
3175 2453 3367 2509 Iussus
3394 2462 3478 2509 est
3506 2452 3719 2519 sedere,
3760 2451 3883 2515 sed,

2296 2543 2469 2599 Sedet.
2500 2544 2701 2600 Deinde
2730 2560 2937 2613 rursus,
2981 2561 3048 2601 ne
3077 2546 3358 2600 existimes
3388 2560 3511 2599 eum
3545 2554 3714 2610 stare,
3744 2543 3884 2599 sub-

2288 2634 2503 2703 jungit:
2538 2635 2618 2688 Ad
2663 2653 2807 2707 quem
2854 2648 3019 2691 autem
3060 2637 3353 2708 angelorum
3397 2636 3530 2690 dixit
3575 2635 3882 2704 aliquarum,

2294 2723 2430 2778 Sede
2456 2741 2488 2777 a
2516 2724 2705 2779 dextris
2732 2728 2852 2781 meis
2869 2727 2895 2780 ?
2920 2726 3084 2782 Sedet
3109 2740 3259 2796 ergo,
3284 2725 3477 2795 inquit,
3506 2723 3571 2779 ad
3598 2723 3882 2778 dexteram

2293 2817 2589 2886 tnajcstatis
2614 2820 2664 2873 in
2688 2820 2935 2876 excelsis.
2967 2819 3103 2888 Quid
3131 2830 3233 2885 est,
3258 2817 3324 2874 In
3351 2818 3603 2874 excelsis?
3634 2818 3882 2873 Deumne

2291 2907 2411 2963 loco
2437 2909 2750 2965 concludit?
2796 2910 2951 2966 Absit
2983 2926 2998 2965 :
3030 2924 3134 2965 non
3180 2920 3236 2965 ut
3280 2910 3333 2965 id
3382 2909 3741 2981 suspicemur,
3793 2906 3881 2961 sic

2291 2995 2539 3069 loquutus
2568 3010 2668 3065 cst,
2692 3000 2785 3056 sed
2806 3001 2940 3057 sicut
2970 3000 3174 3067 dicens,
3205 3000 3288 3055 Ad
3308 3003 3583 3067 dexteram,
3616 3015 3723 3055 non
3747 3014 3877 3054 eum

2287 3104 2550 3174 figuravit.
2595 3102 2689 3158 sed
2735 3100 2969 3157 ostendit
2998 3116 3117 3157 eum
3162 3102 3215 3156 in
3257 3100 3448 3156 eodem
3495 3113 3616 3156 esse
3658 3099 3883 3161 honore

2284 3212 2392 3268 quo
2418 3196 2575 3252 Pater
2604 3212 2618 3248 :
2652 3196 2723 3249 ita
2752 3209 2873 3249 eum
2900 3193 3106 3259 dicens,
3131 3190 3197 3247 In
3221 3192 3453 3257 excelsis,
3486 3206 3592 3247 non
3612 3206 3738 3247 eum
3761 3192 3876 3249 illic

2286 3288 2520 3353 inclusit,
2577 3286 2673 3341 sed
2723 3284 2957 3341 ostendit
3009 3299 3129 3340 eum
3187 3298 3307 3339 esse
3368 3283 3606 3339 omnium
3661 3282 3874 3342 altissi-

2284 3396 2451 3447 mum,
2481 3388 2535 3433 et
2585 3381 2762 3433 omnia
2793 3378 3191 3443 transcendere,
3236 3375 3339 3432 hoc
3387 3386 3489 3442 est,
3520 3377 3766 3446 pervenit
3802 3379 3872 3433 ad

2283 3472 2455 3542 ipsum
2496 3471 2744 3527 thronum
2790 3479 3088 3540 paternum.
3131 3468 3280 3524 Sicut
3306 3483 3438 3540 ergo
3485 3469 3645 3525 Pater
3680 3479 3765 3526 est
3817 3472 3872 3526 in

2284 3563 2530 3630 excelsis,
2560 3563 2631 3618 ita
2666 3563 2830 3618 etiam
2848 3562 2973 3632 ipse
3004 3578 3018 3616 :
3048 3574 3335 3617 consessus
3363 3561 3506 3616 enim
3546 3561 3681 3616 nihil
3720 3546 3873 3619 aliud

2286 3656 2485 3712 indicat
2512 3671 2669 3726 quam
2697 3655 2748 3710 in
2777 3654 2967 3710 eodem
2999 3668 3122 3710 esse
3151 3652 3378 3710 honore.
3405 3652 3463 3709 Si
3485 3662 3665 3710 autem
3686 3653 3872 3711 dicant

2287 3761 2407 3801 eum
2448 3744 2672 3810 dixisse,
2721 3742 2876 3810 Sede,
2910 3757 3006 3799 eos
3046 3743 3441 3813 interrogemus
3472 3758 3486 3796 :
3516 3742 3653 3810 Quid
3696 3747 3875 3801 vero?

2284 3837 2489 3893 dixitne
2513 3837 2718 3891 stanti?
2742 3837 2812 3891 At
2836 3836 2886 3891 id
2909 3835 3194 3891 ostendere
3213 3851 3320 3891 non
3349 3836 3574 3906 possint.
3596 3836 3712 3892 Non
3734 3838 3875 3894 dixit

2284 3936 2431 3983 certe
2456 3928 2596 3999 quod
2622 3927 2843 3997 jusserit
2865 3936 2961 3981 aut
2990 3926 3308 3999 imperarit;
3351 3926 3469 3994 sed,
3510 3927 3674 3996 Dixit,
3709 3922 3872 3997 Sede,

2287 4036 2392 4075 non
2415 4028 2633 4091 propter
2648 4018 2789 4074 aliud
2811 4034 2968 4089 quam
2992 4033 3060 4074 ne
3079 4017 3360 4075 existimes
3380 4034 3503 4075 eum
3525 4034 3647 4077 esse
3664 4021 3876 4093 absque

2287 4110 2548 4182 principio
2576 4120 2632 4167 et
2657 4110 2773 4166 sine
2801 4125 2986 4167 causa.
3012 4110 3145 4166 Nam
3175 4110 3315 4181 quod
3346 4120 3626 4183 propterea
3666 4114 3745 4169 sic
3786 4114 3873 4170 di-

2286 4202 2444 4265 xerit,
2473 4211 2555 4256 est
2584 4200 2923 4270 perspicuum
2956 4215 3019 4255 ex
3052 4201 3170 4255 loco
3200 4200 3456 4255 sessionis
3483 4216 3499 4256 :
3526 4201 3571 4257 si
3598 4202 3741 4258 enim
3772 4219 3875 4259 vo-

2287 4292 2471 4348 luisset
2522 4289 2821 4361 signiﬁeare
2870 4290 3274 4345 diminutionem
3304 4332 3318 4356 ,
3376 4304 3484 4346 non
3532 4290 3777 4362 dixisset,
3828 4296 3873 4349 Δ

2288 4383 2498 4448 dextris,
2526 4382 2643 4449 sed,
2672 4382 2716 4437 Α
2743 4380 2996 4437 sinistris.

2360 4474 2525 4530 Filius
2575 4472 2669 4527 Dei
2710 4471 2876 4527 Filius
2931 4482 3003 4527 est
3051 4480 3254 4539 natura,
3301 4488 3401 4528 non
3436 4473 3601 4544 gratia
3649 4483 3874 4531 tantum.

2288 4564 3040 4639 —t.Tanto,inquit,melior
3055 4564 3248 4634 angelis
3287 4562 3515 4632 eﬂ'ectus,
3546 4578 3735 4637 quanto
3762 4568 3875 4641 dif.

2290 4661 2527 4735 ferendus
2558 4672 2664 4727 pra:
2704 4654 2806 4709 illis
2852 4670 3032 4707 nomen
3072 4653 3387 4709 Itereditavit.
3430 4655 3587 4724 Illud,
3618 4655 3874 4727 Electus,

2292 4756 2377 4810 hic
2395 4761 2481 4809 est
2498 4765 2595 4822 pro
2613 4746 2915 4803 declaratus
2936 4744 3019 4799 vel
3043 4743 3465 4811 demonstratus,
3492 4755 3550 4801 ut
3573 4746 3645 4802 ita
3665 4747 3843 4802 dicam
3860 4789 3874 4802 .

2290 4844 2496 4907 Deinde
2541 4840 2593 4894 id
2631 4836 2932 4894 conﬁrmat.
2965 4834 3293 4903 Quomodo?
3324 4834 3401 4891 Ex
3433 4836 3668 4894 nomine.
3708 4838 3878 4896 Vides

2294 4930 2434 5002 quod
2462 4946 2656 4988 nomen
2692 4931 2877 4999 Filius,
2924 4934 3061 4991 solet
3090 4935 3392 5007 signiﬁcare
3419 4935 3836 5006 germanitatem
3860 4941 3887 4989 't

2299 5024 2363 5080 Et
2386 5031 2552 5087 certe,
2599 5025 2643 5079 si
2675 5040 2781 5079 non
2812 5036 2956 5081 esset
2994 5042 3285 5098 germanus
3313 5027 3501 5093 Filius,
3532 5043 3638 5083 non
3676 5012 3749 5081 ila
3798 5028 3885 5083 lo-

2293 5123 2487 5183 quotus
2513 5124 2675 5171 esset.
2722 5116 2942 5184 Quare?
2983 5117 3119 5185 Quia
3156 5133 3445 5190 germanus
3473 5119 3542 5174 oh
3572 5118 3702 5173 nihil
3729 5119 3883 5175 aliud

2292 5217 2375 5262 est
2401 5220 2560 5277 quam
2590 5216 2855 5277 quatenus
2894 5218 2977 5265 est
3003 5226 3068 5265 ex
3109 5209 3228 5281 ipso
3257 5229 3270 5266 :
3302 5210 3461 5282 igitur
3490 5224 3558 5265 cx
3584 5225 3649 5266 eo
3673 5212 3883 5267 conﬁr-

2294 5306 2421 5351 mat.
2454 5296 2587 5352 Nam
2634 5298 2676 5353 si
2707 5308 2790 5354 est
2819 5301 2986 5369 gratia
3030 5299 3223 5367 Filius,
3272 5317 3377 5356 non
3426 5302 3597 5356 solum
3644 5315 3750 5354 non
3796 5311 3885 5357 est

2293 5386 2496 5459 angelis
2538 5389 2896 5457 praestantior,
2951 5390 3046 5444 sed
3096 5392 3257 5446 etiam
3307 5392 3504 5447 minor.
3551 5388 3884 5457 Quomodo?

2289 5481 2552 5548 Quoniam
2586 5481 2828 5537 homines
2867 5496 3079 5552 quoque
3113 5482 3244 5553 justi
3276 5484 3449 5538 vocati
3488 5491 3615 5538 sunt
3660 5482 3752 5537 ﬁlii
3778 5498 3794 5549 ;
3824 5493 3886 5539 et

2292 5586 2486 5627 nomen
2516 5571 2628 5637 ﬁlii,
2660 5572 2758 5626 nisi
2787 5572 2855 5626 sit
2885 5572 3032 5627 ﬁlius
3061 5573 3309 5644 proprius
3342 5582 3397 5630 et
3421 5588 3727 5645 germanus,
3767 5589 3880 5630 non

2293 5674 2465 5734 potest
2500 5664 2791 5721 ostendere
2820 5664 3214 5722 excellentiam.
3247 5665 3315 5720 Et
3344 5676 3401 5721 ut
3429 5666 3695 5738 signiﬁcet
3728 5667 3875 5737 quod

2291 5758 2359 5809 sit
2385 5756 2629 5825 mundam
2658 5755 2961 5813 diﬁ'erentia
2989 5765 3359 5814 creaturarum
3394 5767 3446 5813 et
3490 5757 3720 5830 opiﬁcis,
3752 5758 3882 5815 vide

2293 5847 2418 5919 quid
2445 5848 2587 5903 dicat
2616 5850 2712 5906 :5.
2760 5847 2855 5905 Cui
2894 5850 3027 5905 enim
3070 5850 3200 5905 dixit
3229 5848 3507 5920 aliquando
3548 5849 3876 5923 angelorum,
