4042 6414
182 394 237 446 '15
1043 392 1108 449 IN
1145 391 1366 450 EPIST.
1408 391 1501 446 AD
1544 387 1909 444 llEBiUEOS.
1950 388 2101 444 CAP.
2148 387 2189 442 l.
2233 384 2465 442 llOlllL
2510 383 2575 440 ll.
3424 390 3502 446 εὖ

184 504 328 559 Filius
352 518 575 557 nienses
624 512 709 567 tu,
740 515 837 571 ego
878 499 1030 554 hodie
1056 499 1209 569 genui
1232 507 1280 552 te
1298 498 1325 551 1’
1344 509 1403 553 et
1434 511 1641 562 rursus,
1664 494 1776 566 Ego

180 613 252 651 ero
271 596 341 650 illi
366 596 418 650 is
449 592 699 663 Patrem,
728 605 775 649 et
801 593 914 665 ipse
938 593 1032 647 erit
1062 591 1189 647 mihi
1220 591 1275 647 in
1299 588 1355 645 Ρ
1355 589 1522 645 ilium.
1540 588 1680 644 .llzec
1709 589 1777 645 de

181 705 317 745 tame
342 688 484 744 dicta
511 696 653 743 sunt
688 704 705 741 :
738 685 873 743 illud
903 687 1070 751 enim,
1101 684 1215 758 Ego
1242 700 1328 741 ero
1353 684 1433 739 illi
1456 685 1512 738 in
1540 681 1773 748 Patrem,

181 791 217 835 st
238 783 336 852 ipse
358 782 448 835 erit
474 779 613 833 mihi
660 778 721 834 in
766 776 984 844 Filium,
1016 774 1446 833 incarnationem
1487 772 1725 829 declarat
1757 788 1771 825 :

180 875 482 939 hocautem,
532 870 723 927 Filius
775 886 918 927 meus
957 886 1009 925 es
1036 878 1108 936 ιιι,
1158 867 1292 924 nihil
1321 864 1468 923 aliud
1508 864 1777 937 signiﬁcat

178 982 313 1039 quam
335 966 482 1038 quod
512 980 587 1022 ex
614 965 746 1036 ipso
774 965 865 1020 sit.
892 963 1042 1020 Sicut
1068 961 1214 1019 enim
1242 960 1441 1016 dicitur
1470 965 1554 1025 ὥν,
1593 957 1645 1013 id
1668 964 1773 1020 est,

178 1059 375 1131 quiest,
409 1072 441 1113 a
471 1057 747 1128 presenti
791 1065 1072 1127 tempore;
1118 1054 1225 1109 hoc
1270 1051 1415 1109 enim
1460 1050 1565 1121 ipsi
1605 1051 1777 1120 magis

177 1149 404 1204 convenit
435 1163 451 1201 :
486 1148 565 1202 ita
598 1148 776 1203 etiam
807 1146 961 1211 illud,
1017 1143 1205 1209 Hodie,
1253 1143 1343 1198 hic
1390 1142 1521 1197 mihi
1563 1140 1776 1196 videtur

176 1238 352 1295 dictum
378 1254 504 1295 esse
539 1238 616 1295 de
663 1253 857 1294 carne.
898 1236 1033 1293 Nam
1071 1234 1290 1308 quando
1317 1248 1437 1291 eam
1465 1232 1775 1304 apprehen-

176 1331 315 1395 derit,
347 1330 415 1387 de
441 1339 658 1387 caetero
688 1328 873 1386 omnia
898 1328 1092 1385 emitur
1115 1342 1331 1384 secure.
1358 1324 1499 1382 Caro
1524 1324 1669 1381 enim
1690 1332 1776 1381 est

178 1425 423 1494 particeps
451 1424 728 1490 altorum,
761 1425 902 1480 sicut
925 1432 982 1480 et
1008 1423 1261 1480 divinitas
1288 1419 1573 1476 humilium
1606 1436 1620 1474 :
1649 1433 1773 1474 nam

181 1516 299 1571 Deus
323 1516 487 1572 homo
517 1514 645 1571 neri
680 1530 790 1571 non
819 1514 1158 1585 dedignatus,
1193 1522 1252 1568 ut
1274 1526 1391 1568 rem
1421 1527 1530 1567 non
1556 1524 1776 1567 recusa-

181 1607 260 1675 vit,
284 1607 555 1677 quomodo
583 1607 765 1665 verba
806 1605 1174 1664 recusaverit?

236 1700 285 1754 4.
323 1698 619 1758 Humilitas
644 1698 1054 1754 commendatur.
1078 1696 1181 1753 Res
1202 1697 1321 1753 vita:
1338 1696 1601 1768 prasentis
1614 1711 1773 1769 quam

178 1791 331 1857 tim.
356 1820 429 1833 —
458 1790 597 1847 Hac
628 1805 767 1863 ergo
786 1805 913 1846 cum
948 1790 1182 1846 sciamus
1202 1831 1218 1854 ,
1275 1789 1498 1845 minime
1528 1803 1627 1844 nos
1670 1803 1770 1860 pu-

179 1882 314 1949 deat,
366 1898 550 1953 neque
605 1883 785 1937 altum
834 1897 1129 1955 sapiamus.
1186 1881 1323 1937 Nam
1380 1882 1427 1936 si
1478 1881 1596 1951 ipse
1643 1895 1769 1936 cum

185 1972 307 2028 Deus
328 1984 475 2029 esset
509 1984 576 2030 et
607 1974 876 2029 Dominus
911 1983 969 2029 et
992 1973 1087 2030 Dei
1113 1972 1282 2029 Filius
1302 2015 1318 2041 ,
1362 1988 1469 2028 non
1501 1974 1771 2029 recusavit

180 2067 302 2121 servi
322 2064 560 2123 {oratam
602 2067 937 2139 suscipere:
968 2068 1139 2123 multo
1182 2068 1355 2138 magis
1400 2083 1502 2124 nos
1552 2077 1772 2139 oportet

178 2158 335 2213 omnia
361 2158 575 2227 facere,
623 2159 841 2215 etiamsi
883 2159 993 2214 sint
1022 2160 1232 2229 abiecta
1263 2170 1318 2215 et
1341 2159 1582 2215 humilia.
1630 2160 1765 2216 Nam

181 2247 465 2317 undenam,
504 2250 598 2307 dic
645 2265 869 2322 quaiso,
914 2266 948 2305 ο
986 2250 1184 2318 homo,
1232 2250 1403 2306 altum
1459 2252 1651 2323 sapis?
1699 2268 1766 2309 ex

180 2342 507 2399 secularibus
552 2353 615 2400 et
664 2345 731 2399 iis
779 2360 901 2415 qua:
946 2342 1018 2399 ad
1060 2343 1203 2400 hanc
1246 2346 1412 2401 vitam
1455 2347 1769 2417 pertinent?

184 2434 262 2490 sed
301 2449 365 2491 ea
409 2446 854 2506 pratercurrunt
896 2438 1213 2509 priusquam
1266 2442 1640 2511 apparuerint.
1688 2444 1767 2498 Ex

181 2530 565 2598 spiritualibus?
604 2531 705 2587 sed
738 2532 842 2587 hoc
869 2548 1087 2604 quoque
1125 2542 1211 2588 est
1243 2534 1442 2590 bonum
1483 2550 1623 2606 opus
1659 2538 1773 2608 spi-

184 2621 393 2689 rituale,
449 2637 563 2678 non
607 2624 756 2679 elato
783 2638 907 2680 esse
955 2626 1161 2681 animo.
1211 2626 1319 2681 Cur
1356 2643 1488 2699 ergo
1524 2631 1671 2686 elato
1709 2648 1771 2688 es

182 2712 372 2766 animo?
428 2713 574 2782 quod
606 2722 663 2769 te
688 2724 836 2769 recte
863 2716 1059 2785 geras?
1100 2718 1241 2772 Audi
1275 2717 1555 2774 Christum
1587 2722 1769 2777 dicen-

190 2808 315 2868 Min.
355 2803 577 2871 Quando
619 2809 843 2881 feceritis
888 2812 1097 2879 omnia,
1147 2813 1339 2881 dicite,
1372 2814 1523 2870 Servi
1569 2815 1770 2871 inutiles

190 2908 340 2950 tantus
383 2913 405 2952 :
474 2916 602 2953 nam
676 2916 790 2969 quat
865 2903 1168 2960 debebamus
1251 2909 1419 2977 facere
1440 2948 1457 2975 ,
1528 2911 1739 2978 festinus

191 2979 319 3048 (Luc.
347 2988 398 3042 ι.
432 2989 548 3059 10).
600 2991 925 3059 Aten'erris,
963 3004 1017 3049 et
1045 2995 1139 3051 tibi
1169 2998 1349 3067 places
1378 3008 1597 3069 propter
1637 2999 1771 3053 divi-

197 3073 317 3129 tias?
366 3082 578 3147 quare?
634 3081 722 3137 dic
772 3084 947 3139 mihi:
993 3102 1172 3142 annon
1218 3088 1415 3144 audisti
1463 3091 1607 3160 quod
1646 3089 1772 3145 nudi

192 3162 391 3235 ingressi
436 3187 635 3228 sumus
678 3173 732 3229 in
785 3175 923 3232 hanc
967 3179 1128 3233 vitam
1159 3220 1173 3244 ,
1228 3190 1283 3235 et
1326 3181 1455 3236 nudi
1504 3181 1770 3238 abibimns

192 3255 296 3325 (Job
322 3262 370 3316 Ι.
392 3262 528 3334 2t)?
582 3266 696 3323 into
724 3283 831 3322 non
857 3269 1010 3325 vides
1055 3286 1153 3326 eos
1177 3272 1268 3341 qui
1293 3282 1344 3326 te
1371 3283 1771 3343 praecesserunt

194 3352 343 3407 nudos
378 3368 431 3411 et
458 3358 708 3428 abjectos
749 3362 1128 3419 abscessisse?
1158 3365 1288 3433 Quis
1316 3365 1522 3422 habens
1551 3368 1724 3423 aliena
1753 3410 1769 3434 ,

192 3442 383 3500 cdertur
406 3458 461 3505 et
496 3451 601 3507 sibi
643 3454 861 3522 placet?
906 3454 1039 3510 Nam
1086 3459 1178 3527 qui
1206 3473 1268 3514 ea
1295 3458 1363 3513 ad
1389 3475 1518 3515 suos
1562 3470 1768 3517 tantum

194 3548 304 3591 usus
329 3552 649 3598 convertere
676 3553 731 3599 et
760 3545 826 3600 iis
856 3546 962 3602 frui
990 3548 1178 3603 volunt
1202 3592 1216 3615 ,
1265 3550 1367 3621 ipsi
1393 3552 1472 3606 eis
1502 3552 1583 3607 vel
1611 3554 1763 3609 inviti

195 3627 469 3697 privamur,
497 3649 651 3705 saepe
674 3638 838 3691 etiam
869 3646 996 3695 ante
1024 3649 1276 3709 mortem,
1302 3643 1354 3697 in
1385 3654 1563 3700 morte
1586 3657 1765 3702 autem

194 3721 404 3778 omnino.
456 3727 527 3781 At
572 3742 675 3782 nos
704 3730 986 3799 viventes,
1031 3733 1247 3804 inquit,
1290 3736 1370 3791 eis
1413 3745 1475 3791 ut
1520 3738 1769 3794 volumus

197 3810 385 3869 utimur.
431 3814 593 3874 Certe
627 3821 897 3876 neminem
946 3822 1060 3879 cito
1087 3825 1287 3879 videris
1335 3836 1393 3881 ut
1421 3829 1537 3882 vult
1566 3830 1640 3883 uti
1688 3831 1765 3881 ta-

194 3905 488 3964 cultatibus:
519 3912 667 3982 quod
713 3914 757 3967 si
801 3914 1082 3985 quisquam
1114 3919 1275 3972 etiam
1321 3926 1381 3973 ut
1407 3920 1521 3974 vult
1560 3930 1763 3989 utatur,

194 4008 249 4051 ne
265 3996 359 4056 hoc
373 4013 454 4057 est
479 4004 701 4074 quidem
722 4021 971 4076 maguum
1008 4026 1022 4061 :
1053 4009 1219 4065 breve
1238 4020 1324 4066 est
1352 4012 1498 4066 enim
1526 4028 1765 4083 praesens

194 4096 396 4161 tempus,
415 4096 456 4149 si
480 4095 799 4153 conferatur
816 4113 938 4154 cum
962 4100 1177 4156 sarculis
1202 4117 1322 4172 quas
1343 4118 1450 4159 non
1477 4104 1759 4161 liniuntur.

195 4178 402 4251 Ederris,
428 4202 459 4241 ο
486 4187 653 4243 homo
676 4230 692 4254 ,
718 4196 774 4245 et
798 4190 1045 4260 gloriaris
1069 4195 1214 4263 quod
1237 4193 1312 4249 sis
1339 4194 1527 4250 dives?
1553 4198 1764 4267 quare?

196 4270 280 4326 hoc
311 4278 444 4331 enim
466 4280 626 4335 adest
652 4288 708 4335 et
736 4281 1031 4338 latronibus
1060 4294 1116 4339 et
1144 4283 1359 4341 furibus
1386 4297 1442 4342 et
1475 4288 1760 4357 parricidis

195 4374 239 4416 ct
274 4368 513 4425 mollibus
542 4382 599 4425 et
650 4374 1041 4429 scortatoribus
1068 4384 1122 4430 et
1172 4378 1449 4435 sceleratis
1489 4382 1761 4438 omnibus.

195 4454 281 4508 Cur
305 4473 423 4529 ergo
450 4462 712 4517 eil‘erris?
740 4463 873 4519 Nam
901 4467 945 4520 si
968 4483 1035 4522 co
1058 4479 1204 4524 recte
1221 4479 1276 4525 et
1302 4482 1358 4524 ut
1386 4483 1603 4541 Oportet
1633 4490 1760 4529 usus

196 4558 273 4609 cs,
310 4566 405 4605 non
442 4556 613 4609 debes
639 4558 788 4610 elato
820 4572 941 4613 esse
974 4560 1157 4615 animo
1179 4602 1194 4625 ,
1232 4577 1301 4617 ne
1334 4562 1502 4620 violes
1533 4567 1758 4622 manda-

198 4645 320 4693 tum:
352 4645 430 4698 sin
462 4659 644 4701 mtrem
668 4663 777 4703 non
805 4660 950 4704 recte
975 4661 1029 4705 et
1056 4661 1111 4706 ut
1132 4663 1365 4723 Oportet,
1383 4656 1504 4713 ideo
1526 4662 1762 4717 maxime

197 4742 281 4821 non
295 4732 473 4804 debes,
487 4738 631 4806 quod
647 4741 995 4809 pecuniarum
1016 4743 1187 4799 iactus
1199 4746 1271 4801 sis
1285 4760 1474 4805 servus
1485 4760 1540 4805 et
1557 4767 1762 4821 posses.

197 4832 408 4892 sianum,
439 4839 497 4883 ct
520 4844 583 4884 ea
625 4830 677 4883 in
712 4842 763 4883 tr:
790 4832 1122 4889 dominatum
1155 4837 1455 4895 obtineant.
1485 4841 1620 4899 Nam
1651 4845 1759 4915 dic,

197 4927 383 4987 qtlzeso,
414 4926 458 4976 si
503 4924 624 4992 quis
672 4926 985 4983 febricitans
1017 4932 1243 4986 multum
1292 4949 1447 5004 aqua:
1493 4938 1758 5007 ebiberit,

196 5019 293 5075 quae
330 5010 470 5069 brevi
502 5016 721 5085 quidem
756 5028 1000 5089 tempore
1026 5024 1337 5095 exstinguat
1360 5027 1527 5095 sitim,
1573 5042 1759 5100 postea

195 5108 345 5155 autem
382 5107 644 5161 accendat
682 5107 954 5164 ﬂammam
978 5153 994 5179 ,
1026 5127 1091 5168 ex
1115 5128 1253 5171 eone
1289 5115 1451 5174 debet
1488 5119 1666 5177 en‘erri
1707 5135 1759 5179 ct

195 5191 275 5246 tibi
300 5198 535 5266 placere?
565 5202 703 5266 Quid
733 5219 883 5268 vero,
912 5206 958 5259 si
987 5208 1107 5277 quis
1133 5209 1317 5278 plures
1340 5213 1534 5269 habeat
1562 5218 1757 5274 {rustra

193 5284 539 5379 Sflbcitudines
560 5337 575 5361 ,
619 5307 977 5367 proptereaue
1010 5300 1169 5358 debet
1193 5304 1293 5359 sibi
1326 5306 1577 5375 placere?
1620 5311 1753 5379 Cur,

197 5375 265 5478 die
303 5389 516 5452 quzeso?
561 5389 815 5459 quoniam
845 5392 1046 5449 multos
1080 5393 1247 5450 habes
1280 5397 1566 5457 dominos?
1613 5375 1749 5475 quo;

196 5482 313 5527 mam
335 5480 519 5536 multas
544 5482 747 5537 curas?
792 5484 1053 5550 Quoniam
1102 5490 1255 5544 multi
1290 5491 1382 5547 tibi
1425 5496 1753 5553 adulantur?

196 5561 279 5655 §ed
303 5574 352 5621 ιιι
378 5568 481 5625 illis
512 5575 687 5628 servis
720 5592 733 5628 :
768 5584 823 5630 et
854 5585 912 5631 ut
951 5576 1217 5650 intelligas
1246 5582 1369 5637 audi
1414 5596 1624 5655 aperte.
1674 5589 1751 5643 Ex

198 5650 248 5707 ili
292 5672 397 5727 qua:
446 5663 499 5718 in
562 5666 719 5721 nobis
777 5676 906 5721 sunt
966 5670 1131 5726 animi
1206 5650 1581 5734 allection‘ihns
1633 5684 1750 5735 alia:

198 5749 373 5812 quidem
397 5761 863 5831 suntqnandoque
892 5762 1073 5825 utiles.
1103 5773 1161 5819 nt
1181 5766 1257 5820 ira
1287 5783 1431 5841 saepe
1456 5782 1538 5828 cst
1568 5776 1740 5829 utilis:

200 5849 297 5895 nam
319 5843 341 5897 1
348 5863 417 5913 ra,
434 5849 616 5921 inquit,
636 5854 833 5925 injusta
853 5869 955 5907 non
972 5854 1065 5908 crit
1085 5856 1325 5914 innocens
1344 5861 1534 5933 (Eccli.
1559 5866 1603 5921 Ι.
1632 5866 1740 5938 9.2}.

1901 480 2262 551 Quamobrem
2304 484 2429 536 licet
2455 480 2619 534 etiam
2658 479 2805 550 justo
2848 480 3027 535 irasci.
3060 480 3123 536 Ει
3152 497 3359 549 rursus,
3397 486 3502 551 Otii

1902 571 2142 630 irascitur
2191 575 2344 643 fratri
2388 588 2481 627 suo
2538 581 2757 640 temere,
2813 573 2910 628 erit
2960 572 3206 630 obnoxius
3253 576 3502 647 gehennae

1898 680 2115 755 (Matth.
2140 681 2199 738 5.
2227 679 2350 753 22).
2379 678 2589 736 Rursus
2620 680 2797 737 bonus
2822 688 2908 738 est
2936 679 3085 737 zelus
3111 689 3167 736 et
3195 679 3463 750 cupiditas
3480 718 3499 744 ,

1907 774 2025 830 haec
2039 772 2295 846 quidem,
2319 788 2443 830 cum
2460 773 2673 830 exsistit
2694 774 2749 830 in
2774 772 3068 830 liberorum
3087 772 3463 844 procreatione
3483 789 3501 829 :

1898 868 1990 925 ille
2009 883 2162 937 vero,
2197 867 2414 941 quando
2437 867 2603 925 habet
2624 867 3027 925 aemulationem
3046 867 3200 924 adea
3221 882 3343 939 qua:
3360 865 3499 921 bona

1895 970 2042 1018 sunt.
2062 960 2390 1018 Sicutetiam
2419 958 2553 1016 dicit
2568 958 2767 1016 Paulus
2786 978 2800 1017 :
2820 957 3023 1014 Bonum
3047 967 3223 1013 autem
3238 968 3312 1013 est
3335 974 3501 1014 temu-

1896 1053 1995 1110 ιιιτὶ
2013 1055 2070 1111 in
2092 1056 2223 1111 bono
2242 1052 2591 1129 semper(Gai.
2610 1055 2665 1111 4.
2689 1053 2784 1123 18)
2803 1069 2819 1122 ;
2837 1062 2893 1109 et
2916 1067 3133 1121 rursus,
3150 1051 3504 1108 Emuiamini

1894 1149 2204 1206 charismata
2224 1150 2435 1206 meliora
2451 1149 2528 1221 (ί.
2551 1146 2672 1206 Cor.
2717 1148 2808 1205 l2.
2830 1147 2947 1222 51).
2977 1148 3154 1205 Ambo
3186 1148 3353 1221 igitur
3368 1158 3500 1205 sunt

1895 1243 2069 1299 utilia.
2086 1244 2405 1316 Arrogantia
2422 1253 2602 1299 autem
2621 1257 2887 1316 nusquam
2916 1252 2999 1301 est
3015 1243 3281 1314 houa,sed
3297 1243 3500 1317 ubique

1892 1346 1977 1391 est
2001 1335 2209 1392 inutilis
2235 1347 2292 1393 et
2315 1339 2499 1393 noxia.
2522 1335 2793 1392 Caeterum
2813 1336 2861 1393 si
2882 1335 3061 1394 efferri
3080 1347 3137 1395 et
3156 1336 3498 1409 sibi'phccre

1893 1440 2126 1500 oportet,
2147 1440 2367 1501 propter
2392 1440 2759 1502 paupertatem
2773 1431 2873 1486 sibi
2897 1430 3111 1501 placere
3129 1439 3364 1500 oportet,
3391 1445 3497 1484 non

1893 1530 2114 1594 propter
2139 1521 2374 1579 divitias.
2396 1523 2791 1591 Quamobrem?
2810 1523 3073 1593 Quoniam
3091 1525 3181 1594 qui
3198 1524 3383 1596 paucis
3407 1538 3497 1593 po-

1899 1624 1999 1671 test
2016 1616 2221 1684 vivere,
2244 1626 2329 1674 cst
2342 1618 2512 1672 multo
2528 1617 2701 1689 major
2712 1626 2766 1674 ct
2777 1618 2968 1675 melior
2984 1634 3050 1675 eo
3065 1618 3157 1690 qui
3172 1633 3280 1674 non
3299 1628 3494 1690 potest.

1963 1708 2019 1764 5.
2058 1707 2194 1764 Nam
2234 1707 2323 1764 dic
2367 1708 2534 1777 mihi,
2569 1709 2616 1765 si
2654 1709 2927 1781 aliquibus
2972 1711 3176 1768 vocatis
3221 1711 3274 1765 in
3306 1710 3499 1767 urbem

1891 1802 2129 1875 regiam,
2179 1802 2272 1858 alii
2301 1802 2519 1874 quidem
2552 1819 2623 1860 ex
2659 1804 2725 1859 iis
2768 1819 2871 1860 nec
2895 1804 3159 1874 iumentis
3204 1819 3343 1874 opus
3391 1802 3495 1860 ha-

1893 1894 2086 1961 beant,
2115 1910 2218 1951 nec
2259 1893 2475 1952 famulis
2495 1938 2511 1962 ,
2544 1910 2645 1952 nec
2671 1896 2924 1953 umbellis
2950 1937 2967 1962 ,
3000 1912 3103 1953 nec
3130 1895 3449 1954 diversoriis
3475 1941 3492 1966 ,

1891 2002 1994 2045 nec
2035 1987 2264 2057 calceis,
2304 2002 2484 2059 neque
2510 1988 2690 2055 vasis,
2742 1988 2838 2045 sed
2884 1988 2967 2045 eis
3008 1988 3242 2045 sufﬁciat
3282 1988 3488 2046 habere

1892 2095 2083 2152 panem
2108 2123 2125 2149 ,
2175 2089 2232 2138 et
2274 2095 2469 2151 aquam
2497 2096 2715 2137 sumere
2742 2096 2810 2137 ex
2853 2080 3129 2149 fontibus;
3175 2082 3267 2137 alii
3307 2092 3491 2138 autem

1889 2172 2107 2241 dicant,
2155 2172 2270 2229 Nisi
2314 2173 2581 2229 dederitis
2606 2173 2892 2240 vehicula,
2936 2183 2993 2231 et
3032 2183 3260 2230 stratum
3290 2176 3490 2244 molle,

1889 2274 1995 2321 non
2030 2282 2314 2337 possumus
2349 2266 2584 2335 adesse;
2636 2268 2741 2323 nisi
2780 2268 2943 2323 etiam
2971 2267 3170 2324 multos
3199 2267 3493 2325 habeamus

1888 2359 1980 2429 qui
2025 2374 2124 2414 nos
2165 2368 2482 2430 sequantur,
2532 2359 2635 2416 nisi
2668 2360 2910 2427 lassidue
2962 2361 3124 2416 liceat
3165 2362 3487 2431 quiescere,

1889 2466 1996 2506 non
2042 2466 2360 2520 possumus;
2406 2452 2510 2508 nisi
2566 2463 2782 2509 utamur
2814 2452 3119 2523 iumentis,
3180 2454 3279 2509 nisi
3325 2455 3488 2510 etiam

1889 2558 2102 2614 parvam
2150 2544 2261 2600 diei
2304 2555 2520 2615 partem.
2562 2544 2937 2612 ambulemus;
2989 2560 3127 2616 opus
3176 2553 3260 2600 est
3300 2555 3487 2601 autem

1888 2636 2043 2693 nobis
2082 2638 2243 2693 etiam
2277 2638 2520 2709 pluribus
2566 2638 2689 2693 aliis
2720 2654 2733 2691 :
2768 2652 3035 2709 quosnam
3075 2638 3487 2700 admirahimnr.

1888 2728 2007 2784 illos
2031 2771 2046 2795 ,
2093 2745 2160 2783 an
2203 2728 2338 2785 hos?
2379 2729 2490 2785 llos
2519 2738 2668 2785 certe
2689 2729 2777 2801 qui
2808 2728 2956 2785 nullo
2984 2728 3246 2800 indigent.
3280 2729 3357 2785 ita
3403 2730 3491 2787 hic

1885 2835 2101 2892 quoque
2170 2821 2247 2876 illi
2297 2821 2515 2891 quidem
2587 2820 2653 2875 ad
2712 2822 2872 2891 hujus
2924 2820 3047 2875 vita:
3102 2822 3240 2875 viam
3304 2823 3491 2878 multis

1885 2912 2124 2986 indigent
2156 2930 2170 2968 :
2203 2913 2259 2969 hi
2287 2930 2415 2970 vero
2445 2914 2615 2970 nullo.
2654 2914 3019 2982 Quamobrem
3052 2922 3273 2984 oportet
3296 2930 3391 2971 eos
3416 2915 3489 2971 ob

1884 3014 2255 3076 paupertatem
2307 3006 2477 3078 magis
2516 3005 2699 3062 efferri
2739 3016 2797 3061 ct
2843 3006 2946 3061 sibi
2997 3005 3246 3076 placere,
3291 3009 3335 3063 si
3385 3010 3489 3065 sibi

1884 3102 2095 3169 placere
2122 3108 2360 3169 oportet.
2394 3102 2463 3154 At
2491 3114 2719 3170 pauper,
2751 3098 2943 3169 inquit,
2978 3108 3063 3155 est
3115 3099 3483 3170 despicabilis.

1883 3192 1998 3248 Non
2046 3192 2175 3258 ille,
2218 3191 2329 3247 sed
2376 3191 2465 3262 qui
2514 3206 2639 3247 eum
2682 3190 3011 3262 despiciunt.
3059 3192 3169 3247 Cur
3198 3193 3345 3248 enim
3386 3211 3487 3265 ego

1881 3298 1988 3338 non
2037 3282 2280 3351 όθεμίοἰο
2322 3299 2450 3349 eos,
2506 3284 2595 3353 qui
2639 3283 2893 3339 nesciunt
2942 3284 3203 3339 admirari
3248 3301 3311 3341 ea
3360 3303 3481 3358 qua}

1880 3374 2131 3443 Oportet?
2162 3372 2267 3430 Sed
2311 3374 2361 3429 si
2383 3375 2460 3429 sit
2484 3374 2704 3444 quidem
2740 3377 2916 3445 pictor
2942 3376 3244 3447 quispiam,
3274 3393 3369 3434 eos
3394 3381 3483 3448 qui

1879 3464 2052 3531 ipsum
2104 3464 2283 3521 rident
2327 3464 2609 3532 irridebit,
2657 3466 2915 3537 quamdiu
2968 3466 3171 3523 iuerint
3220 3469 3383 3526 rudes
3430 3480 3489 3526 ct

1888 3557 2155 3628 imperiti,
2208 3571 2261 3616 et
2313 3579 2484 3632 neque
2528 3568 2862 3622 convertitur
2884 3568 2955 3623 ad
3005 3584 3065 3626 ea
3108 3587 3231 3643 qua:
3271 3573 3489 3631 abillis

1880 3649 2150 3720 dicuntur,
2186 3655 2283 3710 sed
2308 3666 2596 3712 contentus
2634 3667 2716 3713 cst
2742 3673 2842 3713 suo
2870 3660 3043 3731 ipsius
3114 3664 3430 3721 testimonio
3470 3686 3483 3722 :

1879 3752 1936 3799 et
1962 3760 2062 3801 nos
2092 3748 2445 3818 pendehimus
2493 3766 2525 3805 a
2556 3752 2698 3823 vulgi
2730 3753 3027 3823 opinione?
3076 3772 3142 3811 an
3188 3758 3304 3813 haec
3330 3761 3483 3815 venia

1879 3837 2040 3909 digna
2067 3842 2236 3897 sunt?

1951 3930 2211 4001 Pauperis
2272 3935 2456 3991 melior
2514 3946 2588 3990 est
2643 3938 2904 4002 conditio,
2964 3955 3118 4009 quant
3170 3942 3361 3996 divitis.
3414 3974 3486 3984 —

1877 4023 2171 4094 Propterea
2200 4026 2349 4099 digni
2380 4044 2569 4084 sumus
2596 4030 2687 4099 qui
2719 4039 3155 4099 contemnamur,
3202 4034 3348 4101 quod
3387 4051 3483 4091 eos

1878 4132 1985 4174 non
2035 4118 2400 4191 despiciamus
2451 4121 2545 4192 qui
2583 4136 2682 4178 nos
2720 4123 3027 4194 despiciant
3077 4126 3299 4202 propter
3344 4142 3479 4197 pau-

1879 4222 2143 4281 pertatem
2167 4256 2184 4279 ,
2226 4224 2282 4270 ct
2306 4231 2415 4270 non
2445 4231 2542 4271 eos
2580 4231 2905 4271 censeamus
2937 4219 3188 4274 miseros.
3239 4220 3305 4275 Et
3338 4236 3478 4291 pra:-

1877 4314 2027 4361 tcreO
2072 4306 2289 4376 quidem
2336 4317 2469 4377 quot
2520 4319 2745 4378 peccata
2780 4321 3079 4365 nascuntur
3130 4327 3195 4367 ex
3236 4312 3479 4378 divitiis,

1874 4410 2006 4466 quot
2050 4408 2231 4454 autem
2260 4400 2399 4455 bona
2442 4416 2507 4456 ex
2559 4412 2876 4471 paupertate
2910 4420 2923 4457 :
2981 4404 3089 4457 imo
3120 4420 3248 4459 vero
3278 4421 3377 4461 nec
3398 4407 3482 4460 di-

1874 4490 2017 4543 vitia:
2042 4532 2057 4555 ,
2093 4506 2191 4546 nec
2225 4503 2516 4563 paupertas
2545 4509 2642 4562 per
2670 4510 2730 4549 se
2757 4494 2956 4550 bonum
2985 4538 2999 4559 ,
3033 4497 3129 4551 sed
3161 4508 3320 4567 prout
3351 4508 3489 4552 sunt.

1873 4582 1964 4651 qui
2016 4582 2083 4637 iis
2133 4592 2377 4637 utuntur.
2423 4584 2630 4640 Probus
2661 4587 3000 4643 Christianus
3031 4590 3199 4659 magis
3238 4591 3478 4647 cernitur

1872 4673 1926 4727 in
1958 4683 2273 4744 paupertate
2318 4691 2478 4746 quam
2516 4676 2565 4729 in
2608 4676 2833 4733 divitiis.
2882 4679 3206 4747 Quomodo?
3251 4682 3311 4738 In
3346 4698 3479 4753 pau-

1881 4774 2089 4835 pertate
2112 4767 2215 4822 erit
2264 4782 2291 4819 a
2334 4767 2474 4821 fastu
2523 4770 2776 4835 alienior,
2828 4771 3143 4836 modestior.
3175 4776 3472 4845 honestior,

1878 4858 2195 4928 prudentior
2240 4877 2254 4913 :
2308 4861 2397 4929 qui
2428 4871 2609 4915 autem
2667 4874 2846 4917 manet
2876 4865 2925 4917 in
2963 4865 3205 4935 divitiis,
3261 4869 3328 4924 ad
3360 4870 3475 4926 haec

1876 4956 2040 5009 multa
2071 4955 2236 5011 habet
2278 4957 2682 5027 itnpedimenta.
2732 4960 3025 5018 Videamus
3067 4981 3197 5035 ergo
3227 4982 3473 5036 qurennnt

1873 5059 2000 5101 sunt
2024 5064 2144 5118 quae
2166 5048 2291 5104 facit
2338 5050 2488 5107 dives
2508 5092 2523 5118 ,
2582 5054 2665 5109 vel
2695 5056 2875 5125 potius
2922 5056 2967 5111 is
2994 5059 3081 5127 qni
3105 5060 3305 5115 divitiis
3336 5065 3473 5120 male

1871 5141 2060 5195 utitur.
2114 5140 2208 5196 llle
2254 5142 2431 5213 rapit,
2462 5144 2673 5200 fraudat
2696 5188 2710 5213 ,
2740 5148 3126 5217 circumvenit,
3160 5153 3266 5206 vim
3294 5152 3469 5210 affert.

1871 5234 1983 5288 lmo
2010 5233 2178 5303 quid?
2221 5250 2435 5291 amores
2468 5246 2654 5308 turpes
2680 5250 2736 5295 et
2761 5240 3084 5297 inhonestos
3107 5287 3119 5305 ,
3150 5249 3472 5305 concubitus

1869 5327 2105 5382 nefarios
2126 5369 2141 5393 ,
2174 5330 2499 5401 prmstigias,
2535 5332 2801 5387 veneﬁcia
2830 5376 2846 5401 ,
2899 5335 3000 5389 alia
3031 5345 3167 5391 tetra
3201 5349 3257 5394 ct
3286 5343 3471 5409 gravia

1864 5434 2045 5475 annon
2100 5420 2344 5477 invenies
2399 5424 2546 5478 nasci
2602 5440 2668 5479 ex
2722 5424 2967 5480 divitiis?
3004 5428 3170 5485 Vides
3220 5434 3364 5502 quod
3418 5438 3471 5490 in

1865 5522 2179 5584 paupertate
2224 5513 2437 5571 facilius
2489 5527 2576 5575 est
2607 5518 2859 5575 virtutem
2890 5534 3146 5579 exercere
3169 5566 3183 5589 ,
3209 5543 3369 5595 quam
3418 5530 3477 5584 in

1863 5603 2098 5661 divitiis?
2150 5605 2229 5661 Ne
2280 5607 2461 5673 enim,
2525 5610 2779 5680 quoniam
2811 5625 3000 5681 pinnas
3051 5613 3139 5670 hic
3186 5632 3290 5673 non
3341 5620 3474 5675 dant

1862 5696 2095 5761 divites,
2145 5697 2423 5755 existimes
2452 5713 2548 5755 eos
2591 5716 2697 5755 non
2747 5717 2991 5772 peccare.
3046 5704 3177 5761 Nam
3227 5711 3271 5763 si
3313 5709 3472 5768 facile

1862 5787 2247 5844 essetdivitem
2278 5788 2410 5846 dare
2442 5806 2629 5860 punias
2653 5833 2668 5856 ,
2726 5793 2792 5849 iis
2822 5795 3015 5863 plenos
3048 5799 3318 5857 invenires
3344 5817 3469 5858 car-

1862 5894 2054 5948 ceres;
2108 5880 2203 5938 scd
2258 5883 2401 5939 inter
2453 5884 2555 5938 alia
2608 5883 2709 5941 hoc
2755 5900 2969 5957 quoque
3017 5892 3217 5949 malum
3265 5894 3476 5953 habent.
