4042 6452
610 392 680 447 ‘27
1335 397 1392 454 S.
1432 397 1712 455 JOANNIS
1747 392 2221 456 CHRYSOSTOMI
2262 396 2581 458 ARCillEP.
2620 402 3153 462 CONSTANTINOP.
3791 405 3865 461 ξε

591 516 812 584 divitiae,
860 515 1002 587 quod
1045 516 1135 588 qui
1187 530 1278 573 eas
1309 514 1361 571 in
1409 516 1538 572 vitio
1562 527 1618 574 et
1642 519 1847 577 scelere
1893 522 2165 593 possidet,

592 609 811 678 impune
837 620 1065 677 peccans
1116 621 1403 678 numquam
1432 606 1656 664 desistet
1679 609 1780 666 hoc
1804 610 2014 680 facere,
2064 620 2163 670 sed

590 700 817 771 accipiet
849 699 1069 754 vulnera
1091 699 1291 768 absque
1312 698 1737 767 medicamentis,
1757 718 1930 774 neque
1949 705 1997 760 ei
2018 706 2164 776 quis-

586 808 746 864 quam
774 794 1013 864 imponet
1037 791 1269 847 irenum.
1302 791 1359 848 Si
1382 794 1503 865 quis
1528 805 1707 851 autem
1736 798 1893 865 velit,
1922 797 2163 857 inveniet

585 886 746 941 etiam
772 891 1135 957 paupertatem
1178 883 1335 942 nobis
1374 886 1443 942 ad
1470 886 1804 958 voluptatem
1835 888 1986 959 plura
2030 890 2164 946 dare

592 989 935 1049 adminicula.
966 987 1279 1057 Quomodo?
1305 985 1567 1053 Quoniam
1597 985 1817 1041 liberata
1846 992 1923 1039 est
1948 997 1979 1040 a
2009 983 2166 1042 solli-

595 1082 917 1139 citudinibus
938 1122 954 1148 ,
985 1081 1353 1162 odionpugna.
1384 1080 1495 1147 lite,
1527 1087 1583 1135 et
1609 1093 1641 1133 a
1668 1077 1825 1133 malis
1852 1078 2163 1133 innumera-

592 1175 810 1230 bilibus.
857 1171 935 1229 Ne
975 1187 1103 1243 ergo
1132 1185 1436 1242 quaeramus
1462 1169 1761 1235 ditescere,
1813 1182 1915 1223 nec
1952 1180 2166 1236 semper

592 1266 904 1321 aemulemur
946 1278 1042 1320 eos
1092 1264 1181 1335 qui
1213 1262 1377 1318 multa
1425 1261 1700 1333 possident
1742 1278 1756 1316 :
1796 1260 1890 1315 sed
1943 1260 2033 1330 qui
2070 1258 2167 1314 ha-

591 1357 779 1412 bemus
830 1354 1083 1426 quidem,
1152 1355 1349 1410 divitiis
1401 1363 1614 1409 utamur
1664 1361 1722 1408 ut
1770 1361 2018 1423 oportet;
2072 1352 2163 1422 qui

589 1457 767 1501 autem
804 1461 913 1501 non
938 1445 1198 1501 habemus
1222 1486 1238 1511 ,
1294 1460 1364 1501 ne
1402 1453 1687 1515 propterea
1714 1443 1992 1499 doleamus
2014 1484 2030 1510 ,
2063 1441 2161 1499 sed

590 1537 704 1591 Deo
743 1550 963 1607 agamus
983 1535 1184 1606 gratias
1206 1575 1223 1602 ,
1270 1534 1413 1606 quod
1439 1533 1641 1589 efﬁciat
1682 1542 1740 1588 ut
1767 1548 1865 1589 nos
1910 1532 1962 1587 in
1992 1547 2160 1604 parvo

588 1627 793 1694 labore,
819 1626 1060 1684 eamdem
1086 1641 1245 1698 quam
1273 1625 1467 1681 divites
1494 1633 1588 1680 aut
1610 1624 1773 1681 etiam
1800 1624 2082 1694 majorem,
2110 1624 2159 1681 si

586 1721 813 1776 velimus
831 1762 847 1786 ,
877 1720 1205 1790 accipiamus
1233 1718 1538 1775 mercedem
1573 1735 1587 1771 :
1628 1726 1684 1774 et
1711 1731 1902 1788 magna
1930 1731 1994 1773 ex
2023 1731 2159 1788 pau-

586 1812 666 1868 cis
708 1811 1052 1868 luerabimur.
1102 1810 1237 1867 Nam
1274 1818 1330 1867 et
1373 1811 1460 1881 qui
1507 1810 1615 1865 duo
1644 1810 1895 1865 attulerat
1922 1808 2156 1874 talenta,

586 1918 740 1975 atque
764 1903 818 1959 in
844 1903 1197 1959 admiratione
1222 1910 1277 1959 et
1305 1902 1510 1958 honore
1528 1911 1614 1958 est
1640 1900 1852 1958 habitus
1874 1910 2037 1972 atque
2064 1900 2160 1971 qui

584 1997 819 2068 quinque
838 1996 1109 2052 attulerat.
1151 1994 1554 2063 Quamobrem?
1592 1992 1726 2050 Nam
1753 1991 1862 2049 duo
1888 1992 2005 2063 ejus
2034 1989 2159 2048 ﬁdei

1664 2118 1901 2127 ’.ι-

2293 503 2493 563 credita
2522 517 2649 564 sunt
2677 509 2873 566 talenta
2901 553 2916 577 ,
2947 513 3042 567 sed
3073 528 3193 582 qua:
3222 529 3254 568 a
3277 528 3339 570 se
3380 514 3681 584 praesumis
3712 528 3877 571 erant

2291 600 2528 671 implevit
2553 602 2768 670 omnia,
2803 611 2860 659 et
2902 619 3023 674 qua:
3052 604 3151 660 sibi
3202 603 3414 661 fuerant
3454 604 3659 661 credita
3690 606 3875 662 attulit

2280 700 2568 771 duplicata.
2614 702 2751 770 Quid
2780 718 2909 775 ergo
2938 704 3217 759 studemus
3260 714 3318 760 ut
3345 706 3513 762 multa
3551 709 3709 765 nobis
3735 724 3865 767 ere-

2279 792 2495 859 dantur,
2546 808 2668 848 cum
2697 809 2792 863 per
2821 809 2987 864 pauca
3016 795 3176 851 liceat
3216 796 3435 853 eosdem
3464 797 3669 855 fructus
3696 800 3863 857 etiam

2279 883 2513 952 majores
2565 885 2887 955 percipere?
2937 901 3055 941 cum
3109 887 3261 944 labor
3287 889 3505 959 quidem
3550 892 3623 946 sit
3659 893 3863 962 minor,

2278 988 2488 1030 merces
2515 986 2695 1031 autem
2740 977 2910 1031 multo
2935 977 3209 1048 amplior?
3254 979 3487 1036 Facilius
3513 984 3655 1037 enim
3684 999 3716 1039 ι
3744 984 3871 1041 suis

2279 1077 2480 1135 pauper
2508 1064 2795 1133 abscedet,
2847 1082 3011 1138 quam
3057 1067 3207 1125 dives
3233 1072 3399 1125 multa
3425 1081 3481 1127 et
3507 1089 3695 1145 magna
3730 1090 3864 1146 pos-

2276 1154 2478 1211 sidens.
2502 1156 2588 1211 An
2611 1156 2833 1213 nescitis
2855 1158 2997 1229 quod
3024 1201 3040 1227 ,
3071 1174 3178 1230 quo
3210 1161 3364 1231 plura
3407 1164 3671 1235 quispiam
3699 1165 3861 1223 fuerit

2276 1244 2611 1314 complexus,
2644 1261 2712 1302 eo
2760 1249 2911 1317 plura
2940 1249 3251 1305 desiderat?
3280 1250 3359 1308 Ne
3406 1252 3508 1309 hoc
3533 1270 3665 1325 ergo
3699 1258 3864 1313 nobis

2274 1337 2516 1405 accidat,
2548 1353 2616 1393 ne
2641 1354 2944 1409 quaeramus
2969 1341 3184 1396 divitias
3203 1383 3218 1407 ,
3249 1358 3426 1413 neque
3452 1362 3596 1417 aegre
3618 1347 3862 1403 feramus

2276 1438 2678 1498 paupertatem,
2711 1446 2883 1502 neque
2913 1434 3305 1491 contendamus
3332 1434 3600 1494 ditescere
3623 1480 3639 1505 ,
3685 1450 3739 1496 et
3766 1443 3864 1512 qui

2274 1518 2555 1587 habemus,
2579 1522 2658 1577 eis
2684 1523 2758 1577 ita
2781 1532 2992 1579 utamur
3018 1531 3075 1579 ιιι
3089 1524 3251 1595 jussit
3271 1526 3490 1584 Paulus.
3527 1528 3629 1594 Qui
3647 1532 3859 1599 habent,

2274 1612 2465 1683 inquit,
2494 1613 2595 1667 sint
2624 1623 2878 1684 tamquam
2908 1632 3009 1670 non
3035 1617 3310 1685 habentes;
3336 1630 3383 1673 et
3407 1623 3496 1692 qui
3522 1632 3729 1679 utuntur
3756 1626 3867 1680 hoc

2272 1703 2462 1759 mundo
2485 1714 2743 1775 tamquam
2774 1722 2876 1760 non
2918 1717 3116 1763 utentes
3165 1708 3242 1779 (1.
3283 1709 3405 1766 Cor.
3435 1713 3488 1767 7.
3513 1712 3605 1772 29.
3629 1714 3760 1787 3i):
3799 1727 3860 1773 ut

2270 1811 2620 1869 assequamur
2641 1799 2777 1853 bona
2795 1799 3058 1869 promissa
3082 1818 3096 1855 :
3127 1816 3248 1872 qua:
3267 1803 3424 1860 detur
3435 1806 3590 1865 nobis
3609 1809 3866 1865 omnibus

2271 1890 2559 1961 consequi,
2590 1890 2760 1963 gratia
2787 1898 2840 1948 et
2864 1891 3215 1964 benignitate.

1978 2191 2319 2255 HOMILIA
2360 2193 2473 2255 III.

580 2336 711 2393 CAP.
734 2336 789 2392 1.
814 2351 868 2391 v.
890 2335 945 2392 6.
978 2334 1045 2390 Et
1073 2351 1187 2390 cum
1210 2334 1392 2389 iterum
1431 2333 1709 2388 introducit
1748 2332 2163 2404 Primogenitum

652 2431 707 2483 in
733 2428 903 2484 orbem
931 2437 1097 2491 terra,
1138 2427 1259 2481 dicit
1282 2442 1302 2481 :
1320 2424 1390 2481 Et
1413 2425 1624 2481 adorent
1646 2440 1760 2479 eum
1785 2441 1958 2480 omnes
1986 2428 2163 2497 angeli

652 2518 771 2576 Dei.
803 2521 855 2574 7.
882 2519 949 2573 Et
976 2519 1046 2572 ad
1069 2517 1277 2589 angelos
1302 2517 1503 2586 quidem
1531 2517 1654 2570 dicit
1679 2531 1697 2570 :
1723 2516 1822 2584 Qui
1849 2517 1973 2586 facit
1999 2533 2157 2589 ange—

652 2611 729 2664 los
754 2625 871 2664 suos
897 2609 1106 2679 spiritus
1124 2647 1140 2674 ,
1179 2616 1225 2662 et
1250 2608 1507 2662 ministros
1534 2623 1653 2662 suos
1680 2608 1943 2678 flammam
1976 2608 2109 2681 ignis
2134 2624 2155 2664 :

651 2701 707 2757 8.
735 2708 803 2754 an
827 2698 1021 2754 Filium
1044 2708 1210 2754 autem
1232 2714 1252 2762 ς
1276 2696 1510 2754 Thronus
1532 2708 1649 2753 tuus
1671 2696 1808 2754 Deus
1834 2698 1889 2753 in
1909 2700 2152 2754 secutum

653 2788 849 2845 urculi.

660 2882 715 2936 1.
758 2878 1014 2936 Dominus
1048 2879 1264 2953 quidem
1305 2887 1491 2937 noster
1516 2879 1672 2936 Iesus
1715 2879 1961 2935 Christus
1995 2894 2149 2935 suum

592 2977 647 3030 in
674 2990 837 3032 carne
862 2976 1151 3032 adventum
1180 2988 1337 3034 vocat
1378 2995 1651 3051 egressum
1682 2985 1766 3038 vel
1810 2986 2015 3041 exitum
2051 3003 2067 3042 :
2102 2998 2163 3041 ut

590 3066 806 3137 quando
826 3065 974 3133 dicit,
996 3065 1138 3122 Exiit
1156 3070 1243 3139 qui
1262 3071 1476 3125 seminat
1495 3072 1565 3126 ad
1583 3074 1933 3129 seminandum
1951 3075 2164 3150 (Matth.

589 3160 683 3215 15.
714 3159 817 3229 5);
850 3166 904 3215 et
930 3174 1135 3227 rursus,
1172 3160 1277 3232 Ego
1306 3179 1337 3215 a
1368 3161 1529 3217 Patre
1555 3166 1707 3233 exivi,
1740 3175 1785 3219 et
1810 3167 1957 3221 venio
1986 3168 2164 3239 (Joan.

590 3249 677 3304 16.
699 3249 793 3321 28)
825 3268 839 3303 :
873 3258 927 3305 et
950 3250 1133 3306 multis
1161 3251 1212 3305 in
1238 3252 1371 3308 locis
1395 3252 1497 3308 hoc
1518 3255 1735 3310 videris.
1765 3255 1963 3311 Paulus
1988 3267 2168 3313 autem

588 3339 641 3393 id
671 3349 832 3395 vocat
862 3342 1168 3411 ingressum
1196 3342 1381 3399 dicens
1405 3360 1420 3398 :
1446 3344 1515 3398 Et
1542 3362 1656 3399 cum
1680 3348 1863 3402 iterum
1891 3348 2170 3403 introducit

589 3430 994 3503 Primogenitum
1022 3435 1075 3487 in
1099 3437 1268 3489 orbem
1295 3444 1477 3501 terra;
1509 3437 1696 3492 dicens
1718 3439 2166 3496 introductionem

590 3522 726 3577 hanc
752 3525 930 3578 carnis
956 3525 1377 3593 susceptionem.
1419 3525 1530 3582 Cur
1558 3527 1675 3584 haec
1702 3544 1792 3585 res
1815 3531 1961 3585 varie
1984 3545 2161 3585 enun-

599 3622 760 3676 tiatur
780 3662 796 3688 ,
836 3630 889 3673 et
919 3620 1066 3689 cujus
1095 3619 1374 3674 occasione
1398 3618 1511 3672 haec
1534 3618 1813 3672 dicuntur?
1838 3619 1967 3685 Qua:
1990 3619 2161 3687 signi-

595 3713 826 3767 ﬁcantur
850 3719 973 3766 sunt
1018 3709 1315 3764 manifesta.
1356 3708 1595 3763 Christus
1631 3708 1841 3778 quidem
1871 3708 2156 3762 adventum

588 3818 745 3857 suum
794 3801 985 3856 merito
1038 3810 1190 3853 vocat
1242 3799 1441 3853 exitum
1490 3815 1502 3850 :
1547 3813 1759 3853 eramus
1808 3798 1948 3852 enim
2004 3806 2154 3852 extra

588 3892 775 3946 Deum.
828 3891 905 3945 Ac
950 3890 1086 3943 sicut
1143 3888 1193 3942 in
1239 3888 1380 3957 regia
1424 3888 1512 3957 qui
1557 3896 1681 3942 sunt
1733 3888 1785 3941 in
1832 3885 2058 3941 vinculis
2098 3894 2153 3941 et

594 3997 772 4051 regem
818 3980 1189 4047 olfenderunt,
1230 3989 1374 4035 stant
1399 3978 1560 4044 foris;
1591 3980 1678 4048 qui
1709 3979 1823 4033 vult
1846 3987 2022 4033 autem
2053 3992 2149 4032 eos

582 4073 964 4137 reconciliare,
1010 4087 1113 4127 non
1163 4072 1307 4141 ipsos
1352 4070 1674 4133 introducit,
1703 4069 1796 4125 sed
1841 4069 1953 4138 ipse
2000 4067 2145 4121 foras

580 4164 865 4235 egrediens
902 4177 996 4219 eos
1038 4163 1345 4233 alloquitur,
1379 4161 1555 4217 donec
1582 4161 1714 4231 ipsis
1739 4161 1913 4231 dignis
1938 4158 2146 4215 eﬁ’eetis

576 4265 866 4326 conSpectu
890 4256 1049 4326 regis,
1073 4269 1166 4310 eos
1188 4253 1490 4308 introducat
1515 4271 1527 4307 :
1555 4252 1627 4307 ita
1654 4253 1811 4308 etiam
1841 4251 1964 4307 fecit
1987 4250 2143 4305 Chri-

576 4355 724 4401 stus:
753 4345 821 4400 ad
860 4360 959 4400 nos
984 4359 1233 4416 egressus
1254 4385 1269 4409 ,
1297 4342 1400 4398 hoc
1425 4352 1527 4409 est,
1557 4357 1678 4397 cum
1709 4357 1924 4398 carnem
1952 4356 2140 4397 susce-

573 4436 760 4507 pisset,
790 4444 845 4491 et
868 4450 985 4506 qua
1012 4449 1041 4489 a
1070 4434 1216 4505 Rege
1245 4432 1491 4488 mandata
1515 4433 1725 4489 fuerant
1755 4432 2044 4498 retulisset,
2068 4434 2137 4487 ita

575 4541 673 4581 nos
699 4527 1019 4595 introduxit,
1048 4536 1101 4581 et
1131 4541 1159 4579 a
1200 4527 1429 4596 peccatis
1458 4533 1712 4595 purgatos
1739 4534 1793 4581 et
1823 4526 2134 4580 reconcilia-

572 4628 676 4675 tos.
723 4618 1010 4688 Propterea
1066 4616 1238 4687 ipsum
1285 4624 1439 4671 vocat
1482 4616 1704 4671 exitum.
1739 4615 1931 4671 Paulus
1956 4625 2133 4671 autem

569 4726 691 4766 cum
740 4710 978 4765 nominat
1026 4709 1399 4779 ingressum,a
1448 4709 1757 4780 metaphora
1806 4723 1991 4764 eorum
2041 4708 2132 4779 qui

564 4808 690 4855 sunt
736 4800 998 4867 heredes,
1032 4809 1086 4855 et
1126 4800 1355 4870 aliquam
1387 4798 1656 4868 accipiunt
1694 4800 2128 4868 possessionem:

562 4892 743 4948 dicere
784 4892 925 4947 enim
948 4932 963 4959 ,
996 4891 1121 4946 Cum
1152 4901 1320 4944 autem
1360 4890 1694 4944 introduxerit
1722 4888 2127 4961 Primogenitum

566 4989 621 5040 in
650 4986 817 5041 orbem
845 4995 1021 5051 terrae,-
1052 4984 1154 5039 boc
1184 4994 1265 5039 est
1299 4982 1646 5053 signiﬁcantis
1670 5024 1684 5049 ,
1715 4982 1847 5037 Cum
1874 4982 1923 5037 ei
1963 4983 2126 5037 tradi-

563 5076 703 5131 derit
740 5076 924 5131 orbem
972 5086 1129 5131 terra:
1154 5091 1165 5127 :
1196 5082 1320 5129 tunc
1349 5074 1491 5129 enim
1520 5089 1636 5128 eam
1667 5082 1831 5129 totam
1864 5074 2123 5143 possedit,

562 5167 776 5237 quando
815 5168 911 5223 fuit
951 5168 1213 5238 cognitus.
1266 5168 1383 5224 Non
1415 5166 1529 5222 haec
1559 5175 1735 5222 autem
1762 5167 1890 5222 dicit
1919 5167 1985 5222 de
2016 5167 2125 5221 Deo

554 5257 737 5312 Verbo
756 5299 771 5323 ,
800 5256 895 5313 sed
919 5259 985 5312 de
1012 5256 1226 5313 Christo
1256 5259 1564 5323 incarnalo;
1600 5258 1721 5326 jure
1748 5261 1959 5314 merito.
1991 5258 2122 5313 Nam

553 5352 597 5404 si
626 5360 738 5405 erat
780 5350 833 5405 in
879 5351 1095 5417 mundo,
1125 5361 1183 5405 ut
1226 5352 1301 5405 ait
1349 5351 1617 5417 Joannes,
1652 5359 1705 5406 et
1754 5351 1985 5407 mundus
2028 5367 2121 5422 per

555 5444 727 5511 ipsum
754 5442 925 5499 factus
949 5452 1032 5498 est
1061 5442 1239 5513 (Joan.
1265 5444 1316 5498 1.
1344 5444 1452 5512 10),
1480 5443 1749 5514 quomodo
1773 5444 1929 5498 aliter
1954 5444 2122 5498 intro-

554 5538 839 5590 duceretur
862 5550 1020 5605 quam
1063 5535 1115 5589 in
1148 5534 1347 5590 carne?
1389 5534 1455 5588 Et
1482 5536 1695 5588 adorent
1723 5552 1869 5600 eum,
1907 5536 2113 5604 inquit,

555 5644 725 5681 omnes
751 5628 918 5680 anaeli
946 5626 1061 5682 Dei.
1113 5626 1375 5695 Quoniam
1404 5628 1543 5681 enim
1574 5642 1821 5698 magnum
1854 5639 1907 5682 et
1934 5628 2116 5681 excel-

553 5733 669 5772 smn
699 5717 893 5787 aliquid
924 5726 1006 5773 est
1031 5718 1296 5783 dicturus,
1325 5717 1377 5773 id
1410 5720 1679 5787 praestruit
1699 5728 1751 5773 et
1772 5718 1934 5772 efﬁcit
1959 5729 2011 5773 ut
2035 5718 2112 5771 fa-

558 5812 661 5866 cile
685 5810 1000 5882 excipiatur,
1027 5809 1225 5866 facicns
1263 5810 1470 5867 Patrem
1514 5810 1868 5868 introduxissc
1898 5810 2109 5867 Filium.

2296 2328 2571 2399 Perpende
2594 2340 2772 2389 autem
2798 2350 2811 2388 :
2837 2331 2980 2391 dixit
2999 2336 3246 2407 superius
3274 2351 3397 2393 eum
3426 2351 3533 2393 non
3560 2352 3682 2394 esse
3709 2337 3873 2396 nobis

2292 2421 2564 2492 loquutum
2591 2439 2689 2497 per
2710 2427 3037 2497 prophetas,
3070 2427 3169 2484 sed
3212 2444 3311 2499 per
3346 2428 3547 2485 Filium
3576 2446 3589 2483 :
3625 2429 3871 2485 ostendit

2289 2509 2481 2567 Filium
2504 2528 2624 2571 esse
2649 2515 2927 2572 meliorem
2954 2516 3189 2587 angelis;
3221 2526 3276 2572 et
3302 2517 3404 2573 hoc
3427 2534 3455 2571 a
3483 2518 3703 2574 nomine
3730 2534 3864 2589 pro-

2290 2606 2467 2673 bavit;
2497 2618 2552 2664 et
2592 2625 2658 2666 ex
2700 2626 2767 2667 eo
2807 2613 2949 2683 quod
2993 2614 3153 2670 Pater
3180 2615 3378 2671 Filium
3408 2616 3723 2672 introduxit.
3759 2622 3869 2678 Hic

2289 2695 2521 2768 denique
2544 2700 2704 2754 etiam
2727 2715 2794 2757 ex
2828 2717 2889 2758 re
2912 2703 3017 2758 alia
3043 2706 3254 2775 probat.
3303 2705 3562 2773 Quaenam
3591 2715 3773 2762 autem
3795 2726 3865 2766 ea

2286 2787 2405 2843 est?
2449 2789 2529 2845 Ex
2557 2791 2871 2849 adoratione
2892 2811 2907 2848 :
2932 2803 2987 2850 et
3008 2797 3244 2852 ostendit
3266 2808 3523 2867 quantum
3554 2800 3623 2853 sit
3644 2796 3863 2864 melior,

2282 2892 2475 2949 nempe
2498 2889 2756 2950 quantum
2782 2883 3041 2940 Dominus
3070 2902 3249 2942 servo.
3281 2887 3350 2943 Ut
3375 2889 3418 2943 si
3446 2888 3565 2959 quis
3590 2889 3777 2959 aliquo
3807 2894 3864 2949 in

2280 2967 2494 3025 domum
2525 2974 2663 3043 regis
2687 2974 3013 3043 introducto,
3046 2993 3142 3034 eos
3166 2979 3256 3049 qui
3287 2980 3396 3035 illic
3420 2990 3658 3050 praesunt
3677 2986 3866 3040 statim

2277 3064 2449 3133 ipsum
2470 3066 2655 3136 jubeat
2683 3069 2910 3126 adorare
2935 3089 2948 3124 :
2980 3073 3059 3128 sie
3088 3073 3180 3128 ille
3207 3073 3353 3142 facit,
3383 3074 3452 3130 de
3482 3074 3642 3129 Verbi
3672 3090 3867 3129 secun-

2275 3153 2398 3209 dum
2430 3171 2644 3213 carnem
2675 3160 2727 3213 in
2755 3161 3013 3217 mundum
3044 3162 3439 3220 introductione
3480 3166 3708 3235 loquens
3740 3186 3755 3222 :
3787 3168 3865 3224 Et

2273 3244 2482 3300 adorent
2508 3265 2619 3302 eunt
2651 3266 2822 3305 omnes
2844 3254 3011 3322 angeli
3043 3253 3155 3307 Dei.
3181 3254 3317 3310 Num
3341 3257 3518 3326 angeli
3547 3258 3745 3323 solum,
3774 3258 3861 3313 in-

2271 3336 2419 3403 quit,
2449 3346 2502 3390 et
2529 3353 2633 3393 non
2661 3340 2781 3394 alia:
2809 3340 3086 3397 Virtutes?
3123 3345 3468 3417 Nequaquam
3503 3367 3516 3403 :
3546 3348 3669 3402 audi
3703 3351 3855 3406 enim

2268 3441 2387 3496 quae
2411 3439 2722 3500 sequuntur.
2754 3431 2826 3485 Et
2861 3434 2931 3487 ad
2960 3438 3168 3507 angelos
3189 3439 3391 3507 quidem
3418 3441 3539 3493 dicit
3562 3459 3580 3495 :
3604 3442 3706 3506 Qui
3725 3444 3856 3513 facit

2265 3520 2472 3589 angelos
2495 3537 2614 3576 suos
2635 3524 2865 3591 spiritus,
2892 3536 2939 3579 et
2959 3528 3218 3583 ministros
3244 3547 3365 3585 suos
3390 3533 3650 3600 ﬂammam
3674 3534 3816 3602 ignis
3832 3550 3853 3591 :

2263 3609 2331 3661 ad
2359 3608 2550 3664 Filium
2578 3622 2741 3667 autem
2768 3629 2786 3668 :
2813 3614 3047 3671 Thronus
3077 3629 3191 3671 tuus
3222 3618 3361 3673 Deus
3392 3621 3443 3673 in
3471 3623 3716 3675 steculum
3746 3640 3851 3677 sw-

2261 3700 2381 3753 culi.
2415 3700 2550 3756 Ecce
2576 3704 2806 3758 maxima
2838 3705 3165 3775 diﬁ'erentia,
3195 3709 3337 3779 quod
3370 3710 3443 3763 illi
3472 3711 3685 3780 quidem
3714 3723 3850 3767 sunt

2261 3788 2460 3857 creati,
2491 3789 2577 3846 hic
2606 3801 2785 3848 autem
2814 3794 3104 3852 increatus.
3136 3799 3201 3852 Et
3224 3813 3322 3853 cur
3345 3799 3411 3854 ad
3438 3800 3660 3870 angelos
3686 3817 3844 3868 suos,

2260 3878 2461 3949 inquit,
2493 3881 2662 3949 dicit,
2694 3883 2797 3950 Qui
2836 3886 2995 3955 facit;
3025 3887 3091 3941 ad
3122 3887 3315 3943 Filium
3345 3900 3521 3944 autem
3550 3906 3706 3944 suum
3739 3907 3847 3948 cur

2258 3984 2362 4023 non
2385 3970 2539 4037 dixit,
2559 3972 2660 4039 Qui
2688 3974 2850 4029 facit?
2874 3977 3034 4048 Atqui
3058 3978 3254 4034 licebat
3271 3981 3349 4035 sie
3375 3980 3553 4034 dicere
3582 3981 3845 4039 dilfercn-

2260 4059 2383 4114 tiam
2410 4077 2423 4112 :
2452 4061 2529 4116 Ad
2560 4064 2781 4134 angelus
2807 4066 3021 4135 quidem
3054 4083 3180 4123 suos
3206 4070 3358 4133 dicit,
3393 4069 3492 4135 Qui
3521 4072 3642 4142 facit
3670 4089 3840 4143 ange-

2253 4152 2329 4207 los
2352 4170 2469 4207 suos
2495 4156 2742 4225 spiritus;
2772 4159 2841 4211 ad
2884 4158 3077 4213 Filium
3117 4171 3286 4215 autem
3307 4201 3322 4227 ,
3351 4160 3600 4215 Dominus
3638 4167 3835 4219 creavit

2252 4258 2362 4306 me;
2392 4253 2445 4297 et
2466 4259 2672 4310 rursus,
2700 4246 2976 4302 Dominum
2995 4250 3160 4319 ipsum
3186 4261 3232 4304 et
3255 4250 3509 4305 Christum
3536 4250 3670 4306 Deus
3688 4256 3831 4325 fecit.

2251 4331 2355 4387 Sed
2385 4348 2555 4403 neque
2584 4336 2711 4390 illud
2740 4336 2939 4391 dictum
2962 4350 3043 4393 est
3062 4339 3130 4394 de
3152 4338 3368 4395 Christo
3398 4341 3624 4396 Domino
3649 4343 3824 4410 Filio;

2249 4440 2419 4496 neque
2461 4426 2561 4481 hoc
2599 4427 2667 4483 de
2705 4428 2816 4484 Deo
2837 4428 3048 4497 Verbo,
3080 4433 3175 4487 sed
3217 4432 3285 4487 de
3327 4448 3391 4487 eo
3429 4434 3569 4503 quod
3601 4451 3827 4493 carnem

2248 4518 2500 4588 suscepit.
2533 4518 2633 4575 Ubi
2664 4521 2808 4575 enim
2830 4522 2996 4577 voluit
3016 4538 3198 4578 veram
3226 4525 3529 4594 signiﬁcare
3557 4524 3829 4583 diﬁeren-

2248 4609 2395 4674 tiam,
2427 4624 2530 4663 non
2557 4611 2786 4680 amplius
2815 4611 3225 4681 comprehendit
3251 4615 3424 4669 solum
3450 4616 3692 4686 angelos,
3724 4620 3823 4674 scd

2244 4715 2456 4755 onmem
2474 4715 2760 4769 supernam
2783 4713 3100 4773 potestatem
3119 4704 3828 4766 administratoriamNides

2243 4793 2509 4865 quomodo
2530 4802 2585 4848 et
2604 4810 2761 4864 quam
2787 4796 3019 4851 dilucide
3046 4796 3250 4851 dividat
3280 4807 3554 4854 creaturas
3582 4812 3635 4854 et
3655 4800 3826 4855 Crea-

2244 4895 2434 4950 torem,
2455 4886 2729 4939 ministros
2746 4894 2802 4940 et
2820 4885 3124 4954 Dominum,
3147 4903 3438 4958 verumque
3459 4903 3521 4943 ac
3544 4904 3822 4959 proprium

2241 4977 2491 5033 heredem
2522 4986 2576 5031 et
2604 4977 2819 5043 Filium,
2849 4988 2903 5031 et
2927 4979 3152 5033 servos?
3185 4979 3263 5033 Ad
3291 4980 3484 5034 Filium
3516 4990 3695 5036 autem
3726 4983 3817 5037 di-

2239 5068 2331 5134 cit,
2358 5066 2593 5121 Thronus
2623 5076 2738 5121 tuus
2766 5066 2905 5122 Deus
2930 5069 2983 5122 in
3008 5069 3250 5123 saeculum
3270 5071 3465 5125 swculi.
3500 5072 3636 5127 Ecce
3659 5076 3817 5143 regni

2238 5163 2469 5232 signum.
2502 5165 2659 5238 Virga
2684 5167 2955 5236 tequitatis,
2983 5172 3127 5242 virga
3154 5173 3300 5243 regni
3330 5174 3423 5229 tui.
3457 5175 3599 5231 Ecce
3627 5191 3822 5231 rursus

2237 5252 2378 5308 aliud
2398 5270 2609 5327 quoque
2634 5258 2843 5327 signum
2870 5261 3041 5330 regni.
3067 5262 3273 5319 Deinde
3294 5279 3481 5321 rursus
3504 5263 3572 5320 de
3592 5281 3656 5321 eo
3674 5268 3823 5338 quod

2237 5355 2321 5400 est
2339 5361 2500 5403 carne
2528 5348 2768 5405 indutum
2797 5368 2809 5405 :
2837 5350 2892 5407 9.
2923 5352 3161 5409 Dilexisti
3176 5356 3438 5426 justitiam
3465 5368 3511 5411 et
3536 5359 3687 5413 odisti
3717 5362 3797 5415 ini
3805 5393 3827 5405 -

2235 5438 2513 5506 quitatem:
2539 5452 2804 5512 prOpterea
2848 5447 2993 5500 unxit
3033 5456 3080 5501 te
3122 5447 3279 5514 Deus,
3324 5448 3464 5504 Deus
3512 5460 3644 5506 tuus.
3676 5453 3821 5522 Quid

2234 5538 2336 5594 est,
2365 5528 2503 5586 Deus
2532 5535 2683 5588 tuus?
2705 5535 2837 5590 Nam
2869 5538 3122 5607 quoniam
3151 5556 3402 5612 magnum
3432 5551 3517 5598 est
3540 5543 3820 5617 loquutus,

2233 5620 2282 5674 id
2317 5634 2501 5676 rursus
2528 5622 2659 5678 lenit
2686 5640 2749 5680 ac
2778 5628 3005 5698 mitigat.

2305 5711 2555 5769 Adversus
2580 5715 2791 5772 Judteos
2814 5762 2827 5784 ,
2861 5720 3087 5776 Paulum
3118 5723 3534 5793 Samosateuum,
3566 5729 3817 5800 Arianae,

2234 5801 2282 5855 ,ΙΙ
2294 5805 2563 5875 arcellum,
2590 5808 2868 5867 Sabellium
2889 5823 2936 5868 ct
2966 5812 3476 5875 .ilarcioncm.——Hic
3502 5830 3550 5875 el
3574 5819 3819 5887 Judmos.
