4042 6412
176 425 230 477 29
1060 412 1128 469 IN
1166 412 1382 468 EPIST.
1425 410 1518 465 AD
1556 406 1757 463 HEBR.

1873 406 1920 463 5.
1960 405 2113 462 CAP.
2154 407 2196 463 1.
2239 404 2473 464 llOHlL.
2516 405 2602 463 ill.
3395 408 3467 463 30

171 536 211 578 et
233 522 368 578 Pauli
391 523 753 582 Samosateni
783 527 1046 594 asseclas,
1074 536 1129 583 et
1148 526 1397 596 Arianos,
1419 525 1762 583 Marcellum-

170 629 253 682 quo
280 622 335 670 et
358 613 669 672 Sabellium
704 618 854 672 feriit
875 627 931 672 et
952 617 1299 673 Marcionem.
1334 616 1652 687 Quomodo?
1672 618 1762 673 Ju—

170 707 291 762 deos
315 705 560 777 quidem,
592 709 899 764 osmndens
935 725 1099 763 unum
1128 724 1248 764 esse
1274 707 1400 774 duo,
1428 717 1484 763 et
1511 709 1679 765 Deum
1707 720 1761 765 et

171 796 413 853 hominem
447 817 461 853 :
494 799 645 854 alios
678 808 884 860 autem.
919 800 1094 861 Pauli,
1129 799 1389 871 inquam,
1419 799 1758 856 Samosatcni

169 887 396 952 assulas,
429 890 582 960 quod
619 890 743 945 hate
774 891 919 947 dicat
944 891 1011 947 de
1040 899 1240 946 arterua
1267 891 1569 947 substantia
1597 902 1652 949 et
1678 895 1759 949 in-

168 990 320 1033 creata
348 982 596 1037 essentia
630 1000 645 1035 :
680 999 811 1039 nam
841 983 907 1037 ad
934 982 1371 1054 distinguendum
1406 984 1558 1051 illud,
1588 982 1753 1051 Fecit,

171 1072 254 1126 hoc
296 1072 513 1141 posuit:
545 1071 802 1129 Tlironus
845 1084 961 1129 tuus
999 1073 1139 1128 Deus
1180 1075 1234 1129 in
1272 1076 1521 1131 secutum
1558 1078 1753 1133 seculi.

169 1160 417 1217 Adversus
448 1165 702 1220 Arianos
733 1173 936 1233 autem,
967 1181 1157 1222 rursus
1184 1166 1290 1223 hoc
1316 1168 1517 1239 ipsum,
1540 1178 1597 1225 et
1615 1171 1755 1241 quod

170 1266 257 1306 non
283 1252 351 1308 sit
377 1268 576 1309 servus
607 1270 624 1309 :
663 1256 711 1309 si
743 1267 925 1311 autem
955 1265 1040 1313 est
1079 1268 1327 1313 creatura
1351 1302 1367 1327 ,
1408 1274 1599 1316 servus
1649 1270 1752 1319 est.

172 1343 417 1401 Adversus
449 1346 781 1403 Marcellum
808 1358 987 1404 autem
1031 1360 1085 1405 et
1122 1350 1299 1418 alios,
1328 1351 1470 1423 quod
1498 1353 1605 1408 sint
1636 1353 1756 1411 dua:

170 1449 386 1505 persona:
410 1436 613 1491 divisze
646 1454 748 1508 per
776 1438 1110 1510 ltypostasim
1137 1460 1152 1496 :
1182 1441 1445 1499 adversus
1474 1444 1757 1501 Marcioni—

170 1538 261 1580 stas
286 1536 459 1581 autem
484 1569 500 1592 ,
532 1529 691 1597 quod
734 1529 987 1587 divinitas
1014 1548 1124 1588 non
1154 1543 1404 1606 ungatur,
1437 1537 1530 1591 sed
1562 1536 1756 1592 huma-

171 1618 308 1672 nitas.
336 1619 571 1690 Deinde,
609 1619 742 1675 Prw
772 1624 1111 1695 participibus
1141 1626 1264 1693 tuis,
1302 1626 1494 1697 inquit.
1526 1627 1755 1694 Quinam

173 1718 323 1763 autem
350 1720 479 1764 sunt
515 1712 841 1782 participes,
873 1713 974 1768 nisi
1007 1714 1296 1771 homines?
1328 1718 1438 1772 lloc
1465 1729 1567 1783 εει,
1596 1719 1758 1774 Citri-

172 1808 269 1853 stus
282 1802 778 1871 aceepitSpiritum
804 1820 909 1858 non
934 1804 999 1859 ad
1026 1821 1332 1862 mensuram
1363 1808 1542 1880 (Joan.
1562 1812 1616 1868 '5.
1639 1811 1754 1883 54).

228 1890 275 1944 9..
318 1891 476 1947 Vides
496 1894 785 1964 quomodo
802 1896 1036 1950 sermoni
1060 1896 1128 1951 de
1158 1907 1342 1952 natura
1372 1899 1608 1957 inereata
1627 1918 1758 1957 con-

171 1982 332 2049 jungat
347 1999 569 2053 semper
586 2001 900 2040 sermonem
936 1988 1004 2043 de
1042 1988 1465 2059 dispensatione.
1498 1993 1636 2060 Quid
1676 2003 1763 2050 est

177 2074 260 2128 hoc
285 2074 577 2130 dilucidius
606 2080 632 2129 ?
669 2077 825 2133 Vides
848 2089 1152 2135 creaturam
1175 2091 1224 2137 et
1247 2084 1487 2153 genitum
1511 2102 1615 2141 non
1641 2102 1760 2144 esse

177 2162 327 2218 item?
356 2181 461 2220 non
490 2168 648 2221 enim
679 2166 971 2238 divisisset,
994 2180 1048 2226 et
1075 2186 1141 2227 ex
1166 2172 1396 2230 adverso
1427 2176 1567 2231 illius
1590 2176 1757 2246 Fecit,

174 2262 549 2329 suhjttuxisset:
579 2265 670 2318 Ad
715 2264 910 2319 Filium
959 2278 1125 2321 autem
1168 2271 1318 2334 dixit,
1368 2270 1604 2327 Tltronus
1645 2285 1762 2331 tuus

172 2350 288 2406 Dens
311 2355 359 2407 in
388 2358 652 2410 siccatum
677 2356 891 2423 sa-cuti;
918 2375 1092 2430 neque
1122 2376 1339 2428 nomen,
1388 2362 1579 2431 Filius,
1614 2383 1753 2436 pra:-

172 2444 440 2501 oellentiori
466 2448 643 2503 modo
673 2450 960 2518 posuisset,
996 2452 1041 2505 si
1071 2462 1215 2508 esset
1242 2454 1483 2525 ejusdem
1524 2458 1756 2529 signum.

173 2535 402 2601 Quanam
424 2541 577 2595 enirn
604 2540 950 2599 diderentia?
976 2560 1100 2600 nam
1130 2547 1173 2601 si
1201 2546 1345 2604 idem
1372 2557 1455 2604 est
1485 2561 1755 2621 creatura,

174 2637 221 2684 et
244 2628 292 2684 id
312 2632 449 2701 quod
495 2642 585 2689 est
611 2637 874 2704 genitum,
902 2638 975 2693 illi
992 2649 1171 2695 autem
1195 2650 1321 2696 sunt
1341 2642 1489 2713 facti,
1515 2662 1759 2716 quaenam

176 2730 246 2775 est
269 2727 623 2793 praestantia?
667 2729 806 2784 Ecce
854 2746 1042 2789 rursus
1080 2734 1235 2801 illud,
1270 2736 1433 2802 Deus,
1464 2738 1652 2797 Graece
1679 2754 1762 2799 est

178 2818 317 2876 ὁΘιός
356 2831 480 2872 cum
528 2820 765 2875 articulo
789 2820 893 2889 (a).
927 2822 997 2877 Et
1036 2823 1231 2880 iterum
1278 2827 1441 2884 dicit:
1468 2830 1555 2887 l0.
1584 2831 1655 2886 Et
1685 2843 1760 2900 tu,

179 2901 395 2970 Domine,
418 2908 473 2961 in
501 2910 769 2980 principio
791 2922 979 2966 terram
1001 2916 1252 2985 fundasti,
1277 2926 1326 2972 et
1346 2936 1501 2987 opera
1521 2939 1762 2978 manuum

181 3003 359 3050 tuarum
382 3010 502 3052 sunt
529 3001 668 3054 cali.
719 3002 810 3057 Η.
843 3001 959 3074 Ipsi
989 3006 1245 3075 peribunt,
1276 3018 1331 3063 tu
1357 3021 1526 3067 autem
1553 3032 1759 3086 perma-

182 3091 331 3155 nebit;
357 3102 401 3147 et
432 3111 616 3149 omnes
646 3106 702 3149 ut
731 3099 1081 3154 vestimentum
1110 3112 1442 3169 veterascent,
1472 3107 1561 3161 12.
1596 3118 1642 3162 et
1681 3126 1764 3165 tte-

184 3183 246 3236 lttt
264 3186 497 3239 amictum
527 3190 753 3243 mutabis
776 3207 881 3254 eos,
904 3202 952 3245 et
967 3197 1297 3250 mutabuntur
1318 3214 1337 3252 :
1364 3209 1418 3252 tu
1444 3211 1614 3256 autem
1630 3203 1762 3259 idem

183 3275 277 3343 ipse
301 3294 369 3341 es,
396 3290 443 3334 et
464 3282 595 3335 anni
619 3282 692 3334 tui
716 3298 817 3337 non
844 3284 1097 3353 deﬁcient.
1126 3287 1204 3344 Ne
1224 3304 1344 3344 cum
1362 3292 1617 3359 audieris,
1636 3294 1762 3351 Cum

184 3377 330 3421 autem
356 3371 643 3425 introducit
677 3372 1084 3445 Printogenilum
1109 3380 1163 3433 in
1188 3382 1357 3436 urbem
1380 3392 1550 3451 terra,
1572 3387 1764 3441 existi-

185 3471 285 3512 mes
309 3476 423 3517 esse
454 3472 736 3533 tamquam
777 3466 975 3522 donum
1020 3480 1207 3538 postea
1247 3475 1295 3528 ei
1325 3473 1534 3544 datum,
1567 3478 1670 3534 hoc
1711 3490 1768 3536 et

186 3551 409 3615 superius
446 3555 713 3621 correxit,
739 3566 790 3610 et
817 3573 1003 3612 rursus
1026 3562 1248 3634 corrigit
1287 3565 1492 3631 dicens,
1526 3569 1595 3623 In
1623 3572 1765 3640 prin-

186 3641 330 3706 cipio,-
356 3659 460 3698 non
493 3661 667 3711 nunc,
692 3647 787 3703 sed
804 3649 915 3717 jam
937 3652 1086 3707 olim.
1117 3655 1256 3711 Ecce
1278 3674 1465 3717 rursus
1490 3662 1632 3719 letali
1652 3680 1765 3735 per.-

187 3735 299 3787 cutit
322 3736 547 3795 vulnere
573 3748 630 3794 et
657 3740 878 3796 Paulum
911 3743 1324 3804 Samosatenum
1356 3762 1413 3806 et
1439 3754 1659 3825 Arium,
1698 3759 1765 3815 iis

186 3827 569 3919 qucdicnntur
626 3831 692 3887 de
741 3833 900 3890 Patre
952 3837 1218 3909 adaptatis
1263 3842 1421 3899 Filio.
1467 3846 1536 3902 Et
1579 3862 1764 3919 postea

187 3915 311 3971 aliud
339 3920 439 3976 hoc
466 3938 692 3993 quoque
722 3926 915 3996 majus,
940 3931 1092 3999 quasi
1120 3933 1262 3988 aliud
1290 3937 1499 4007 agendo
1525 3915 1768 3997 subindi-

189 4008 339 4061 cavit:
366 4014 558 4067 mundi
587 4015 733 4069 enim
763 4018 1286 4091 transﬁgurationem
1306 4040 1563 4097 praeterea
1586 4045 1769 4093 osten-

191 4094 275 4189 dit,
302 4102 480 4158 dicens
507 4122 521 4159 :
554 4105 842 4177 Tamquam
866 4113 1215 4169 uestimentum
1239 4094 1568 4189 veterascent,
1599 4136 1645 4179 et
1674 4144 1757 4183 ve-

192 4185 269 4279 luti
305 4194 545 4249 amictum
577 4200 792 4253 mutabis
818 4217 921 4264 eos,
954 4214 999 4257 et
1026 4208 1374 4263 mutabuntur.
1412 4185 1568 4279 Quod
1598 4218 1758 4272 etiam

192 4276 301 4334 dicit
325 4285 372 4338 in
400 4285 649 4357 Epistola
678 4289 745 4344 ad
773 4290 1067 4362 Romanos,
1095 4311 1286 4369 nempe
1313 4276 1453 4372 quod
1485 4308 1768 4379 transﬁgu-

190 4382 307 4475 rabit
336 4389 620 4445 mundum.
654 4391 722 4446 Et
762 4393 1072 4453 facilitatem
1118 4401 1411 4456 ostendens
1459 4403 1757 4475 subjunxit,

194 4473 391 4534 nausa
414 4499 433 4536 :
463 4493 743 4554 tamquam
769 4488 813 4542 si
840 4491 959 4559 quis
985 4494 1272 4548 convolvat
1311 4473 1592 4559 amictum.
1625 4514 1761 4554 enn-

192 4567 343 4624 rolvet
368 4582 421 4629 et
448 4576 703 4631 mutabit.
734 4577 790 4633 Si
814 4589 992 4635 autem
1015 4599 1133 4653 quae
1160 4584 1220 4639 fit
1242 4585 1295 4640 in
1328 4588 1521 4643 melius
1542 4599 1595 4645 et
1623 4607 1761 4660 prae-

190 4661 389 4718 stantius
444 4667 975 4737 uansligurationem
1022 4685 1078 4728 et
1122 4677 1397 4745 opiﬁcium
1446 4690 1552 4735 tam
1605 4683 1760 4741 facile

191 4761 439 4822 oneratur,
477 4757 533 4811 in
566 4760 760 4815 minori
788 4764 1000 4833 opilicio
1018 4766 1196 4823 alioue
1220 4769 1524 4841 indigebat?
1552 4773 1761 4839 Quous-

190 4853 275 4905 que
303 4860 401 4899 non
447 4863 548 4903 vos
581 4850 780 4919 pudet?
817 4853 989 4909 Simul
1038 4857 1199 4912 etiam
1248 4859 1350 4916 hoc
1399 4871 1482 4916 est
1528 4866 1757 4920 maxima

190 4936 487 4998 consolatio.
520 4955 683 4997 nosse
710 4944 849 5011 quod
878 4962 966 5001 res
998 4965 1101 5004 non
1129 4952 1207 5005 sic
1231 4962 1413 5019 erunt,
1440 4955 1535 5009 sed
1575 4957 1756 5011 omnia

188 5023 425 5091 accipient
468 5032 844 5100 mutationem,
891 5047 946 5092 et
994 5041 1174 5095 omnia
1221 5043 1600 5111 mutabuntur;
1643 5047 1757 5116 ipse

188 5120 343 5169 autem
364 5130 551 5175 manet
572 5135 831 5194 perpetuo
856 5128 1063 5195 vivens,
1098 5141 1152 5185 et
1184 5132 1389 5189 inﬁnite
1420 5136 1607 5191 sivens
1640 5155 1652 5192 :
1689 5137 1753 5191 Et

187 5206 289 5256 anni
312 5210 399 5274 tui,
426 5211 618 5282 inquit,
653 5232 757 5269 non
786 5218 1036 5287 deﬁcient.
1073 5223 1160 5278 15.
1196 5224 1275 5277 Ad
1301 5243 1447 5292 quem
1470 5239 1640 5283 autem
1660 5247 1753 5283 an-

187 5293 387 5357 gelorum
415 5302 546 5356 dixit
567 5306 849 5375 aliquando
863 5325 882 5363 :
913 5310 1049 5367 Sede
1069 5332 1099 5366 a
1118 5316 1309 5371 dextris
1330 5320 1473 5385 meis,
1492 5324 1749 5390 quoadus-

188 5396 267 5481 ttuc
295 5405 472 5452 ponam
521 5396 754 5453 inimicos
801 5411 914 5456 tuos
954 5406 1228 5460 scabellum
1277 5410 1463 5478 pedum
1507 5418 1753 5471 tuorum?

190 5470 307 5533 Ecce
332 5496 516 5542 rursus
542 5489 621 5544 eis
648 5491 804 5545 addit
832 5494 1096 5562 animum,
1121 5500 1165 5552 si
1199 5501 1308 5555 sint
1333 5508 1621 5573 superandi
1651 5524 1737 5563 eo-

224 5632 1098 5725 Acaesariensis
1122 5654 1235 5725 illud
1262 5670 1382 5725 6_Os6;
1416 5666 1732 5725 praecedente

368 5702 428 5780 de
451 5706 595 5758 Patre
618 5696 715 5780 diei
736 5696 957 5773 tantum,

939 5760 952 5773 ι
985 5760 1089 5777 τη-
1112 5760 1245 5769 -ν--ν
1268 5760 1287 5769 -
1307 5760 1405 5773 ......
1441 5760 1735 5780 ,υιυουυυδ

300 5760 1105 5853 Ξιὲυέχεςεειιηξξρξιοιιιιιδᾼωε
1120 5782 1311 5853 fat-aliis
1335 5786 1383 5833 in
1408 5787 1529 5853 locis
1552 5800 1737 5853 pugnat

308 5806 456 5815 νην...
488 5806 595 5842 των
621 5806 1002 5847 υυιεογῗιιυωυο
1026 5806 1105 5828 uit;
1129 5806 1181 5830 cr.
1200 5806 1311 5832 unus
1335 5806 1383 5833 ιιι
1408 5806 1529 5837 tocts
1552 5806 1614 5853 pu
1656 5806 1737 5842 nat

179 5822 615 5948 ἒξσῗέηαῦτῗιιεωο
634 5836 701 5887 de
730 5835 863 5887 Filio
884 5850 1081 5901 quoque
1103 5842 1217 5907 dici,
1246 5848 1573 5916 exemplaque
1596 5806 1738 5906 agert

1882 535 2000 575 rum
2027 519 2266 577 inimici:
2291 529 2347 576 et
2375 520 2581 576 inimici
2608 536 2795 577 eorum
2821 518 2985 577 iidem
3005 528 3132 577 sunt
3153 520 3245 593 qui
3276 520 3482 578 inimici

1880 611 2102 669 Christi.
2137 613 2253 670 lloe
2280 629 2471 670 rursus
2496 621 2581 671 est
2608 614 2781 686 regni,
2824 615 2928 671 hoc
2957 613 3203 685 ejusdem
3232 615 3478 683 honoris,

1880 703 2003 773 hnc,
2033 706 2273 777 inquam,
2301 714 2385 764 est
2413 707 2656 774 honoris,
2685 723 2793 763 non
2834 707 3238 772 imbecillitatis,
3262 707 3479 763 Patrem

1880 796 2036 853 irasci
2067 797 2135 854 de
2166 799 2231 853 iis
2261 814 2381 869 quas
2403 797 2541 856 facta
2574 808 2700 855 sunt
2728 801 2779 853 in
2810 798 3041 854 Filium:
3069 798 3173 853 hoc
3194 808 3277 855 est
3299 797 3479 869 magnl

1877 893 2103 959 amoris,
2139 901 2195 949 et
2222 892 2444 948 honoris
2476 902 2749 963 tamquam
2782 894 2948 962 patris
2974 907 3101 962 erga
3129 886 3324 949 illium.
3376 891 3480 961 Qui

1877 982 2021 1038 enim
2068 998 2167 1052 pro
2216 982 2335 1055 ipso
2369 983 2639 1047 irascitur.
2672 982 2946 1054 quomodo
2976 993 3059 1038 est
3087 983 3157 1039 ab
3202 983 3320 1056 ipso
3345 983 3483 1040 alie.

1877 1073 2022 1129 nus?
2050 1072 2226 1130 Donec
2256 1092 2444 1145 ponam
2470 1076 2705 1130 inimicos
2730 1085 2863 1130 tuos.
2894 1075 3049 1144 Quod
3074 1075 3209 1131 dicit
3233 1075 3397 1131 etiam
3424 1076 3477 1132 in

1876 1164 2115 1221 secundo
2145 1166 2363 1221 Psalmo
2392 1185 2405 1221 :
2437 1166 2537 1235 Qui
2561 1166 2757 1221 habitat
2785 1167 2839 1221 iu
2869 1168 3007 1221 ca’lis
3037 1167 3270 1222 irridebit
3298 1184 3405 1232 eos,
3430 1176 3481 1222 et

1875 1260 2126 1315 Dominus
2155 1262 2484 1316 subsannabit
2510 1278 2612 1316 eos.
2651 1260 2795 1315 Tunc
2824 1261 3056 1329 loquetur
3090 1260 3163 1314 ad
3204 1277 3290 1317 eos
3316 1261 3373 1316 in
3401 1262 3481 1316 ira

1873 1369 1990 1419 sua,
2021 1351 2147 1408 etin
2179 1352 2355 1423 furore
2380 1368 2473 1408 suo
2501 1352 2823 1407 conturbabit
2864 1368 2947 1407 eos
3001 1351 3177 1426 (Psat.
3212 1353 3268 1406 9..
3308 1354 3363 1409 4.
3396 1354 3475 1424 5).

1874 1442 1945 1499 Ει
1986 1460 2171 1500 rursus
2199 1446 2315 1515 ipse
2346 1445 2509 1501 dicit:
2544 1444 2650 1500 Eos
2693 1447 2780 1517 qui
2820 1445 3092 1501 noluerunt
3140 1463 3220 1500 me
3261 1462 3481 1519 regnare

1874 1552 2030 1608 super
2052 1537 2211 1607 ipsos,
2236 1537 2479 1591 adducite
2504 1554 2676 1591 coram
2704 1554 2802 1603 me,
2832 1546 2877 1591 et
2900 1537 3170 1607 interﬁcite
3198 1537 3352 1608 (Luc.
3386 1539 3474 1597 l9.

1874 1631 1989 1700 27).
2024 1630 2154 1686 Nam
2181 1631 2323 1701 quod
2355 1631 2463 1685 sint
2488 1632 2605 1701 ejus
2638 1632 2824 1693 verba.
2857 1631 2983 1686 audi
3006 1631 3136 1703 quid
3169 1632 3331 1687 etiam
3350 1632 3477 1688 alibi

1874 1723 2052 1781 dicat:
2086 1724 2297 1791 Quoties
2322 1722 2462 1778 volui
2476 1741 2787 1796 congregare
2808 1726 2946 1794 ﬁlios
2972 1734 3107 1792 tuos,
3138 1734 3185 1780 et
3209 1726 3480 1783 noluistis?

1878 1814 2012 1870 Ecce
2036 1816 2352 1885 relinquetur
2379 1816 2518 1872 vobis
2545 1818 2728 1872 domus
2771 1828 2937 1873 vestra
2971 1817 3171 1873 deserta
3222 1817 3335 1888 (Id.
3380 1820 3469 1876 13.

1863 1911 1976 1983 54).
2000 1911 2068 1967 Et
2094 1928 2303 1980 rursus,
2337 1914 2616 1985 Auferetur
2652 1930 2685 1967 a
2731 1915 2870 1967 vobis
2914 1930 3150 1984 regnum,
3184 1924 3231 1968 et
3263 1916 3473 1970 dubitur

1865 2005 2004 2074 genti
2032 2004 2239 2075 facienti
2286 2008 2488 2075 fructus
2533 2006 2678 2077 ejus;
2721 2014 2777 2061 et
2825 2020 3035 2071 rursus,
3091 2006 3193 2074 Qui
3230 2007 3473 2063 ceciderit

1864 2112 2018 2167 super
2047 2096 2268 2163 lapidem
2294 2097 2470 2161 istum,
2501 2097 2888 2168 confringetur:
2920 2114 3075 2168 super
3101 2114 3253 2169 quem
3300 2109 3473 2153 autem

1863 2188 2122 2255 ceciderit,
2151 2189 2411 2243 ventilabit
2439 2206 2552 2244 eum
2586 2188 2801 2262 (Matth.
2829 2190 2922 2246 2L
2952 2192 3043 2247 45.
3087 2188 3205 2263 Μ).
3250 2192 3469 2263 Alioqui

1862 2290 2044 2336 autem
2072 2281 2161 2351 qui
2188 2290 2271 2337 est
2297 2296 2393 2337 eos
2437 2282 2546 2337 illic
2581 2281 2943 2352 iudicaturus,
2976 2282 3149 2337 multo
3180 2283 3351 2355 magis
3381 2282 3474 2339 ltic

1863 2370 2078 2428 illorum
2111 2372 2467 2430 immanitatis
2499 2388 2690 2445 penus
2722 2374 2961 2445 repetiit.
2986 2373 3354 2444 Quamobrem
3388 2386 3474 2431 est

1863 2466 2033 2521 solius
2061 2466 2285 2522 honoris
2308 2469 2359 2523 in
2390 2466 2585 2523 Filium
2612 2467 2769 2537 illud,
2797 2466 2978 2524 Donec
3008 2485 3200 2539 ponam
3235 2468 3472 2524 inimicos

1864 2568 1977 2614 tuos
1995 2559 2275 2615 scabellum
2300 2557 2489 2628 pedum
2520 2570 2745 2615 tuorum.

1937 2651 2249 2723 Angelorum
2284 2653 2735 2707 ministerium.—
2764 2654 2854 2708 Μ.
2903 2652 3094 2709 Nonne
3134 2670 3309 2710 omnes
3352 2666 3473 2709 sunt

1862 2745 2282 2800 administratorii
2302 2747 2533 2817 spiritus,
2558 2746 2612 2800 in
2640 2747 2972 2802 ministerium
2990 2749 3133 2803 missi
3158 2758 3366 2819 propter
3384 2766 3473 2804 eos

1860 2840 1951 2912 qui
1975 2840 2307 2894 hereditatem
2338 2840 2539 2912 capient
2576 2840 2800 2895 salutis?
2829 2839 2968 2907 Quid
3007 2840 3228 2907 mirum,
3276 2842 3470 2912 inquit,

1861 2931 1908 2985 si
1932 2931 2240 2985 ministrant
2270 2930 2429 2997 Filio,
2462 2946 2584 2986 cum
2613 2932 2778 2987 etiam
2810 2930 3201 2987 ministrentad
3230 2942 3469 2987 nostram

1862 3022 2127 3077 salutem?
2162 3022 2297 3077 Vide
2337 3022 2611 3093 quomodo
2641 3038 2830 3078 eorum
2872 3025 3076 3079 excitet
3122 3023 3368 3094 spiritus,
3417 3035 3472 3080 et

1862 3114 2092 3169 multum
2125 3114 2221 3169 Dei
2252 3114 2302 3168 in
2329 3129 2428 3168 nos
2455 3113 2717 3170 honorem
2743 3116 3014 3182 ostendat,
3038 3116 3082 3170 si
3101 3116 3318 3187 quidem
3341 3132 3473 3172 con-

1861 3204 2057 3270 stituit,
2094 3215 2151 3259 ut
2180 3205 2380 3276 angeli,
2414 3205 2504 3275 qui
2535 3215 2663 3259 sunt
2694 3206 2853 3261 nobis
2883 3208 3216 3277 superiores,
3251 3207 3354 3262 hoc
3377 3207 3474 3261 ha-

1862 3302 2027 3357 beant
2050 3316 2147 3372 pro
2173 3302 2329 3356 nobis
2358 3301 2742 3357 ministerium.
2773 3300 2845 3357 Ut
2872 3301 2917 3356 si
2950 3300 3151 3357 dixerit
3176 3300 3469 3372 quispiam:

1864 3390 1977 3457 Eis,
2001 3391 2195 3461 inquit,
2222 3391 2287 3446 ad
2316 3390 2419 3447 hoc
2446 3392 2645 3447 utitur:
2680 3391 2782 3447 hoc
2803 3401 2888 3449 est
2909 3408 3105 3448 munus
3128 3394 3467 3464 angelorum,

1864 3484 2176 3540 ministrare
2200 3484 2311 3539 Deo
2335 3484 2402 3540 ad
2433 3492 2676 3540 nostram
2703 3485 2956 3540 salutem.
2980 3486 3346 3553 Quamobrem
3371 3486 3475 3543 hoc

1863 3583 1949 3630 est
1983 3574 2158 3644 angeli
2192 3589 2330 3645 opus
2373 3575 2555 3630 omnia
2595 3574 2780 3631 facere
2830 3574 2897 3630 ad
2944 3575 3170 3631 fratrum
3201 3575 3471 3642 salutem;

1864 3665 1975 3721 imo
1998 3680 2133 3721 vero
2162 3673 2246 3721 est
2272 3680 2407 3737 opus
2451 3667 2624 3736 ipsius
2648 3666 2889 3722 Christi:
2926 3684 3049 3722 nam
3085 3668 3203 3738 ipse
3250 3668 3471 3739 quidem

1864 3757 1956 3813 dat
1978 3759 2208 3814 salutem
2242 3768 2300 3814 ut
2334 3760 2613 3823 Dominus,
2645 3761 2746 3831 ipsi
2770 3770 2953 3817 autem
2996 3771 3270 3832 tamquam
3300 3764 3469 3819 servi.

1864 3850 1937 3907 Et
1962 3866 2062 3906 nos
2092 3852 2303 3906 etiamsi
2337 3853 2503 3918 servi,
2536 3852 2632 3909 sed
2660 3853 2913 3909 conservi
2940 3854 3278 3925 angelorum.
3310 3854 3471 3922 Quid,

1866 3942 2057 4011 inquit,
2085 3942 2306 4014 angelos
2320 3942 2531 3999 hiantes
2551 3944 2866 4014 suspicitis?
2888 3945 3025 4000 Sunt
3046 3948 3189 4001 servi
3209 3945 3328 4001 Filii
3356 3946 3472 4013 Dei,

1864 4048 1919 4092 et
1943 4039 1992 4092 in
2017 4039 2179 4093 multa
2202 4039 2318 4093 loca
2347 4049 2570 4109 propter
2598 4054 2696 4094 nos
2725 4040 3033 4107 mittuntur,
3054 4052 3111 4097 et
3136 4041 3201 4097 ad
3229 4052 3475 4099 nostram

1865 4129 2172 4183 ministrant
2191 4129 2418 4184 salutem
2446 4146 2458 4183 :
2479 4131 2831 4200 quamobrem
2853 4142 2979 4187 sunt
3005 4134 3175 4188 nostri
3198 4136 3473 4191 conservi.

1866 4222 2113 4293 Cogitate
2155 4221 2428 4293 quomodo
2458 4238 2567 4277 non
2595 4222 2687 4277 dat
2715 4226 2980 4280 creaturis
3028 4240 3276 4297 magnam
3309 4225 3469 4283 dide--

1868 4314 2119 4368 rentiam.
2147 4313 2483 4384 Quamquam
2510 4317 2734 4371 multum
2767 4318 2990 4372 interest
3016 4317 3158 4373 inter
3181 4319 3400 4388 angelos
3420 4333 3477 4375 et

1872 4406 2143 4472 homines,
2170 4421 2264 4461 cos
2286 4415 2466 4463 tamen
2497 4423 2663 4478 prope
2685 4426 2783 4463 nos
2800 4409 3050 4465 deducit:
3079 4411 3472 4482 propemodum

1877 4510 2035 4566 nobis
2061 4508 2266 4572 dicens,
2299 4508 2529 4578 Propter
2559 4521 2659 4560 nos
2689 4506 2953 4572 laborant,
2978 4518 3198 4578 propter
3225 4523 3326 4562 nos
3350 4523 3477 4563 cur-

1878 4602 2063 4667 sitant,
2095 4609 2169 4665 et,
2216 4611 2273 4655 ut
2301 4600 2501 4655 dixerit
2547 4600 2838 4670 quispiam,
2867 4601 3025 4655 nobis
3056 4601 3318 4655 serviunt.
3362 4600 3479 4657 Hoc

1877 4705 1960 4749 est
1986 4707 2170 4747 eorum
2204 4691 2586 4757 ministerium,
2615 4701 2839 4761 propter
2865 4705 2965 4745 nos
3002 4691 3054 4745 in
3098 4707 3289 4748 omnes
3334 4694 3475 4748 mitti

1879 4792 2079 4855 partes.
2944 4846 2949 4851 .

1949 4878 2003 4932 '5.
2035 4876 2129 4931 llis
2157 4874 2421 4945 exemplis
2445 4874 2659 4944 plenum
2685 4884 2771 4929 est
2798 4874 2986 4941 Vetus,
3014 4875 3233 4945 plenum
3265 4885 3348 4930 est
3368 4876 3480 4930 Νο-

1878 4987 2005 5025 vum
2035 4970 2462 5025 Testamentum.
2504 4968 2638 5024 Nam
2687 4968 2903 5039 quando
2946 4969 3125 5039 angeli
3172 4970 3477 5039 pastoribus

1880 5063 2080 5118 bonum
2101 5061 2451 5124 annuntiant,
2480 5061 2694 5131 quando
2724 5058 2936 5125 Mariae,
2984 5061 3199 5131 quando
3238 5061 3436 5133 Joseph
3458 5106 3474 5130 ,

1877 5153 2093 5223 quando
2119 5152 2308 5208 sedent
2334 5152 2387 5205 in
2410 5161 2757 5207 monumento
2784 5194 2797 5217 ,
2825 5153 3040 5222 quando
3085 5154 3367 5209 mittuntur
3407 5155 3476 5210 ad

1876 5246 2163 5301 dicendum
2194 5244 2470 5312 discipulis
2491 5285 2505 5311 ,
2550 5242 2658 5297 Viri
2688 5242 2894 5299 Galilrei
2920 5244 3045 5315 quid
3089 5246 3237 5299 statis
3266 5287 3280 5310 ,
3326 5246 3475 5317 aspi-

1875 5339 2059 5391 cientes
2086 5338 2138 5391 in
2164 5335 2347 5391 caelum
2377 5334 2531 5407 (Act.
2564 5337 2615 5390 l.
2650 5337 2708 5391 ll
2733 5337 2751 5408 )
2778 5337 2799 5389 ?
2846 5337 3061 5406 quando
3108 5338 3323 5393 Petrum
3370 5340 3477 5395 sol-

1876 5438 2098 5485 vuutex
2148 5444 2407 5495 carcere,
2454 5428 2669 5498 quando
2718 5430 3068 5499 alloquuntur
3119 5430 3472 5501 Philippum:

1875 5521 2147 5591 quomodo
2191 5520 2346 5575 nobis
2394 5536 2499 5575 non
2550 5522 2829 5575 serviunt?
2879 5522 3066 5593 Cogita
3113 5532 3345 5593 quantus
3405 5526 3479 5581 sit

1876 5615 2068 5681 honor,
2104 5613 2321 5685 quando
2349 5614 2493 5670 Deus
2522 5614 2742 5685 angelos
2786 5615 2953 5668 mittit
2999 5615 3275 5671 ministros
3332 5624 3473 5671 tam-

1875 5722 2034 5778 quam
2066 5705 2133 5761 ad
2159 5706 2379 5771 amicos,
2408 5706 2621 5774 quando
2651 5706 2872 5774 angelus
2915 5714 3137 5775 apparet
3178 5706 3431 5763 Cornelio
3456 5748 3472 5773 ,

1878 5800 2092 5870 quando
2114 5814 2303 5855 omnes
2334 5797 2609 5869 apostolos
2639 5798 2786 5869 ejicit
2810 5815 2841 5853 e
2882 5814 3103 5854 carcere
3129 5842 3143 5864 ,
3191 5808 3246 5855 et
3292 5801 3421 5855 dicit
3454 5821 3468 5855 :

1882 5890 2072 5947 Euntcs
2097 5902 2255 5954 state,
2285 5900 2333 5946 tt
2355 5889 2618 5961 loquimini
2646 5893 2697 5945 in
2725 5890 2916 5962 templo
2945 5893 3134 5961 populo
3166 5893 3312 5947 verba
3358 5895 3470 5950 vita:
