  <div class='ocr_page' id='page_1' title='image "/cluster/home/n/w/nwhite01/storage/ocr_20150623/63/uva.x030486929/039.png"; bbox 0 0 4042 6410; ppageno 0'>
   <div class='ocr_carea' id='block_1_1' title="bbox 597 354 3855 426">
    <p class='ocr_par' dir='ltr' id='par_1_1' title="bbox 597 354 3855 426">
     <span class='ocr_line' id='line_1_1' title="bbox 597 354 3855 426; baseline -0.002 -7"><span class='ocrx_word' id='word_1_1' title='bbox 597 355 662 419; x_wconf 74' lang='grc' dir='ltr'><strong>δι</strong></span> <span class='ocrx_word' id='word_1_2' title='bbox 1330 365 1384 422; x_wconf 86' lang='lat' dir='ltr'><strong>S.</strong></span> <span class='ocrx_word' id='word_1_3' title='bbox 1420 357 1699 418; x_wconf 77' lang='lat' dir='ltr'><strong>JOANNIS</strong></span> <span class='ocrx_word' id='word_1_4' title='bbox 1733 356 2209 416; x_wconf 73' lang='lat' dir='ltr'><strong>CllRYSOSTOMl</strong></span> <span class='ocrx_word' id='word_1_5' title='bbox 2244 355 2557 413; x_wconf 72' lang='lat' dir='ltr'><strong>ARClllEP.</strong></span> <span class='ocrx_word' id='word_1_6' title='bbox 2602 354 3137 416; x_wconf 75' lang='lat' dir='ltr'><strong>CONS&#39;I&#39;ANTINOP.</strong></span> <span class='ocrx_word' id='word_1_7' title='bbox 3779 367 3855 426; x_wconf 61' lang='grc' dir='ltr'><strong>δε</strong></span> 
     </span>
    </p>
   </div>
   <div class='ocr_carea' id='block_1_2' title="bbox 597 473 2160 553">
    <p class='ocr_par' dir='ltr' id='par_1_2' title="bbox 597 473 2160 553">
     <span class='ocr_line' id='line_1_2' title="bbox 597 473 2160 553; baseline -0.003 -18"><span class='ocrx_word' id='word_1_8' title='bbox 597 480 772 553; x_wconf 67' lang='lat' dir='ltr'><strong>hujus.</strong></span> <span class='ocrx_word' id='word_1_9' title='bbox 801 476 939 549; x_wconf 86' lang='lat' dir='ltr'><strong>Quid</strong></span> <span class='ocrx_word' id='word_1_10' title='bbox 965 477 1067 534; x_wconf 91' lang='lat' dir='ltr'><strong>alia</strong></span> <span class='ocrx_word' id='word_1_11' title='bbox 1091 476 1305 533; x_wconf 77' lang='lat' dir='ltr'><strong>dicam?</strong></span> <span class='ocrx_word' id='word_1_12' title='bbox 1331 474 1497 531; x_wconf 90' lang='lat' dir='ltr'><strong>Paulo</strong></span> <span class='ocrx_word' id='word_1_13' title='bbox 1541 488 1753 545; x_wconf 89' lang='lat' dir='ltr'><strong>quoque</strong></span> <span class='ocrx_word' id='word_1_14' title='bbox 1792 473 1892 546; x_wconf 85' lang='lat' dir='ltr'><strong>ipsi</strong></span> <span class='ocrx_word' id='word_1_15' title='bbox 1938 485 2160 546; x_wconf 87' lang='lat' dir='ltr'><strong>apparet</strong></span> 
     </span>
    </p>
   </div>
   <div class='ocr_carea' id='block_1_3' title="bbox 588 554 2154 642">
    <p class='ocr_par' dir='ltr' id='par_1_3' title="bbox 588 554 2154 642">
     <span class='ocr_line' id='line_1_3' title="bbox 588 554 2154 642; baseline -0.003 -15"><span class='ocrx_word' id='word_1_16' title='bbox 588 571 831 642; x_wconf 89' lang='lat' dir='ltr'><strong>angelus.</strong></span> <span class='ocrx_word' id='word_1_17' title='bbox 858 570 1019 626; x_wconf 81' lang='lat' dir='ltr'><strong>Vides</strong></span> <span class='ocrx_word' id='word_1_18' title='bbox 1045 554 1189 639; x_wconf 74' lang='lat' dir='ltr'><strong>ipsos</strong></span> <span class='ocrx_word' id='word_1_19' title='bbox 1212 576 1431 638; x_wconf 75' lang='lat' dir='ltr'><strong>propter</strong></span> <span class='ocrx_word' id='word_1_20' title='bbox 1458 565 1623 621; x_wconf 90' lang='lat' dir='ltr'><strong>Deum</strong></span> <span class='ocrx_word' id='word_1_21' title='bbox 1648 565 1801 621; x_wconf 88' lang='lat' dir='ltr'><strong>nobis</strong></span> <span class='ocrx_word' id='word_1_22' title='bbox 1830 564 2154 634; x_wconf 88' lang='lat' dir='ltr'><strong>ministrare,</strong></span> 
     </span>
    </p>
   </div>
   <div class='ocr_carea' id='block_1_4' title="bbox 590 656 2159 727">
    <p class='ocr_par' dir='ltr' id='par_1_4' title="bbox 590 656 2159 727">
     <span class='ocr_line' id='line_1_4' title="bbox 590 656 2159 727; baseline -0.004 -9"><span class='ocrx_word' id='word_1_23' title='bbox 590 674 646 718; x_wconf 94' lang='lat' dir='ltr'><strong>et</strong></span> <span class='ocrx_word' id='word_1_24' title='bbox 673 662 977 718; x_wconf 85' lang='lat' dir='ltr'><strong>ministrare</strong></span> <span class='ocrx_word' id='word_1_25' title='bbox 1003 662 1053 715; x_wconf 92' lang='lat' dir='ltr'><strong>in</strong></span> <span class='ocrx_word' id='word_1_26' title='bbox 1081 659 1239 715; x_wconf 93' lang='lat' dir='ltr'><strong>rebus</strong></span> <span class='ocrx_word' id='word_1_27' title='bbox 1264 657 1511 713; x_wconf 77' lang='lat' dir='ltr'><strong>maximis</strong></span> <span class='ocrx_word' id='word_1_28' title='bbox 1529 657 1554 710; x_wconf 79' lang='lat'><strong>?</strong></span> <span class='ocrx_word' id='word_1_29' title='bbox 1574 656 1856 727; x_wconf 77' lang='lat' dir='ltr'><strong>Propterea</strong></span> <span class='ocrx_word' id='word_1_30' title='bbox 1879 656 2009 711; x_wconf 92' lang='lat' dir='ltr'><strong>dicit</strong></span> <span class='ocrx_word' id='word_1_31' title='bbox 2030 657 2159 712; x_wconf 81' lang='lat' dir='ltr'><strong>Pau-</strong></span> 
     </span>
    </p>
   </div>
   <div class='ocr_carea' id='block_1_5' title="bbox 592 748 2157 821">
    <p class='ocr_par' dir='ltr' id='par_1_5' title="bbox 592 748 2157 821">
     <span class='ocr_line' id='line_1_5' title="bbox 592 748 2157 821; baseline -0.005 -11"><span class='ocrx_word' id='word_1_32' title='bbox 592 754 697 821; x_wconf 92' lang='lat' dir='ltr'><strong>lus,</strong></span> <span class='ocrx_word' id='word_1_33' title='bbox 728 754 911 809; x_wconf 80' lang='lat' dir='ltr'><strong><em>Omnia</em></strong></span> <span class='ocrx_word' id='word_1_34' title='bbox 938 762 1056 806; x_wconf 87' lang='lat' dir='ltr'><strong>sunt</strong></span> <span class='ocrx_word' id='word_1_35' title='bbox 1080 760 1265 817; x_wconf 75' lang='lat' dir='ltr'><strong>uestra,</strong></span> <span class='ocrx_word' id='word_1_36' title='bbox 1290 750 1391 804; x_wconf 81' lang='lat' dir='ltr'><strong>sire</strong></span> <span class='ocrx_word' id='word_1_37' title='bbox 1420 748 1541 815; x_wconf 72' lang='lat' dir='ltr'><strong>vita,</strong></span> <span class='ocrx_word' id='word_1_38' title='bbox 1566 748 1670 802; x_wconf 70' lang='lat' dir='ltr'><strong>sive</strong></span> <span class='ocrx_word' id='word_1_39' title='bbox 1693 763 1848 812; x_wconf 86' lang='lat' dir='ltr'><strong>mors,</strong></span> <span class='ocrx_word' id='word_1_40' title='bbox 1881 748 1983 801; x_wconf 76' lang='lat' dir='ltr'><strong>sive</strong></span> <span class='ocrx_word' id='word_1_41' title='bbox 2010 764 2157 803; x_wconf 85' lang='lat' dir='ltr'><strong>mun-</strong></span> 
     </span>
    </p>
   </div>
   <div class='ocr_carea' id='block_1_6' title="bbox 589 837 2155 912">
    <p class='ocr_par' dir='ltr' id='par_1_6' title="bbox 589 837 2155 912">
     <span class='ocr_line' id='line_1_6' title="bbox 589 837 2155 912; baseline -0.004 -14"><span class='ocrx_word' id='word_1_42' title='bbox 589 844 712 909; x_wconf 87' lang='lat' dir='ltr'><strong>dus,</strong></span> <span class='ocrx_word' id='word_1_43' title='bbox 742 844 846 898; x_wconf 76' lang='lat' dir='ltr'><strong>sive</strong></span> <span class='ocrx_word' id='word_1_44' title='bbox 872 841 1159 912; x_wconf 66' lang='lat' dir='ltr'><strong>prementia,</strong></span> <span class='ocrx_word' id='word_1_45' title='bbox 1190 844 1292 894; x_wconf 79' lang='lat' dir='ltr'><strong>siue</strong></span> <span class='ocrx_word' id='word_1_46' title='bbox 1339 838 1531 907; x_wconf 77' lang='lat' dir='ltr'><strong>futura.</strong></span> <span class='ocrx_word' id='word_1_47' title='bbox 1579 837 1769 893; x_wconf 75' lang='lat' dir='ltr'><strong>Missus</strong></span> <span class='ocrx_word' id='word_1_48' title='bbox 1816 852 2029 909; x_wconf 89' lang='lat' dir='ltr'><strong>quoque</strong></span> <span class='ocrx_word' id='word_1_49' title='bbox 2072 846 2155 893; x_wconf 91' lang='lat' dir='ltr'><strong>est</strong></span> 
     </span>
    </p>
   </div>
   <div class='ocr_carea' id='block_1_7' title="bbox 589 928 2151 999">
    <p class='ocr_par' dir='ltr' id='par_1_7' title="bbox 589 928 2151 999">
     <span class='ocr_line' id='line_1_7' title="bbox 589 928 2151 999; baseline -0.003 -11"><span class='ocrx_word' id='word_1_50' title='bbox 589 933 775 997; x_wconf 83' lang='lat' dir='ltr'><strong>Filius,</strong></span> <span class='ocrx_word' id='word_1_51' title='bbox 803 931 896 987; x_wconf 86' lang='lat' dir='ltr'><strong>sed</strong></span> <span class='ocrx_word' id='word_1_52' title='bbox 925 946 1031 986; x_wconf 92' lang='lat' dir='ltr'><strong>non</strong></span> <span class='ocrx_word' id='word_1_53' title='bbox 1052 931 1191 986; x_wconf 87' lang='lat' dir='ltr'><strong>sicut</strong></span> <span class='ocrx_word' id='word_1_54' title='bbox 1229 928 1471 983; x_wconf 79' lang='lat' dir='ltr'><strong>minister</strong></span> <span class='ocrx_word' id='word_1_55' title='bbox 1491 966 1510 995; x_wconf 91' lang='lat'><strong>,</strong></span> <span class='ocrx_word' id='word_1_56' title='bbox 1536 941 1710 999; x_wconf 86' lang='lat' dir='ltr'><strong>neque</strong></span> <span class='ocrx_word' id='word_1_57' title='bbox 1754 935 2020 997; x_wconf 78' lang='lat' dir='ltr'><strong>tamquam</strong></span> <span class='ocrx_word' id='word_1_58' title='bbox 2064 930 2151 999; x_wconf 88' lang='lat' dir='ltr'><strong>qui</strong></span> 
     </span>
    </p>
   </div>
   <div class='ocr_carea' id='block_1_8' title="bbox 586 1018 2153 1095">
    <p class='ocr_par' dir='ltr' id='par_1_8' title="bbox 586 1018 2153 1095">
     <span class='ocr_line' id='line_1_8' title="bbox 586 1018 2153 1095; baseline -0.002 -16"><span class='ocrx_word' id='word_1_59' title='bbox 586 1026 764 1095; x_wconf 89' lang='lat' dir='ltr'><strong>aliquo</strong></span> <span class='ocrx_word' id='word_1_60' title='bbox 810 1022 1119 1093; x_wconf 84' lang='lat' dir='ltr'><strong>fungeretur</strong></span> <span class='ocrx_word' id='word_1_61' title='bbox 1161 1035 1421 1086; x_wconf 89' lang='lat' dir='ltr'><strong>munere,</strong></span> <span class='ocrx_word' id='word_1_62' title='bbox 1469 1018 1564 1075; x_wconf 88' lang='lat' dir='ltr'><strong>sed</strong></span> <span class='ocrx_word' id='word_1_63' title='bbox 1613 1028 1879 1089; x_wconf 78' lang='lat' dir='ltr'><strong>tamquam</strong></span> <span class='ocrx_word' id='word_1_64' title='bbox 1903 1019 2072 1077; x_wconf 83' lang='lat' dir='ltr'><strong>Filius</strong></span> <span class='ocrx_word' id='word_1_65' title='bbox 2097 1031 2153 1078; x_wconf 89' lang='lat' dir='ltr'><strong>et</strong></span> 
     </span>
    </p>
   </div>
   <div class='ocr_carea' id='block_1_9' title="bbox 586 1108 2151 1184">
    <p class='ocr_par' dir='ltr' id='par_1_9' title="bbox 586 1108 2151 1184">
     <span class='ocr_line' id='line_1_9' title="bbox 586 1108 2151 1184; baseline -0.001 -15"><span class='ocrx_word' id='word_1_66' title='bbox 586 1113 891 1184; x_wconf 89' lang='lat' dir='ltr'><strong>unigenitus</strong></span> <span class='ocrx_word' id='word_1_67' title='bbox 910 1153 926 1179; x_wconf 88' lang='lat'><strong>,</strong></span> <span class='ocrx_word' id='word_1_68' title='bbox 956 1121 1013 1169; x_wconf 90' lang='lat' dir='ltr'><strong>et</strong></span> <span class='ocrx_word' id='word_1_69' title='bbox 1038 1112 1126 1184; x_wconf 91' lang='lat' dir='ltr'><strong>qui</strong></span> <span class='ocrx_word' id='word_1_70' title='bbox 1155 1111 1341 1168; x_wconf 83' lang='lat' dir='ltr'><strong>eadem</strong></span> <span class='ocrx_word' id='word_1_71' title='bbox 1372 1110 1490 1165; x_wconf 92' lang='lat' dir='ltr'><strong>vult</strong></span> <span class='ocrx_word' id='word_1_72' title='bbox 1514 1124 1632 1181; x_wconf 70' lang='lat' dir='ltr'><strong>qua</strong></span> <span class='ocrx_word' id='word_1_73' title='bbox 1657 1108 1836 1166; x_wconf 89' lang='lat' dir='ltr'><strong>Pater.</strong></span> <span class='ocrx_word' id='word_1_74' title='bbox 1869 1109 1982 1167; x_wconf 89' lang='lat' dir='ltr'><strong>lmo</strong></span> <span class='ocrx_word' id='word_1_75' title='bbox 2020 1127 2151 1168; x_wconf 88' lang='lat' dir='ltr'><strong>vero</strong></span> 
     </span>
    </p>
   </div>
   <div class='ocr_carea' id='block_1_10' title="bbox 586 1201 2148 1275">
    <p class='ocr_par' dir='ltr' id='par_1_10' title="bbox 586 1201 2148 1275">
     <span class='ocr_line' id='line_1_10' title="bbox 586 1201 2148 1275; baseline 0.001 -16"><span class='ocrx_word' id='word_1_76' title='bbox 586 1218 654 1259; x_wconf 92' lang='lat' dir='ltr'><strong>ne</strong></span> <span class='ocrx_word' id='word_1_77' title='bbox 678 1203 776 1259; x_wconf 91' lang='lat' dir='ltr'><strong>fuit</strong></span> <span class='ocrx_word' id='word_1_78' title='bbox 800 1202 1014 1275; x_wconf 88' lang='lat' dir='ltr'><strong>quidem</strong></span> <span class='ocrx_word' id='word_1_79' title='bbox 1052 1204 1287 1258; x_wconf 85' lang='lat' dir='ltr'><strong>missus:</strong></span> <span class='ocrx_word' id='word_1_80' title='bbox 1318 1215 1423 1257; x_wconf 91' lang='lat' dir='ltr'><strong>non</strong></span> <span class='ocrx_word' id='word_1_81' title='bbox 1453 1201 1593 1257; x_wconf 92' lang='lat' dir='ltr'><strong>enim</strong></span> <span class='ocrx_word' id='word_1_82' title='bbox 1637 1216 1669 1255; x_wconf 95' lang='lat' dir='ltr'><strong>a</strong></span> <span class='ocrx_word' id='word_1_83' title='bbox 1713 1201 1832 1258; x_wconf 91' lang='lat' dir='ltr'><strong>loco</strong></span> <span class='ocrx_word' id='word_1_84' title='bbox 1876 1202 1930 1258; x_wconf 90' lang='lat' dir='ltr'><strong>in</strong></span> <span class='ocrx_word' id='word_1_85' title='bbox 1973 1204 2148 1260; x_wconf 90' lang='lat' dir='ltr'><strong>locum</strong></span> 
     </span>
    </p>
   </div>
   <div class='ocr_carea' id='block_1_11' title="bbox 585 1290 2148 1362">
    <p class='ocr_par' dir='ltr' id='par_1_11' title="bbox 585 1290 2148 1362">
     <span class='ocr_line' id='line_1_11' title="bbox 585 1290 2148 1362; baseline 0.001 -12"><span class='ocrx_word' id='word_1_86' title='bbox 585 1294 814 1361; x_wconf 91' lang='lat' dir='ltr'><strong>transiit,</strong></span> <span class='ocrx_word' id='word_1_87' title='bbox 842 1294 938 1350; x_wconf 90' lang='lat' dir='ltr'><strong>sed</strong></span> <span class='ocrx_word' id='word_1_88' title='bbox 967 1307 1179 1349; x_wconf 89' lang='lat' dir='ltr'><strong>carnem</strong></span> <span class='ocrx_word' id='word_1_89' title='bbox 1208 1292 1481 1362; x_wconf 84' lang='lat' dir='ltr'><strong>suscepit;</strong></span> <span class='ocrx_word' id='word_1_90' title='bbox 1510 1290 1683 1362; x_wconf 84' lang='lat' dir='ltr'><strong>angeli</strong></span> <span class='ocrx_word' id='word_1_91' title='bbox 1713 1307 1841 1350; x_wconf 89' lang='lat' dir='ltr'><strong>vero</strong></span> <span class='ocrx_word' id='word_1_92' title='bbox 1866 1293 1982 1350; x_wconf 92' lang='lat' dir='ltr'><strong>loca</strong></span> <span class='ocrx_word' id='word_1_93' title='bbox 2025 1311 2148 1353; x_wconf 86' lang='lat' dir='ltr'><strong>mu-</strong></span> 
     </span>
    </p>
   </div>
   <div class='ocr_carea' id='block_1_12' title="bbox 582 1381 2147 1455">
    <p class='ocr_par' dir='ltr' id='par_1_12' title="bbox 582 1381 2147 1455">
     <span class='ocr_line' id='line_1_12' title="bbox 582 1381 2147 1455; baseline 0.001 -15"><span class='ocrx_word' id='word_1_94' title='bbox 582 1393 717 1450; x_wconf 88' lang='lat' dir='ltr'><strong>tant,</strong></span> <span class='ocrx_word' id='word_1_95' title='bbox 747 1393 802 1440; x_wconf 93' lang='lat' dir='ltr'><strong>et</strong></span> <span class='ocrx_word' id='word_1_96' title='bbox 829 1382 1090 1455; x_wconf 88' lang='lat' dir='ltr'><strong>prioribus</strong></span> <span class='ocrx_word' id='word_1_97' title='bbox 1114 1382 1169 1437; x_wconf 92' lang='lat' dir='ltr'><strong>in</strong></span> <span class='ocrx_word' id='word_1_98' title='bbox 1191 1381 1383 1453; x_wconf 86' lang='lat' dir='ltr'><strong>quibus</strong></span> <span class='ocrx_word' id='word_1_99' title='bbox 1432 1390 1557 1437; x_wconf 87' lang='lat' dir='ltr'><strong>sunt</strong></span> <span class='ocrx_word' id='word_1_100' title='bbox 1605 1381 1877 1451; x_wconf 86' lang='lat' dir='ltr'><strong>dimissis,</strong></span> <span class='ocrx_word' id='word_1_101' title='bbox 1930 1384 1996 1441; x_wconf 88' lang='lat' dir='ltr'><strong>ad</strong></span> <span class='ocrx_word' id='word_1_102' title='bbox 2043 1387 2147 1443; x_wconf 88' lang='lat' dir='ltr'><strong>alia</strong></span> 
     </span>
    </p>
   </div>
   <div class='ocr_carea' id='block_1_13' title="bbox 580 1471 2147 1547">
    <p class='ocr_par' dir='ltr' id='par_1_13' title="bbox 580 1471 2147 1547">
     <span class='ocr_line' id='line_1_13' title="bbox 580 1471 2147 1547; baseline 0.002 -16"><span class='ocrx_word' id='word_1_103' title='bbox 580 1475 833 1543; x_wconf 85' lang='lat' dir='ltr'><strong>veniunt,</strong></span> <span class='ocrx_word' id='word_1_104' title='bbox 861 1474 915 1530; x_wconf 91' lang='lat' dir='ltr'><strong>in</strong></span> <span class='ocrx_word' id='word_1_105' title='bbox 942 1472 1133 1545; x_wconf 84' lang='lat' dir='ltr'><strong>quibus</strong></span> <span class='ocrx_word' id='word_1_106' title='bbox 1157 1486 1265 1528; x_wconf 87' lang='lat' dir='ltr'><strong>non</strong></span> <span class='ocrx_word' id='word_1_107' title='bbox 1289 1480 1460 1527; x_wconf 87' lang='lat' dir='ltr'><strong>erant.</strong></span> <span class='ocrx_word' id='word_1_108' title='bbox 1492 1471 1610 1527; x_wconf 74' lang='lat' dir='ltr'><strong>iam</strong></span> <span class='ocrx_word' id='word_1_109' title='bbox 1639 1486 1768 1529; x_wconf 90' lang='lat' dir='ltr'><strong>vero</strong></span> <span class='ocrx_word' id='word_1_110' title='bbox 1794 1472 1897 1529; x_wconf 86' lang='lat' dir='ltr'><strong>hoc</strong></span> <span class='ocrx_word' id='word_1_111' title='bbox 1936 1489 2147 1547; x_wconf 91' lang='lat' dir='ltr'><strong>quoque</strong></span> 
     </span>
    </p>
   </div>
   <div class='ocr_carea' id='block_1_14' title="bbox 576 1572 2146 1643">
    <p class='ocr_par' dir='ltr' id='par_1_14' title="bbox 576 1572 2146 1643">
     <span class='ocr_line' id='line_1_14' title="bbox 576 1572 2146 1643; baseline 0 -14"><span class='ocrx_word' id='word_1_112' title='bbox 576 1573 660 1629; x_wconf 88' lang='lat' dir='ltr'><strong>eis</strong></span> <span class='ocrx_word' id='word_1_113' title='bbox 684 1572 831 1629; x_wconf 89' lang='lat' dir='ltr'><strong>addit</strong></span> <span class='ocrx_word' id='word_1_114' title='bbox 852 1572 1085 1629; x_wconf 80' lang='lat' dir='ltr'><strong>animum</strong></span> <span class='ocrx_word' id='word_1_115' title='bbox 1105 1572 1288 1629; x_wconf 89' lang='lat' dir='ltr'><strong>dicens</strong></span> <span class='ocrx_word' id='word_1_116' title='bbox 1319 1589 1333 1627; x_wconf 91' lang='lat'><strong>:</strong></span> <span class='ocrx_word' id='word_1_117' title='bbox 1356 1572 1495 1639; x_wconf 90' lang='lat' dir='ltr'><strong>Quid</strong></span> <span class='ocrx_word' id='word_1_118' title='bbox 1524 1573 1767 1629; x_wconf 69' lang='lat' dir='ltr'><strong>timetis?</strong></span> <span class='ocrx_word' id='word_1_119' title='bbox 1792 1572 1967 1643; x_wconf 86' lang='lat' dir='ltr'><strong>angeli</strong></span> <span class='ocrx_word' id='word_1_120' title='bbox 1993 1574 2146 1630; x_wconf 89' lang='lat' dir='ltr'><strong>nobis</strong></span> 
     </span>
    </p>
   </div>
   <div class='ocr_carea' id='block_1_15' title="bbox 579 1663 2144 1736">
    <p class='ocr_par' dir='ltr' id='par_1_15' title="bbox 579 1663 2144 1736">
     <span class='ocr_line' id='line_1_15' title="bbox 579 1663 2144 1736; baseline 0 -15"><span class='ocrx_word' id='word_1_121' title='bbox 579 1664 902 1721; x_wconf 83' lang='lat' dir='ltr'><strong>ministrant.</strong></span> <span class='ocrx_word' id='word_1_122' title='bbox 933 1664 1002 1720; x_wconf 78' lang='lat' dir='ltr'><strong>Et</strong></span> <span class='ocrx_word' id='word_1_123' title='bbox 1026 1680 1149 1721; x_wconf 86' lang='lat' dir='ltr'><strong>cum</strong></span> <span class='ocrx_word' id='word_1_124' title='bbox 1178 1664 1400 1721; x_wconf 80' lang='lat' dir='ltr'><strong>dixisset</strong></span> <span class='ocrx_word' id='word_1_125' title='bbox 1420 1663 1487 1720; x_wconf 86' lang='lat' dir='ltr'><strong>de</strong></span> <span class='ocrx_word' id='word_1_126' title='bbox 1510 1664 1679 1731; x_wconf 80' lang='lat' dir='ltr'><strong>Filio,</strong></span> <span class='ocrx_word' id='word_1_127' title='bbox 1726 1672 1783 1720; x_wconf 85' lang='lat' dir='ltr'><strong>et</strong></span> <span class='ocrx_word' id='word_1_128' title='bbox 1828 1679 1946 1735; x_wconf 70' lang='lat' dir='ltr'><strong>qua;</strong></span> <span class='ocrx_word' id='word_1_129' title='bbox 1976 1664 2144 1736; x_wconf 70' lang='lat' dir='ltr'><strong>peni-</strong></span> 
     </span>
    </p>
   </div>
   <div class='ocr_carea' id='block_1_16' title="bbox 578 1754 2146 1828">
    <p class='ocr_par' dir='ltr' id='par_1_16' title="bbox 578 1754 2146 1828">
     <span class='ocr_line' id='line_1_16' title="bbox 578 1754 2146 1828; baseline 0.001 -17"><span class='ocrx_word' id='word_1_130' title='bbox 578 1762 710 1811; x_wconf 78' lang='lat' dir='ltr'><strong>aent</strong></span> <span class='ocrx_word' id='word_1_131' title='bbox 734 1754 799 1811; x_wconf 91' lang='lat' dir='ltr'><strong>ad</strong></span> <span class='ocrx_word' id='word_1_132' title='bbox 829 1754 1275 1827; x_wconf 78' lang='lat' dir='ltr'><strong>dispensationem</strong></span> <span class='ocrx_word' id='word_1_133' title='bbox 1294 1795 1313 1825; x_wconf 89' lang='lat'><strong>,</strong></span> <span class='ocrx_word' id='word_1_134' title='bbox 1343 1770 1463 1827; x_wconf 67' lang='lat' dir='ltr'><strong>qua</strong></span> <span class='ocrx_word' id='word_1_135' title='bbox 1484 1755 1554 1812; x_wconf 88' lang='lat' dir='ltr'><strong>ad</strong></span> <span class='ocrx_word' id='word_1_136' title='bbox 1582 1755 1905 1812; x_wconf 83' lang='lat' dir='ltr'><strong>creationem</strong></span> <span class='ocrx_word' id='word_1_137' title='bbox 1934 1764 1991 1813; x_wconf 86' lang='lat' dir='ltr'><strong>et</strong></span> <span class='ocrx_word' id='word_1_138' title='bbox 2026 1772 2146 1828; x_wconf 68' lang='lat' dir='ltr'><strong>quas</strong></span> 
     </span>
    </p>
   </div>
   <div class='ocr_carea' id='block_1_17' title="bbox 578 1844 2145 1920">
    <p class='ocr_par' dir='ltr' id='par_1_17' title="bbox 578 1844 2145 1920">
     <span class='ocr_line' id='line_1_17' title="bbox 578 1844 2145 1920; baseline 0.003 -20"><span class='ocrx_word' id='word_1_139' title='bbox 578 1844 648 1902; x_wconf 91' lang='lat' dir='ltr'><strong>ad</strong></span> <span class='ocrx_word' id='word_1_140' title='bbox 675 1860 895 1919; x_wconf 88' lang='lat' dir='ltr'><strong>regnum</strong></span> <span class='ocrx_word' id='word_1_141' title='bbox 920 1855 974 1904; x_wconf 91' lang='lat' dir='ltr'><strong>et</strong></span> <span class='ocrx_word' id='word_1_142' title='bbox 1001 1846 1324 1905; x_wconf 87' lang='lat' dir='ltr'><strong>ostendisset</strong></span> <span class='ocrx_word' id='word_1_143' title='bbox 1346 1862 1469 1904; x_wconf 88' lang='lat' dir='ltr'><strong>eum</strong></span> <span class='ocrx_word' id='word_1_144' title='bbox 1496 1861 1618 1905; x_wconf 85' lang='lat' dir='ltr'><strong>esse</strong></span> <span class='ocrx_word' id='word_1_145' title='bbox 1640 1848 1693 1903; x_wconf 85' lang='lat' dir='ltr'><strong>in</strong></span> <span class='ocrx_word' id='word_1_146' title='bbox 1716 1849 1904 1905; x_wconf 89' lang='lat' dir='ltr'><strong>eodem</strong></span> <span class='ocrx_word' id='word_1_147' title='bbox 1920 1847 2145 1920; x_wconf 82' lang='lat' dir='ltr'><strong>honore,</strong></span> 
     </span>
    </p>
   </div>
   <div class='ocr_carea' id='block_1_18' title="bbox 580 1938 2146 2010">
    <p class='ocr_par' dir='ltr' id='par_1_18' title="bbox 580 1938 2146 2010">
     <span class='ocr_line' id='line_1_18' title="bbox 580 1938 2146 2010; baseline 0.001 -16"><span class='ocrx_word' id='word_1_148' title='bbox 580 1946 636 1994; x_wconf 86' lang='lat' dir='ltr'><strong>et</strong></span> <span class='ocrx_word' id='word_1_149' title='bbox 660 1938 803 2010; x_wconf 88' lang='lat' dir='ltr'><strong>quod</strong></span> <span class='ocrx_word' id='word_1_150' title='bbox 828 1950 1093 2010; x_wconf 86' lang='lat' dir='ltr'><strong>tamquam</strong></span> <span class='ocrx_word' id='word_1_151' title='bbox 1118 1938 1373 1995; x_wconf 87' lang='lat' dir='ltr'><strong>Dominus</strong></span> <span class='ocrx_word' id='word_1_152' title='bbox 1400 1938 1728 1995; x_wconf 84' lang='lat' dir='ltr'><strong>dominatum</strong></span> <span class='ocrx_word' id='word_1_153' title='bbox 1755 1939 1991 2005; x_wconf 89' lang='lat' dir='ltr'><strong>obtinet,</strong></span> <span class='ocrx_word' id='word_1_154' title='bbox 2038 1955 2146 1996; x_wconf 90' lang='lat' dir='ltr'><strong>non</strong></span> 
     </span>
    </p>
   </div>
   <div class='ocr_carea' id='block_1_19' title="bbox 580 2027 2146 2099">
    <p class='ocr_par' dir='ltr' id='par_1_19' title="bbox 580 2027 2146 2099">
     <span class='ocr_line' id='line_1_19' title="bbox 580 2027 2146 2099; baseline 0.001 -15"><span class='ocrx_word' id='word_1_155' title='bbox 580 2028 635 2084; x_wconf 86' lang='lat' dir='ltr'><strong>in</strong></span> <span class='ocrx_word' id='word_1_156' title='bbox 664 2028 809 2085; x_wconf 90' lang='lat' dir='ltr'><strong>solos</strong></span> <span class='ocrx_word' id='word_1_157' title='bbox 836 2027 1101 2095; x_wconf 86' lang='lat' dir='ltr'><strong>homines,</strong></span> <span class='ocrx_word' id='word_1_158' title='bbox 1131 2028 1225 2085; x_wconf 87' lang='lat' dir='ltr'><strong>scd</strong></span> <span class='ocrx_word' id='word_1_159' title='bbox 1249 2030 1408 2084; x_wconf 91' lang='lat' dir='ltr'><strong>etiam</strong></span> <span class='ocrx_word' id='word_1_160' title='bbox 1439 2028 1493 2083; x_wconf 91' lang='lat' dir='ltr'><strong>in</strong></span> <span class='ocrx_word' id='word_1_161' title='bbox 1518 2042 1777 2099; x_wconf 88' lang='lat' dir='ltr'><strong>supernas</strong></span> <span class='ocrx_word' id='word_1_162' title='bbox 1816 2038 2105 2099; x_wconf 79' lang='lat' dir='ltr'><strong>potestates</strong></span> <span class='ocrx_word' id='word_1_163' title='bbox 2127 2072 2146 2099; x_wconf 92' lang='lat'><strong>,</strong></span> 
     </span>
    </p>
   </div>
   <div class='ocr_carea' id='block_1_20' title="bbox 582 2120 2147 2192">
    <p class='ocr_par' dir='ltr' id='par_1_20' title="bbox 582 2120 2147 2192">
     <span class='ocr_line' id='line_1_20' title="bbox 582 2120 2147 2192; baseline 0.002 -18"><span class='ocrx_word' id='word_1_164' title='bbox 582 2134 676 2174; x_wconf 88' lang='lat' dir='ltr'><strong>eos</strong></span> <span class='ocrx_word' id='word_1_165' title='bbox 696 2120 804 2189; x_wconf 86' lang='lat' dir='ltr'><strong>jam</strong></span> <span class='ocrx_word' id='word_1_166' title='bbox 834 2121 1167 2185; x_wconf 78' lang='lat' dir='ltr'><strong>exhortatur,</strong></span> <span class='ocrx_word' id='word_1_167' title='bbox 1199 2120 1270 2175; x_wconf 89' lang='lat' dir='ltr'><strong>ita</strong></span> <span class='ocrx_word' id='word_1_168' title='bbox 1298 2120 1537 2176; x_wconf 86' lang='lat' dir='ltr'><strong>instituta</strong></span> <span class='ocrx_word' id='word_1_169' title='bbox 1568 2120 1812 2177; x_wconf 87' lang='lat' dir='ltr'><strong>oratione</strong></span> <span class='ocrx_word' id='word_1_170' title='bbox 1833 2162 1852 2189; x_wconf 92' lang='lat'><strong>,</strong></span> <span class='ocrx_word' id='word_1_171' title='bbox 1877 2120 2021 2192; x_wconf 88' lang='lat' dir='ltr'><strong>quod</strong></span> <span class='ocrx_word' id='word_1_172' title='bbox 2050 2135 2147 2177; x_wconf 92' lang='lat' dir='ltr'><strong>nos</strong></span> 
     </span>
    </p>
   </div>
   <div class='ocr_carea' id='block_1_21' title="bbox 578 2208 2146 2281">
    <p class='ocr_par' dir='ltr' id='par_1_21' title="bbox 578 2208 2146 2281">
     <span class='ocr_line' id='line_1_21' title="bbox 578 2208 2146 2281; baseline 0.001 -18"><span class='ocrx_word' id='word_1_173' title='bbox 578 2217 825 2279; x_wconf 92' lang='lat' dir='ltr'><strong>oporteat</strong></span> <span class='ocrx_word' id='word_1_174' title='bbox 843 2208 1076 2265; x_wconf 89' lang='lat' dir='ltr'><strong>animum</strong></span> <span class='ocrx_word' id='word_1_175' title='bbox 1102 2210 1356 2266; x_wconf 87' lang='lat' dir='ltr'><strong>adhibere</strong></span> <span class='ocrx_word' id='word_1_176' title='bbox 1382 2210 1447 2266; x_wconf 88' lang='lat' dir='ltr'><strong>iis</strong></span> <span class='ocrx_word' id='word_1_177' title='bbox 1473 2226 1594 2281; x_wconf 71' lang='lat' dir='ltr'><strong>qua:</strong></span> <span class='ocrx_word' id='word_1_178' title='bbox 1621 2221 1744 2265; x_wconf 91' lang='lat' dir='ltr'><strong>sunt</strong></span> <span class='ocrx_word' id='word_1_179' title='bbox 1767 2210 1967 2266; x_wconf 90' lang='lat' dir='ltr'><strong>audita.</strong></span> <span class='ocrx_word' id='word_1_180' title='bbox 1992 2209 2146 2280; x_wconf 85' lang='lat' dir='ltr'><strong>(Cap.</strong></span> 
     </span>
    </p>
   </div>
   <div class='ocr_carea' id='block_1_22' title="bbox 579 2296 2149 2369">
    <p class='ocr_par' dir='ltr' id='par_1_22' title="bbox 579 2296 2149 2369">
     <span class='ocr_line' id='line_1_22' title="bbox 579 2296 2149 2369; baseline 0.003 -18"><span class='ocrx_word' id='word_1_181' title='bbox 579 2299 639 2369; x_wconf 70' lang='grc' dir='ltr'><strong>ι)</strong></span> <span class='ocrx_word' id='word_1_182' title='bbox 679 2296 732 2355; x_wconf 81' lang='grc' dir='ltr'><strong>Ι.</strong></span> <span class='ocrx_word' id='word_1_183' title='bbox 783 2297 1059 2369; x_wconf 86' lang='lat' dir='ltr'><strong>Propterea</strong></span> <span class='ocrx_word' id='word_1_184' title='bbox 1086 2300 1427 2354; x_wconf 70' lang='lat' dir='ltr'><strong>abundantius</strong></span> <span class='ocrx_word' id='word_1_185' title='bbox 1455 2308 1649 2367; x_wconf 79' lang='lat' dir='ltr'><strong>oportet</strong></span> <span class='ocrx_word' id='word_1_186' title='bbox 1675 2300 1934 2355; x_wconf 77' lang='lat' dir='ltr'><strong>obseruare</strong></span> <span class='ocrx_word' id='word_1_187' title='bbox 1961 2317 2053 2356; x_wconf 91' lang='lat' dir='ltr'><strong>nos</strong></span> <span class='ocrx_word' id='word_1_188' title='bbox 2091 2317 2149 2355; x_wconf 85' lang='lat' dir='ltr'><strong>ea</strong></span> 
     </span>
    </p>
   </div>
   <div class='ocr_carea' id='block_1_23' title="bbox 579 2387 2147 2463">
    <p class='ocr_par' dir='ltr' id='par_1_23' title="bbox 579 2387 2147 2463">
     <span class='ocr_line' id='line_1_23' title="bbox 579 2387 2147 2463; baseline 0.004 -23"><span class='ocrx_word' id='word_1_189' title='bbox 579 2403 696 2458; x_wconf 73' lang='lat' dir='ltr'><strong>qua</strong></span> <span class='ocrx_word' id='word_1_190' title='bbox 721 2387 1023 2443; x_wconf 74' lang='lat' dir='ltr'><strong>audiuimus.</strong></span> <span class='ocrx_word' id='word_1_191' title='bbox 1056 2388 1153 2444; x_wconf 82' lang='lat' dir='ltr'><strong>llic</strong></span> <span class='ocrx_word' id='word_1_192' title='bbox 1176 2388 1355 2445; x_wconf 87' lang='lat' dir='ltr'><strong>dicere</strong></span> <span class='ocrx_word' id='word_1_193' title='bbox 1374 2389 1587 2445; x_wconf 87' lang='lat' dir='ltr'><strong>volebat</strong></span> <span class='ocrx_word' id='word_1_194' title='bbox 1612 2390 1969 2446; x_wconf 81' lang='lat' dir='ltr'><strong>abundantius</strong></span> <span class='ocrx_word' id='word_1_195' title='bbox 1988 2406 2147 2463; x_wconf 92' lang='lat' dir='ltr'><strong>quam</strong></span> 
     </span>
    </p>
   </div>
   <div class='ocr_carea' id='block_1_24' title="bbox 580 2478 2152 2553">
    <p class='ocr_par' dir='ltr' id='par_1_24' title="bbox 580 2478 2152 2553">
     <span class='ocr_line' id='line_1_24' title="bbox 580 2478 2152 2553; baseline 0.003 -19"><span class='ocrx_word' id='word_1_196' title='bbox 580 2478 686 2551; x_wconf 90' lang='lat' dir='ltr'><strong>legi</strong></span> <span class='ocrx_word' id='word_1_197' title='bbox 711 2479 1093 2537; x_wconf 89' lang='lat' dir='ltr'><strong>attendendum</strong></span> <span class='ocrx_word' id='word_1_198' title='bbox 1124 2496 1263 2546; x_wconf 87' lang='lat' dir='ltr'><strong>esse,</strong></span> <span class='ocrx_word' id='word_1_199' title='bbox 1286 2481 1379 2537; x_wconf 87' lang='lat' dir='ltr'><strong>sed</strong></span> <span class='ocrx_word' id='word_1_200' title='bbox 1410 2480 1511 2537; x_wconf 85' lang='lat' dir='ltr'><strong>hoc</strong></span> <span class='ocrx_word' id='word_1_201' title='bbox 1537 2480 1720 2547; x_wconf 84' lang='lat' dir='ltr'><strong>siluit;</strong></span> <span class='ocrx_word' id='word_1_202' title='bbox 1753 2481 1912 2553; x_wconf 89' lang='lat' dir='ltr'><strong>idque</strong></span> <span class='ocrx_word' id='word_1_203' title='bbox 1950 2482 2152 2538; x_wconf 83' lang='lat' dir='ltr'><strong>indicat</strong></span> 
     </span>
    </p>
   </div>
   <div class='ocr_carea' id='block_1_25' title="bbox 581 2571 2146 2643">
    <p class='ocr_par' dir='ltr' id='par_1_25' title="bbox 581 2571 2146 2643">
     <span class='ocr_line' id='line_1_25' title="bbox 581 2571 2146 2643; baseline -0.001 -17"><span class='ocrx_word' id='word_1_204' title='bbox 581 2572 636 2627; x_wconf 92' lang='lat' dir='ltr'><strong>in</strong></span> <span class='ocrx_word' id='word_1_205' title='bbox 666 2572 1005 2643; x_wconf 84' lang='lat' dir='ltr'><strong>probatione,</strong></span> <span class='ocrx_word' id='word_1_206' title='bbox 1039 2587 1145 2628; x_wconf 90' lang='lat' dir='ltr'><strong>non</strong></span> <span class='ocrx_word' id='word_1_207' title='bbox 1172 2572 1224 2627; x_wconf 91' lang='lat' dir='ltr'><strong>in</strong></span> <span class='ocrx_word' id='word_1_208' title='bbox 1248 2571 1501 2636; x_wconf 86' lang='lat' dir='ltr'><strong>consilio,</strong></span> <span class='ocrx_word' id='word_1_209' title='bbox 1534 2586 1634 2627; x_wconf 88' lang='lat' dir='ltr'><strong>nec</strong></span> <span class='ocrx_word' id='word_1_210' title='bbox 1660 2572 1715 2627; x_wconf 91' lang='lat' dir='ltr'><strong>in</strong></span> <span class='ocrx_word' id='word_1_211' title='bbox 1735 2571 2105 2628; x_wconf 86' lang='lat' dir='ltr'><strong>exhortatione</strong></span> <span class='ocrx_word' id='word_1_212' title='bbox 2132 2588 2146 2625; x_wconf 93' lang='lat'><strong>:</strong></span> 
     </span>
    </p>
   </div>
   <div class='ocr_carea' id='block_1_26' title="bbox 580 2662 2147 2735">
    <p class='ocr_par' dir='ltr' id='par_1_26' title="bbox 580 2662 2147 2735">
     <span class='ocr_line' id='line_1_26' title="bbox 580 2662 2147 2735; baseline -0.001 -16"><span class='ocrx_word' id='word_1_213' title='bbox 580 2662 671 2719; x_wconf 86' lang='lat' dir='ltr'><strong>Sic</strong></span> <span class='ocrx_word' id='word_1_214' title='bbox 697 2662 839 2718; x_wconf 89' lang='lat' dir='ltr'><strong>enim</strong></span> <span class='ocrx_word' id='word_1_215' title='bbox 866 2672 984 2719; x_wconf 88' lang='lat' dir='ltr'><strong>erat</strong></span> <span class='ocrx_word' id='word_1_216' title='bbox 1008 2662 1217 2718; x_wconf 91' lang='lat' dir='ltr'><strong>melius.</strong></span> <span class='ocrx_word' id='word_1_217' title='bbox 1257 2662 1315 2718; x_wconf 76' lang='lat'><strong>3.</strong></span> <span class='ocrx_word' id='word_1_218' title='bbox 1358 2662 1422 2719; x_wconf 90' lang='lat' dir='ltr'><strong>Si</strong></span> <span class='ocrx_word' id='word_1_219' title='bbox 1459 2663 1592 2717; x_wconf 84' lang='lat' dir='ltr'><strong>enim</strong></span> <span class='ocrx_word' id='word_1_220' title='bbox 1637 2664 1723 2733; x_wconf 84' lang='lat' dir='ltr'><strong>qui</strong></span> <span class='ocrx_word' id='word_1_221' title='bbox 1772 2680 1861 2733; x_wconf 88' lang='lat' dir='ltr'><strong>per</strong></span> <span class='ocrx_word' id='word_1_222' title='bbox 1906 2664 2147 2735; x_wconf 90' lang='lat' dir='ltr'><strong>angelos,</strong></span> 
     </span>
    </p>
   </div>
   <div class='ocr_carea' id='block_1_27' title="bbox 582 2751 2151 2821">
    <p class='ocr_par' dir='ltr' id='par_1_27' title="bbox 582 2751 2151 2821">
     <span class='ocr_line' id='line_1_27' title="bbox 582 2751 2151 2821; baseline 0 -14"><span class='ocrx_word' id='word_1_223' title='bbox 582 2751 785 2821; x_wconf 82' lang='lat' dir='ltr'><strong>inquit,</strong></span> <span class='ocrx_word' id='word_1_224' title='bbox 812 2751 973 2807; x_wconf 75' lang='lat' dir='ltr'><strong>dictus</strong></span> <span class='ocrx_word' id='word_1_225' title='bbox 1002 2761 1075 2807; x_wconf 88' lang='lat' dir='ltr'><strong>est</strong></span> <span class='ocrx_word' id='word_1_226' title='bbox 1120 2768 1301 2816; x_wconf 88' lang='lat' dir='ltr'><strong>sernto,</strong></span> <span class='ocrx_word' id='word_1_227' title='bbox 1337 2752 1500 2820; x_wconf 80' lang='lat' dir='ltr'><strong>[actus</strong></span> <span class='ocrx_word' id='word_1_228' title='bbox 1526 2761 1601 2806; x_wconf 90' lang='lat' dir='ltr'><strong>est</strong></span> <span class='ocrx_word' id='word_1_229' title='bbox 1643 2752 1845 2821; x_wconf 78' lang='lat' dir='ltr'><strong>ﬁrmus,</strong></span> <span class='ocrx_word' id='word_1_230' title='bbox 1898 2761 1946 2807; x_wconf 90' lang='lat' dir='ltr'><strong>et</strong></span> <span class='ocrx_word' id='word_1_231' title='bbox 1988 2752 2151 2807; x_wconf 86' lang='lat' dir='ltr'><strong>omnis</strong></span> 
     </span>
    </p>
   </div>
   <div class='ocr_carea' id='block_1_28' title="bbox 583 2842 2150 2912">
    <p class='ocr_par' dir='ltr' id='par_1_28' title="bbox 583 2842 2150 2912">
     <span class='ocr_line' id='line_1_28' title="bbox 583 2842 2150 2912; baseline 0 -15"><span class='ocrx_word' id='word_1_232' title='bbox 583 2842 927 2912; x_wconf 76' lang='lat' dir='ltr'><strong>prmricatio</strong></span> <span class='ocrx_word' id='word_1_233' title='bbox 956 2852 1003 2897; x_wconf 90' lang='lat' dir='ltr'><strong>et</strong></span> <span class='ocrx_word' id='word_1_234' title='bbox 1028 2843 1360 2898; x_wconf 87' lang='lat' dir='ltr'><strong>inobedientia</strong></span> <span class='ocrx_word' id='word_1_235' title='bbox 1387 2843 1575 2912; x_wconf 85' lang='lat' dir='ltr'><strong>accepit</strong></span> <span class='ocrx_word' id='word_1_236' title='bbox 1591 2843 1787 2912; x_wconf 85' lang='lat' dir='ltr'><strong>justam</strong></span> <span class='ocrx_word' id='word_1_237' title='bbox 1806 2843 2046 2897; x_wconf 75' lang='lat' dir='ltr'><strong>mercedis</strong></span> <span class='ocrx_word' id='word_1_238' title='bbox 2067 2860 2150 2897; x_wconf 81' lang='lat' dir='ltr'><strong>re~</strong></span> 
     </span>
    </p>
   </div>
   <div class='ocr_carea' id='block_1_29' title="bbox 586 2931 2151 3003">
    <p class='ocr_par' dir='ltr' id='par_1_29' title="bbox 586 2931 2151 3003">
     <span class='ocr_line' id='line_1_29' title="bbox 586 2931 2151 3003; baseline 0.001 -18"><span class='ocrx_word' id='word_1_239' title='bbox 586 2932 944 2987; x_wconf 69' lang='lat' dir='ltr'><strong>tributionem:</strong></span> <span class='ocrx_word' id='word_1_240' title='bbox 972 2934 1027 2988; x_wconf 75' lang='lat'><strong>3.</strong></span> <span class='ocrx_word' id='word_1_241' title='bbox 1058 2932 1308 3001; x_wconf 81' lang='lat' dir='ltr'><strong>quomodo</strong></span> <span class='ocrx_word' id='word_1_242' title='bbox 1348 2949 1440 2988; x_wconf 90' lang='lat' dir='ltr'><strong>nos</strong></span> <span class='ocrx_word' id='word_1_243' title='bbox 1477 2931 1779 3003; x_wconf 69' lang='lat' dir='ltr'><strong>elfugiemus</strong></span> <span class='ocrx_word' id='word_1_244' title='bbox 1802 2973 1817 2996; x_wconf 91' lang='lat'><strong>,</strong></span> <span class='ocrx_word' id='word_1_245' title='bbox 1863 2934 1907 2987; x_wconf 91' lang='lat' dir='ltr'><strong>si</strong></span> <span class='ocrx_word' id='word_1_246' title='bbox 1957 2943 2151 2987; x_wconf 79' lang='lat' dir='ltr'><strong>tentant</strong></span> 
     </span>
    </p>
   </div>
   <div class='ocr_carea' id='block_1_30' title="bbox 583 3023 2151 3096">
    <p class='ocr_par' dir='ltr' id='par_1_30' title="bbox 583 3023 2151 3096">
     <span class='ocr_line' id='line_1_30' title="bbox 583 3023 2151 3096; baseline -0.001 -17"><span class='ocrx_word' id='word_1_247' title='bbox 583 3023 949 3096; x_wconf 66' lang='lat' dir='ltr'><strong>neglexerimus</strong></span> <span class='ocrx_word' id='word_1_248' title='bbox 1014 3024 1265 3078; x_wconf 73' lang='lat' dir='ltr'><strong>salutem!</strong></span> <span class='ocrx_word' id='word_1_249' title='bbox 1318 3038 1430 3093; x_wconf 81' lang='lat' dir='ltr'><strong>qua:</strong></span> <span class='ocrx_word' id='word_1_250' title='bbox 1470 3039 1585 3077; x_wconf 91' lang='lat' dir='ltr'><strong>cum</strong></span> <span class='ocrx_word' id='word_1_251' title='bbox 1634 3023 1834 3076; x_wconf 82' lang='lat' dir='ltr'><strong>initium</strong></span> <span class='ocrx_word' id='word_1_252' title='bbox 1880 3024 2151 3094; x_wconf 77' lang='lat' dir='ltr'><strong>accepisset</strong></span> 
     </span>
    </p>
   </div>
   <div class='ocr_carea' id='block_1_31' title="bbox 583 3112 2150 3183">
    <p class='ocr_par' dir='ltr' id='par_1_31' title="bbox 583 3112 2150 3183">
     <span class='ocr_line' id='line_1_31' title="bbox 583 3112 2150 3183; baseline -0.001 -13"><span class='ocrx_word' id='word_1_253' title='bbox 583 3114 859 3170; x_wconf 85' lang='lat' dir='ltr'><strong>enarrandi</strong></span> <span class='ocrx_word' id='word_1_254' title='bbox 887 3129 975 3183; x_wconf 85' lang='lat' dir='ltr'><strong>per</strong></span> <span class='ocrx_word' id='word_1_255' title='bbox 1002 3112 1300 3179; x_wconf 88' lang='lat' dir='ltr'><strong>Dominum,</strong></span> <span class='ocrx_word' id='word_1_256' title='bbox 1328 3112 1389 3166; x_wconf 90' lang='lat' dir='ltr'><strong>ab</strong></span> <span class='ocrx_word' id='word_1_257' title='bbox 1414 3114 1483 3166; x_wconf 90' lang='lat' dir='ltr'><strong>eis</strong></span> <span class='ocrx_word' id='word_1_258' title='bbox 1510 3113 1597 3182; x_wconf 90' lang='lat' dir='ltr'><strong>qui</strong></span> <span class='ocrx_word' id='word_1_259' title='bbox 1641 3112 1914 3167; x_wconf 89' lang='lat' dir='ltr'><strong>audierunt</strong></span> <span class='ocrx_word' id='word_1_260' title='bbox 1957 3114 2010 3167; x_wconf 88' lang='lat' dir='ltr'><strong>in</strong></span> <span class='ocrx_word' id='word_1_261' title='bbox 2059 3130 2150 3169; x_wconf 90' lang='lat' dir='ltr'><strong>nos</strong></span> 
     </span>
    </p>
   </div>
   <div class='ocr_carea' id='block_1_32' title="bbox 583 3203 2149 3275">
    <p class='ocr_par' dir='ltr' id='par_1_32' title="bbox 583 3203 2149 3275">
     <span class='ocr_line' id='line_1_32' title="bbox 583 3203 2149 3275; baseline -0.001 -14"><span class='ocrx_word' id='word_1_262' title='bbox 583 3206 888 3275; x_wconf 72' lang='lat' dir='ltr'><strong>conﬁrmata</strong></span> <span class='ocrx_word' id='word_1_263' title='bbox 942 3214 1035 3258; x_wconf 90' lang='lat' dir='ltr'><strong>est.</strong></span> <span class='ocrx_word' id='word_1_264' title='bbox 1090 3204 1200 3259; x_wconf 90' lang='lat' dir='ltr'><strong>Cur</strong></span> <span class='ocrx_word' id='word_1_265' title='bbox 1256 3211 1461 3273; x_wconf 83' lang='lat' dir='ltr'><strong>oportet</strong></span> <span class='ocrx_word' id='word_1_266' title='bbox 1514 3203 1867 3259; x_wconf 82' lang='lat' dir='ltr'><strong>abundantius</strong></span> <span class='ocrx_word' id='word_1_267' title='bbox 1915 3206 2149 3260; x_wconf 89' lang='lat' dir='ltr'><strong>animum</strong></span> 
     </span>
    </p>
   </div>
   <div class='ocr_carea' id='block_1_33' title="bbox 580 3293 2151 3365">
    <p class='ocr_par' dir='ltr' id='par_1_33' title="bbox 580 3293 2151 3365">
     <span class='ocr_line' id='line_1_33' title="bbox 580 3293 2151 3365; baseline 0 -15"><span class='ocrx_word' id='word_1_268' title='bbox 580 3295 840 3351; x_wconf 88' lang='lat' dir='ltr'><strong>adhibere</strong></span> <span class='ocrx_word' id='word_1_269' title='bbox 866 3294 928 3349; x_wconf 87' lang='lat' dir='ltr'><strong>iis</strong></span> <span class='ocrx_word' id='word_1_270' title='bbox 959 3310 1077 3365; x_wconf 65' lang='lat' dir='ltr'><strong>quae</strong></span> <span class='ocrx_word' id='word_1_271' title='bbox 1104 3293 1279 3347; x_wconf 87' lang='lat' dir='ltr'><strong>audita</strong></span> <span class='ocrx_word' id='word_1_272' title='bbox 1308 3293 1473 3347; x_wconf 79' lang='lat' dir='ltr'><strong>sunt?</strong></span> <span class='ocrx_word' id='word_1_273' title='bbox 1497 3308 1672 3348; x_wconf 90' lang='lat' dir='ltr'><strong>annon</strong></span> <span class='ocrx_word' id='word_1_274' title='bbox 1714 3303 1768 3349; x_wconf 91' lang='lat' dir='ltr'><strong>et</strong></span> <span class='ocrx_word' id='word_1_275' title='bbox 1812 3294 1898 3349; x_wconf 92' lang='lat' dir='ltr'><strong>illa</strong></span> <span class='ocrx_word' id='word_1_276' title='bbox 1947 3305 2001 3349; x_wconf 91' lang='lat' dir='ltr'><strong>ct</strong></span> <span class='ocrx_word' id='word_1_277' title='bbox 2039 3298 2151 3351; x_wconf 65' lang='lat' dir='ltr'><strong>haec</strong></span> 
     </span>
    </p>
   </div>
   <div class='ocr_carea' id='block_1_34' title="bbox 581 3383 2147 3455">
    <p class='ocr_par' dir='ltr' id='par_1_34' title="bbox 581 3383 2147 3455">
     <span class='ocr_line' id='line_1_34' title="bbox 581 3383 2147 3455; baseline -0.003 -13"><span class='ocrx_word' id='word_1_278' title='bbox 581 3396 708 3443; x_wconf 91' lang='lat' dir='ltr'><strong>sunt</strong></span> <span class='ocrx_word' id='word_1_279' title='bbox 738 3386 831 3441; x_wconf 87' lang='lat' dir='ltr'><strong>Dei</strong></span> <span class='ocrx_word' id='word_1_280' title='bbox 850 3386 874 3439; x_wconf 67' lang='grc' dir='ltr'><em>ἲ</em></span> <span class='ocrx_word' id='word_1_281' title='bbox 896 3387 1002 3440; x_wconf 85' lang='lat' dir='ltr'><strong>Aut</strong></span> <span class='ocrx_word' id='word_1_282' title='bbox 1023 3399 1149 3453; x_wconf 88' lang='lat' dir='ltr'><strong>ergo</strong></span> <span class='ocrx_word' id='word_1_283' title='bbox 1168 3384 1296 3439; x_wconf 90' lang='lat' dir='ltr'><strong>dicit</strong></span> <span class='ocrx_word' id='word_1_284' title='bbox 1316 3383 1456 3453; x_wconf 91' lang='lat' dir='ltr'><strong>quod</strong></span> <span class='ocrx_word' id='word_1_285' title='bbox 1478 3383 1831 3438; x_wconf 81' lang='lat' dir='ltr'><strong>abundantius</strong></span> <span class='ocrx_word' id='word_1_286' title='bbox 1851 3400 2008 3454; x_wconf 91' lang='lat' dir='ltr'><strong>quam</strong></span> <span class='ocrx_word' id='word_1_287' title='bbox 2027 3385 2147 3455; x_wconf 89' lang='lat' dir='ltr'><strong>legi,</strong></span> 
     </span>
    </p>
   </div>
   <div class='ocr_carea' id='block_1_35' title="bbox 582 3474 2151 3547">
    <p class='ocr_par' dir='ltr' id='par_1_35' title="bbox 582 3474 2151 3547">
     <span class='ocr_line' id='line_1_35' title="bbox 582 3474 2151 3547; baseline -0.002 -15"><span class='ocrx_word' id='word_1_288' title='bbox 582 3476 836 3547; x_wconf 88' lang='lat' dir='ltr'><strong>autquod</strong></span> <span class='ocrx_word' id='word_1_289' title='bbox 865 3489 1186 3546; x_wconf 77' lang='lat' dir='ltr'><strong>magnopere</strong></span> <span class='ocrx_word' id='word_1_290' title='bbox 1211 3475 1281 3529; x_wconf 89' lang='lat' dir='ltr'><strong>sit</strong></span> <span class='ocrx_word' id='word_1_291' title='bbox 1326 3474 1739 3540; x_wconf 84' lang='lat' dir='ltr'><strong>attendendum;</strong></span> <span class='ocrx_word' id='word_1_292' title='bbox 1786 3491 1891 3530; x_wconf 90' lang='lat' dir='ltr'><strong>non</strong></span> <span class='ocrx_word' id='word_1_293' title='bbox 1935 3492 2151 3545; x_wconf 89' lang='lat' dir='ltr'><strong>compa-</strong></span> 
     </span>
    </p>
   </div>
   <div class='ocr_carea' id='block_1_36' title="bbox 583 3565 2149 3635">
    <p class='ocr_par' dir='ltr' id='par_1_36' title="bbox 583 3565 2149 3635">
     <span class='ocr_line' id='line_1_36' title="bbox 583 3565 2149 3635; baseline -0.001 -11"><span class='ocrx_word' id='word_1_294' title='bbox 583 3583 731 3635; x_wconf 89' lang='lat' dir='ltr'><strong>rans,</strong></span> <span class='ocrx_word' id='word_1_295' title='bbox 758 3568 917 3622; x_wconf 87' lang='lat' dir='ltr'><strong>absit.</strong></span> <span class='ocrx_word' id='word_1_296' title='bbox 946 3567 1075 3620; x_wconf 76' lang='lat' dir='ltr'><strong>Nam</strong></span> <span class='ocrx_word' id='word_1_297' title='bbox 1100 3565 1350 3634; x_wconf 87' lang='lat' dir='ltr'><strong>quoniam</strong></span> <span class='ocrx_word' id='word_1_298' title='bbox 1378 3565 1446 3619; x_wconf 89' lang='lat' dir='ltr'><strong>ob</strong></span> <span class='ocrx_word' id='word_1_299' title='bbox 1474 3565 1688 3635; x_wconf 90' lang='lat' dir='ltr'><strong>longum</strong></span> <span class='ocrx_word' id='word_1_300' title='bbox 1730 3576 1938 3635; x_wconf 87' lang='lat' dir='ltr'><strong>tempus</strong></span> <span class='ocrx_word' id='word_1_301' title='bbox 1984 3568 2149 3622; x_wconf 81' lang='lat' dir='ltr'><strong>liabe-</strong></span> 
     </span>
    </p>
   </div>
   <div class='ocr_carea' id='block_1_37' title="bbox 582 3655 2152 3728">
    <p class='ocr_par' dir='ltr' id='par_1_37' title="bbox 582 3655 2152 3728">
     <span class='ocr_line' id='line_1_37' title="bbox 582 3655 2152 3728; baseline -0.001 -13"><span class='ocrx_word' id='word_1_302' title='bbox 582 3661 712 3716; x_wconf 86' lang='lat' dir='ltr'><strong>bant</strong></span> <span class='ocrx_word' id='word_1_303' title='bbox 740 3672 982 3728; x_wconf 87' lang='lat' dir='ltr'><strong>magnam</strong></span> <span class='ocrx_word' id='word_1_304' title='bbox 1010 3655 1078 3711; x_wconf 93' lang='lat' dir='ltr'><strong>de</strong></span> <span class='ocrx_word' id='word_1_305' title='bbox 1102 3656 1279 3710; x_wconf 83' lang='lat' dir='ltr'><strong>Veteri</strong></span> <span class='ocrx_word' id='word_1_306' title='bbox 1307 3655 1647 3710; x_wconf 87' lang='lat' dir='ltr'><strong>Testamento</strong></span> <span class='ocrx_word' id='word_1_307' title='bbox 1672 3657 2008 3727; x_wconf 87' lang='lat' dir='ltr'><strong>opinionem:</strong></span> <span class='ocrx_word' id='word_1_308' title='bbox 2038 3658 2152 3714; x_wconf 69' lang='lat' dir='ltr'><strong>bare</strong></span> 
     </span>
    </p>
   </div>
   <div class='ocr_carea' id='block_1_38' title="bbox 581 3746 2149 3817">
    <p class='ocr_par' dir='ltr' id='par_1_38' title="bbox 581 3746 2149 3817">
     <span class='ocr_line' id='line_1_38' title="bbox 581 3746 2149 3817; baseline -0.001 -12"><span class='ocrx_word' id='word_1_309' title='bbox 581 3760 757 3806; x_wconf 89' lang='lat' dir='ltr'><strong>autem</strong></span> <span class='ocrx_word' id='word_1_310' title='bbox 782 3758 1048 3817; x_wconf 83' lang='lat' dir='ltr'><strong>tamquam</strong></span> <span class='ocrx_word' id='word_1_311' title='bbox 1077 3760 1211 3801; x_wconf 85' lang='lat' dir='ltr'><strong>nova</strong></span> <span class='ocrx_word' id='word_1_312' title='bbox 1231 3746 1575 3801; x_wconf 70' lang='lat' dir='ltr'><strong>habebantur</strong></span> <span class='ocrx_word' id='word_1_313' title='bbox 1602 3748 1946 3815; x_wconf 83' lang='lat' dir='ltr'><strong>contemptui,</strong></span> <span class='ocrx_word' id='word_1_314' title='bbox 1972 3760 2149 3803; x_wconf 76' lang='lat' dir='ltr'><strong>osten-</strong></span> 
     </span>
    </p>
   </div>
   <div class='ocr_carea' id='block_1_39' title="bbox 580 3835 2151 3906">
    <p class='ocr_par' dir='ltr' id='par_1_39' title="bbox 580 3835 2151 3906">
     <span class='ocr_line' id='line_1_39' title="bbox 580 3835 2151 3906; baseline -0.001 -10"><span class='ocrx_word' id='word_1_315' title='bbox 580 3841 659 3897; x_wconf 90' lang='lat' dir='ltr'><strong>dit</strong></span> <span class='ocrx_word' id='word_1_316' title='bbox 680 3856 747 3895; x_wconf 86' lang='lat' dir='ltr'><strong>ex</strong></span> <span class='ocrx_word' id='word_1_317' title='bbox 772 3837 1093 3893; x_wconf 85' lang='lat' dir='ltr'><strong>abundantia</strong></span> <span class='ocrx_word' id='word_1_318' title='bbox 1124 3836 1264 3906; x_wconf 91' lang='lat' dir='ltr'><strong>quod</strong></span> <span class='ocrx_word' id='word_1_319' title='bbox 1296 3835 1379 3890; x_wconf 86' lang='lat' dir='ltr'><strong>his</strong></span> <span class='ocrx_word' id='word_1_320' title='bbox 1420 3837 1589 3905; x_wconf 86' lang='lat' dir='ltr'><strong>magis</strong></span> <span class='ocrx_word' id='word_1_321' title='bbox 1634 3837 1866 3891; x_wconf 89' lang='lat' dir='ltr'><strong>animum</strong></span> <span class='ocrx_word' id='word_1_322' title='bbox 1896 3838 2151 3895; x_wconf 83' lang='lat' dir='ltr'><strong>adbibere</strong></span> 
     </span>
    </p>
   </div>
   <div class='ocr_carea' id='block_1_40' title="bbox 580 3925 2147 4000">
    <p class='ocr_par' dir='ltr' id='par_1_40' title="bbox 580 3925 2147 4000">
     <span class='ocr_line' id='line_1_40' title="bbox 580 3925 2147 4000; baseline -0.003 -14"><span class='ocrx_word' id='word_1_323' title='bbox 580 3938 842 4000; x_wconf 85' lang='lat' dir='ltr'><strong>oporteat.</strong></span> <span class='ocrx_word' id='word_1_324' title='bbox 870 3926 1179 3996; x_wconf 86' lang='lat' dir='ltr'><strong>Quomodo?</strong></span> <span class='ocrx_word' id='word_1_325' title='bbox 1212 3925 1602 3996; x_wconf 85' lang='lat' dir='ltr'><strong>Propemodum</strong></span> <span class='ocrx_word' id='word_1_326' title='bbox 1629 3926 1813 3982; x_wconf 91' lang='lat' dir='ltr'><strong>dicens</strong></span> <span class='ocrx_word' id='word_1_327' title='bbox 1838 3944 1855 3983; x_wconf 90' lang='lat'><strong>:</strong></span> <span class='ocrx_word' id='word_1_328' title='bbox 1883 3928 1974 3983; x_wconf 90' lang='lat' dir='ltr'><strong>Dei</strong></span> <span class='ocrx_word' id='word_1_329' title='bbox 2028 3931 2147 3999; x_wconf 91' lang='lat' dir='ltr'><strong>qui-</strong></span> 
     </span>
    </p>
   </div>
   <div class='ocr_carea' id='block_1_41' title="bbox 579 4017 2146 4089">
    <p class='ocr_par' dir='ltr' id='par_1_41' title="bbox 579 4017 2146 4089">
     <span class='ocr_line' id='line_1_41' title="bbox 579 4017 2146 4089; baseline 0 -14"><span class='ocrx_word' id='word_1_330' title='bbox 579 4020 705 4075; x_wconf 90' lang='lat' dir='ltr'><strong>dem</strong></span> <span class='ocrx_word' id='word_1_331' title='bbox 728 4027 850 4073; x_wconf 92' lang='lat' dir='ltr'><strong>sunt</strong></span> <span class='ocrx_word' id='word_1_332' title='bbox 876 4018 987 4073; x_wconf 72' lang='lat' dir='ltr'><strong>bmc</strong></span> <span class='ocrx_word' id='word_1_333' title='bbox 1012 4026 1067 4073; x_wconf 86' lang='lat' dir='ltr'><strong>et</strong></span> <span class='ocrx_word' id='word_1_334' title='bbox 1092 4017 1200 4080; x_wconf 89' lang='lat' dir='ltr'><strong>illa,</strong></span> <span class='ocrx_word' id='word_1_335' title='bbox 1219 4017 1312 4071; x_wconf 86' lang='lat' dir='ltr'><strong>sed</strong></span> <span class='ocrx_word' id='word_1_336' title='bbox 1337 4032 1440 4071; x_wconf 91' lang='lat' dir='ltr'><strong>non</strong></span> <span class='ocrx_word' id='word_1_337' title='bbox 1458 4018 1729 4071; x_wconf 81' lang='lat' dir='ltr'><strong>similiter.</strong></span> <span class='ocrx_word' id='word_1_338' title='bbox 1755 4017 1822 4072; x_wconf 84' lang='lat' dir='ltr'><strong>Et</strong></span> <span class='ocrx_word' id='word_1_339' title='bbox 1842 4018 1943 4073; x_wconf 91' lang='lat' dir='ltr'><strong>boc</strong></span> <span class='ocrx_word' id='word_1_340' title='bbox 1963 4032 2146 4089; x_wconf 76' lang='lat' dir='ltr'><strong>p05tea</strong></span> 
     </span>
    </p>
   </div>
   <div class='ocr_carea' id='block_1_42' title="bbox 580 4118 2151 4189">
    <p class='ocr_par' dir='ltr' id='par_1_42' title="bbox 580 4118 2151 4189">
     <span class='ocr_line' id='line_1_42' title="bbox 580 4118 2151 4189; baseline -0.001 -14"><span class='ocrx_word' id='word_1_341' title='bbox 580 4120 735 4175; x_wconf 84' lang='lat' dir='ltr'><strong>nobis</strong></span> <span class='ocrx_word' id='word_1_342' title='bbox 763 4121 1031 4185; x_wconf 84' lang='lat' dir='ltr'><strong>ostendit;</strong></span> <span class='ocrx_word' id='word_1_343' title='bbox 1061 4120 1273 4176; x_wconf 89' lang='lat' dir='ltr'><strong>interim</strong></span> <span class='ocrx_word' id='word_1_344' title='bbox 1311 4129 1487 4175; x_wconf 89' lang='lat' dir='ltr'><strong>autem</strong></span> <span class='ocrx_word' id='word_1_345' title='bbox 1530 4120 1634 4175; x_wconf 86' lang='lat' dir='ltr'><strong>hoc</strong></span> <span class='ocrx_word' id='word_1_346' title='bbox 1674 4122 1849 4174; x_wconf 88' lang='lat' dir='ltr'><strong>minus</strong></span> <span class='ocrx_word' id='word_1_347' title='bbox 1890 4118 2151 4189; x_wconf 82' lang='lat' dir='ltr'><strong>profunde</strong></span> 
     </span>
    </p>
   </div>
   <div class='ocr_carea' id='block_1_43' title="bbox 581 4210 2153 4282">
    <p class='ocr_par' dir='ltr' id='par_1_43' title="bbox 581 4210 2153 4282">
     <span class='ocr_line' id='line_1_43' title="bbox 581 4210 2153 4282; baseline -0.001 -17"><span class='ocrx_word' id='word_1_348' title='bbox 581 4210 831 4273; x_wconf 84' lang='lat' dir='ltr'><strong>adstruit,</strong></span> <span class='ocrx_word' id='word_1_349' title='bbox 872 4223 1055 4282; x_wconf 82' lang='lat' dir='ltr'><strong>postea</strong></span> <span class='ocrx_word' id='word_1_350' title='bbox 1082 4222 1258 4266; x_wconf 87' lang='lat' dir='ltr'><strong>autem</strong></span> <span class='ocrx_word' id='word_1_351' title='bbox 1292 4213 1643 4273; x_wconf 87' lang='lat' dir='ltr'><strong>manifestius,</strong></span> <span class='ocrx_word' id='word_1_352' title='bbox 1673 4212 1855 4266; x_wconf 89' lang='lat' dir='ltr'><strong>dicens</strong></span> <span class='ocrx_word' id='word_1_353' title='bbox 1884 4230 1897 4267; x_wconf 89' lang='lat'><strong>:</strong></span> <span class='ocrx_word' id='word_1_354' title='bbox 1930 4210 2067 4264; x_wconf 82' lang='lat' dir='ltr'><strong>Nam</strong></span> <span class='ocrx_word' id='word_1_355' title='bbox 2110 4211 2153 4265; x_wconf 89' lang='lat' dir='ltr'><strong>si</strong></span> 
     </span>
    </p>
   </div>
   <div class='ocr_carea' id='block_1_44' title="bbox 579 4301 2153 4371">
    <p class='ocr_par' dir='ltr' id='par_1_44' title="bbox 579 4301 2153 4371">
     <span class='ocr_line' id='line_1_44' title="bbox 579 4301 2153 4371; baseline 0 -16"><span class='ocrx_word' id='word_1_356' title='bbox 579 4301 711 4355; x_wconf 86' lang='lat' dir='ltr'><strong>illud</strong></span> <span class='ocrx_word' id='word_1_357' title='bbox 737 4302 876 4369; x_wconf 89' lang='lat' dir='ltr'><strong>prius</strong></span> <span class='ocrx_word' id='word_1_358' title='bbox 901 4303 1051 4371; x_wconf 88' lang='lat' dir='ltr'><strong>culpa</strong></span> <span class='ocrx_word' id='word_1_359' title='bbox 1080 4313 1335 4365; x_wconf 78' lang='lat' dir='ltr'><strong>vacasset;</strong></span> <span class='ocrx_word' id='word_1_360' title='bbox 1362 4312 1416 4358; x_wconf 90' lang='lat' dir='ltr'><strong>et</strong></span> <span class='ocrx_word' id='word_1_361' title='bbox 1446 4318 1657 4357; x_wconf 86' lang='lat' dir='ltr'><strong>rursum</strong></span> <span class='ocrx_word' id='word_1_362' title='bbox 1685 4343 1699 4367; x_wconf 95' lang='lat'><strong>,</strong></span> <span class='ocrx_word' id='word_1_363' title='bbox 1734 4301 1872 4355; x_wconf 82' lang='lat' dir='ltr'><strong>Nam</strong></span> <span class='ocrx_word' id='word_1_364' title='bbox 1897 4302 2030 4367; x_wconf 89' lang='lat' dir='ltr'><strong>quod</strong></span> <span class='ocrx_word' id='word_1_365' title='bbox 2057 4318 2153 4355; x_wconf 84' lang='lat' dir='ltr'><strong>an-</strong></span> 
     </span>
    </p>
   </div>
   <div class='ocr_carea' id='block_1_45' title="bbox 582 4390 2150 4464">
    <p class='ocr_par' dir='ltr' id='par_1_45' title="bbox 582 4390 2150 4464">
     <span class='ocr_line' id='line_1_45' title="bbox 582 4390 2150 4464; baseline -0.002 -17"><span class='ocrx_word' id='word_1_366' title='bbox 582 4393 804 4463; x_wconf 83' lang='lat' dir='ltr'><strong>tiquatur</strong></span> <span class='ocrx_word' id='word_1_367' title='bbox 828 4402 875 4446; x_wconf 86' lang='lat' dir='ltr'><strong>et</strong></span> <span class='ocrx_word' id='word_1_368' title='bbox 902 4394 1147 4459; x_wconf 85' lang='lat' dir='ltr'><strong>senescit,</strong></span> <span class='ocrx_word' id='word_1_369' title='bbox 1182 4404 1253 4447; x_wconf 88' lang='lat' dir='ltr'><strong>est</strong></span> <span class='ocrx_word' id='word_1_370' title='bbox 1284 4410 1440 4464; x_wconf 85' lang='lat' dir='ltr'><strong>prope</strong></span> <span class='ocrx_word' id='word_1_371' title='bbox 1468 4394 1726 4449; x_wconf 83' lang='lat' dir='ltr'><strong>interitum</strong></span> <span class='ocrx_word' id='word_1_372' title='bbox 1768 4390 1959 4462; x_wconf 76' lang='lat' dir='ltr'><strong>(Infra</strong></span> <span class='ocrx_word' id='word_1_373' title='bbox 2010 4394 2062 4447; x_wconf 88' lang='lat'><strong>8.</strong></span> <span class='ocrx_word' id='word_1_374' title='bbox 2099 4392 2150 4444; x_wconf 87' lang='lat'><strong>7.</strong></span> 
     </span>
    </p>
   </div>
   <div class='ocr_carea' id='block_1_46' title="bbox 581 4482 2154 4555">
    <p class='ocr_par' dir='ltr' id='par_1_46' title="bbox 581 4482 2154 4555">
     <span class='ocr_line' id='line_1_46' title="bbox 581 4482 2154 4555; baseline 0.001 -16"><span class='ocrx_word' id='word_1_375' title='bbox 581 4482 706 4551; x_wconf 74' lang='grc'><strong>15).</strong></span> <span class='ocrx_word' id='word_1_376' title='bbox 740 4484 845 4539; x_wconf 88' lang='lat' dir='ltr'><strong>Sed</strong></span> <span class='ocrx_word' id='word_1_377' title='bbox 875 4484 1109 4541; x_wconf 91' lang='lat' dir='ltr'><strong>nondum</strong></span> <span class='ocrx_word' id='word_1_378' title='bbox 1138 4486 1296 4541; x_wconf 88' lang='lat' dir='ltr'><strong>audet</strong></span> <span class='ocrx_word' id='word_1_379' title='bbox 1318 4485 1605 4555; x_wconf 82' lang='lat' dir='ltr'><strong>quidquam</strong></span> <span class='ocrx_word' id='word_1_380' title='bbox 1643 4485 1947 4554; x_wconf 88' lang='lat' dir='ltr'><strong>hujusmodi</strong></span> <span class='ocrx_word' id='word_1_381' title='bbox 1974 4484 2154 4541; x_wconf 87' lang='lat' dir='ltr'><strong>dicere</strong></span> 
     </span>
    </p>
   </div>
   <div class='ocr_carea' id='block_1_47' title="bbox 582 4572 2152 4645">
    <p class='ocr_par' dir='ltr' id='par_1_47' title="bbox 582 4572 2152 4645">
     <span class='ocr_line' id='line_1_47' title="bbox 582 4572 2152 4645; baseline 0.003 -20"><span class='ocrx_word' id='word_1_382' title='bbox 582 4572 634 4625; x_wconf 92' lang='lat' dir='ltr'><strong>in</strong></span> <span class='ocrx_word' id='word_1_383' title='bbox 663 4574 936 4641; x_wconf 67' lang='lat' dir='ltr'><strong>protemiis</strong></span> <span class='ocrx_word' id='word_1_384' title='bbox 960 4616 974 4639; x_wconf 94' lang='lat'><strong>,</strong></span> <span class='ocrx_word' id='word_1_385' title='bbox 1004 4574 1175 4630; x_wconf 90' lang='lat' dir='ltr'><strong>donec</strong></span> <span class='ocrx_word' id='word_1_386' title='bbox 1203 4577 1497 4630; x_wconf 86' lang='lat' dir='ltr'><strong>auditorem</strong></span> <span class='ocrx_word' id='word_1_387' title='bbox 1532 4576 1769 4645; x_wconf 88' lang='lat' dir='ltr'><strong>pluribus</strong></span> <span class='ocrx_word' id='word_1_388' title='bbox 1810 4591 2152 4645; x_wconf 59' lang='lat' dir='ltr'><strong>prtroccupa-</strong></span> 
     </span>
    </p>
   </div>
   <div class='ocr_carea' id='block_1_48' title="bbox 580 4665 2155 4739">
    <p class='ocr_par' dir='ltr' id='par_1_48' title="bbox 580 4665 2155 4739">
     <span class='ocr_line' id='line_1_48' title="bbox 580 4665 2155 4739; baseline 0.003 -22"><span class='ocrx_word' id='word_1_389' title='bbox 580 4665 647 4718; x_wconf 89' lang='lat' dir='ltr'><strong>rit</strong></span> <span class='ocrx_word' id='word_1_390' title='bbox 667 4673 721 4719; x_wconf 91' lang='lat' dir='ltr'><strong>et</strong></span> <span class='ocrx_word' id='word_1_391' title='bbox 740 4667 985 4722; x_wconf 87' lang='lat' dir='ltr'><strong>tenuerit.</strong></span> <span class='ocrx_word' id='word_1_392' title='bbox 1012 4667 1119 4722; x_wconf 87' lang='lat' dir='ltr'><strong>Cur</strong></span> <span class='ocrx_word' id='word_1_393' title='bbox 1138 4683 1265 4738; x_wconf 90' lang='lat' dir='ltr'><strong>ergo</strong></span> <span class='ocrx_word' id='word_1_394' title='bbox 1292 4684 1388 4723; x_wconf 91' lang='lat' dir='ltr'><strong>nos</strong></span> <span class='ocrx_word' id='word_1_395' title='bbox 1409 4676 1621 4737; x_wconf 88' lang='lat' dir='ltr'><strong>oportet</strong></span> <span class='ocrx_word' id='word_1_396' title='bbox 1648 4668 1815 4739; x_wconf 82' lang='lat' dir='ltr'><strong>magis</strong></span> <span class='ocrx_word' id='word_1_397' title='bbox 1840 4668 2155 4723; x_wconf 81' lang='lat' dir='ltr'><strong>attendere?</strong></span> 
     </span>
    </p>
   </div>
   <div class='ocr_carea' id='block_1_49' title="bbox 583 4752 2152 4829">
    <p class='ocr_par' dir='ltr' id='par_1_49' title="bbox 583 4752 2152 4829">
     <span class='ocr_line' id='line_1_49' title="bbox 583 4752 2152 4829; baseline 0.004 -23"><span class='ocrx_word' id='word_1_398' title='bbox 583 4752 668 4807; x_wconf 84' lang='lat' dir='ltr'><strong>Ne</strong></span> <span class='ocrx_word' id='word_1_399' title='bbox 696 4758 843 4824; x_wconf 86' lang='lat' dir='ltr'><strong>forte,</strong></span> <span class='ocrx_word' id='word_1_400' title='bbox 872 4757 1058 4825; x_wconf 88' lang='lat' dir='ltr'><strong>inquit,</strong></span> <span class='ocrx_word' id='word_1_401' title='bbox 1097 4760 1464 4827; x_wconf 76' lang='lat' dir='ltr'><strong>pereﬂluamus.</strong></span> <span class='ocrx_word' id='word_1_402' title='bbox 1495 4758 1604 4812; x_wconf 84' lang='lat' dir='ltr'><strong>Hoc</strong></span> <span class='ocrx_word' id='word_1_403' title='bbox 1631 4767 1730 4820; x_wconf 88' lang='lat' dir='ltr'><strong>est.</strong></span> <span class='ocrx_word' id='word_1_404' title='bbox 1762 4774 1933 4828; x_wconf 85' lang='lat' dir='ltr'><strong>neque</strong></span> <span class='ocrx_word' id='word_1_405' title='bbox 1964 4774 2152 4829; x_wconf 89' lang='lat' dir='ltr'><strong>perea-</strong></span> 
     </span>
    </p>
   </div>
   <div class='ocr_carea' id='block_1_50' title="bbox 582 4849 2153 4919">
    <p class='ocr_par' dir='ltr' id='par_1_50' title="bbox 582 4849 2153 4919">
     <span class='ocr_line' id='line_1_50' title="bbox 582 4849 2153 4919; baseline 0.003 -21"><span class='ocrx_word' id='word_1_406' title='bbox 582 4860 735 4910; x_wconf 87' lang='lat' dir='ltr'><strong>mus,</strong></span> <span class='ocrx_word' id='word_1_407' title='bbox 772 4862 944 4916; x_wconf 90' lang='lat' dir='ltr'><strong>neque</strong></span> <span class='ocrx_word' id='word_1_408' title='bbox 995 4850 1323 4904; x_wconf 76' lang='lat' dir='ltr'><strong>excidemus.</strong></span> <span class='ocrx_word' id='word_1_409' title='bbox 1369 4850 1433 4904; x_wconf 83' lang='lat' dir='ltr'><strong>Et</strong></span> <span class='ocrx_word' id='word_1_410' title='bbox 1480 4849 1563 4905; x_wconf 86' lang='lat' dir='ltr'><strong>hic</strong></span> <span class='ocrx_word' id='word_1_411' title='bbox 1609 4850 1843 4905; x_wconf 86' lang='lat' dir='ltr'><strong>ostendit</strong></span> <span class='ocrx_word' id='word_1_412' title='bbox 1881 4867 2037 4919; x_wconf 87' lang='lat' dir='ltr'><strong>quam</strong></span> <span class='ocrx_word' id='word_1_413' title='bbox 2084 4851 2153 4905; x_wconf 87' lang='lat' dir='ltr'><strong>sit</strong></span> 
     </span>
    </p>
   </div>
   <div class='ocr_carea' id='block_1_51' title="bbox 580 4939 2154 5011">
    <p class='ocr_par' dir='ltr' id='par_1_51' title="bbox 580 4939 2154 5011">
     <span class='ocr_line' id='line_1_51' title="bbox 580 4939 2154 5011; baseline 0.003 -19"><span class='ocrx_word' id='word_1_414' title='bbox 580 4939 758 5008; x_wconf 85' lang='lat' dir='ltr'><strong>gravis</strong></span> <span class='ocrx_word' id='word_1_415' title='bbox 786 4954 962 5006; x_wconf 89' lang='lat' dir='ltr'><strong>casus,</strong></span> <span class='ocrx_word' id='word_1_416' title='bbox 995 4941 1244 5009; x_wconf 89' lang='lat' dir='ltr'><strong>quoniam</strong></span> <span class='ocrx_word' id='word_1_417' title='bbox 1269 4952 1351 4997; x_wconf 89' lang='lat' dir='ltr'><strong>est</strong></span> <span class='ocrx_word' id='word_1_418' title='bbox 1380 4941 1596 4997; x_wconf 79' lang='lat' dir='ltr'><strong>difﬁcile</strong></span> <span class='ocrx_word' id='word_1_419' title='bbox 1622 4952 1679 4995; x_wconf 93' lang='lat' dir='ltr'><strong>ut</strong></span> <span class='ocrx_word' id='word_1_420' title='bbox 1704 4942 1753 4995; x_wconf 89' lang='lat' dir='ltr'><strong>id</strong></span> <span class='ocrx_word' id='word_1_421' title='bbox 1782 4941 1919 5011; x_wconf 86' lang='lat' dir='ltr'><strong>quod</strong></span> <span class='ocrx_word' id='word_1_422' title='bbox 1948 4940 2154 4997; x_wconf 82' lang='lat' dir='ltr'><strong>efﬂuxit</strong></span> 
     </span>
    </p>
   </div>
   <div class='ocr_carea' id='block_1_52' title="bbox 582 5032 2154 5102">
    <p class='ocr_par' dir='ltr' id='par_1_52' title="bbox 582 5032 2154 5102">
     <span class='ocr_line' id='line_1_52' title="bbox 582 5032 2154 5102; baseline 0.004 -19"><span class='ocrx_word' id='word_1_423' title='bbox 582 5039 901 5097; x_wconf 79' lang='lat' dir='ltr'><strong>revertatur,</strong></span> <span class='ocrx_word' id='word_1_424' title='bbox 933 5032 1357 5102; x_wconf 81' lang='lat' dir='ltr'><strong>quandoquidem</strong></span> <span class='ocrx_word' id='word_1_425' title='bbox 1386 5032 1485 5087; x_wconf 88' lang='lat' dir='ltr'><strong>hoc</strong></span> <span class='ocrx_word' id='word_1_426' title='bbox 1508 5032 1700 5087; x_wconf 90' lang='lat' dir='ltr'><strong>accidit</strong></span> <span class='ocrx_word' id='word_1_427' title='bbox 1724 5049 1787 5089; x_wconf 86' lang='lat' dir='ltr'><strong>ex</strong></span> <span class='ocrx_word' id='word_1_428' title='bbox 1810 5034 2050 5088; x_wconf 86' lang='lat' dir='ltr'><strong>socordia</strong></span> <span class='ocrx_word' id='word_1_429' title='bbox 2090 5050 2154 5090; x_wconf 90' lang='lat' dir='ltr'><strong>ac</strong></span> 
     </span>
    </p>
   </div>
   <div class='ocr_carea' id='block_1_53' title="bbox 583 5120 2149 5193">
    <p class='ocr_par' dir='ltr' id='par_1_53' title="bbox 583 5120 2149 5193">
     <span class='ocr_line' id='line_1_53' title="bbox 583 5120 2149 5193; baseline 0.003 -19"><span class='ocrx_word' id='word_1_430' title='bbox 583 5120 919 5189; x_wconf 80' lang='lat' dir='ltr'><strong>negligentia.</strong></span> <span class='ocrx_word' id='word_1_431' title='bbox 964 5122 1169 5177; x_wconf 89' lang='lat' dir='ltr'><strong>Dictum</strong></span> <span class='ocrx_word' id='word_1_432' title='bbox 1215 5134 1388 5177; x_wconf 88' lang='lat' dir='ltr'><strong>autem</strong></span> <span class='ocrx_word' id='word_1_433' title='bbox 1437 5124 1642 5193; x_wconf 89' lang='lat' dir='ltr'><strong>accepit</strong></span> <span class='ocrx_word' id='word_1_434' title='bbox 1690 5138 1755 5178; x_wconf 82' lang='lat' dir='ltr'><strong>ex</strong></span> <span class='ocrx_word' id='word_1_435' title='bbox 1800 5124 2149 5179; x_wconf 86' lang='lat' dir='ltr'><strong>Proverbiis:</strong></span> 
     </span>
    </p>
   </div>
   <div class='ocr_carea' id='block_1_54' title="bbox 586 5209 2152 5285">
    <p class='ocr_par' dir='ltr' id='par_1_54' title="bbox 586 5209 2152 5285">
     <span class='ocr_line' id='line_1_54' title="bbox 586 5209 2152 5285; baseline 0.004 -23"><span class='ocrx_word' id='word_1_436' title='bbox 586 5209 692 5263; x_wconf 77' lang='lat' dir='ltr'><strong>Fili</strong></span> <span class='ocrx_word' id='word_1_437' title='bbox 712 5250 725 5271; x_wconf 89' lang='lat'><strong>,</strong></span> <span class='ocrx_word' id='word_1_438' title='bbox 769 5212 959 5281; x_wconf 87' lang='lat' dir='ltr'><strong>inquit,</strong></span> <span class='ocrx_word' id='word_1_439' title='bbox 991 5230 1052 5268; x_wconf 86' lang='lat' dir='ltr'><strong>ne</strong></span> <span class='ocrx_word' id='word_1_440' title='bbox 1076 5214 1337 5284; x_wconf 72' lang='lat' dir='ltr'><strong>pere/ﬂues</strong></span> <span class='ocrx_word' id='word_1_441' title='bbox 1371 5214 1388 5283; x_wconf 95' lang='lat'><strong>(</strong></span> <span class='ocrx_word' id='word_1_442' title='bbox 1419 5213 1571 5267; x_wconf 85' lang='lat' dir='ltr'><strong>Prov.</strong></span> <span class='ocrx_word' id='word_1_443' title='bbox 1606 5215 1657 5269; x_wconf 87' lang='grc'><strong>5.</strong></span> <span class='ocrx_word' id='word_1_444' title='bbox 1684 5215 1745 5268; x_wconf 70' lang='grc'><strong>21</strong></span> <span class='ocrx_word' id='word_1_445' title='bbox 1776 5214 1793 5285; x_wconf 93' lang='grc'>)</span> <span class='ocrx_word' id='word_1_446' title='bbox 1820 5232 1833 5277; x_wconf 87' lang='grc'>;</span> <span class='ocrx_word' id='word_1_447' title='bbox 1864 5215 2152 5269; x_wconf 88' lang='lat' dir='ltr'><strong>ostendens</strong></span> 
     </span>
    </p>
   </div>
   <div class='ocr_carea' id='block_1_55' title="bbox 578 5302 2149 5375">
    <p class='ocr_par' dir='ltr' id='par_1_55' title="bbox 578 5302 2149 5375">
     <span class='ocr_line' id='line_1_55' title="bbox 578 5302 2149 5375; baseline 0.003 -19"><span class='ocrx_word' id='word_1_448' title='bbox 578 5312 631 5356; x_wconf 89' lang='lat' dir='ltr'><strong>et</strong></span> <span class='ocrx_word' id='word_1_449' title='bbox 656 5318 813 5372; x_wconf 88' lang='lat' dir='ltr'><strong>quam</strong></span> <span class='ocrx_word' id='word_1_450' title='bbox 844 5302 1010 5357; x_wconf 82' lang='lat' dir='ltr'><strong>facilis</strong></span> <span class='ocrx_word' id='word_1_451' title='bbox 1038 5305 1107 5358; x_wconf 85' lang='lat' dir='ltr'><strong>sit</strong></span> <span class='ocrx_word' id='word_1_452' title='bbox 1131 5305 1330 5374; x_wconf 87' lang='lat' dir='ltr'><strong>lapsus,</strong></span> <span class='ocrx_word' id='word_1_453' title='bbox 1354 5315 1408 5359; x_wconf 89' lang='lat' dir='ltr'><strong>et</strong></span> <span class='ocrx_word' id='word_1_454' title='bbox 1446 5321 1605 5375; x_wconf 89' lang='lat' dir='ltr'><strong>quam</strong></span> <span class='ocrx_word' id='word_1_455' title='bbox 1653 5306 1831 5375; x_wconf 88' lang='lat' dir='ltr'><strong>gravis</strong></span> <span class='ocrx_word' id='word_1_456' title='bbox 1881 5306 2149 5361; x_wconf 88' lang='lat' dir='ltr'><strong>interitus.</strong></span> 
     </span>
    </p>
   </div>
   <div class='ocr_carea' id='block_1_56' title="bbox 580 5392 2148 5467">
    <p class='ocr_par' dir='ltr' id='par_1_56' title="bbox 580 5392 2148 5467">
     <span class='ocr_line' id='line_1_56' title="bbox 580 5392 2148 5467; baseline 0.004 -21"><span class='ocrx_word' id='word_1_457' title='bbox 580 5392 693 5447; x_wconf 85' lang='lat' dir='ltr'><strong>Hoc</strong></span> <span class='ocrx_word' id='word_1_458' title='bbox 718 5402 799 5446; x_wconf 86' lang='lat' dir='ltr'><strong>est</strong></span> <span class='ocrx_word' id='word_1_459' title='bbox 827 5393 1092 5459; x_wconf 84' lang='lat' dir='ltr'><strong>videlicet,</strong></span> <span class='ocrx_word' id='word_1_460' title='bbox 1128 5396 1268 5465; x_wconf 87' lang='lat' dir='ltr'><strong>quod</strong></span> <span class='ocrx_word' id='word_1_461' title='bbox 1298 5411 1401 5451; x_wconf 91' lang='lat' dir='ltr'><strong>non</strong></span> <span class='ocrx_word' id='word_1_462' title='bbox 1432 5398 1548 5451; x_wconf 85' lang='lat' dir='ltr'><strong>sine</strong></span> <span class='ocrx_word' id='word_1_463' title='bbox 1581 5398 1819 5467; x_wconf 90' lang='lat' dir='ltr'><strong>pcriculo</strong></span> <span class='ocrx_word' id='word_1_464' title='bbox 1862 5408 1946 5455; x_wconf 89' lang='lat' dir='ltr'><strong>est</strong></span> <span class='ocrx_word' id='word_1_465' title='bbox 1972 5439 1988 5464; x_wconf 93' lang='lat'><strong>,</strong></span> <span class='ocrx_word' id='word_1_466' title='bbox 2042 5416 2148 5453; x_wconf 91' lang='lat' dir='ltr'><strong>non</strong></span> 
     </span>
    </p>
   </div>
   <div class='ocr_carea' id='block_1_57' title="bbox 582 5484 2150 5560">
    <p class='ocr_par' dir='ltr' id='par_1_57' title="bbox 582 5484 2150 5560">
     <span class='ocr_line' id='line_1_57' title="bbox 582 5484 2150 5560; baseline 0.006 -23"><span class='ocrx_word' id='word_1_467' title='bbox 582 5484 817 5539; x_wconf 84' lang='lat' dir='ltr'><strong>obedire.</strong></span> <span class='ocrx_word' id='word_1_468' title='bbox 871 5485 936 5539; x_wconf 84' lang='lat' dir='ltr'><strong>Et</strong></span> <span class='ocrx_word' id='word_1_469' title='bbox 984 5502 1079 5557; x_wconf 82' lang='lat' dir='ltr'><strong>per</strong></span> <span class='ocrx_word' id='word_1_470' title='bbox 1108 5502 1167 5540; x_wconf 82' lang='lat' dir='ltr'><strong>ea</strong></span> <span class='ocrx_word' id='word_1_471' title='bbox 1217 5487 1427 5558; x_wconf 89' lang='lat' dir='ltr'><strong>quidem</strong></span> <span class='ocrx_word' id='word_1_472' title='bbox 1475 5506 1594 5560; x_wconf 70' lang='lat' dir='ltr'><strong>qua:</strong></span> <span class='ocrx_word' id='word_1_473' title='bbox 1642 5489 1869 5545; x_wconf 87' lang='lat' dir='ltr'><strong>adstruit</strong></span> <span class='ocrx_word' id='word_1_474' title='bbox 1916 5493 2150 5546; x_wconf 85' lang='lat' dir='ltr'><strong>ostendit</strong></span> 
     </span>
    </p>
   </div>
   <div class='ocr_carea' id='block_1_58' title="bbox 584 5574 2151 5646">
    <p class='ocr_par' dir='ltr' id='par_1_58' title="bbox 584 5574 2151 5646">
     <span class='ocr_line' id='line_1_58' title="bbox 584 5574 2151 5646; baseline 0.008 -22"><span class='ocrx_word' id='word_1_475' title='bbox 584 5574 757 5641; x_wconf 86' lang='lat' dir='ltr'><strong>majus</strong></span> <span class='ocrx_word' id='word_1_476' title='bbox 784 5589 901 5629; x_wconf 89' lang='lat' dir='ltr'><strong>esse</strong></span> <span class='ocrx_word' id='word_1_477' title='bbox 931 5576 1271 5645; x_wconf 85' lang='lat' dir='ltr'><strong>supplicium.</strong></span> <span class='ocrx_word' id='word_1_478' title='bbox 1301 5577 1473 5646; x_wconf 91' lang='lat' dir='ltr'><strong>Ipsum</strong></span> <span class='ocrx_word' id='word_1_479' title='bbox 1500 5590 1673 5635; x_wconf 84' lang='lat' dir='ltr'><strong>autem</strong></span> <span class='ocrx_word' id='word_1_480' title='bbox 1718 5596 1901 5636; x_wconf 90' lang='lat' dir='ltr'><strong>rursus</strong></span> <span class='ocrx_word' id='word_1_481' title='bbox 1934 5582 2151 5636; x_wconf 87' lang='lat' dir='ltr'><strong>dimittit</strong></span> 
     </span>
    </p>
   </div>
   <div class='ocr_carea' id='block_1_59' title="bbox 584 5666 2152 5736">
    <p class='ocr_par' dir='ltr' id='par_1_59' title="bbox 584 5666 2152 5736">
     <span class='ocr_line' id='line_1_59' title="bbox 584 5666 2152 5736; baseline 0.006 -17"><span class='ocrx_word' id='word_1_482' title='bbox 584 5666 989 5736; x_wconf 88' lang='lat' dir='ltr'><strong>inquirendum,</strong></span> <span class='ocrx_word' id='word_1_483' title='bbox 1021 5686 1120 5725; x_wconf 87' lang='lat' dir='ltr'><strong>nec</strong></span> <span class='ocrx_word' id='word_1_484' title='bbox 1162 5672 1450 5727; x_wconf 83' lang='lat' dir='ltr'><strong>concludit.</strong></span> <span class='ocrx_word' id='word_1_485' title='bbox 1501 5674 1611 5729; x_wconf 89' lang='lat' dir='ltr'><strong>lloc</strong></span> <span class='ocrx_word' id='word_1_486' title='bbox 1653 5682 1794 5729; x_wconf 85' lang='lat' dir='ltr'><strong>enim</strong></span> <span class='ocrx_word' id='word_1_487' title='bbox 1838 5684 1921 5731; x_wconf 91' lang='lat' dir='ltr'><strong>est</strong></span> <span class='ocrx_word' id='word_1_488' title='bbox 1975 5676 2152 5730; x_wconf 86' lang='lat' dir='ltr'><strong>minus</strong></span> 
     </span>
    </p>
   </div>
   <div class='ocr_carea' id='block_1_60' title="bbox 584 5758 2150 5839">
    <p class='ocr_par' dir='ltr' id='par_1_60' title="bbox 584 5758 2150 5839">
     <span class='ocr_line' id='line_1_60' title="bbox 584 5758 2150 5839; baseline 0.008 -28"><span class='ocrx_word' id='word_1_489' title='bbox 584 5758 860 5813; x_wconf 72' lang='lat' dir='ltr'><strong>molestam</strong></span> <span class='ocrx_word' id='word_1_490' title='bbox 892 5759 1117 5817; x_wconf 86' lang='lat' dir='ltr'><strong>reddere</strong></span> <span class='ocrx_word' id='word_1_491' title='bbox 1139 5762 1437 5819; x_wconf 89' lang='lat' dir='ltr'><strong>orationem</strong></span> <span class='ocrx_word' id='word_1_492' title='bbox 1461 5805 1475 5832; x_wconf 90' lang='lat'><strong>,</strong></span> <span class='ocrx_word' id='word_1_493' title='bbox 1513 5780 1616 5821; x_wconf 92' lang='lat' dir='ltr'><strong>non</strong></span> <span class='ocrx_word' id='word_1_494' title='bbox 1644 5781 1708 5820; x_wconf 77' lang='lat' dir='ltr'><strong>cx</strong></span> <span class='ocrx_word' id='word_1_495' title='bbox 1740 5782 1797 5822; x_wconf 83' lang='lat' dir='ltr'><strong>sc</strong></span> <span class='ocrx_word' id='word_1_496' title='bbox 1826 5766 2022 5839; x_wconf 82' lang='lat' dir='ltr'><strong>ubique</strong></span> <span class='ocrx_word' id='word_1_497' title='bbox 2067 5768 2150 5823; x_wconf 90' lang='lat' dir='ltr'><strong>in-</strong></span> 
     </span>
    </p>
   </div>
   <div class='ocr_carea' id='block_1_61' title="bbox 2260 472 3845 546">
    <p class='ocr_par' dir='ltr' id='par_1_61' title="bbox 2260 472 3845 546">
     <span class='ocr_line' id='line_1_61' title="bbox 2260 472 3845 546; baseline 0.004 -19"><span class='ocrx_word' id='word_1_498' title='bbox 2260 472 2483 529; x_wconf 81' lang='lat' dir='ltr'><strong>ferendo</strong></span> <span class='ocrx_word' id='word_1_499' title='bbox 2504 472 2786 544; x_wconf 80' lang='lat' dir='ltr'><strong>judicium,</strong></span> <span class='ocrx_word' id='word_1_500' title='bbox 2814 475 2909 529; x_wconf 86' lang='lat' dir='ltr'><strong>sed</strong></span> <span class='ocrx_word' id='word_1_501' title='bbox 2936 472 3287 546; x_wconf 89' lang='lat' dir='ltr'><strong>relinquendo</strong></span> <span class='ocrx_word' id='word_1_502' title='bbox 3312 474 3365 530; x_wconf 91' lang='lat' dir='ltr'><strong>in</strong></span> <span class='ocrx_word' id='word_1_503' title='bbox 3388 482 3653 546; x_wconf 78' lang='lat' dir='ltr'><strong>potestate</strong></span> <span class='ocrx_word' id='word_1_504' title='bbox 3686 479 3845 533; x_wconf 81' lang='lat' dir='ltr'><strong>audi-</strong></span> 
     </span>
    </p>
   </div>
   <div class='ocr_carea' id='block_1_62' title="bbox 2260 562 3847 637">
    <p class='ocr_par' dir='ltr' id='par_1_62' title="bbox 2260 562 3847 637">
     <span class='ocr_line' id='line_1_62' title="bbox 2260 562 3847 637; baseline 0.005 -19"><span class='ocrx_word' id='word_1_505' title='bbox 2260 563 2415 629; x_wconf 86' lang='lat' dir='ltr'><strong>toris,</strong></span> <span class='ocrx_word' id='word_1_506' title='bbox 2444 574 2501 618; x_wconf 92' lang='lat' dir='ltr'><strong>ut</strong></span> <span class='ocrx_word' id='word_1_507' title='bbox 2524 562 2640 635; x_wconf 80' lang='lat' dir='ltr'><strong>ipse</strong></span> <span class='ocrx_word' id='word_1_508' title='bbox 2665 563 2802 620; x_wconf 90' lang='lat' dir='ltr'><strong>ferat</strong></span> <span class='ocrx_word' id='word_1_509' title='bbox 2827 566 3152 621; x_wconf 87' lang='lat' dir='ltr'><strong>sententiam</strong></span> <span class='ocrx_word' id='word_1_510' title='bbox 3185 581 3200 620; x_wconf 91' lang='lat'><strong>:</strong></span> <span class='ocrx_word' id='word_1_511' title='bbox 3229 565 3372 637; x_wconf 89' lang='lat' dir='ltr'><strong>quod</strong></span> <span class='ocrx_word' id='word_1_512' title='bbox 3402 567 3619 637; x_wconf 84' lang='lat' dir='ltr'><strong>quidem</strong></span> <span class='ocrx_word' id='word_1_513' title='bbox 3661 568 3847 626; x_wconf 87' lang='lat' dir='ltr'><strong>reddit</strong></span> 
     </span>
    </p>
   </div>
   <div class='ocr_carea' id='block_1_63' title="bbox 2264 654 3842 726">
    <p class='ocr_par' dir='ltr' id='par_1_63' title="bbox 2264 654 3842 726">
     <span class='ocr_line' id='line_1_63' title="bbox 2264 654 3842 726; baseline 0.006 -19"><span class='ocrx_word' id='word_1_514' title='bbox 2264 656 2434 723; x_wconf 85' lang='lat' dir='ltr'><strong>magis</strong></span> <span class='ocrx_word' id='word_1_515' title='bbox 2462 654 2808 711; x_wconf 77' lang='lat' dir='ltr'><strong>benevolum.</strong></span> <span class='ocrx_word' id='word_1_516' title='bbox 2840 655 2952 712; x_wconf 81' lang='lat' dir='ltr'><strong>Hoc</strong></span> <span class='ocrx_word' id='word_1_517' title='bbox 2983 657 3156 726; x_wconf 91' lang='lat' dir='ltr'><strong>ipsum</strong></span> <span class='ocrx_word' id='word_1_518' title='bbox 3187 667 3365 713; x_wconf 90' lang='lat' dir='ltr'><strong>autem</strong></span> <span class='ocrx_word' id='word_1_519' title='bbox 3394 658 3519 713; x_wconf 87' lang='lat' dir='ltr'><strong>facit</strong></span> <span class='ocrx_word' id='word_1_520' title='bbox 3571 662 3735 715; x_wconf 87' lang='lat' dir='ltr'><strong>etiam</strong></span> <span class='ocrx_word' id='word_1_521' title='bbox 3785 661 3842 717; x_wconf 91' lang='lat' dir='ltr'><strong>in</strong></span> 
     </span>
    </p>
   </div>
   <div class='ocr_carea' id='block_1_64' title="bbox 2263 741 3842 816">
    <p class='ocr_par' dir='ltr' id='par_1_64' title="bbox 2263 741 3842 816">
     <span class='ocr_line' id='line_1_64' title="bbox 2263 741 3842 816; baseline 0.005 -18"><span class='ocrx_word' id='word_1_522' title='bbox 2263 741 2444 799; x_wconf 80' lang='lat' dir='ltr'><strong>Veteri</strong></span> <span class='ocrx_word' id='word_1_523' title='bbox 2472 743 2676 799; x_wconf 84' lang='lat' dir='ltr'><strong>Nathan</strong></span> <span class='ocrx_word' id='word_1_524' title='bbox 2700 745 2982 816; x_wconf 87' lang='lat' dir='ltr'><strong>propheta,</strong></span> <span class='ocrx_word' id='word_1_525' title='bbox 3012 755 3065 801; x_wconf 89' lang='lat' dir='ltr'><strong>et</strong></span> <span class='ocrx_word' id='word_1_526' title='bbox 3088 745 3139 800; x_wconf 92' lang='lat' dir='ltr'><strong>in</strong></span> <span class='ocrx_word' id='word_1_527' title='bbox 3165 746 3416 804; x_wconf 75' lang='lat' dir='ltr'><strong>H‘attham</strong></span> <span class='ocrx_word' id='word_1_528' title='bbox 3457 747 3702 805; x_wconf 88' lang='lat' dir='ltr'><strong>Christus</strong></span> <span class='ocrx_word' id='word_1_529' title='bbox 3752 751 3842 805; x_wconf 88' lang='lat' dir='ltr'><strong>di-</strong></span> 
     </span>
    </p>
   </div>
   <div class='ocr_carea' id='block_1_65' title="bbox 2257 837 3843 911">
    <p class='ocr_par' dir='ltr' id='par_1_65' title="bbox 2257 837 3843 911">
     <span class='ocr_line' id='line_1_65' title="bbox 2257 837 3843 911; baseline 0.003 -18"><span class='ocrx_word' id='word_1_530' title='bbox 2257 851 2426 893; x_wconf 84' lang='lat' dir='ltr'><strong>cens:</strong></span> <span class='ocrx_word' id='word_1_531' title='bbox 2459 837 2593 904; x_wconf 82' lang='lat' dir='ltr'><strong>Quid</strong></span> <span class='ocrx_word' id='word_1_532' title='bbox 2616 838 2765 909; x_wconf 76' lang='lat' dir='ltr'><strong>faciet</strong></span> <span class='ocrx_word' id='word_1_533' title='bbox 2808 838 3045 910; x_wconf 79' lang='lat' dir='ltr'><strong>agricolis</strong></span> <span class='ocrx_word' id='word_1_534' title='bbox 3087 838 3228 893; x_wconf 84' lang='lat' dir='ltr'><strong>illius</strong></span> <span class='ocrx_word' id='word_1_535' title='bbox 3270 840 3431 895; x_wconf 77' lang='lat' dir='ltr'><strong>uinea</strong></span> <span class='ocrx_word' id='word_1_536' title='bbox 3467 839 3698 911; x_wconf 65' lang='lat' dir='ltr'><strong>(Matth.</strong></span> <span class='ocrx_word' id='word_1_537' title='bbox 3745 841 3843 897; x_wconf 69' lang='lat' dir='ltr'><strong>Si.</strong></span> 
     </span>
    </p>
   </div>
   <div class='ocr_carea' id='block_1_66' title="bbox 2258 927 3843 1001">
    <p class='ocr_par' dir='ltr' id='par_1_66' title="bbox 2258 927 3843 1001">
     <span class='ocr_line' id='line_1_66' title="bbox 2258 927 3843 1001; baseline 0.002 -17"><span class='ocrx_word' id='word_1_538' title='bbox 2258 927 2408 999; x_wconf 65' lang='grc' dir='ltr'><strong>ιον</strong></span> <span class='ocrx_word' id='word_1_539' title='bbox 2436 937 2492 985; x_wconf 88' lang='lat' dir='ltr'><strong>et</strong></span> <span class='ocrx_word' id='word_1_540' title='bbox 2522 928 2668 999; x_wconf 87' lang='lat' dir='ltr'><strong>ipsos</strong></span> <span class='ocrx_word' id='word_1_541' title='bbox 2711 943 2911 1001; x_wconf 88' lang='lat' dir='ltr'><strong>cogens</strong></span> <span class='ocrx_word' id='word_1_542' title='bbox 2957 928 3098 987; x_wconf 89' lang='lat' dir='ltr'><strong>ferre</strong></span> <span class='ocrx_word' id='word_1_543' title='bbox 3146 932 3511 986; x_wconf 78' lang='lat' dir='ltr'><strong>sententiam:</strong></span> <span class='ocrx_word' id='word_1_544' title='bbox 3544 930 3647 988; x_wconf 79' lang='lat' dir='ltr'><strong>hoc</strong></span> <span class='ocrx_word' id='word_1_545' title='bbox 3689 933 3843 987; x_wconf 87' lang='lat' dir='ltr'><strong>enim</strong></span> 
     </span>
    </p>
   </div>
   <div class='ocr_carea' id='block_1_67' title="bbox 2253 1022 3837 1089">
    <p class='ocr_par' dir='ltr' id='par_1_67' title="bbox 2253 1022 3837 1089">
     <span class='ocr_line' id='line_1_67' title="bbox 2253 1022 3837 1089; baseline 0 -8"><span class='ocrx_word' id='word_1_546' title='bbox 2253 1036 2333 1081; x_wconf 87' lang='lat' dir='ltr'><strong>est</strong></span> <span class='ocrx_word' id='word_1_547' title='bbox 2355 1027 2589 1080; x_wconf 90' lang='lat' dir='ltr'><strong>maxima</strong></span> <span class='ocrx_word' id='word_1_548' title='bbox 2614 1025 2853 1080; x_wconf 82' lang='lat' dir='ltr'><strong>victoria.</strong></span> <span class='ocrx_word' id='word_1_549' title='bbox 2884 1023 3086 1080; x_wconf 89' lang='lat' dir='ltr'><strong>Deinde</strong></span> <span class='ocrx_word' id='word_1_550' title='bbox 3115 1038 3238 1079; x_wconf 91' lang='lat' dir='ltr'><strong>cum</strong></span> <span class='ocrx_word' id='word_1_551' title='bbox 3282 1022 3539 1089; x_wconf 87' lang='lat' dir='ltr'><strong>dixisset,</strong></span> <span class='ocrx_word' id='word_1_552' title='bbox 3591 1023 3655 1080; x_wconf 85' lang='lat' dir='ltr'><strong>Si</strong></span> <span class='ocrx_word' id='word_1_553' title='bbox 3696 1024 3837 1081; x_wconf 80' lang='lat' dir='ltr'><strong>enim</strong></span> 
     </span>
    </p>
   </div>
   <div class='ocr_carea' id='block_1_68' title="bbox 2251 1113 3841 1187">
    <p class='ocr_par' dir='ltr' id='par_1_68' title="bbox 2251 1113 3841 1187">
     <span class='ocr_line' id='line_1_68' title="bbox 2251 1113 3841 1187; baseline -0.001 -18"><span class='ocrx_word' id='word_1_554' title='bbox 2251 1116 2338 1187; x_wconf 87' lang='lat' dir='ltr'><strong>qui</strong></span> <span class='ocrx_word' id='word_1_555' title='bbox 2363 1133 2453 1186; x_wconf 85' lang='lat' dir='ltr'><strong>per</strong></span> <span class='ocrx_word' id='word_1_556' title='bbox 2478 1115 2683 1186; x_wconf 86' lang='lat' dir='ltr'><strong>angelos</strong></span> <span class='ocrx_word' id='word_1_557' title='bbox 2712 1114 2879 1169; x_wconf 88' lang='lat' dir='ltr'><strong>dictus</strong></span> <span class='ocrx_word' id='word_1_558' title='bbox 2902 1124 2977 1169; x_wconf 91' lang='lat' dir='ltr'><strong>est</strong></span> <span class='ocrx_word' id='word_1_559' title='bbox 3000 1130 3185 1181; x_wconf 84' lang='lat' dir='ltr'><strong>sermo,</strong></span> <span class='ocrx_word' id='word_1_560' title='bbox 3220 1117 3385 1185; x_wconf 77' lang='lat' dir='ltr'><strong>factus</strong></span> <span class='ocrx_word' id='word_1_561' title='bbox 3405 1122 3478 1167; x_wconf 88' lang='lat' dir='ltr'><strong>est</strong></span> <span class='ocrx_word' id='word_1_562' title='bbox 3502 1113 3703 1181; x_wconf 74' lang='lat' dir='ltr'><strong>ﬁrmus,</strong></span> <span class='ocrx_word' id='word_1_563' title='bbox 3728 1130 3841 1169; x_wconf 86' lang='lat' dir='ltr'><strong>non</strong></span> 
     </span>
    </p>
   </div>
   <div class='ocr_carea' id='block_1_69' title="bbox 2253 1201 3840 1277">
    <p class='ocr_par' dir='ltr' id='par_1_69' title="bbox 2253 1201 3840 1277">
     <span class='ocr_line' id='line_1_69' title="bbox 2253 1201 3840 1277; baseline -0.003 -13"><span class='ocrx_word' id='word_1_564' title='bbox 2253 1207 2553 1277; x_wconf 90' lang='lat' dir='ltr'><strong>subjunxit,</strong></span> <span class='ocrx_word' id='word_1_565' title='bbox 2577 1205 2742 1261; x_wconf 74' lang='lat' dir='ltr'><strong>Multo</strong></span> <span class='ocrx_word' id='word_1_566' title='bbox 2768 1206 2937 1276; x_wconf 90' lang='lat' dir='ltr'><strong>magis</strong></span> <span class='ocrx_word' id='word_1_567' title='bbox 2965 1215 3144 1261; x_wconf 86' lang='lat' dir='ltr'><strong>autem</strong></span> <span class='ocrx_word' id='word_1_568' title='bbox 3173 1204 3220 1260; x_wconf 89' lang='lat' dir='ltr'><strong>is</strong></span> <span class='ocrx_word' id='word_1_569' title='bbox 3244 1204 3333 1275; x_wconf 90' lang='lat' dir='ltr'><strong>qui</strong></span> <span class='ocrx_word' id='word_1_570' title='bbox 3380 1219 3480 1275; x_wconf 88' lang='lat' dir='ltr'><strong>per</strong></span> <span class='ocrx_word' id='word_1_571' title='bbox 3524 1201 3840 1269; x_wconf 84' lang='lat' dir='ltr'><strong>Christum;</strong></span> 
     </span>
    </p>
   </div>
   <div class='ocr_carea' id='block_1_70' title="bbox 2254 1294 3843 1368">
    <p class='ocr_par' dir='ltr' id='par_1_70' title="bbox 2254 1294 3843 1368">
     <span class='ocr_line' id='line_1_70' title="bbox 2254 1294 3843 1368; baseline -0.001 -14"><span class='ocrx_word' id='word_1_572' title='bbox 2254 1297 2349 1354; x_wconf 88' lang='lat' dir='ltr'><strong>sed</strong></span> <span class='ocrx_word' id='word_1_573' title='bbox 2375 1299 2477 1354; x_wconf 86' lang='lat' dir='ltr'><strong>hoc</strong></span> <span class='ocrx_word' id='word_1_574' title='bbox 2501 1296 2716 1368; x_wconf 87' lang='lat' dir='ltr'><strong>quidem</strong></span> <span class='ocrx_word' id='word_1_575' title='bbox 2744 1296 2910 1363; x_wconf 91' lang='lat' dir='ltr'><strong>misit,</strong></span> <span class='ocrx_word' id='word_1_576' title='bbox 2941 1295 3079 1351; x_wconf 89' lang='lat' dir='ltr'><strong>dixit</strong></span> <span class='ocrx_word' id='word_1_577' title='bbox 3101 1304 3281 1352; x_wconf 87' lang='lat' dir='ltr'><strong>autem</strong></span> <span class='ocrx_word' id='word_1_578' title='bbox 3312 1294 3455 1362; x_wconf 87' lang='lat' dir='ltr'><strong>quod</strong></span> <span class='ocrx_word' id='word_1_579' title='bbox 3483 1305 3566 1351; x_wconf 88' lang='lat' dir='ltr'><strong>est</strong></span> <span class='ocrx_word' id='word_1_580' title='bbox 3609 1294 3792 1350; x_wconf 90' lang='lat' dir='ltr'><strong>minus</strong></span> <span class='ocrx_word' id='word_1_581' title='bbox 3820 1314 3843 1352; x_wconf 90' lang='lat'><strong>:</strong></span> 
     </span>
    </p>
   </div>
   <div class='ocr_carea' id='block_1_71' title="bbox 2257 1385 3849 1460">
    <p class='ocr_par' dir='ltr' id='par_1_71' title="bbox 2257 1385 3849 1460">
     <span class='ocr_line' id='line_1_71' title="bbox 2257 1385 3849 1460; baseline -0.002 -17"><span class='ocrx_word' id='word_1_582' title='bbox 2257 1387 2525 1455; x_wconf 79' lang='lat' dir='ltr'><strong>Quomodo</strong></span> <span class='ocrx_word' id='word_1_583' title='bbox 2553 1403 2646 1443; x_wconf 90' lang='lat' dir='ltr'><strong>nos</strong></span> <span class='ocrx_word' id='word_1_584' title='bbox 2670 1386 2995 1460; x_wconf 75' lang='lat' dir='ltr'><strong>effugiemus,</strong></span> <span class='ocrx_word' id='word_1_585' title='bbox 3019 1386 3065 1441; x_wconf 92' lang='lat' dir='ltr'><strong>si</strong></span> <span class='ocrx_word' id='word_1_586' title='bbox 3105 1394 3300 1441; x_wconf 85' lang='lat' dir='ltr'><strong>tantam</strong></span> <span class='ocrx_word' id='word_1_587' title='bbox 3343 1385 3715 1455; x_wconf 68' lang='lat' dir='ltr'><strong>neglexerimus</strong></span> <span class='ocrx_word' id='word_1_588' title='bbox 3762 1401 3849 1440; x_wconf 79' lang='lat' dir='ltr'><strong>sa-</strong></span> 
     </span>
    </p>
   </div>
   <div class='ocr_carea' id='block_1_72' title="bbox 2256 1476 3836 1549">
    <p class='ocr_par' dir='ltr' id='par_1_72' title="bbox 2256 1476 3836 1549">
     <span class='ocr_line' id='line_1_72' title="bbox 2256 1476 3836 1549; baseline -0.001 -15"><span class='ocrx_word' id='word_1_589' title='bbox 2256 1480 2458 1535; x_wconf 72' lang='lat' dir='ltr'><strong>lutem!</strong></span> <span class='ocrx_word' id='word_1_590' title='bbox 2484 1478 2619 1535; x_wconf 89' lang='lat' dir='ltr'><strong>Vide</strong></span> <span class='ocrx_word' id='word_1_591' title='bbox 2643 1487 2825 1535; x_wconf 84' lang='lat' dir='ltr'><strong>autem</strong></span> <span class='ocrx_word' id='word_1_592' title='bbox 2847 1477 3118 1549; x_wconf 88' lang='lat' dir='ltr'><strong>quomodo</strong></span> <span class='ocrx_word' id='word_1_593' title='bbox 3153 1476 3314 1534; x_wconf 87' lang='lat' dir='ltr'><strong>faciat</strong></span> <span class='ocrx_word' id='word_1_594' title='bbox 3350 1477 3836 1547; x_wconf 86' lang='lat' dir='ltr'><strong>comparationem.</strong></span> 
     </span>
    </p>
   </div>
   <div class='ocr_carea' id='block_1_73' title="bbox 2257 1565 3850 1640">
    <p class='ocr_par' dir='ltr' id='par_1_73' title="bbox 2257 1565 3850 1640">
     <span class='ocr_line' id='line_1_73' title="bbox 2257 1565 3850 1640; baseline -0.003 -14"><span class='ocrx_word' id='word_1_595' title='bbox 2257 1570 2319 1627; x_wconf 84' lang='lat' dir='ltr'><strong>Si</strong></span> <span class='ocrx_word' id='word_1_596' title='bbox 2344 1572 2477 1625; x_wconf 80' lang='lat' dir='ltr'><strong>enim</strong></span> <span class='ocrx_word' id='word_1_597' title='bbox 2496 1569 2585 1640; x_wconf 87' lang='lat' dir='ltr'><strong>qui</strong></span> <span class='ocrx_word' id='word_1_598' title='bbox 2614 1585 2707 1637; x_wconf 85' lang='lat' dir='ltr'><strong>per</strong></span> <span class='ocrx_word' id='word_1_599' title='bbox 2724 1566 2951 1639; x_wconf 85' lang='lat' dir='ltr'><strong>angelos,</strong></span> <span class='ocrx_word' id='word_1_600' title='bbox 2974 1566 3167 1637; x_wconf 87' lang='lat' dir='ltr'><strong>inquit,</strong></span> <span class='ocrx_word' id='word_1_601' title='bbox 3191 1565 3357 1621; x_wconf 82' lang='lat' dir='ltr'><strong>dictus</strong></span> <span class='ocrx_word' id='word_1_602' title='bbox 3380 1574 3454 1621; x_wconf 91' lang='lat' dir='ltr'><strong>est</strong></span> <span class='ocrx_word' id='word_1_603' title='bbox 3482 1581 3665 1621; x_wconf 78' lang='lat' dir='ltr'><strong>sermo.</strong></span> <span class='ocrx_word' id='word_1_604' title='bbox 3698 1566 3850 1633; x_wconf 80' lang='lat' dir='ltr'><strong>Illic,</strong></span> 
     </span>
    </p>
   </div>
   <div class='ocr_carea' id='block_1_74' title="bbox 2256 1656 3850 1732">
    <p class='ocr_par' dir='ltr' id='par_1_74' title="bbox 2256 1656 3850 1732">
     <span class='ocr_line' id='line_1_74' title="bbox 2256 1656 3850 1732; baseline -0.001 -17"><span class='ocrx_word' id='word_1_605' title='bbox 2256 1659 2362 1715; x_wconf 89' lang='lat' dir='ltr'><strong>Per</strong></span> <span class='ocrx_word' id='word_1_606' title='bbox 2381 1659 2623 1732; x_wconf 81' lang='lat' dir='ltr'><strong>angelos;</strong></span> <span class='ocrx_word' id='word_1_607' title='bbox 2652 1658 2739 1714; x_wconf 85' lang='lat' dir='ltr'><strong>hic</strong></span> <span class='ocrx_word' id='word_1_608' title='bbox 2765 1670 2966 1721; x_wconf 87' lang='lat' dir='ltr'><strong>autem,</strong></span> <span class='ocrx_word' id='word_1_609' title='bbox 2997 1657 3100 1712; x_wconf 84' lang='lat' dir='ltr'><strong>Per</strong></span> <span class='ocrx_word' id='word_1_610' title='bbox 3130 1656 3405 1712; x_wconf 85' lang='lat' dir='ltr'><strong>Dominum</strong></span> <span class='ocrx_word' id='word_1_611' title='bbox 3436 1673 3456 1711; x_wconf 91' lang='lat'><strong><em>:</em></strong></span> <span class='ocrx_word' id='word_1_612' title='bbox 3480 1666 3537 1713; x_wconf 91' lang='lat' dir='ltr'><strong>et</strong></span> <span class='ocrx_word' id='word_1_613' title='bbox 3576 1657 3684 1713; x_wconf 88' lang='lat' dir='ltr'><strong>illic</strong></span> <span class='ocrx_word' id='word_1_614' title='bbox 3719 1658 3850 1728; x_wconf 62' lang='lat' dir='ltr'><strong>quis-</strong></span> 
     </span>
    </p>
   </div>
   <div class='ocr_carea' id='block_1_75' title="bbox 2256 1746 3853 1819">
    <p class='ocr_par' dir='ltr' id='par_1_75' title="bbox 2256 1746 3853 1819">
     <span class='ocr_line' id='line_1_75' title="bbox 2256 1746 3853 1819; baseline -0.003 -12"><span class='ocrx_word' id='word_1_615' title='bbox 2256 1751 2379 1807; x_wconf 91' lang='lat' dir='ltr'><strong>dem</strong></span> <span class='ocrx_word' id='word_1_616' title='bbox 2407 1764 2621 1817; x_wconf 87' lang='lat' dir='ltr'><strong>sermo;</strong></span> <span class='ocrx_word' id='word_1_617' title='bbox 2652 1749 2741 1805; x_wconf 84' lang='lat' dir='ltr'><strong>hic</strong></span> <span class='ocrx_word' id='word_1_618' title='bbox 2767 1758 2943 1804; x_wconf 89' lang='lat' dir='ltr'><strong>autem</strong></span> <span class='ocrx_word' id='word_1_619' title='bbox 2974 1748 3139 1804; x_wconf 88' lang='lat' dir='ltr'><strong>salus.</strong></span> <span class='ocrx_word' id='word_1_620' title='bbox 3170 1747 3372 1804; x_wconf 88' lang='lat' dir='ltr'><strong>Deinde</strong></span> <span class='ocrx_word' id='word_1_621' title='bbox 3400 1762 3469 1802; x_wconf 92' lang='lat' dir='ltr'><strong>ne</strong></span> <span class='ocrx_word' id='word_1_622' title='bbox 3508 1746 3653 1802; x_wconf 89' lang='lat' dir='ltr'><strong>dicat</strong></span> <span class='ocrx_word' id='word_1_623' title='bbox 3690 1746 3853 1819; x_wconf 84' lang='lat' dir='ltr'><strong>quis-</strong></span> 
     </span>
    </p>
   </div>
   <div class='ocr_carea' id='block_1_76' title="bbox 2258 1836 3859 1913">
    <p class='ocr_par' dir='ltr' id='par_1_76' title="bbox 2258 1836 3859 1913">
     <span class='ocr_line' id='line_1_76' title="bbox 2258 1836 3859 1913; baseline -0.002 -16"><span class='ocrx_word' id='word_1_624' title='bbox 2258 1843 2399 1913; x_wconf 87' lang='lat' dir='ltr'><strong>piam</strong></span> <span class='ocrx_word' id='word_1_625' title='bbox 2430 1857 2445 1895; x_wconf 88' lang='lat'><strong>:</strong></span> <span class='ocrx_word' id='word_1_626' title='bbox 2472 1840 2650 1911; x_wconf 75' lang='lat' dir='ltr'><strong>Quid?</strong></span> <span class='ocrx_word' id='word_1_627' title='bbox 2673 1854 2793 1911; x_wconf 73' lang='lat' dir='ltr'><strong>qua:</strong></span> <span class='ocrx_word' id='word_1_628' title='bbox 2815 1848 2871 1894; x_wconf 92' lang='lat' dir='ltr'><strong>tu</strong></span> <span class='ocrx_word' id='word_1_629' title='bbox 2898 1838 3051 1904; x_wconf 88' lang='lat' dir='ltr'><strong>dicis,</strong></span> <span class='ocrx_word' id='word_1_630' title='bbox 3083 1853 3115 1891; x_wconf 97' lang='lat' dir='ltr'><strong>o</strong></span> <span class='ocrx_word' id='word_1_631' title='bbox 3136 1838 3299 1894; x_wconf 84' lang='lat' dir='ltr'><strong>Paule</strong></span> <span class='ocrx_word' id='word_1_632' title='bbox 3316 1879 3332 1904; x_wconf 96' lang='lat'><strong>,</strong></span> <span class='ocrx_word' id='word_1_633' title='bbox 3361 1853 3425 1894; x_wconf 90' lang='lat' dir='ltr'><strong>ea</strong></span> <span class='ocrx_word' id='word_1_634' title='bbox 3450 1847 3575 1894; x_wconf 89' lang='lat' dir='ltr'><strong>sunt</strong></span> <span class='ocrx_word' id='word_1_635' title='bbox 3599 1836 3859 1894; x_wconf 71' lang='lat' dir='ltr'><strong>Christi?</strong></span> 
     </span>
    </p>
   </div>
   <div class='ocr_carea' id='block_1_77' title="bbox 2258 1930 3851 2004">
    <p class='ocr_par' dir='ltr' id='par_1_77' title="bbox 2258 1930 3851 2004">
     <span class='ocr_line' id='line_1_77' title="bbox 2258 1930 3851 2004; baseline 0 -15"><span class='ocrx_word' id='word_1_636' title='bbox 2258 1941 2599 2004; x_wconf 67' lang='lat' dir='ltr'><strong>praeoccupat</strong></span> <span class='ocrx_word' id='word_1_637' title='bbox 2623 1943 2676 1989; x_wconf 88' lang='lat' dir='ltr'><strong>ct</strong></span> <span class='ocrx_word' id='word_1_638' title='bbox 2706 1931 2810 1988; x_wconf 79' lang='lat' dir='ltr'><strong>[ide</strong></span> <span class='ocrx_word' id='word_1_639' title='bbox 2834 1931 3051 2003; x_wconf 90' lang='lat' dir='ltr'><strong>dignum</strong></span> <span class='ocrx_word' id='word_1_640' title='bbox 3084 1931 3134 1985; x_wconf 92' lang='lat' dir='ltr'><strong>id</strong></span> <span class='ocrx_word' id='word_1_641' title='bbox 3161 1930 3433 1995; x_wconf 87' lang='lat' dir='ltr'><strong>ostendit,</strong></span> <span class='ocrx_word' id='word_1_642' title='bbox 3484 1941 3541 1987; x_wconf 93' lang='lat' dir='ltr'><strong>et</strong></span> <span class='ocrx_word' id='word_1_643' title='bbox 3588 1932 3731 2003; x_wconf 91' lang='lat' dir='ltr'><strong>quod</strong></span> <span class='ocrx_word' id='word_1_644' title='bbox 3778 1948 3851 1988; x_wconf 79' lang='lat' dir='ltr'><strong>eu</strong></span> 
     </span>
    </p>
   </div>
   <div class='ocr_carea' id='block_1_78' title="bbox 2258 2024 3849 2095">
    <p class='ocr_par' dir='ltr' id='par_1_78' title="bbox 2258 2024 3849 2095">
     <span class='ocr_line' id='line_1_78' title="bbox 2258 2024 3849 2095; baseline 0.002 -14"><span class='ocrx_word' id='word_1_645' title='bbox 2258 2026 2327 2081; x_wconf 89' lang='lat' dir='ltr'><strong>ab</strong></span> <span class='ocrx_word' id='word_1_646' title='bbox 2356 2025 2450 2081; x_wconf 88' lang='lat' dir='ltr'><strong>illo</strong></span> <span class='ocrx_word' id='word_1_647' title='bbox 2476 2024 2773 2093; x_wconf 86' lang='lat' dir='ltr'><strong>audiverit,</strong></span> <span class='ocrx_word' id='word_1_648' title='bbox 2802 2032 2861 2081; x_wconf 91' lang='lat' dir='ltr'><strong>et</strong></span> <span class='ocrx_word' id='word_1_649' title='bbox 2886 2024 3032 2095; x_wconf 92' lang='lat' dir='ltr'><strong>quod</strong></span> <span class='ocrx_word' id='word_1_650' title='bbox 3064 2038 3127 2080; x_wconf 89' lang='lat' dir='ltr'><strong>ea</strong></span> <span class='ocrx_word' id='word_1_651' title='bbox 3157 2039 3299 2081; x_wconf 93' lang='lat' dir='ltr'><strong>nunc</strong></span> <span class='ocrx_word' id='word_1_652' title='bbox 3327 2040 3358 2080; x_wconf 92' lang='lat' dir='ltr'><strong>a</strong></span> <span class='ocrx_word' id='word_1_653' title='bbox 3391 2024 3503 2082; x_wconf 90' lang='lat' dir='ltr'><strong>Deo</strong></span> <span class='ocrx_word' id='word_1_654' title='bbox 3549 2025 3802 2083; x_wconf 86' lang='lat' dir='ltr'><strong>dicantur</strong></span> <span class='ocrx_word' id='word_1_655' title='bbox 3825 2069 3849 2094; x_wconf 84' lang='lat'><strong>,</strong></span> 
     </span>
    </p>
   </div>
   <div class='ocr_carea' id='block_1_79' title="bbox 2259 2116 3854 2185">
    <p class='ocr_par' dir='ltr' id='par_1_79' title="bbox 2259 2116 3854 2185">
     <span class='ocr_line' id='line_1_79' title="bbox 2259 2116 3854 2185; baseline 0.003 -14"><span class='ocrx_word' id='word_1_656' title='bbox 2259 2132 2367 2173; x_wconf 89' lang='lat' dir='ltr'><strong>non</strong></span> <span class='ocrx_word' id='word_1_657' title='bbox 2414 2116 2587 2172; x_wconf 89' lang='lat' dir='ltr'><strong>solum</strong></span> <span class='ocrx_word' id='word_1_658' title='bbox 2625 2130 2757 2172; x_wconf 80' lang='lat' dir='ltr'><strong>voce</strong></span> <span class='ocrx_word' id='word_1_659' title='bbox 2808 2129 2905 2185; x_wconf 87' lang='lat' dir='ltr'><strong>per</strong></span> <span class='ocrx_word' id='word_1_660' title='bbox 2943 2129 3127 2171; x_wconf 85' lang='lat' dir='ltr'><strong>aerem</strong></span> <span class='ocrx_word' id='word_1_661' title='bbox 3175 2116 3409 2185; x_wconf 87' lang='lat' dir='ltr'><strong>emissa,</strong></span> <span class='ocrx_word' id='word_1_662' title='bbox 3457 2116 3598 2173; x_wconf 89' lang='lat' dir='ltr'><strong>sicut</strong></span> <span class='ocrx_word' id='word_1_663' title='bbox 3642 2117 3854 2175; x_wconf 80' lang='lat' dir='ltr'><strong>factum</strong></span> 
     </span>
    </p>
   </div>
   <div class='ocr_carea' id='block_1_80' title="bbox 2259 2204 3859 2277">
    <p class='ocr_par' dir='ltr' id='par_1_80' title="bbox 2259 2204 3859 2277">
     <span class='ocr_line' id='line_1_80' title="bbox 2259 2204 3859 2277; baseline 0.002 -14"><span class='ocrx_word' id='word_1_664' title='bbox 2259 2215 2344 2263; x_wconf 91' lang='lat' dir='ltr'><strong>est</strong></span> <span class='ocrx_word' id='word_1_665' title='bbox 2382 2206 2436 2262; x_wconf 94' lang='lat' dir='ltr'><strong>in</strong></span> <span class='ocrx_word' id='word_1_666' title='bbox 2470 2206 2648 2274; x_wconf 78' lang='lat' dir='ltr'><strong>Mosa,</strong></span> <span class='ocrx_word' id='word_1_667' title='bbox 2697 2204 2793 2262; x_wconf 85' lang='lat' dir='ltr'><strong>sed</strong></span> <span class='ocrx_word' id='word_1_668' title='bbox 2842 2204 3009 2277; x_wconf 89' lang='lat' dir='ltr'><strong>signis</strong></span> <span class='ocrx_word' id='word_1_669' title='bbox 3050 2220 3169 2276; x_wconf 71' lang='lat' dir='ltr'><strong>qua:</strong></span> <span class='ocrx_word' id='word_1_670' title='bbox 3223 2206 3422 2262; x_wconf 76' lang='lat' dir='ltr'><strong>ﬂebant</strong></span> <span class='ocrx_word' id='word_1_671' title='bbox 3464 2216 3518 2264; x_wconf 91' lang='lat' dir='ltr'><strong>et</strong></span> <span class='ocrx_word' id='word_1_672' title='bbox 3548 2209 3713 2266; x_wconf 88' lang='lat' dir='ltr'><strong>rebus</strong></span> <span class='ocrx_word' id='word_1_673' title='bbox 3761 2218 3859 2266; x_wconf 63' lang='lat' dir='ltr'><strong>te.</strong></span> 
     </span>
    </p>
   </div>
   <div class='ocr_carea' id='block_1_81' title="bbox 2260 2286 3246 2355">
    <p class='ocr_par' dir='ltr' id='par_1_81' title="bbox 2260 2286 3246 2355">
     <span class='ocr_line' id='line_1_81' title="bbox 2260 2286 3246 2355; baseline -0.004 0"><span class='ocrx_word' id='word_1_674' title='bbox 2260 2300 2544 2355; x_wconf 84' lang='lat' dir='ltr'><strong>stantibus.</strong></span> <span class='ocrx_word' id='word_1_675' title='bbox 3240 2286 3246 2291; x_wconf 68' lang='grc'><em>’</em></span> 
     </span>
    </p>
   </div>
   <div class='ocr_carea' id='block_1_82' title="bbox 2332 2388 3861 2463">
    <p class='ocr_par' dir='ltr' id='par_1_82' title="bbox 2332 2388 3861 2463">
     <span class='ocr_line' id='line_1_82' title="bbox 2332 2388 3861 2463; baseline 0.001 -16"><span class='ocrx_word' id='word_1_676' title='bbox 2332 2392 2388 2447; x_wconf 77' lang='grc'><strong>4.</strong></span> <span class='ocrx_word' id='word_1_677' title='bbox 2416 2388 2557 2459; x_wconf 86' lang='lat' dir='ltr'><strong>Quid</strong></span> <span class='ocrx_word' id='word_1_678' title='bbox 2578 2396 2753 2445; x_wconf 86' lang='lat' dir='ltr'><strong>autem</strong></span> <span class='ocrx_word' id='word_1_679' title='bbox 2775 2397 2881 2456; x_wconf 88' lang='lat' dir='ltr'><strong>est,</strong></span> <span class='ocrx_word' id='word_1_680' title='bbox 2912 2388 2974 2445; x_wconf 84' lang='lat' dir='ltr'><strong>Si</strong></span> <span class='ocrx_word' id='word_1_681' title='bbox 2991 2389 3123 2444; x_wconf 89' lang='lat' dir='ltr'><strong>enim</strong></span> <span class='ocrx_word' id='word_1_682' title='bbox 3144 2390 3231 2461; x_wconf 89' lang='lat' dir='ltr'><strong>qui</strong></span> <span class='ocrx_word' id='word_1_683' title='bbox 3251 2408 3341 2462; x_wconf 89' lang='lat' dir='ltr'><strong>per</strong></span> <span class='ocrx_word' id='word_1_684' title='bbox 3358 2391 3565 2463; x_wconf 86' lang='lat' dir='ltr'><strong>angelos</strong></span> <span class='ocrx_word' id='word_1_685' title='bbox 3586 2392 3755 2449; x_wconf 86' lang='lat' dir='ltr'><strong>dictus</strong></span> <span class='ocrx_word' id='word_1_686' title='bbox 3776 2404 3861 2449; x_wconf 69' lang='lat' dir='ltr'><strong>est</strong></span> 
     </span>
    </p>
   </div>
   <div class='ocr_carea' id='block_1_83' title="bbox 2260 2479 3859 2555">
    <p class='ocr_par' dir='ltr' id='par_1_83' title="bbox 2260 2479 3859 2555">
     <span class='ocr_line' id='line_1_83' title="bbox 2260 2479 3859 2555; baseline 0.004 -20"><span class='ocrx_word' id='word_1_687' title='bbox 2260 2497 2446 2548; x_wconf 75' lang='lat' dir='ltr'><strong>sermo,</strong></span> <span class='ocrx_word' id='word_1_688' title='bbox 2472 2479 2641 2550; x_wconf 78' lang='lat' dir='ltr'><strong>factus</strong></span> <span class='ocrx_word' id='word_1_689' title='bbox 2666 2489 2739 2535; x_wconf 88' lang='lat' dir='ltr'><strong>est</strong></span> <span class='ocrx_word' id='word_1_690' title='bbox 2765 2480 2987 2548; x_wconf 73' lang='lat' dir='ltr'><strong>ﬁrmus?</strong></span> <span class='ocrx_word' id='word_1_691' title='bbox 3013 2479 3069 2535; x_wconf 93' lang='lat' dir='ltr'><strong>In</strong></span> <span class='ocrx_word' id='word_1_692' title='bbox 3099 2480 3333 2552; x_wconf 82' lang='lat' dir='ltr'><strong>Epistula</strong></span> <span class='ocrx_word' id='word_1_693' title='bbox 3363 2498 3579 2555; x_wconf 88' lang='lat' dir='ltr'><strong>quoque</strong></span> <span class='ocrx_word' id='word_1_694' title='bbox 3621 2486 3693 2542; x_wconf 86' lang='lat' dir='ltr'><strong>ad</strong></span> <span class='ocrx_word' id='word_1_695' title='bbox 3734 2485 3859 2543; x_wconf 84' lang='lat' dir='ltr'><strong>Ga-</strong></span> 
     </span>
    </p>
   </div>
   <div class='ocr_carea' id='block_1_84' title="bbox 2262 2568 3862 2644">
    <p class='ocr_par' dir='ltr' id='par_1_84' title="bbox 2262 2568 3862 2644">
     <span class='ocr_line' id='line_1_84' title="bbox 2262 2568 3862 2644; baseline 0.003 -15"><span class='ocrx_word' id='word_1_696' title='bbox 2262 2573 2397 2629; x_wconf 84' lang='lat' dir='ltr'><strong>latas</strong></span> <span class='ocrx_word' id='word_1_697' title='bbox 2423 2571 2503 2628; x_wconf 87' lang='lat' dir='ltr'><strong>sic</strong></span> <span class='ocrx_word' id='word_1_698' title='bbox 2526 2570 2658 2627; x_wconf 88' lang='lat' dir='ltr'><strong>dicit</strong></span> <span class='ocrx_word' id='word_1_699' title='bbox 2688 2589 2702 2626; x_wconf 92' lang='lat'><strong>:</strong></span> <span class='ocrx_word' id='word_1_700' title='bbox 2734 2568 2996 2641; x_wconf 85' lang='lat' dir='ltr'><strong>Disposita</strong></span> <span class='ocrx_word' id='word_1_701' title='bbox 3021 2588 3110 2643; x_wconf 84' lang='lat' dir='ltr'><strong>per</strong></span> <span class='ocrx_word' id='word_1_702' title='bbox 3137 2574 3344 2644; x_wconf 86' lang='lat' dir='ltr'><strong>angelos</strong></span> <span class='ocrx_word' id='word_1_703' title='bbox 3385 2575 3439 2628; x_wconf 90' lang='lat' dir='ltr'><strong>in</strong></span> <span class='ocrx_word' id='word_1_704' title='bbox 3468 2592 3623 2629; x_wconf 87' lang='lat' dir='ltr'><strong>manu</strong></span> <span class='ocrx_word' id='word_1_705' title='bbox 3653 2578 3862 2633; x_wconf 79' lang='lat' dir='ltr'><strong>media-</strong></span> 
     </span>
    </p>
   </div>
   <div class='ocr_carea' id='block_1_85' title="bbox 2262 2664 3868 2744">
    <p class='ocr_par' dir='ltr' id='par_1_85' title="bbox 2262 2664 3868 2744">
     <span class='ocr_line' id='line_1_85' title="bbox 2262 2664 3868 2744; baseline 0.002 -23"><span class='ocrx_word' id='word_1_706' title='bbox 2262 2666 2387 2721; x_wconf 88' lang='lat' dir='ltr'><strong>toris</strong></span> <span class='ocrx_word' id='word_1_707' title='bbox 2404 2680 2430 2731; x_wconf 85' lang='lat'><strong>;</strong></span> <span class='ocrx_word' id='word_1_708' title='bbox 2448 2673 2505 2719; x_wconf 88' lang='lat' dir='ltr'><strong>et</strong></span> <span class='ocrx_word' id='word_1_709' title='bbox 2526 2678 2735 2729; x_wconf 84' lang='lat' dir='ltr'><strong>rursus,</strong></span> <span class='ocrx_word' id='word_1_710' title='bbox 2767 2664 3043 2733; x_wconf 81' lang='lat' dir='ltr'><strong>Accepistis</strong></span> <span class='ocrx_word' id='word_1_711' title='bbox 3069 2665 3227 2735; x_wconf 80' lang='lat' dir='ltr'><strong>legem</strong></span> <span class='ocrx_word' id='word_1_712' title='bbox 3252 2666 3307 2720; x_wconf 88' lang='lat' dir='ltr'><strong>in</strong></span> <span class='ocrx_word' id='word_1_713' title='bbox 3332 2666 3671 2738; x_wconf 84' lang='lat' dir='ltr'><strong>dispositione</strong></span> <span class='ocrx_word' id='word_1_714' title='bbox 3692 2686 3868 2744; x_wconf 79' lang='lat' dir='ltr'><strong>ange-</strong></span> 
     </span>
    </p>
   </div>
   <div class='ocr_carea' id='block_1_86' title="bbox 2264 2752 3865 2831">
    <p class='ocr_par' dir='ltr' id='par_1_86' title="bbox 2264 2752 3865 2831">
     <span class='ocr_line' id='line_1_86' title="bbox 2264 2752 3865 2831; baseline 0.004 -19"><span class='ocrx_word' id='word_1_715' title='bbox 2264 2756 2469 2823; x_wconf 81' lang='lat' dir='ltr'><strong>lorum,</strong></span> <span class='ocrx_word' id='word_1_716' title='bbox 2493 2764 2543 2811; x_wconf 84' lang='lat' dir='ltr'><strong>et</strong></span> <span class='ocrx_word' id='word_1_717' title='bbox 2562 2771 2663 2810; x_wconf 86' lang='lat' dir='ltr'><strong>non</strong></span> <span class='ocrx_word' id='word_1_718' title='bbox 2689 2754 2995 2809; x_wconf 83' lang='lat' dir='ltr'><strong>custodiistis</strong></span> <span class='ocrx_word' id='word_1_719' title='bbox 3026 2752 3169 2824; x_wconf 83' lang='lat' dir='ltr'><strong>(Cal.</strong></span> <span class='ocrx_word' id='word_1_720' title='bbox 3200 2756 3256 2811; x_wconf 78' lang='grc'><strong>5.</strong></span> <span class='ocrx_word' id='word_1_721' title='bbox 3285 2756 3374 2813; x_wconf 79' lang='lat' dir='ltr'><strong>l9.</strong></span> <span class='ocrx_word' id='word_1_722' title='bbox 3422 2758 3536 2812; x_wconf 69' lang='lat' dir='ltr'><strong>Act.</strong></span> <span class='ocrx_word' id='word_1_723' title='bbox 3566 2760 3619 2812; x_wconf 85' lang='lat'><strong>7.</strong></span> <span class='ocrx_word' id='word_1_724' title='bbox 3648 2759 3741 2831; x_wconf 77' lang='lat'><strong>55)</strong></span> <span class='ocrx_word' id='word_1_725' title='bbox 3765 2777 3781 2826; x_wconf 86' lang='lat'><strong>;</strong></span> <span class='ocrx_word' id='word_1_726' title='bbox 3804 2771 3865 2818; x_wconf 85' lang='lat' dir='ltr'><strong>et</strong></span> 
     </span>
    </p>
   </div>
   <div class='ocr_carea' id='block_1_87' title="bbox 2266 2844 3866 2921">
    <p class='ocr_par' dir='ltr' id='par_1_87' title="bbox 2266 2844 3866 2921">
     <span class='ocr_line' id='line_1_87' title="bbox 2266 2844 3866 2921; baseline 0.003 -18"><span class='ocrx_word' id='word_1_727' title='bbox 2266 2848 2464 2918; x_wconf 88' lang='lat' dir='ltr'><strong>ubique</strong></span> <span class='ocrx_word' id='word_1_728' title='bbox 2492 2860 2611 2902; x_wconf 89' lang='lat' dir='ltr'><strong>eam</strong></span> <span class='ocrx_word' id='word_1_729' title='bbox 2643 2844 2773 2900; x_wconf 91' lang='lat' dir='ltr'><strong>dicit</strong></span> <span class='ocrx_word' id='word_1_730' title='bbox 2815 2844 2930 2901; x_wconf 88' lang='lat' dir='ltr'><strong>dari</strong></span> <span class='ocrx_word' id='word_1_731' title='bbox 2958 2860 3057 2917; x_wconf 90' lang='lat' dir='ltr'><strong>per</strong></span> <span class='ocrx_word' id='word_1_732' title='bbox 3080 2846 3317 2917; x_wconf 88' lang='lat' dir='ltr'><strong>angelos.</strong></span> <span class='ocrx_word' id='word_1_733' title='bbox 3352 2847 3606 2905; x_wconf 80' lang='lat' dir='ltr'><strong>Nonnulli</strong></span> <span class='ocrx_word' id='word_1_734' title='bbox 3632 2852 3866 2921; x_wconf 87' lang='lat' dir='ltr'><strong>quidem</strong></span> 
     </span>
    </p>
   </div>
   <div class='ocr_carea' id='block_1_88' title="bbox 2267 2937 3870 3010">
    <p class='ocr_par' dir='ltr' id='par_1_88' title="bbox 2267 2937 3870 3010">
     <span class='ocr_line' id='line_1_88' title="bbox 2267 2937 3870 3010; baseline 0.002 -15"><span class='ocrx_word' id='word_1_735' title='bbox 2267 2939 2453 2996; x_wconf 87' lang='lat' dir='ltr'><strong>dicunt</strong></span> <span class='ocrx_word' id='word_1_736' title='bbox 2475 2937 2712 3010; x_wconf 77' lang='lat' dir='ltr'><strong>Moysem</strong></span> <span class='ocrx_word' id='word_1_737' title='bbox 2745 2937 2911 2994; x_wconf 84' lang='lat' dir='ltr'><strong>tacite</strong></span> <span class='ocrx_word' id='word_1_738' title='bbox 2945 2938 3273 3009; x_wconf 78' lang='lat' dir='ltr'><strong>signiﬁcari;</strong></span> <span class='ocrx_word' id='word_1_739' title='bbox 3312 2941 3407 2996; x_wconf 90' lang='lat' dir='ltr'><strong>sed</strong></span> <span class='ocrx_word' id='word_1_740' title='bbox 3438 2956 3546 2997; x_wconf 92' lang='lat' dir='ltr'><strong>non</strong></span> <span class='ocrx_word' id='word_1_741' title='bbox 3593 2951 3681 2998; x_wconf 88' lang='lat' dir='ltr'><strong>est</strong></span> <span class='ocrx_word' id='word_1_742' title='bbox 3723 2958 3870 2999; x_wconf 87' lang='lat' dir='ltr'><strong>con-</strong></span> 
     </span>
    </p>
   </div>
   <div class='ocr_carea' id='block_1_89' title="bbox 2267 3030 3870 3108">
    <p class='ocr_par' dir='ltr' id='par_1_89' title="bbox 2267 3030 3870 3108">
     <span class='ocr_line' id='line_1_89' title="bbox 2267 3030 3870 3108; baseline 0.002 -19"><span class='ocrx_word' id='word_1_743' title='bbox 2267 3042 2581 3089; x_wconf 87' lang='lat' dir='ltr'><strong>sentaneum</strong></span> <span class='ocrx_word' id='word_1_744' title='bbox 2610 3046 2626 3086; x_wconf 91' lang='lat'>:</span> <span class='ocrx_word' id='word_1_745' title='bbox 2650 3031 2851 3087; x_wconf 90' lang='lat' dir='ltr'><strong>multos</strong></span> <span class='ocrx_word' id='word_1_746' title='bbox 2876 3030 3019 3087; x_wconf 91' lang='lat' dir='ltr'><strong>enim</strong></span> <span class='ocrx_word' id='word_1_747' title='bbox 3050 3031 3137 3088; x_wconf 89' lang='lat' dir='ltr'><strong>hic</strong></span> <span class='ocrx_word' id='word_1_748' title='bbox 3163 3032 3296 3088; x_wconf 93' lang='lat' dir='ltr'><strong>dicit</strong></span> <span class='ocrx_word' id='word_1_749' title='bbox 3324 3034 3569 3105; x_wconf 84' lang='lat' dir='ltr'><strong>angelos.</strong></span> <span class='ocrx_word' id='word_1_750' title='bbox 3599 3035 3699 3092; x_wconf 85' lang='lat' dir='ltr'><strong>llic</strong></span> <span class='ocrx_word' id='word_1_751' title='bbox 3722 3054 3870 3108; x_wconf 83' lang='lat' dir='ltr'><strong>quo-</strong></span> 
     </span>
    </p>
   </div>
   <div class='ocr_carea' id='block_1_90' title="bbox 2268 3121 3871 3199">
    <p class='ocr_par' dir='ltr' id='par_1_90' title="bbox 2268 3121 3871 3199">
     <span class='ocr_line' id='line_1_90' title="bbox 2268 3121 3871 3199; baseline 0.006 -24"><span class='ocrx_word' id='word_1_752' title='bbox 2268 3137 2373 3194; x_wconf 90' lang='lat' dir='ltr'><strong>que</strong></span> <span class='ocrx_word' id='word_1_753' title='bbox 2420 3121 2641 3192; x_wconf 77' lang='lat' dir='ltr'><strong>angelos</strong></span> <span class='ocrx_word' id='word_1_754' title='bbox 2679 3135 2775 3177; x_wconf 89' lang='lat' dir='ltr'><strong>eos</strong></span> <span class='ocrx_word' id='word_1_755' title='bbox 2803 3121 2934 3176; x_wconf 90' lang='lat' dir='ltr'><strong>dicit</strong></span> <span class='ocrx_word' id='word_1_756' title='bbox 2961 3122 3053 3191; x_wconf 92' lang='lat' dir='ltr'><strong>qui</strong></span> <span class='ocrx_word' id='word_1_757' title='bbox 3093 3132 3219 3178; x_wconf 92' lang='lat' dir='ltr'><strong>sunt</strong></span> <span class='ocrx_word' id='word_1_758' title='bbox 3262 3123 3317 3177; x_wconf 90' lang='lat' dir='ltr'><strong>in</strong></span> <span class='ocrx_word' id='word_1_759' title='bbox 3364 3124 3521 3182; x_wconf 62' lang='lat' dir='ltr'><strong>caelo.</strong></span> <span class='ocrx_word' id='word_1_760' title='bbox 3551 3124 3691 3193; x_wconf 86' lang='lat' dir='ltr'><strong>Quid</strong></span> <span class='ocrx_word' id='word_1_761' title='bbox 3728 3144 3871 3199; x_wconf 87' lang='lat' dir='ltr'><strong>ergo</strong></span> 
     </span>
    </p>
   </div>
   <div class='ocr_carea' id='block_1_91' title="bbox 2270 3212 3873 3292">
    <p class='ocr_par' dir='ltr' id='par_1_91' title="bbox 2270 3212 3873 3292">
     <span class='ocr_line' id='line_1_91' title="bbox 2270 3212 3873 3292; baseline 0.004 -23"><span class='ocrx_word' id='word_1_762' title='bbox 2270 3214 2397 3269; x_wconf 70' lang='lat' dir='ltr'><strong>est?</strong></span> <span class='ocrx_word' id='word_1_763' title='bbox 2424 3215 2530 3268; x_wconf 77' lang='lat' dir='ltr'><strong>Aut</strong></span> <span class='ocrx_word' id='word_1_764' title='bbox 2552 3212 2866 3285; x_wconf 88' lang='lat' dir='ltr'><strong>decalogum</strong></span> <span class='ocrx_word' id='word_1_765' title='bbox 2912 3212 3044 3268; x_wconf 93' lang='lat' dir='ltr'><strong>dicit</strong></span> <span class='ocrx_word' id='word_1_766' title='bbox 3070 3215 3245 3269; x_wconf 88' lang='lat' dir='ltr'><strong>solum</strong></span> <span class='ocrx_word' id='word_1_767' title='bbox 3280 3233 3294 3269; x_wconf 88' lang='lat'><strong>:</strong></span> <span class='ocrx_word' id='word_1_768' title='bbox 3328 3215 3440 3272; x_wconf 90' lang='lat' dir='ltr'><strong>illic</strong></span> <span class='ocrx_word' id='word_1_769' title='bbox 3468 3218 3611 3273; x_wconf 92' lang='lat' dir='ltr'><strong>enim</strong></span> <span class='ocrx_word' id='word_1_770' title='bbox 3645 3220 3873 3292; x_wconf 69' lang='lat' dir='ltr'><strong>Moyses</strong></span> 
     </span>
    </p>
   </div>
   <div class='ocr_carea' id='block_1_92' title="bbox 2266 3311 3864 3386">
    <p class='ocr_par' dir='ltr' id='par_1_92' title="bbox 2266 3311 3864 3386">
     <span class='ocr_line' id='line_1_92' title="bbox 2266 3311 3864 3386; baseline -0.003 -15"><span class='ocrx_word' id='word_1_771' title='bbox 2266 3314 2606 3386; x_wconf 86' lang='lat' dir='ltr'><strong>loquebatur,</strong></span> <span class='ocrx_word' id='word_1_772' title='bbox 2638 3322 2693 3368; x_wconf 92' lang='lat' dir='ltr'><strong>et</strong></span> <span class='ocrx_word' id='word_1_773' title='bbox 2732 3312 2873 3367; x_wconf 90' lang='lat' dir='ltr'><strong>Deus</strong></span> <span class='ocrx_word' id='word_1_774' title='bbox 2914 3311 3278 3381; x_wconf 88' lang='lat' dir='ltr'><strong>respondebat</strong></span> <span class='ocrx_word' id='word_1_775' title='bbox 3317 3326 3333 3365; x_wconf 91' lang='lat'><strong>:</strong></span> <span class='ocrx_word' id='word_1_776' title='bbox 3364 3320 3456 3363; x_wconf 89' lang='lat' dir='ltr'><strong>aut</strong></span> <span class='ocrx_word' id='word_1_777' title='bbox 3486 3312 3627 3378; x_wconf 83' lang='lat' dir='ltr'><strong>quod</strong></span> <span class='ocrx_word' id='word_1_778' title='bbox 3667 3312 3864 3380; x_wconf 82' lang='lat' dir='ltr'><strong>angeli</strong></span> 
     </span>
    </p>
   </div>
   <div class='ocr_carea' id='block_1_93' title="bbox 2268 3400 3869 3472">
    <p class='ocr_par' dir='ltr' id='par_1_93' title="bbox 2268 3400 3869 3472">
     <span class='ocr_line' id='line_1_93' title="bbox 2268 3400 3869 3472; baseline -0.002 -12"><span class='ocrx_word' id='word_1_779' title='bbox 2268 3404 2517 3460; x_wconf 86' lang='lat' dir='ltr'><strong>adessent</strong></span> <span class='ocrx_word' id='word_1_780' title='bbox 2546 3403 2658 3457; x_wconf 85' lang='lat' dir='ltr'><strong>Deo</strong></span> <span class='ocrx_word' id='word_1_781' title='bbox 2680 3403 2902 3472; x_wconf 85' lang='lat' dir='ltr'><strong>jubente</strong></span> <span class='ocrx_word' id='word_1_782' title='bbox 2928 3418 2943 3455; x_wconf 90' lang='lat'><strong>:</strong></span> <span class='ocrx_word' id='word_1_783' title='bbox 2972 3409 3067 3455; x_wconf 87' lang='lat' dir='ltr'><strong>aut</strong></span> <span class='ocrx_word' id='word_1_784' title='bbox 3087 3401 3202 3456; x_wconf 64' lang='lat' dir='ltr'><strong>hare</strong></span> <span class='ocrx_word' id='word_1_785' title='bbox 3216 3400 3349 3456; x_wconf 90' lang='lat' dir='ltr'><strong>dicit</strong></span> <span class='ocrx_word' id='word_1_786' title='bbox 3367 3400 3436 3456; x_wconf 89' lang='lat' dir='ltr'><strong>de</strong></span> <span class='ocrx_word' id='word_1_787' title='bbox 3457 3401 3709 3455; x_wconf 84' lang='lat' dir='ltr'><strong>omnibus</strong></span> <span class='ocrx_word' id='word_1_788' title='bbox 3734 3416 3869 3471; x_wconf 69' lang='lat' dir='ltr'><strong>qum</strong></span> 
     </span>
    </p>
   </div>
   <div class='ocr_carea' id='block_1_94' title="bbox 2266 3490 3865 3562">
    <p class='ocr_par' dir='ltr' id='par_1_94' title="bbox 2266 3490 3865 3562">
     <span class='ocr_line' id='line_1_94' title="bbox 2266 3490 3865 3562; baseline -0.001 -14"><span class='ocrx_word' id='word_1_789' title='bbox 2266 3492 2405 3549; x_wconf 87' lang='lat' dir='ltr'><strong>dicta</strong></span> <span class='ocrx_word' id='word_1_790' title='bbox 2460 3501 2514 3548; x_wconf 92' lang='lat' dir='ltr'><strong>et</strong></span> <span class='ocrx_word' id='word_1_791' title='bbox 2566 3492 2703 3547; x_wconf 90' lang='lat' dir='ltr'><strong>facta</strong></span> <span class='ocrx_word' id='word_1_792' title='bbox 2748 3501 2872 3546; x_wconf 92' lang='lat' dir='ltr'><strong>sunt</strong></span> <span class='ocrx_word' id='word_1_793' title='bbox 2921 3492 2974 3546; x_wconf 92' lang='lat' dir='ltr'><strong>in</strong></span> <span class='ocrx_word' id='word_1_794' title='bbox 3000 3490 3205 3556; x_wconf 87' lang='lat' dir='ltr'><strong>Veteri,</strong></span> <span class='ocrx_word' id='word_1_795' title='bbox 3252 3490 3396 3562; x_wconf 88' lang='lat' dir='ltr'><strong>quod</strong></span> <span class='ocrx_word' id='word_1_796' title='bbox 3449 3491 3768 3546; x_wconf 89' lang='lat' dir='ltr'><strong>societatem</strong></span> <span class='ocrx_word' id='word_1_797' title='bbox 3807 3493 3865 3547; x_wconf 87' lang='lat' dir='ltr'><strong>in</strong></span> 
     </span>
    </p>
   </div>
   <div class='ocr_carea' id='block_1_95' title="bbox 2270 3581 3861 3653">
    <p class='ocr_par' dir='ltr' id='par_1_95' title="bbox 2270 3581 3861 3653">
     <span class='ocr_line' id='line_1_95' title="bbox 2270 3581 3861 3653; baseline 0.001 -17"><span class='ocrx_word' id='word_1_798' title='bbox 2270 3583 2352 3638; x_wconf 80' lang='lat' dir='ltr'><strong>liis</strong></span> <span class='ocrx_word' id='word_1_799' title='bbox 2396 3582 2684 3637; x_wconf 87' lang='lat' dir='ltr'><strong>habuerint</strong></span> <span class='ocrx_word' id='word_1_800' title='bbox 2733 3581 2931 3653; x_wconf 87' lang='lat' dir='ltr'><strong>angeli.</strong></span> <span class='ocrx_word' id='word_1_801' title='bbox 2972 3582 3253 3648; x_wconf 91' lang='lat' dir='ltr'><strong>Quomodo</strong></span> <span class='ocrx_word' id='word_1_802' title='bbox 3298 3591 3475 3637; x_wconf 88' lang='lat' dir='ltr'><strong>autem</strong></span> <span class='ocrx_word' id='word_1_803' title='bbox 3519 3581 3653 3637; x_wconf 91' lang='lat' dir='ltr'><strong>dicit</strong></span> <span class='ocrx_word' id='word_1_804' title='bbox 3701 3583 3861 3650; x_wconf 84' lang='lat' dir='ltr'><strong>alibi,</strong></span> 
     </span>
    </p>
   </div>
   <div class='ocr_carea' id='block_1_96' title="bbox 2272 3672 3864 3745">
    <p class='ocr_par' dir='ltr' id='par_1_96' title="bbox 2272 3672 3864 3745">
     <span class='ocr_line' id='line_1_96' title="bbox 2272 3672 3864 3745; baseline 0.002 -17"><span class='ocrx_word' id='word_1_805' title='bbox 2272 3675 2423 3743; x_wconf 85' lang='lat' dir='ltr'><strong>Quod</strong></span> <span class='ocrx_word' id='word_1_806' title='bbox 2452 3674 2533 3729; x_wconf 68' lang='lat' dir='ltr'><strong>la:</strong></span> <span class='ocrx_word' id='word_1_807' title='bbox 2556 3674 2676 3728; x_wconf 83' lang='lat' dir='ltr'><strong>data</strong></span> <span class='ocrx_word' id='word_1_808' title='bbox 2704 3676 2803 3745; x_wconf 82' lang='lat' dir='ltr'><strong>fuit</strong></span> <span class='ocrx_word' id='word_1_809' title='bbox 2829 3690 2917 3744; x_wconf 89' lang='lat' dir='ltr'><strong>per</strong></span> <span class='ocrx_word' id='word_1_810' title='bbox 2945 3672 3139 3729; x_wconf 71' lang='lat' dir='ltr'><strong>Mosem</strong></span> <span class='ocrx_word' id='word_1_811' title='bbox 3168 3673 3346 3744; x_wconf 79' lang='lat' dir='ltr'><strong>(Joan.</strong></span> <span class='ocrx_word' id='word_1_812' title='bbox 3383 3675 3436 3729; x_wconf 82' lang='grc'><strong>1.</strong></span> <span class='ocrx_word' id='word_1_813' title='bbox 3470 3674 3558 3739; x_wconf 83' lang='lat' dir='ltr'><strong>l7)</strong></span> <span class='ocrx_word' id='word_1_814' title='bbox 3584 3716 3599 3739; x_wconf 93' lang='lat'><strong>,</strong></span> <span class='ocrx_word' id='word_1_815' title='bbox 3633 3674 3719 3730; x_wconf 84' lang='lat' dir='ltr'><strong>hic</strong></span> <span class='ocrx_word' id='word_1_816' title='bbox 3753 3690 3864 3731; x_wconf 83' lang='lat' dir='ltr'><strong>au-</strong></span> 
     </span>
    </p>
   </div>
   <div class='ocr_carea' id='block_1_97' title="bbox 2269 3763 3862 3836">
    <p class='ocr_par' dir='ltr' id='par_1_97' title="bbox 2269 3763 3862 3836">
     <span class='ocr_line' id='line_1_97' title="bbox 2269 3763 3862 3836; baseline 0.001 -17"><span class='ocrx_word' id='word_1_817' title='bbox 2269 3775 2373 3820; x_wconf 86' lang='lat' dir='ltr'><strong>tem</strong></span> <span class='ocrx_word' id='word_1_818' title='bbox 2405 3778 2502 3835; x_wconf 87' lang='lat' dir='ltr'><strong>per</strong></span> <span class='ocrx_word' id='word_1_819' title='bbox 2542 3765 2798 3836; x_wconf 84' lang='lat' dir='ltr'><strong>augelos‘l</strong></span> <span class='ocrx_word' id='word_1_820' title='bbox 2831 3764 2961 3819; x_wconf 91' lang='lat' dir='ltr'><strong>dicit</strong></span> <span class='ocrx_word' id='word_1_821' title='bbox 2996 3764 3139 3819; x_wconf 88' lang='lat' dir='ltr'><strong>enim</strong></span> <span class='ocrx_word' id='word_1_822' title='bbox 3166 3807 3181 3831; x_wconf 93' lang='lat'><strong>,</strong></span> <span class='ocrx_word' id='word_1_823' title='bbox 3217 3763 3284 3818; x_wconf 82' lang='lat' dir='ltr'><strong>Et</strong></span> <span class='ocrx_word' id='word_1_824' title='bbox 3328 3765 3583 3818; x_wconf 78' lang='lat' dir='ltr'><strong>descendit</strong></span> <span class='ocrx_word' id='word_1_825' title='bbox 3630 3764 3771 3819; x_wconf 84' lang='lat' dir='ltr'><strong>Deus</strong></span> <span class='ocrx_word' id='word_1_826' title='bbox 3804 3768 3862 3821; x_wconf 83' lang='lat' dir='ltr'><strong>in</strong></span> 
     </span>
    </p>
   </div>
   <div class='ocr_carea' id='block_1_98' title="bbox 2264 3853 3862 3926">
    <p class='ocr_par' dir='ltr' id='par_1_98' title="bbox 2264 3853 3862 3926">
     <span class='ocr_line' id='line_1_98' title="bbox 2264 3853 3862 3926; baseline 0.002 -17"><span class='ocrx_word' id='word_1_827' title='bbox 2264 3855 2480 3926; x_wconf 81' lang='lat' dir='ltr'><strong>caligine</strong></span> <span class='ocrx_word' id='word_1_828' title='bbox 2507 3853 2701 3926; x_wconf 64' lang='lat' dir='ltr'><strong>(Exod.</strong></span> <span class='ocrx_word' id='word_1_829' title='bbox 2730 3855 2818 3911; x_wconf 78' lang='lat' dir='ltr'><strong>l9.</strong></span> <span class='ocrx_word' id='word_1_830' title='bbox 2846 3854 2961 3923; x_wconf 67' lang='lat'><strong>20).</strong></span> <span class='ocrx_word' id='word_1_831' title='bbox 2994 3855 3052 3910; x_wconf 89' lang='lat' dir='ltr'><strong>Si</strong></span> <span class='ocrx_word' id='word_1_832' title='bbox 3083 3855 3214 3909; x_wconf 82' lang='lat' dir='ltr'><strong>enim</strong></span> <span class='ocrx_word' id='word_1_833' title='bbox 3235 3856 3320 3925; x_wconf 88' lang='lat' dir='ltr'><strong>qui</strong></span> <span class='ocrx_word' id='word_1_834' title='bbox 3346 3872 3435 3922; x_wconf 86' lang='lat' dir='ltr'><strong>per</strong></span> <span class='ocrx_word' id='word_1_835' title='bbox 3454 3856 3661 3926; x_wconf 88' lang='lat' dir='ltr'><strong>angelos</strong></span> <span class='ocrx_word' id='word_1_836' title='bbox 3685 3856 3862 3912; x_wconf 81' lang='lat' dir='ltr'><strong>dictus</strong></span> 
     </span>
    </p>
   </div>
   <div class='ocr_carea' id='block_1_99' title="bbox 2262 3944 3857 4016">
    <p class='ocr_par' dir='ltr' id='par_1_99' title="bbox 2262 3944 3857 4016">
     <span class='ocr_line' id='line_1_99' title="bbox 2262 3944 3857 4016; baseline 0.003 -17"><span class='ocrx_word' id='word_1_837' title='bbox 2262 3955 2336 3999; x_wconf 76' lang='lat' dir='ltr'><strong>est</strong></span> <span class='ocrx_word' id='word_1_838' title='bbox 2362 3961 2547 4011; x_wconf 81' lang='lat' dir='ltr'><strong>sermo,</strong></span> <span class='ocrx_word' id='word_1_839' title='bbox 2575 3949 2740 4016; x_wconf 81' lang='lat' dir='ltr'><strong>factus</strong></span> <span class='ocrx_word' id='word_1_840' title='bbox 2767 3956 2840 4000; x_wconf 89' lang='lat' dir='ltr'><strong>est</strong></span> <span class='ocrx_word' id='word_1_841' title='bbox 2862 3948 3060 4012; x_wconf 75' lang='lat' dir='ltr'><strong>ﬁrmus.</strong></span> <span class='ocrx_word' id='word_1_842' title='bbox 3086 3944 3224 4012; x_wconf 88' lang='lat' dir='ltr'><strong>Quid</strong></span> <span class='ocrx_word' id='word_1_843' title='bbox 3256 3953 3357 4009; x_wconf 89' lang='lat' dir='ltr'><strong>est,</strong></span> <span class='ocrx_word' id='word_1_844' title='bbox 3382 3944 3591 4001; x_wconf 83' lang='lat' dir='ltr'><strong>Firmus</strong></span> <span class='ocrx_word' id='word_1_845' title='bbox 3608 3947 3639 3999; x_wconf 65' lang='grc' dir='ltr'><em>ἵ</em></span> <span class='ocrx_word' id='word_1_846' title='bbox 3652 3946 3857 4013; x_wconf 86' lang='lat' dir='ltr'><strong>Verus,</strong></span> 
     </span>
    </p>
   </div>
   <div class='ocr_carea' id='block_1_100' title="bbox 2265 4036 3859 4107">
    <p class='ocr_par' dir='ltr' id='par_1_100' title="bbox 2265 4036 3859 4107">
     <span class='ocr_line' id='line_1_100' title="bbox 2265 4036 3859 4107; baseline 0.004 -17"><span class='ocrx_word' id='word_1_847' title='bbox 2265 4046 2323 4090; x_wconf 92' lang='lat' dir='ltr'><strong>ut</strong></span> <span class='ocrx_word' id='word_1_848' title='bbox 2346 4036 2417 4093; x_wconf 86' lang='lat' dir='ltr'><strong>ita</strong></span> <span class='ocrx_word' id='word_1_849' title='bbox 2446 4037 2641 4105; x_wconf 91' lang='lat' dir='ltr'><strong>dicam,</strong></span> <span class='ocrx_word' id='word_1_850' title='bbox 2672 4046 2728 4093; x_wconf 93' lang='lat' dir='ltr'><strong>et</strong></span> <span class='ocrx_word' id='word_1_851' title='bbox 2753 4037 2923 4092; x_wconf 73' lang='lat' dir='ltr'><strong>fidelis</strong></span> <span class='ocrx_word' id='word_1_852' title='bbox 2954 4053 2970 4091; x_wconf 89' lang='lat'><strong>:</strong></span> <span class='ocrx_word' id='word_1_853' title='bbox 3004 4036 3056 4090; x_wconf 88' lang='lat' dir='ltr'><strong>in</strong></span> <span class='ocrx_word' id='word_1_854' title='bbox 3081 4047 3324 4107; x_wconf 90' lang='lat' dir='ltr'><strong>tempore</strong></span> <span class='ocrx_word' id='word_1_855' title='bbox 3348 4038 3693 4093; x_wconf 86' lang='lat' dir='ltr'><strong>convenienti</strong></span> <span class='ocrx_word' id='word_1_856' title='bbox 3721 4054 3859 4096; x_wconf 87' lang='lat' dir='ltr'><strong>eve-</strong></span> 
     </span>
    </p>
   </div>
   <div class='ocr_carea' id='block_1_101' title="bbox 2264 4127 3858 4199">
    <p class='ocr_par' dir='ltr' id='par_1_101' title="bbox 2264 4127 3858 4199">
     <span class='ocr_line' id='line_1_101' title="bbox 2264 4127 3858 4199; baseline 0.003 -18"><span class='ocrx_word' id='word_1_857' title='bbox 2264 4139 2453 4184; x_wconf 89' lang='lat' dir='ltr'><strong>nerunt</strong></span> <span class='ocrx_word' id='word_1_858' title='bbox 2494 4129 2669 4183; x_wconf 88' lang='lat' dir='ltr'><strong>omnia</strong></span> <span class='ocrx_word' id='word_1_859' title='bbox 2704 4145 2823 4199; x_wconf 63' lang='lat' dir='ltr'><strong>qua!</strong></span> <span class='ocrx_word' id='word_1_860' title='bbox 2852 4129 2992 4184; x_wconf 87' lang='lat' dir='ltr'><strong>dicta</strong></span> <span class='ocrx_word' id='word_1_861' title='bbox 3044 4137 3187 4183; x_wconf 89' lang='lat' dir='ltr'><strong>sunt.</strong></span> <span class='ocrx_word' id='word_1_862' title='bbox 3243 4130 3351 4183; x_wconf 89' lang='lat' dir='ltr'><strong>Aut</strong></span> <span class='ocrx_word' id='word_1_863' title='bbox 3394 4127 3497 4182; x_wconf 85' lang='lat' dir='ltr'><strong>hoc</strong></span> <span class='ocrx_word' id='word_1_864' title='bbox 3540 4128 3698 4195; x_wconf 89' lang='lat' dir='ltr'><strong>dicit;</strong></span> <span class='ocrx_word' id='word_1_865' title='bbox 3755 4141 3858 4187; x_wconf 84' lang='lat' dir='ltr'><strong>aut</strong></span> 
     </span>
    </p>
   </div>
   <div class='ocr_carea' id='block_1_102' title="bbox 2260 4219 3856 4288">
    <p class='ocr_par' dir='ltr' id='par_1_102' title="bbox 2260 4219 3856 4288">
     <span class='ocr_line' id='line_1_102' title="bbox 2260 4219 3856 4288; baseline 0.003 -16"><span class='ocrx_word' id='word_1_866' title='bbox 2260 4219 2401 4288; x_wconf 90' lang='lat' dir='ltr'><strong>quod</strong></span> <span class='ocrx_word' id='word_1_867' title='bbox 2428 4219 2533 4273; x_wconf 88' lang='lat' dir='ltr'><strong>vim</strong></span> <span class='ocrx_word' id='word_1_868' title='bbox 2563 4229 2617 4273; x_wconf 93' lang='lat' dir='ltr'><strong>et</strong></span> <span class='ocrx_word' id='word_1_869' title='bbox 2647 4219 2977 4273; x_wconf 85' lang='lat' dir='ltr'><strong>dominatum</strong></span> <span class='ocrx_word' id='word_1_870' title='bbox 3008 4219 3268 4286; x_wconf 91' lang='lat' dir='ltr'><strong>obtinuit,</strong></span> <span class='ocrx_word' id='word_1_871' title='bbox 3309 4228 3361 4273; x_wconf 89' lang='lat' dir='ltr'><strong>et</strong></span> <span class='ocrx_word' id='word_1_872' title='bbox 3401 4219 3559 4273; x_wconf 70' lang='lat' dir='ltr'><strong>mina:</strong></span> <span class='ocrx_word' id='word_1_873' title='bbox 3589 4219 3655 4273; x_wconf 89' lang='lat' dir='ltr'><strong>ad</strong></span> <span class='ocrx_word' id='word_1_874' title='bbox 3701 4219 3856 4277; x_wconf 80' lang='lat' dir='ltr'><strong>effe—</strong></span> 
     </span>
    </p>
   </div>
   <div class='ocr_carea' id='block_1_103' title="bbox 2261 4313 3851 4379">
    <p class='ocr_par' dir='ltr' id='par_1_103' title="bbox 2261 4313 3851 4379">
     <span class='ocr_line' id='line_1_103' title="bbox 2261 4313 3851 4379; baseline 0.003 -12"><span class='ocrx_word' id='word_1_875' title='bbox 2261 4322 2407 4367; x_wconf 90' lang='lat' dir='ltr'><strong>ctum</strong></span> <span class='ocrx_word' id='word_1_876' title='bbox 2429 4324 2553 4369; x_wconf 89' lang='lat' dir='ltr'><strong>sunt</strong></span> <span class='ocrx_word' id='word_1_877' title='bbox 2585 4314 2858 4379; x_wconf 54' lang='lat' dir='ltr'><strong>deducta;</strong></span> <span class='ocrx_word' id='word_1_878' title='bbox 2890 4324 2980 4368; x_wconf 92' lang='lat' dir='ltr'><strong>aut</strong></span> <span class='ocrx_word' id='word_1_879' title='bbox 3008 4328 3315 4368; x_wconf 86' lang='lat' dir='ltr'><strong>sermonem</strong></span> <span class='ocrx_word' id='word_1_880' title='bbox 3340 4313 3471 4368; x_wconf 92' lang='lat' dir='ltr'><strong>dicit</strong></span> <span class='ocrx_word' id='word_1_881' title='bbox 3493 4314 3659 4379; x_wconf 90' lang='lat' dir='ltr'><strong>jussa.</strong></span> <span class='ocrx_word' id='word_1_882' title='bbox 3682 4314 3851 4371; x_wconf 78' lang='lat' dir='ltr'><strong>Multa</strong></span> 
     </span>
    </p>
   </div>
   <div class='ocr_carea' id='block_1_104' title="bbox 2260 4403 3851 4475">
    <p class='ocr_par' dir='ltr' id='par_1_104' title="bbox 2260 4403 3851 4475">
     <span class='ocr_line' id='line_1_104' title="bbox 2260 4403 3851 4475; baseline 0.003 -18"><span class='ocrx_word' id='word_1_883' title='bbox 2260 4403 2401 4457; x_wconf 89' lang='lat' dir='ltr'><strong>enim</strong></span> <span class='ocrx_word' id='word_1_884' title='bbox 2433 4404 2549 4458; x_wconf 89' lang='lat' dir='ltr'><strong>sine</strong></span> <span class='ocrx_word' id='word_1_885' title='bbox 2570 4404 2685 4475; x_wconf 88' lang='lat' dir='ltr'><strong>lege</strong></span> <span class='ocrx_word' id='word_1_886' title='bbox 2710 4404 2983 4473; x_wconf 88' lang='lat' dir='ltr'><strong>jusserunt</strong></span> <span class='ocrx_word' id='word_1_887' title='bbox 3012 4404 3183 4473; x_wconf 87' lang='lat' dir='ltr'><strong>angeli</strong></span> <span class='ocrx_word' id='word_1_888' title='bbox 3212 4419 3241 4457; x_wconf 92' lang='lat' dir='ltr'><strong>a</strong></span> <span class='ocrx_word' id='word_1_889' title='bbox 3272 4404 3380 4459; x_wconf 88' lang='lat' dir='ltr'><strong>Deo</strong></span> <span class='ocrx_word' id='word_1_890' title='bbox 3406 4405 3553 4458; x_wconf 90' lang='lat' dir='ltr'><strong>missi</strong></span> <span class='ocrx_word' id='word_1_891' title='bbox 3583 4421 3596 4456; x_wconf 88' lang='lat'><strong>:</strong></span> <span class='ocrx_word' id='word_1_892' title='bbox 3626 4404 3768 4459; x_wconf 92' lang='lat' dir='ltr'><strong>sicut</strong></span> <span class='ocrx_word' id='word_1_893' title='bbox 3792 4406 3851 4461; x_wconf 81' lang='lat' dir='ltr'><strong>in</strong></span> 
     </span>
    </p>
   </div>
   <div class='ocr_carea' id='block_1_105' title="bbox 2258 4493 3851 4566">
    <p class='ocr_par' dir='ltr' id='par_1_105' title="bbox 2258 4493 3851 4566">
     <span class='ocr_line' id='line_1_105' title="bbox 2258 4493 3851 4566; baseline 0.003 -18"><span class='ocrx_word' id='word_1_894' title='bbox 2258 4494 2377 4549; x_wconf 94' lang='lat' dir='ltr'><strong>loco</strong></span> <span class='ocrx_word' id='word_1_895' title='bbox 2408 4496 2601 4563; x_wconf 91' lang='lat' dir='ltr'><strong>luctus,</strong></span> <span class='ocrx_word' id='word_1_896' title='bbox 2633 4507 2871 4565; x_wconf 90' lang='lat' dir='ltr'><strong>tempore</strong></span> <span class='ocrx_word' id='word_1_897' title='bbox 2894 4496 3141 4550; x_wconf 74' lang='lat' dir='ltr'><strong>iudicum</strong></span> <span class='ocrx_word' id='word_1_898' title='bbox 3172 4496 3221 4548; x_wconf 91' lang='lat' dir='ltr'><strong>in</strong></span> <span class='ocrx_word' id='word_1_899' title='bbox 3252 4496 3531 4550; x_wconf 89' lang='lat' dir='ltr'><strong>Samsone.</strong></span> <span class='ocrx_word' id='word_1_900' title='bbox 3558 4493 3689 4549; x_wconf 82' lang='lat' dir='ltr'><strong>Nam</strong></span> <span class='ocrx_word' id='word_1_901' title='bbox 3721 4513 3851 4566; x_wconf 88' lang='lat' dir='ltr'><strong>pru-</strong></span> 
     </span>
    </p>
   </div>
   <div class='ocr_carea' id='block_1_106' title="bbox 2260 4586 3849 4655">
    <p class='ocr_par' dir='ltr' id='par_1_106' title="bbox 2260 4586 3849 4655">
     <span class='ocr_line' id='line_1_106' title="bbox 2260 4586 3849 4655; baseline 0.003 -16"><span class='ocrx_word' id='word_1_902' title='bbox 2260 4596 2438 4655; x_wconf 88' lang='lat' dir='ltr'><strong>pterea</strong></span> <span class='ocrx_word' id='word_1_903' title='bbox 2470 4602 2575 4643; x_wconf 93' lang='lat' dir='ltr'><strong>non</strong></span> <span class='ocrx_word' id='word_1_904' title='bbox 2606 4586 2773 4652; x_wconf 86' lang='lat' dir='ltr'><strong>dixit,</strong></span> <span class='ocrx_word' id='word_1_905' title='bbox 2803 4587 2912 4642; x_wconf 83' lang='lat' dir='ltr'><strong>Lex</strong></span> <span class='ocrx_word' id='word_1_906' title='bbox 2937 4629 2951 4651; x_wconf 91' lang='lat'><strong>,</strong></span> <span class='ocrx_word' id='word_1_907' title='bbox 2985 4588 3077 4641; x_wconf 88' lang='lat' dir='ltr'><strong>sed</strong></span> <span class='ocrx_word' id='word_1_908' title='bbox 3104 4628 3119 4652; x_wconf 92' lang='lat'><strong>,</strong></span> <span class='ocrx_word' id='word_1_909' title='bbox 3151 4587 3352 4642; x_wconf 86' lang='lat' dir='ltr'><strong>Sermo.</strong></span> <span class='ocrx_word' id='word_1_910' title='bbox 3384 4587 3509 4641; x_wconf 80' lang='lat' dir='ltr'><strong>Mihi</strong></span> <span class='ocrx_word' id='word_1_911' title='bbox 3540 4596 3722 4642; x_wconf 87' lang='lat' dir='ltr'><strong>autem</strong></span> <span class='ocrx_word' id='word_1_912' title='bbox 3756 4588 3849 4644; x_wconf 80' lang='lat' dir='ltr'><strong>hic</strong></span> 
     </span>
    </p>
   </div>
   <div class='ocr_carea' id='block_1_107' title="bbox 2258 4677 3847 4748">
    <p class='ocr_par' dir='ltr' id='par_1_107' title="bbox 2258 4677 3847 4748">
     <span class='ocr_line' id='line_1_107' title="bbox 2258 4677 3847 4748; baseline 0.004 -18"><span class='ocrx_word' id='word_1_913' title='bbox 2258 4679 2424 4746; x_wconf 85' lang='lat' dir='ltr'><strong>magis</strong></span> <span class='ocrx_word' id='word_1_914' title='bbox 2456 4677 2592 4732; x_wconf 86' lang='lat' dir='ltr'><strong>forte</strong></span> <span class='ocrx_word' id='word_1_915' title='bbox 2618 4678 2828 4734; x_wconf 89' lang='lat' dir='ltr'><strong>videtur</strong></span> <span class='ocrx_word' id='word_1_916' title='bbox 2855 4678 3037 4733; x_wconf 91' lang='lat' dir='ltr'><strong>dicere</strong></span> <span class='ocrx_word' id='word_1_917' title='bbox 3078 4693 3138 4733; x_wconf 87' lang='lat' dir='ltr'><strong>ea</strong></span> <span class='ocrx_word' id='word_1_918' title='bbox 3166 4719 3181 4743; x_wconf 95' lang='lat'><strong>,</strong></span> <span class='ocrx_word' id='word_1_919' title='bbox 3210 4694 3331 4747; x_wconf 70' lang='lat' dir='ltr'><strong>qum</strong></span> <span class='ocrx_word' id='word_1_920' title='bbox 3377 4689 3503 4733; x_wconf 86' lang='lat' dir='ltr'><strong>sunt</strong></span> <span class='ocrx_word' id='word_1_921' title='bbox 3530 4678 3847 4748; x_wconf 85' lang='lat' dir='ltr'><strong>dispensata</strong></span> 
     </span>
    </p>
   </div>
   <div class='ocr_carea' id='block_1_108' title="bbox 2259 4768 3843 4840">
    <p class='ocr_par' dir='ltr' id='par_1_108' title="bbox 2259 4768 3843 4840">
     <span class='ocr_line' id='line_1_108' title="bbox 2259 4768 3843 4840; baseline 0.004 -19"><span class='ocrx_word' id='word_1_922' title='bbox 2259 4782 2353 4837; x_wconf 89' lang='lat' dir='ltr'><strong>per</strong></span> <span class='ocrx_word' id='word_1_923' title='bbox 2380 4770 2614 4837; x_wconf 89' lang='lat' dir='ltr'><strong>angelos.</strong></span> <span class='ocrx_word' id='word_1_924' title='bbox 2651 4768 2787 4837; x_wconf 90' lang='lat' dir='ltr'><strong>Quid</strong></span> <span class='ocrx_word' id='word_1_925' title='bbox 2830 4783 2957 4840; x_wconf 87' lang='lat' dir='ltr'><strong>ergo</strong></span> <span class='ocrx_word' id='word_1_926' title='bbox 2993 4769 3274 4825; x_wconf 77' lang='lat' dir='ltr'><strong>dicemus?</strong></span> <span class='ocrx_word' id='word_1_927' title='bbox 3303 4769 3543 4825; x_wconf 86' lang='lat' dir='ltr'><strong>Aderant</strong></span> <span class='ocrx_word' id='word_1_928' title='bbox 3577 4779 3702 4826; x_wconf 90' lang='lat' dir='ltr'><strong>tunc</strong></span> <span class='ocrx_word' id='word_1_929' title='bbox 3739 4787 3843 4827; x_wconf 86' lang='lat' dir='ltr'><strong>an-</strong></span> 
     </span>
    </p>
   </div>
   <div class='ocr_carea' id='block_1_109' title="bbox 2255 4861 3847 4933">
    <p class='ocr_par' dir='ltr' id='par_1_109' title="bbox 2255 4861 3847 4933">
     <span class='ocr_line' id='line_1_109' title="bbox 2255 4861 3847 4933; baseline 0.003 -18"><span class='ocrx_word' id='word_1_930' title='bbox 2255 4861 2358 4931; x_wconf 84' lang='lat' dir='ltr'><strong>geli</strong></span> <span class='ocrx_word' id='word_1_931' title='bbox 2389 4862 2581 4931; x_wconf 91' lang='lat' dir='ltr'><strong>quibus</strong></span> <span class='ocrx_word' id='word_1_932' title='bbox 2613 4870 2738 4917; x_wconf 93' lang='lat' dir='ltr'><strong>tunc</strong></span> <span class='ocrx_word' id='word_1_933' title='bbox 2764 4878 2896 4932; x_wconf 88' lang='lat' dir='ltr'><strong>gens</strong></span> <span class='ocrx_word' id='word_1_934' title='bbox 2946 4863 3117 4917; x_wconf 89' lang='lat' dir='ltr'><strong>fuerat</strong></span> <span class='ocrx_word' id='word_1_935' title='bbox 3161 4863 3364 4917; x_wconf 87' lang='lat' dir='ltr'><strong>credita</strong></span> <span class='ocrx_word' id='word_1_936' title='bbox 3391 4904 3407 4929; x_wconf 96' lang='lat'><strong>,</strong></span> <span class='ocrx_word' id='word_1_937' title='bbox 3444 4873 3498 4918; x_wconf 92' lang='lat' dir='ltr'><strong>et</strong></span> <span class='ocrx_word' id='word_1_938' title='bbox 3544 4864 3644 4933; x_wconf 88' lang='lat' dir='ltr'><strong>ipsi</strong></span> <span class='ocrx_word' id='word_1_939' title='bbox 3697 4864 3847 4921; x_wconf 86' lang='lat' dir='ltr'><strong>tubis</strong></span> 
     </span>
    </p>
   </div>
   <div class='ocr_carea' id='block_1_110' title="bbox 2255 4954 3842 5025">
    <p class='ocr_par' dir='ltr' id='par_1_110' title="bbox 2255 4954 3842 5025">
     <span class='ocr_line' id='line_1_110' title="bbox 2255 4954 3842 5025; baseline 0.001 -17"><span class='ocrx_word' id='word_1_940' title='bbox 2255 4954 2554 5019; x_wconf 86' lang='lat' dir='ltr'><strong>canebant;</strong></span> <span class='ocrx_word' id='word_1_941' title='bbox 2584 4964 2639 5009; x_wconf 92' lang='lat' dir='ltr'><strong>et</strong></span> <span class='ocrx_word' id='word_1_942' title='bbox 2668 4954 2772 5008; x_wconf 85' lang='lat' dir='ltr'><strong>alia</strong></span> <span class='ocrx_word' id='word_1_943' title='bbox 2811 4954 3080 5019; x_wconf 87' lang='lat' dir='ltr'><strong>edebant,</strong></span> <span class='ocrx_word' id='word_1_944' title='bbox 3110 4970 3303 5025; x_wconf 89' lang='lat' dir='ltr'><strong>nempe</strong></span> <span class='ocrx_word' id='word_1_945' title='bbox 3330 4954 3507 5025; x_wconf 89' lang='lat' dir='ltr'><strong>ignem</strong></span> <span class='ocrx_word' id='word_1_946' title='bbox 3532 4996 3545 5018; x_wconf 86' lang='lat'><strong>,</strong></span> <span class='ocrx_word' id='word_1_947' title='bbox 3574 4965 3629 5010; x_wconf 92' lang='lat' dir='ltr'><strong>et</strong></span> <span class='ocrx_word' id='word_1_948' title='bbox 3652 4956 3842 5025; x_wconf 59' lang='lat' dir='ltr'><strong>caligis</strong></span> 
     </span>
    </p>
   </div>
   <div class='ocr_carea' id='block_1_111' title="bbox 2254 5044 3849 5117">
    <p class='ocr_par' dir='ltr' id='par_1_111' title="bbox 2254 5044 3849 5117">
     <span class='ocr_line' id='line_1_111' title="bbox 2254 5044 3849 5117; baseline 0.001 -18"><span class='ocrx_word' id='word_1_949' title='bbox 2254 5060 2397 5100; x_wconf 90' lang='lat' dir='ltr'><strong>nem.</strong></span> <span class='ocrx_word' id='word_1_950' title='bbox 2437 5044 2505 5099; x_wconf 86' lang='lat' dir='ltr'><strong>Et</strong></span> <span class='ocrx_word' id='word_1_951' title='bbox 2532 5047 2695 5100; x_wconf 86' lang='lat' dir='ltr'><strong>omnis</strong></span> <span class='ocrx_word' id='word_1_952' title='bbox 2720 5088 2735 5112; x_wconf 94' lang='lat'><strong>,</strong></span> <span class='ocrx_word' id='word_1_953' title='bbox 2778 5047 2986 5117; x_wconf 88' lang='lat' dir='ltr'><strong>inquit,</strong></span> <span class='ocrx_word' id='word_1_954' title='bbox 3035 5048 3386 5117; x_wconf 61' lang='lat' dir='ltr'><strong>praevaricatio</strong></span> <span class='ocrx_word' id='word_1_955' title='bbox 3428 5058 3474 5100; x_wconf 89' lang='lat' dir='ltr'><strong>et</strong></span> <span class='ocrx_word' id='word_1_956' title='bbox 3502 5047 3849 5102; x_wconf 75' lang='lat' dir='ltr'><strong>inobedicntia</strong></span> 
     </span>
    </p>
   </div>
   <div class='ocr_carea' id='block_1_112' title="bbox 2255 5139 3843 5211">
    <p class='ocr_par' dir='ltr' id='par_1_112' title="bbox 2255 5139 3843 5211">
     <span class='ocr_line' id='line_1_112' title="bbox 2255 5139 3843 5211; baseline 0.004 -21"><span class='ocrx_word' id='word_1_957' title='bbox 2255 5139 2443 5209; x_wconf 86' lang='lat' dir='ltr'><strong>accepit</strong></span> <span class='ocrx_word' id='word_1_958' title='bbox 2479 5141 2674 5209; x_wconf 86' lang='lat' dir='ltr'><strong>justam</strong></span> <span class='ocrx_word' id='word_1_959' title='bbox 2703 5140 2944 5193; x_wconf 85' lang='lat' dir='ltr'><strong>mercedis</strong></span> <span class='ocrx_word' id='word_1_960' title='bbox 2971 5140 3376 5194; x_wconf 86' lang='lat' dir='ltr'><strong>retributionem.</strong></span> <span class='ocrx_word' id='word_1_961' title='bbox 3423 5140 3537 5195; x_wconf 87' lang='lat' dir='ltr'><strong>Non</strong></span> <span class='ocrx_word' id='word_1_962' title='bbox 3575 5142 3689 5196; x_wconf 72' lang='lat' dir='ltr'><strong>lucc</strong></span> <span class='ocrx_word' id='word_1_963' title='bbox 3719 5143 3843 5211; x_wconf 87' lang='lat' dir='ltr'><strong>qui-</strong></span> 
     </span>
    </p>
   </div>
   <div class='ocr_carea' id='block_1_113' title="bbox 2251 5228 3845 5300">
    <p class='ocr_par' dir='ltr' id='par_1_113' title="bbox 2251 5228 3845 5300">
     <span class='ocr_line' id='line_1_113' title="bbox 2251 5228 3845 5300; baseline 0.003 -17"><span class='ocrx_word' id='word_1_964' title='bbox 2251 5228 2398 5295; x_wconf 77' lang='lat' dir='ltr'><strong>dem,</strong></span> <span class='ocrx_word' id='word_1_965' title='bbox 2433 5230 2519 5283; x_wconf 89' lang='lat' dir='ltr'><strong>illa</strong></span> <span class='ocrx_word' id='word_1_966' title='bbox 2543 5239 2721 5284; x_wconf 88' lang='lat' dir='ltr'><strong>autem</strong></span> <span class='ocrx_word' id='word_1_967' title='bbox 2742 5246 3099 5300; x_wconf 87' lang='lat' dir='ltr'><strong>nequaquam,</strong></span> <span class='ocrx_word' id='word_1_968' title='bbox 3127 5230 3223 5285; x_wconf 89' lang='lat' dir='ltr'><strong>sed</strong></span> <span class='ocrx_word' id='word_1_969' title='bbox 3251 5233 3446 5285; x_wconf 87' lang='lat' dir='ltr'><strong>omnis.</strong></span> <span class='ocrx_word' id='word_1_970' title='bbox 3476 5231 3620 5286; x_wconf 85' lang='lat' dir='ltr'><strong>Nihil</strong></span> <span class='ocrx_word' id='word_1_971' title='bbox 3644 5233 3845 5288; x_wconf 89' lang='lat' dir='ltr'><strong>mansit</strong></span> 
     </span>
    </p>
   </div>
   <div class='ocr_carea' id='block_1_114' title="bbox 2253 5320 3839 5392">
    <p class='ocr_par' dir='ltr' id='par_1_114' title="bbox 2253 5320 3839 5392">
     <span class='ocr_line' id='line_1_114' title="bbox 2253 5320 3839 5392; baseline 0.004 -18"><span class='ocrx_word' id='word_1_972' title='bbox 2253 5320 2477 5374; x_wconf 89' lang='lat' dir='ltr'><strong>inultum</strong></span> <span class='ocrx_word' id='word_1_973' title='bbox 2504 5362 2521 5387; x_wconf 96' lang='lat'><strong>,</strong></span> <span class='ocrx_word' id='word_1_974' title='bbox 2565 5321 2657 5376; x_wconf 88' lang='lat' dir='ltr'><strong>sed</strong></span> <span class='ocrx_word' id='word_1_975' title='bbox 2687 5322 2892 5391; x_wconf 79' lang='lat' dir='ltr'><strong>Accepit</strong></span> <span class='ocrx_word' id='word_1_976' title='bbox 2910 5323 3107 5391; x_wconf 85' lang='lat' dir='ltr'><strong>justam</strong></span> <span class='ocrx_word' id='word_1_977' title='bbox 3134 5324 3379 5377; x_wconf 82' lang='lat' dir='ltr'><strong>mercedis</strong></span> <span class='ocrx_word' id='word_1_978' title='bbox 3419 5323 3798 5380; x_wconf 84' lang='lat' dir='ltr'><strong>retributionem</strong></span> <span class='ocrx_word' id='word_1_979' title='bbox 3822 5368 3839 5392; x_wconf 95' lang='lat'><strong>,</strong></span> 
     </span>
    </p>
   </div>
   <div class='ocr_carea' id='block_1_115' title="bbox 2251 5411 3837 5483">
    <p class='ocr_par' dir='ltr' id='par_1_115' title="bbox 2251 5411 3837 5483">
     <span class='ocr_line' id='line_1_115' title="bbox 2251 5411 3837 5483; baseline 0.006 -18"><span class='ocrx_word' id='word_1_980' title='bbox 2251 5411 2303 5465; x_wconf 91' lang='lat' dir='ltr'><strong>id</strong></span> <span class='ocrx_word' id='word_1_981' title='bbox 2333 5422 2436 5475; x_wconf 89' lang='lat' dir='ltr'><strong>cst,</strong></span> <span class='ocrx_word' id='word_1_982' title='bbox 2461 5414 2862 5483; x_wconf 74' lang='lat' dir='ltr'><strong>castigationem</strong></span> <span class='ocrx_word' id='word_1_983' title='bbox 2893 5424 2943 5468; x_wconf 89' lang='lat' dir='ltr'><strong>et</strong></span> <span class='ocrx_word' id='word_1_984' title='bbox 2972 5429 3208 5483; x_wconf 73' lang='lat' dir='ltr'><strong>pmttam.</strong></span> <span class='ocrx_word' id='word_1_985' title='bbox 3235 5416 3343 5471; x_wconf 90' lang='lat' dir='ltr'><strong>Cur</strong></span> <span class='ocrx_word' id='word_1_986' title='bbox 3362 5428 3544 5471; x_wconf 87' lang='lat' dir='ltr'><strong>autem</strong></span> <span class='ocrx_word' id='word_1_987' title='bbox 3572 5418 3649 5473; x_wconf 89' lang='lat' dir='ltr'><strong>sic</strong></span> <span class='ocrx_word' id='word_1_988' title='bbox 3673 5420 3837 5475; x_wconf 77' lang='lat' dir='ltr'><strong>dixit!</strong></span> 
     </span>
    </p>
   </div>
   <div class='ocr_carea' id='block_1_116' title="bbox 2252 5502 3836 5577">
    <p class='ocr_par' dir='ltr' id='par_1_116' title="bbox 2252 5502 3836 5577">
     <span class='ocr_line' id='line_1_116' title="bbox 2252 5502 3836 5577; baseline 0.006 -21"><span class='ocrx_word' id='word_1_989' title='bbox 2252 5502 2325 5556; x_wconf 78' lang='lat' dir='ltr'><strong>Ita</strong></span> <span class='ocrx_word' id='word_1_990' title='bbox 2367 5505 2503 5558; x_wconf 89' lang='lat' dir='ltr'><strong>solet</strong></span> <span class='ocrx_word' id='word_1_991' title='bbox 2542 5505 2735 5558; x_wconf 86' lang='lat' dir='ltr'><strong>Paulus</strong></span> <span class='ocrx_word' id='word_1_992' title='bbox 2763 5505 3057 5559; x_wconf 88' lang='lat' dir='ltr'><strong>dictionum</strong></span> <span class='ocrx_word' id='word_1_993' title='bbox 3091 5522 3196 5561; x_wconf 92' lang='lat' dir='ltr'><strong>non</strong></span> <span class='ocrx_word' id='word_1_994' title='bbox 3225 5522 3473 5577; x_wconf 85' lang='lat' dir='ltr'><strong>magnam</strong></span> <span class='ocrx_word' id='word_1_995' title='bbox 3503 5508 3705 5565; x_wconf 83' lang='lat' dir='ltr'><strong>habere</strong></span> <span class='ocrx_word' id='word_1_996' title='bbox 3749 5526 3836 5565; x_wconf 49' lang='lat' dir='ltr'><strong>ra.</strong></span> 
     </span>
    </p>
   </div>
   <div class='ocr_carea' id='block_1_117' title="bbox 2253 5596 3837 5661">
    <p class='ocr_par' dir='ltr' id='par_1_117' title="bbox 2253 5596 3837 5661">
     <span class='ocr_line' id='line_1_117' title="bbox 2253 5596 3837 5661; baseline 0.007 -13"><span class='ocrx_word' id='word_1_997' title='bbox 2253 5596 2491 5661; x_wconf 88' lang='lat' dir='ltr'><strong>tionem,</strong></span> <span class='ocrx_word' id='word_1_998' title='bbox 2525 5596 2618 5652; x_wconf 89' lang='lat' dir='ltr'><strong>sed</strong></span> <span class='ocrx_word' id='word_1_999' title='bbox 2651 5598 3114 5653; x_wconf 85' lang='lat' dir='ltr'><strong>indiscriminatim</strong></span> <span class='ocrx_word' id='word_1_1000' title='bbox 3160 5602 3320 5655; x_wconf 87' lang='lat' dir='ltr'><strong>etiam</strong></span> <span class='ocrx_word' id='word_1_1001' title='bbox 3368 5602 3419 5656; x_wconf 89' lang='lat' dir='ltr'><strong>in</strong></span> <span class='ocrx_word' id='word_1_1002' title='bbox 3469 5602 3630 5658; x_wconf 87' lang='lat' dir='ltr'><strong>rebus</strong></span> <span class='ocrx_word' id='word_1_1003' title='bbox 3679 5603 3837 5659; x_wconf 86' lang='lat' dir='ltr'><strong>bonis</strong></span> 
     </span>
    </p>
   </div>
   <div class='ocr_carea' id='block_1_118' title="bbox 2253 5691 3837 5762">
    <p class='ocr_par' dir='ltr' id='par_1_118' title="bbox 2253 5691 3837 5762">
     <span class='ocr_line' id='line_1_118' title="bbox 2253 5691 3837 5762; baseline 0.006 -19"><span class='ocrx_word' id='word_1_1004' title='bbox 2253 5703 2452 5758; x_wconf 89' lang='lat' dir='ltr'><strong>ponere</strong></span> <span class='ocrx_word' id='word_1_1005' title='bbox 2480 5704 2541 5744; x_wconf 90' lang='lat' dir='ltr'><strong>ea</strong></span> <span class='ocrx_word' id='word_1_1006' title='bbox 2570 5706 2689 5760; x_wconf 70' lang='lat' dir='ltr'><strong>qua:</strong></span> <span class='ocrx_word' id='word_1_1007' title='bbox 2719 5691 2914 5745; x_wconf 84' lang='lat' dir='ltr'><strong>malam</strong></span> <span class='ocrx_word' id='word_1_1008' title='bbox 2942 5692 3140 5748; x_wconf 86' lang='lat' dir='ltr'><strong>habent</strong></span> <span class='ocrx_word' id='word_1_1009' title='bbox 3169 5694 3619 5762; x_wconf 76' lang='lat' dir='ltr'><strong>signiﬁcationem</strong></span> <span class='ocrx_word' id='word_1_1010' title='bbox 3649 5713 3662 5750; x_wconf 90' lang='lat'><strong>:</strong></span> <span class='ocrx_word' id='word_1_1011' title='bbox 3694 5697 3837 5753; x_wconf 88' lang='lat' dir='ltr'><strong>sicut</strong></span> 
     </span>
    </p>
   </div>
   <div class='ocr_carea' id='block_1_119' title="bbox 2248 5781 3837 5862">
    <p class='ocr_par' dir='ltr' id='par_1_119' title="bbox 2248 5781 3837 5862">
     <span class='ocr_line' id='line_1_119' title="bbox 2248 5781 3837 5862; baseline 0.008 -26"><span class='ocrx_word' id='word_1_1012' title='bbox 2248 5781 2409 5839; x_wconf 88' lang='lat' dir='ltr'><strong>etiam</strong></span> <span class='ocrx_word' id='word_1_1013' title='bbox 2438 5782 2567 5841; x_wconf 88' lang='lat' dir='ltr'><strong>dicit</strong></span> <span class='ocrx_word' id='word_1_1014' title='bbox 2593 5784 2742 5852; x_wconf 86' lang='lat' dir='ltr'><strong>alibi,</strong></span> <span class='ocrx_word' id='word_1_1015' title='bbox 2775 5784 2841 5840; x_wconf 88' lang='lat' dir='ltr'><strong>In</strong></span> <span class='ocrx_word' id='word_1_1016' title='bbox 2862 5788 3201 5857; x_wconf 78' lang='lat' dir='ltr'><strong>captivitatem</strong></span> <span class='ocrx_word' id='word_1_1017' title='bbox 3225 5790 3505 5862; x_wconf 84' lang='lat' dir='ltr'><strong>redigentcs</strong></span> <span class='ocrx_word' id='word_1_1018' title='bbox 3536 5808 3737 5847; x_wconf 83' lang='lat' dir='ltr'><strong>onmem</strong></span> <span class='ocrx_word' id='word_1_1019' title='bbox 3758 5794 3837 5848; x_wconf 56' lang='lat' dir='ltr'><strong>in.</strong></span> 
     </span>
    </p>
   </div>
  </div>
