4046 6440
582 428 654 485 33
1310 430 1367 486 S.
1405 426 1689 485 JOANMS
1724 417 2210 483 ειιιιῖεοδτοιιι
2248 415 2568 476 ΔΒΕΙΠΕΡ.
2604 420 3156 481 CONSTANTINOP.
3754 432 3830 489 δι

584 549 775 625 φησὶν,
812 548 1259 621 ἐκφευξόμεθα,
1313 546 1678 614 τηλικαύτης
1743 541 2161 611 ἀμελήσαντες

580 634 914 700 σωτηρίας;
942 633 1041 684 Διὰ
1072 629 1185 704 [52]
1219 626 1408 681 τούτου
1443 628 1733 696 ἐδήλωσεν,
1761 629 1843 682 ὅτι
1878 629 1940 680 ού
1984 626 2153 696 πολλή

583 732 664 779 τις
694 710 761 786 ἦν
791 716 971 783 ἐκείνη
1000 714 1031 782 ἡ
1063 710 1323 781 σωτηρία.
1348 710 1546 773 Καλῶς
1569 710 1628 763 δὲ
1655 710 1747 763 καὶ
1767 710 1850 774 τὸ,
1876 708 2153 780 Τηλικαύ-

584 816 705 869 της,
730 795 1092 868 προσέθηκεν.
1117 790 1195 847 Οὐ
1228 793 1338 863 γὰρ
1398 794 1463 844 ἐκ
1498 792 1767 862 πολέμων,
1799 794 1983 862 φησιν,
2011 795 2161 863 ἡμᾶς

583 879 837 934 διασώσει
887 876 1005 941 νῦν,
1034 876 1157 929 ούδέ
1189 876 1289 947 τὴν
1321 875 1425 943 γῆν
1455 876 1549 928 καὶ
1574 876 1642 929 τὰ
1698 876 1757 928 ἐν
1788 878 1855 946 τῇ
1884 878 1954 945 γῇ
1980 873 2161 943 ἀγαθά

583 961 829 1031 παρέξει,
877 957 1013 1015 ἀλλά
1053 959 1289 1012 θανάτου
1334 956 1635 1020 κατάλυσις
1660 956 1834 1021 ἔσται,
1874 956 2009 1010 ἀλλά
2046 956 2162 1011 δια-

584 1043 740 1097 ϐόλου
791 1041 1059 1109 ἀπώλεια,
1112 1040 1227 1093 ἀλλ’
1280 1039 1529 1111 οὐρανῶν
1571 1039 1840 1109 βασιλεία,
1883 1039 2022 1092 άλλά
2048 1039 2161 1109 ζωὴ

582 1127 824 1190 αίώνιος.
848 1124 1036 1179 Ταῦτα
1074 1124 1181 1194 γάρ
1208 1123 1387 1174 πάντα
1414 1123 1473 1175 ἐν
1512 1123 1761 1193 συντόμῳ
1797 1123 2056 1195 ἐνέφηνεν
2086 1126 2163 1175 εί-

584 1210 724 1278 πὼν,
764 1210 1135 1278 Τηλικαύτης
1174 1204 1597 1274 ἀμελήσαντες
1652 1207 1973 1275 σωτηρίας.
2027 1203 2162 1260 Εἶτα

585 1296 678 1348 καὶ
710 1293 775 1346 τὸ
806 1292 1119 1358 ἀξιόπιστον
1162 1290 1397 1357 ἐπάγει·
1437 1289 1603 1357 Ἥτις
1647 1290 1846 1360 ἀρχὴν
1887 1290 2162 1344 λαϐοῦσα

583 1376 897 1431 λαλεῖσθαι
926 1374 1025 1429 διὰ
1057 1374 1163 1441 τοῦ
1207 1374 1431 1440 Κυρίου
1459 1389 1473 1404 ·
1513 1376 1784 1441 τουτέστι,
1810 1376 1939 1444 παρ’
1994 1374 2163 1443 αὐτῆς

583 1460 682 1529 τῆς
713 1458 894 1529 πηγῆς
950 1456 1077 1527 ἔσχε
1128 1456 1227 1527 τὴν
1272 1458 1482 1527 ἀρχήν·
1518 1457 1616 1509 οὐκ
1663 1456 1951 1527 ἄνθρωπος
1992 1457 2162 1525 αὐτὴν

583 1539 1009 1610 διεπόρθμευσεν
1042 1541 1121 1601 είς
1142 1538 1240 1609 τὴν
1270 1541 1396 1609 γῆν,
1427 1538 1487 1591 οὑ
1518 1538 1710 1606 κτιστὴ
1756 1538 2010 1608 δύναμις,
2040 1539 2161 1592 ἀλλ’

582 1624 741 1687 αὐτὸς
770 1626 798 1676 6
824 1624 1153 1693 Μονογενης.
1173 1623 1185 1640 '
1199 1622 1319 1674 Υπὸ
1340 1620 1459 1675 τῶν
1476 1622 1875 1675 ἀκουσάντων
1902 1624 1989 1687 εις
2007 1618 2164 1689 ἡμᾶς

582 1704 915 1773 ἐϐεϐαιώθη.
963 1704 1028 1759 Τί
1078 1706 1246 1764 ἐστιν.
1292 1703 1679 1773 Ἑϐεϐαιὼθη;
1724 1705 2076 1775 Ἐπιστεύθη,
2127 1707 2161 1775 ἦ

584 1789 783 1859 ἐξέϐη·
812 1789 905 1841 τὸν
956 1787 1067 1859 γὰρ
1096 1789 1418 1860 ἀρραϐῶνα,
1456 1788 1643 1859 φησὶν,
1715 1790 1912 1860 ἔχομεν
1937 1806 1951 1821 ·
2005 1808 2163 1843 τουτ-

591 1876 767 1936 ἐστιν,
795 1874 894 1925 οὐκ
920 1872 1173 1941 ἐσϐέσθη,
1206 1873 1307 1926 οὐκ
1336 1872 1546 1943 ἔληξεν,
1570 1872 1707 1927 άλλά
1733 1877 1929 1945 κρατεῖ
1949 1877 2041 1928 καὶ
2068 1890 2164 1927 πε-

584 1956 871 2028 ριγίνεται.
911 1957 984 2009 T6
1016 1955 1074 2008 δὲ
1104 1955 1296 2023 αῖτιον,
1331 1958 1364 2027 ἡ
1396 1956 1515 2009 θεία
1542 1955 1772 2028 δύναμις
1824 1957 2058 2028 ἐνεργεῖ.
2097 1958 2161 2010 Τί

582 2046 753 2104 ἐστιν,
794 2040 940 2093 ’Υπὸ
966 2037 1087 2092 τῶν
1108 2040 1542 2103 ἀκουσάντων;
1569 2040 1881 2106 Τουτέστιν,
1916 2042 1967 2093 οῖ
2009 2042 2161 2111 παρά

583 2124 675 2178 τοῦ
707 2125 913 2196 Κυρίου
936 2124 1269 2187 ἀκούσαντες
1289 2126 1444 2180 αὐτοὶ
1462 2128 1610 2197 ἡμᾶς
1627 2126 1979 2181 ἐϐεϐαίωσαν.
2002 2130 2162 2197 Μέγα

580 2207 855 2261 τοῦτοκαὶ
894 2198 1226 2273 ἅξιόπιστον.
1257 2210 1435 2278 Ὅπερ
1480 2210 1575 2262 καὶ
1618 2210 1836 2275 Λουκᾶς
1889 2229 2054 2283 φησιν
2100 2214 2160 2264 ἐν

581 2292 725 2361 ἀρχῇ
764 2290 857 2343 τοῦ
892 2289 1225 2359 Εὑαγγελίου
1247 2306 1261 2321 ·
1296 2290 1502 2357 Καθὼς
1540 2292 1885 2359 παρέδοσαν
1914 2293 2059 2363 ἡμῖν
2106 2296 2160 2347 οί

581 2375 685 2430 ἀπ’
721 2374 912 2445 ἀρχῆς
950 2378 1240 2430 αὐτόπται
1265 2377 1365 2430 καὶ
1393 2376 1682 2445 ὑπηρέται
1714 2381 2020 2448 γενόμενοι
2054 2378 2160 2433 τοῦ

581 2461 789 2527 λόγου.
814 2460 937 2522 Πῶς
956 2455 1049 2512 οὖν
1078 2460 1384 2530 ἐϐεϐαιώθη
1410 2478 1423 2525 ;
1450 2463 1504 2514 τί
1533 2456 1647 2523 οὖν,
1669 2463 1719 2514 εί
1750 2464 1799 2515 οί
1828 2462 2159 2526 ἀκούσαντες

582 2542 841 2606 ἔπλασαν,
875 2543 1037 2613 φησί;
1066 2543 1239 2596 Τοῦτο
1263 2544 1441 2597 τοίνυν
1469 2544 1731 2614 ἀναιρῶν,
1790 2545 1885 2597 καὶ
1943 2546 2158 2609 δεικνὺς

581 2626 681 2678 οὐκ
736 2625 1083 2695 ἀνθρωπίνην
1113 2626 1212 2696 τὴν
1239 2626 1422 2697 χάριν,
1479 2628 1746 2697 ἐπήγαγε,
1783 2631 2155 2698 Συνεπιμιιρ-

582 2708 905 2775 τυρῶντος
938 2707 1043 2761 τοῦ
1094 2708 1264 2764 Θεοῦ.
1296 2711 1409 2762 Οὐκ
1458 2710 1525 2764 ἂν
1562 2713 1690 2781 γὰρ,
1736 2712 1783 2763 εί
1833 2712 2093 2779 ἔπλασαν,
2130 2714 2158 2765 ό

583 2790 715 2853 Θεὸς
742 2790 927 2854 αὐτοῖς
964 2792 1336 2862 ἐμαρτύρησε.
1363 2794 1724 2865 Μαρτυροῦσι
1761 2796 1861 2866 μὲν
1890 2797 2153 2861 κάκεῖνοι,

586 2877 855 2944 μαρτυρεῖ
898 2874 956 2927 δὲ
1011 2878 1106 2929 καὶ
1137 2878 1165 2929 ό
1190 2876 1344 2932 Θεόε.
1378 2879 1503 2941 Πῶς
1539 2883 1835 2951 μαρτυρεῖ;
1868 2882 1942 2935 Ού
1989 2880 2153 2953 λόγῳ,

584 2957 707 3010 οὐδε
738 2960 927 3029 φωνῇ·
974 2953 1043 3028 ἦν
1081 2959 1179 3030 μὲν
1234 2961 1341 3031 γὰρ
1400 2963 1687 3017 καὶτοῦτο
1736 2966 1967 3018 πιστόν·
2020 2965 2156 3019 ἀλλά

584 3039 734 3105 πῶς;
765 3040 1041 3108 Σημείοις
1090 3041 1190 3094 καὶ
1240 3042 1447 3111 τέρασι
1494 3046 1591 3098 καί
1632 3049 1935 3114 ποικίλαις
1972 3048 2154 3102 δυνά-

581 3138 737 3192 μεσι.
774 3122 967 3185 Καλῶς
990 3124 1070 3187 τὸ,
1104 3126 1411 3193 Ποικίλαις
1440 3128 1734 3198 δυνάμεσι
1753 3171 1767 3195 ,
1796 3131 2027 3196 τέθεικε,
2056 3132 2154 3202 τὴν

583 3204 845 3274 ἀφθονίαν
879 3206 986 3260 τῶν
1009 3209 1367 3278 χαρισμάτων
1399 3210 1575 3281 δηλῶν
1600 3230 1613 3243 ·
1671 3216 1804 3284 ὅπερ
1831 3217 1891 3267 οὐ
1924 3217 2153 3284 γεγένηι

582 3304 673 3341 ται
705 3289 797 3341 ἐπὶ
841 3287 951 3341 τῶν
999 3290 1302 3360 προτέρων,
1356 3292 1476 3346 οὐδὲ
1507 3294 1742 3349 τοσαῦτα
1790 3302 2011 3368 σημεῖα,
2060 3301 2155 3352 καὶ

582 3371 727 3424 οὕτω
759 3370 1014 3441 διάφορα.
1046 3372 1359 3437 Τουτέστιν,
1394 3376 1492 3445 οὐχ
1522 3376 1708 3441 ἁπλῶς
1753 3380 2153 3451 ἐπιστεύσαμεν

581 3454 833 3517 ἐκείνοις,
865 3454 999 3508 ἀλλὰ
1034 3454 1124 3507 διὰ
1147 3456 1393 3526 σημείων
1424 3459 1517 3511 καὶ
1555 3460 1820 3530 τεράτων.
1854 3462 2011 3513 Ὥστε
2055 3464 2152 3515 οὐκ

584 3539 815 3600 ἐκείνοις
841 3536 1191 3608 πιστεύομεν,
1214 3538 1329 3592 ἀλλ’
1358 3540 1506 3612 αύτῷ
1549 3544 1631 3611 τῷ
1659 3544 1797 3615 Θεῷ.
1831 3545 1939 3599 Καὶ
1966 3549 2153 3599 Πνεύ-

581 3637 767 3691 ματος
793 3622 966 3691 ἁγίου
991 3624 1327 3691 μερισμοῖς,
1347 3628 1497 3678 κατὰ
1516 3626 1631 3695 τὴν
1655 3629 1842 3683 αὐτοῦ
1877 3628 2149 3696 θέλησιν.

590 3705 657 3758 Τί
683 3701 794 3770 οὖν,
827 3706 907 3758 ὅτι
944 3708 1033 3757 καὶ
1069 3706 1265 3775 γόητες
1296 3710 1498 3777 σημεῖα
1527 3710 1761 3777 ποιοῦσι,
1790 3712 1883 3765 καὶ
1908 3713 2151 3767 Ἰουδαῖοι

585 3790 645 3841 ἐν
670 3788 994 3851 Βεελζεϐοὺλ
1025 3787 1209 3857 ἔλεγον
1240 3790 1400 3842 αὐτὸν
1438 3791 1724 3847 ἐκϐάλλειν
1768 3795 1836 3847 τά
1862 3796 2149 3866 δαιμόνια;

598 3871 738 3925 Ἀλλ’
790 3872 849 3924 ού
887 3870 1110 3923 τοιαῦτα
1156 3873 1369 3925 ποιοῦσι
1405 3880 1641 3945 σημεῖα·
1678 3876 1768 3931 διὰ
1814 3878 1972 3932 τοῦτο
2006 3876 2149 3943 εἷπε,

583 3955 895 4020 ιιοικίλαις
921 3954 1276 4024 δυνάμεσιν.
1314 3957 1528 4011 Ἐκεῖνα
1548 3960 1655 4031 γάρ
1679 3962 1740 4015 ού
1760 3961 2010 4033 δύναμις,
2036 3965 2149 4017 ἀλλ’

581 4039 836 4093 ἀσθένεια
868 4040 963 4091 καὶ
1003 4040 1273 4108 φαντασία
1296 4042 1389 4094 καὶ
1424 4042 1647 4096 διάκενα
1690 4046 2011 4115 πράγματα.
2052 4049 2151 4101 Διὰ

586 4119 701 4195 [55]
735 4123 890 4176 τοῦτο
920 4120 1059 4186 εἷπε,
1087 4123 1431 4192 Πνεύματος
1457 4126 1628 4195 ἁγίου
1653 4129 1966 4198 μερισμοῖς
2003 4132 2151 4184 κατὰ

584 4206 698 4276 τὴν
721 4208 905 4262 αὐτοῦ
944 4208 1214 4275 θέλησιν.

658 4288 719 4343 ε’.
737 4289 996 4343 Ἐνταῦθα
1013 4291 1104 4342 καί
1123 4307 1175 4342 τι
1197 4290 1325 4344 ἀλλο
1346 4292 1679 4348 αἰνίττεσθαί
1705 4312 1794 4364 μοι
1815 4295 1981 4348 δοκεῖ·
2005 4298 2151 4360 είκδς

586 4376 693 4447 γάρ
726 4376 799 4446 μὴ
828 4370 970 4427 εἶναι
996 4375 1227 4438 πολλοὺς
1256 4378 1371 4428 ἐκεῖ
1390 4378 1705 4447 χαρίσματα
1728 4378 1968 4448 ἔχοντας,
2000 4382 2151 4435 ἐκλε-

584 4460 826 4512 λοιπέναι
874 4458 930 4510 δὲ
962 4458 1155 4521 ταῦτα,
1208 4460 1301 4511 άτε
1330 4461 1680 4530 νωθροτέρων
1708 4462 1889 4515 αὐτῶν
1927 4466 2151 4535 γενομέ-

583 4561 709 4597 νων.
739 4544 836 4595 'lv‘
856 4540 947 4596 οῦν
996 4544 1190 4605 αὐτοὺς
1220 4544 1312 4594 καὶ
1338 4544 1394 4595 ὲν
1446 4544 1617 4615 τούτῳ
1658 4547 2145 4620 παραμυθήσηται,

586 4625 680 4679 καὶ
716 4624 791 4695 μὴ
813 4627 922 4696 ἀφῇ
954 4629 1301 4689 καταπεσεῖν,
1336 4625 1396 4679 τὸ
1420 4629 1525 4679 πᾶν
1545 4628 1776 4698 ἀνέθηκε
1803 4633 1867 4701 τῇ
1898 4633 1991 4684 τοῦ
2014 4633 2148 4685 ⁶ὸεοῦ

587 4710 786 4779 βουλῇ·
822 4709 983 4770 αὐτὸς
1005 4704 1114 4760 οἶδε
1146 4708 1252 4761 τίνι
1277 4708 1329 4759 τί
1375 4710 1663 4780 συμφέρει,
1712 4714 1867 4781 φησὶ,
1894 4718 1986 4767 καὶ
2007 4715 2149 4769 οὕτω

586 4793 945 4863 καταμερίζει
976 4792 1072 4862 την
1100 4792 1279 4862 χάριν·
1314 4793 1449 4862 ὅπερ
1476 4794 1570 4847 καὶ
1596 4796 1652 4847 ἐν
1690 4800 1756 4867 τῇ
1780 4800 1915 4866 πρὸς
1949 4803 2148 4872 Κοριν..

586 4876 735 4939 θίους
787 4879 931 4929 ποιεῖ
982 4876 1189 4943 λέγων·
1236 4877 1297 4928 '0
1344 4877 1487 4943 Θεὸς
1543 4878 1708 4933 ἔθετο
1751 4882 1859 4934 ἕνα
1886 4883 2150 4939 ἕκαστον

584 4959 772 5029 ἡμῶν,
798 4961 990 5026 καθὼς
1024 4960 1289 5029 ἠθέλησε
1321 4978 1333 4991 ·
1372 4963 1466 5016 καὶ
1494 4964 1675 5028 πάλιν,
1718 4966 1977 5033 Έκάστῳ
2012 4970 2079 5023 δὲ
2109 4974 2146 5039 ἠ

580 5046 916 5114 φανέρωσις
940 5045 1048 5099 τοῦ
1071 5049 1415 5114 Πνεύματος
1448 5048 1675 5103 δίδοται
1705 5054 1854 5118 πρὸς
1881 5055 1944 5105 τι)
1992 5071 2145 5124 συμ-

581 5130 788 5198 φέρον,
810 5132 961 5184 κατὰ
993 5132 1109 5198 τὴν
1139 5131 1325 5184 αὑτοῦ
1364 5131 1634 5199 θέλησιν.
1669 5136 1949 5189 Δείκνυσιν
1986 5140 2147 5194 ὅτιτὸ

582 5214 825 5283 χάρισμα
860 5214 1001 5267 κατά
1029 5216 1127 5285 τὴν
1156 5214 1251 5266 τοῦ
1281 5216 1492 5288 Πατρός
1514 5230 1537 5256 α
1582 5219 1698 5270 ἐστι
1733 5220 1969 5290 θέλησιν.
2006 5225 2147 5277 Πολ-

582 5296 739 5358 λάκις
772 5297 827 5348 δὲ
856 5299 949 5349 καὶ
981 5298 1049 5350 δι’
1086 5298 1401 5368 ἀκάθαρτον
1434 5300 1549 5369 βίον
1581 5304 1675 5355 καὶ
1714 5304 1857 5374 νωθῆ
1898 5307 1997 5360 οὑκ
2018 5306 2144 5360 ἐλα-

581 5380 676 5432 ϐον
706 5380 891 5431 πολλοὶ
921 5382 1187 5451 χάρισμα·
1217 5382 1387 5435 ἐνίοτε
1410 5382 1466 5435 δὲ
1492 5385 1584 5437 καὶ
1607 5385 1771 5439 καλὸν
1800 5388 1912 5457 βίον
1933 5390 2145 5460 ἔχοντες

580 5463 679 5516 καὶ
710 5463 947 5532 καθαρὸν
990 5465 1089 5518 οὐκ
1120 5465 1347 5519 ἔλαϐον·
1384 5468 1434 5520 τί
1462 5470 1695 5539 δήποτε;
1736 5472 1895 5525 Ὥστε
1942 5475 2015 5544 μὴ
2058 5479 2149 5528 ἐκ·

578 5546 1030 5617 τραχηλισθῆναι,
1087 5548 1228 5602 ὥστε
1263 5551 1336 5620 μὴ
1370 5553 1727 5622 φυσιωθῆναι,
1762 5556 1901 5609 ὥστε
1946 5559 2017 5629 μὴ
2049 5564 2147 5631 ρᾳ-

641 5800 1069 5869 ‘ﬁglbeninuqel
1089 5804 1347 5861 Commel..
1388 5810 1511 5857 κατὰ
1531 5812 1614 5866 τήν
1636 5812 1721 5860 τεῦ
1744 5814 1947 5869 Πατρός.
1987 5824 2038 5864 σι
2079 5816 2146 5865 sic

668 5831 995 5867 .“⁴“’¹υ“ῖ¹ι¹¹·υδ
1016 5831 1069 5852 ει
1089 5831 1347 5861 human-4..
1388 5831 1511 5857 κατα
1531 5831 1614 5866 την
1636 5831 1721 5860 τευ
1748 5831 1850 5861 ιιατ
1881 5832 1947 5869 0;.
1987 5831 2038 5864 ρι
2079 5831 2144 5865 κιρ

580 5858 705 5940 [ξιιμ
723 5862 973 5924 ῐηὶετῃτος
994 5866 1404 5940 Ι.ξίὶῐιιιδ..δενίι,,
1425 5872 1545 5940 ποιῙά
1589 5877 1670 5940 τὴν
1723 5876 1805 5924 τοῦ
1854 5831 2144 5940 ἵμεύῖηωῦ

581 5920 839 5988 Πιιιιεηυε,
864 5920 1134 5977 σεευησυιη
1159 5920 1457 5981 volunutém
1483 5920 1652 5983 Ιδλιιηὶέ.

2268 538 2604 611 θυμοτέρους
2630 539 2908 608 γενέσθαι,
2938 542 3080 597 ὥστε
3110 543 3186 615 μὴ
3230 542 3394 597 πλέον
3426 544 3749 616 ἐπαρθῆναι.
3783 544 3850 599 E!

2266 623 2375 693 γάρ
2397 625 2490 676 καὶ
2515 623 2684 694 χωρὶς
2711 625 3059 699 χαρίσματος
3102 626 3239 698 αὕτη
3266 624 3361 681 τοῦ
3393 626 3635 697 καθαροῦ
3668 626 3786 698 βίου
3816 632 3849 699 ἠ

2264 708 2567 780 συνείδησις
2600 710 2758 777 ίκανὴ
2786 697 3014 782 ἐπᾶραι,
3045 697 3471 783 πολλῷμᾶλλον,
3518 712 3649 765 ὅταν
3671 697 3781 766 καὶ

2261 792 2422 864 χάρις
2453 796 2653 865 προσῇ.
2694 791 2864 847 Ὥστε
2900 800 3015 859 τοῖς
3042 797 3325 860 ταπεινοῖς
3352 797 3445 850 καὶ
3483 798 3595 860 τοῖς
3622 797 3851 866 ἀφελέσι

2265 876 2467 946 μᾶλλον
2518 875 2754 929 ἐδίδοτο·
2800 878 2895 930 καὶ
2949 876 3186 947 μάλιστα
3237 882 3351 943 τοῖς
3393 878 3685 948 ἀφελέσιν·
3742 881 3854 934 Ἐν

2261 960 2585 1028 ἀφελότητι
2614 960 2746 1030 γὰρ,
2774 962 2930 1029 φησὶ,
2964 960 3065 1015 καί
3091 961 3163 1015 ἐν
3186 961 3549 1031 ἀγαλλιάσει
3576 962 3850 1032 καρδίας.

2262 1042 2373 1096 Καὶ
2403 1042 2512 1113 γάρ
2541 1042 2635 1095 καὶ
2661 1042 2834 1115 ταύτῃ
2865 1043 3204 1114 προέτρεψεν
3246 1044 3447 1108 αὐτοὺς
3476 1046 3678 1115 μᾶλλον
3699 1064 3714 1078 ·
3754 1049 3855 1101 καὶ

2261 1126 2311 1179 εί
2359 1124 2722 1196 ρᾳθυμότεροι
2774 1123 2936 1197 ἦσαν,
2982 1127 3306 1192 κατένυξεν.
3349 1127 3408 1182 Ὀ
3454 1129 3565 1201 γὰρ
3594 1130 3854 1193 ταπεινὸς

2260 1208 2356 1261 καὶ
2380 1209 2453 1279 μὴ
2488 1208 2702 1279 μεγάλα
2722 1211 2851 1280 περὶ
2870 1210 3068 1263 ἐαυτοῦ
3096 1210 3527 1282 φανταζόμενος,
3562 1213 3855 1267 σπουδαιό-

2262 1307 2419 1361 τερος
2456 1290 2689 1359 γίνεται,
2738 1292 2869 1345 ὅταν
2916 1290 3056 1363 λάϐῃ
3083 1292 3355 1363 χάρισμα,
3395 1294 3491 1347 ἅτε
3520 1298 3651 1366 παρ’
3691 1296 3856 1359 ἀξίαν

2265 1372 2524 1445 εἰληφὼς,
2553 1376 2647 1427 καὶ
2680 1376 2779 1428 οὐκ
2808 1376 2958 1439 ἄξιον
2982 1376 3173 1429 ἐαυτὸν
3203 1372 3339 1430 εἶναι
3372 1380 3575 1447 κρίνων
3599 1396 3613 1409 ·
3642 1381 3671 1431 6
3701 1380 3761 1433 δέ
3791 1397 3847 1433 τι

2265 1457 2688 1528 κατωρθωκέναι
2739 1459 3007 1528 νομίζων,
3058 1458 3279 1529 ὀφειλὴν
3312 1454 3451 1513 εῖναι
3504 1461 3565 1513 τὺ
3619 1464 3852 1533 πρᾶγμα

2263 1539 2569 1610 ἡγούμενος
2597 1540 2693 1593 καὶ
2724 1542 3085 1609 πεφυσίωται.
3117 1542 3282 1595 Ὠστε
3314 1544 3343 1596 6
3367 1542 3500 1608 Θεὸς
3535 1548 3846 1615 συμφερόν-

2262 1642 2373 1688 τως
2418 1626 2481 1677 τὸ
2528 1626 2766 1696 πρᾶγμα
2815 1628 3091 1696 οἰκονομεῖ
3128 1626 3304 1681 τοῦτο.
3334 1629 3512 1701 Ὅπερ
3563 1632 3658 1684 καὶ
3690 1633 3751 1685 ἐν
3783 1635 3851 1702 τῇ

2276 1708 2574 1780 Ἐκκλησία
2624 1709 2920 1779 συμϐαῖνον
2967 1710 3068 1763 ῖδοι
3124 1727 3207 1774 τις
3236 1710 3301 1765 άν
3323 1728 3337 1743 ·
3369 1711 3399 1764 6
3436 1711 3539 1781 μὲν
3568 1713 3677 1781 γάρ
3732 1713 3853 1783 εχει

2262 1791 2421 1860 λόγον
2453 1791 2857 1857 διδασκαλικὸν,
2912 1794 2940 1845 6
2971 1792 3029 1845 δὲ
3068 1793 3190 1846 οὐδὲ
3221 1794 3404 1864 διᾶραι
3432 1796 3496 1849 τὸ
3537 1796 3711 1865 στόμα
3759 1795 3855 1849 δύο

2264 1891 2445 1929 ναται.
2470 1876 2680 1944 Μηδεὶς
2702 1876 2885 1928 τοίνυν
2922 1875 3201 1930 λυπείσθω
3233 1877 3324 1930 διὰ
3359 1877 3538 1931 τοῦτο·
3580 1877 3855 1945 Ἐκάστφ

2262 1958 2373 2027 γὰρ
2412 1957 2450 2025 ἠ
2478 1958 2818 2026 φανέρωσις
2842 1959 2950 2013 τοῦ
2970 1960 3321 2029 Πνεύματος
3353 1960 3583 2017 δίδοται
3612 1963 3764 2031 πρὸς
3784 1963 3854 2018 τὸ

2262 2040 2594 2109 συμφέρον.
2642 2040 2705 2093 El
2728 2041 2837 2110 γάρ
2858 2041 3148 2113 ἄνθρωπος
3169 2044 3564 2115 οἰκοδεσπότης
3596 2040 3703 2099 οἶδε
3742 2046 3854 2099 τίνι

2262 2125 2314 2177 τί
2349 2124 2666 2194 ἐγχειρίσει,
2716 2124 2902 2195 πολλῷ
2944 2125 3147 2195 μᾶλλον
3184 2130 3211 2180 ό
3260 2127 3394 2191 Θεὸς
3424 2130 3453 2181 6
3488 2130 3855 2199 ἐπιστάμενος

2260 2208 2350 2261 τὸν
2374 2207 2497 2260 νοῦν
2526 2206 2632 2260 τῶν
2654 2206 2981 2279 ἀνθρώπων,
3009 2210 3037 2263 ό
3056 2209 3125 2262 τά
3147 2210 3326 2264 πάντα
3352 2210 3509 2273 εἰδὼς
3537 2212 3668 2284 πρὶν
3691 2213 3852 2278 γενέ-

2263 2306 2397 2353 σεως
2435 2288 2744 2345 αὑτῶν.”Εν
2767 2291 2882 2342 ἐστι
2908 2291 3070 2360 μόνον
3091 2291 3154 2344 τὸ
3173 2291 3351 2363 λύπης
3376 2292 3547 2358 ἄξιον,
3575 2293 3637 2346 τὸ
3669 2296 3854 2365 ἀμαρ-

2259 2374 2442 2426 τάνειν
2471 2370 2611 2443 [34],
2649 2372 2779 2425 ἀλλο
2829 2372 2887 2426 δέ
2932 2374 3107 2428 οὐδέν.
3139 2376 3231 2446 Μὴ
3264 2376 3451 2447 εἴπῃς,
3507 2377 3609 2430 Διά
3640 2378 3693 2431 τί
3746 2377 3854 2433 οὐκ

2259 2458 2368 2527 ἔχω
2396 2458 2654 2526 χρήματα
2674 2472 2687 2519 ;
2707 2457 2765 2524 ἦ,
2789 2457 2852 2509 Et
2882 2452 3051 2526 εἶχον,
3071 2458 3348 2529 παρέσχον
3375 2460 3441 2512 ἂν
3458 2464 3571 2523 τοῖς
3598 2462 3851 2532 πένησιν.

2261 2541 2375 2593 Οὐκ
2403 2534 2571 2603 οἶδας,
2601 2540 2649 2590 εὶ
2673 2533 2839 2607 εἶχες,
2875 2540 2924 2591 εί
2956 2540 3030 2609 μὴ
3062 2542 3259 2611 μᾶλλον
3280 2543 3376 2595 καὶ
3404 2541 3736 2615 πλεονέκτης
3757 2540 3849 2613 ἧς·

2257 2620 2352 2674 νῦν
2386 2621 2495 2705 μὲν
2508 2622 2617 2705 γάρ
2641 2619 2815 2705 ταῦτα
2846 2621 3047 2689 λέγεις,
3071 2624 3128 2674 ἐν
3149 2623 3215 2705 δὲ
3248 2626 3314 2695 τῇ
3342 2625 3505 2695 πείρᾳ
3524 2626 3846 2705 γενόμενος,

2256 2704 2443 2775 ἕτερος
2473 2703 2538 2757 ἄν
2564 2700 2654 2775 ἧς.
2673 2703 2827 2757 Ἐπεὶ
2852 2706 2947 2758 καὶ
2982 2706 3108 2759 ὅταν
3142 2700 3295 2776 ὦμεν
3321 2700 3732 2779 κεκορεσμένοι,
3760 2726 3853 2764 νο-

2260 2786 2491 2858 μίζομεν
2517 2788 2600 2841 ὅτι
2634 2786 2912 2857 δυνάμεθα
2935 2788 3236 2858 νηστεύειν·
3267 2790 3398 2845 ὅταν
3423 2791 3481 2844 δὲ
3510 2793 3709 2862 μικρὸν
3729 2792 3853 2845 δια-

2256 2870 2553 2940 λείπωμεν,
2586 2870 2772 2941 ἕτερος
2805 2871 2953 2941 ἡμᾶς
2979 2872 3365 2943 ἐπεισέρχεται
3406 2873 3693 2944 λογισμός.
3732 2874 3850 2929 Πά-

2256 2953 2360 3017 λιν,
2385 2954 2513 3006 ὃταν
2532 2946 2685 3022 ὦμεν
2712 2953 2873 3015 ἐκτὸς
2903 2953 3005 3023 τῆς
3040 2955 3229 3024 μέθης,
3256 2956 3553 3026 νομίζομεν
3577 2956 3853 3011 δύνασθαι

2256 3035 2641 3107 περιγενέσθαι
2665 3036 2757 3088 τοῦ
2787 3036 2994 3099 πάθους
3011 3052 3025 3066 ·
3052 3039 3180 3090 ὅταν
3196 3037 3255 3089 δέ
3281 3038 3501 3109 ἁλῶμεν
3533 3038 3629 3092 ὑπ’
3652 3038 3850 3111 αὐτῆς,

2269 3118 2472 3172 οὐκέτι.
2496 3119 2590 3189 Μὴ
2606 3117 2786 3189 εἴπῃς,
2806 3120 2897 3181 Εἰς
2911 3119 2963 3170 τί
2976 3119 3075 3173 οὐκ
3095 3119 3253 3189 ἔσχον
3268 3121 3519 3192 χάρισμα
3534 3121 3854 3191 διδασκαλι-

2268 3204 2363 3255 κόν
2381 3222 2394 3269 ;
2413 3204 2469 3274 ἢ,
2495 3204 2558 3256 El
2584 3199 2750 3274 εἰχον,
2775 3204 3005 3273 μυρίους
3030 3204 3097 3257 ἂν
3113 3204 3462 3275 ᾠκοδόμησα.
3482 3206 3596 3259 οὐκ
3614 3203 3849 3272 οἷδας,εῖ

2255 3282 2421 3357 εἶχες,
2440 3285 2515 3357 μὴ
2532 3288 2609 3351 είς
2625 3287 2798 3357 κρίμα
2814 3288 3150 3356 σοιέγένετο,
3166 3288 3241 3359 μὴ
3263 3288 3552 3359 βασκανία,
3575 3290 3649 3360 μὴ
3677 3290 3845 3355 δκνος

2254 3370 2639 3440 παρεσκεύαζε
2657 3370 2717 3425 τὸ
2732 3370 2993 3424 τάλαντον
3012 3372 3301 3443 κρύπτειν.
3323 3372 3437 3426 Νῦν
3454 3372 3553 3442 μὲν
3567 3371 3659 3428 οὖν
3672 3374 3850 3429 ἀπάν-

2251 3472 2360 3509 των
2406 3454 2609 3508 τούτων
2638 3455 2969 3525 ἀπήλλαξαι,
3010 3457 3103 3509 καὶ
3142 3457 3202 3509 τὸ
3232 3458 3578 3527 σιτομέτριον
3626 3459 3724 3511 ὲάν
3762 3458 3841 3529 μὴ

2250 3537 2378 3607 δῷς,
2407 3539 2507 3593 οὐκ
2540 3539 2780 3609 ἐγκαλῇ·
2820 3540 2939 3591 τότε
2981 3538 3036 3591 δὲ
3069 3540 3283 3608 μυρίοις
3324 3540 3390 3594 ἄν
3426 3540 3724 3603 ύπεύθυιος
3753 3536 3843 3612 ἧς.

2255 3622 2462 3681 Ἀλλως
2492 3621 2571 3685 δὲ,
2601 3622 2719 3674 οὐδὲ
2750 3621 2843 3675 νῦν
2874 3623 3030 3685 ἐκτὸς
3060 3619 3110 3674 εἴ
3138 3623 3231 3675 τοῦ
3263 3626 3622 3694 χαρίσματος.
3659 3623 3845 3688 Δεῖξον

2252 3704 2310 3755 ἐν
2340 3704 2417 3774 τῷ
2449 3702 2649 3775 μικρῷ,
2683 3699 2794 3767 οἶος
2831 3700 2898 3775 ἧς
2920 3706 2969 3769 δ,
3003 3708 3050 3758 εί
3087 3707 3259 3758 ἐκεῖνο
3300 3702 3473 3775 εἶχες·
3510 3707 3579 3761 El
3622 3707 3730 3778 γὰρ
3773 3709 3845 3761 ἐν

2252 3787 2331 3852 τῷ
2365 3786 2553 3858 μικρῷ
2572 3790 2643 3841 οὐ
2676 3789 2935 3856 γίνεσθε,
2970 3792 3389 3859 φησὶμαιστοὶ,
3419 3790 3547 3856 πῶς
3582 3792 3648 3843 τὸ
3685 3790 3843 3860 μέγα

2252 3872 2394 3939 ὑμῖν
2427 3889 2515 3937 τις
2548 3872 2756 3935 δὼσει;
2796 3873 2977 3936 Δεῖξον
3006 3874 3081 3935 ὡς
3113 3875 3147 3942 ἠ
3178 3876 3341 3944 χήρα·
3374 3874 3467 3927 δύο
3489 3877 3598 3944 γὶρ
3618 3874 3843 3938 όϐὁλοὺς

2252 3952 2393 4024 εἶχεν
2420 3955 2622 4023 ἐκείνη,
2647 3956 2742 4008 καὶ
2778 3956 2873 4007 ὅλα
2905 3956 3226 4020 κατέλαϐεν,
3249 3958 3349 4008 ὅσα
3381 3958 3665 4026 ἐκέκτητο.
3686 3957 3839 4028 Χρή-

2255 4056 2398 4107 ματα
2438 4037 2618 4107 ζητεῖς
2643 4056 2655 4104 ;
2688 4038 2857 4103 δεῖξον
2886 4040 2966 4091 ὅτι
2990 4038 3095 4090 τῶν
3116 4039 3310 4106 ὀλίγων
3336 4044 3717 4107 καταφρονεῖς,
3746 4041 3836 4093 ἵνα

2254 4140 2336 4174 σοι
2373 4123 2647 4174 πιστεύσω
2672 4124 2765 4175 καὶ
2800 4122 3061 4192 περὶτῶν
3102 4122 3344 4176 πολλῶν·
3383 4126 3431 4175 εί
3462 4125 3515 4177 δὲ
3552 4126 3685 4194 μηδὲ
3713 4125 3839 4178 τού-

2250 4222 2358 4259 των
2388 4208 2769 4278 καταφρονεῖς,
2791 4206 2971 4278 πολλῷ
3004 4206 3204 4277 μᾶλλον
3224 4206 3345 4260 οὐδὲ
3364 4209 3610 4260 ἐκείνων.
3637 4206 3837 4275 Πάλιν,

2253 4290 2309 4340 ἐν
2344 4274 2590 4359 τῷλόγῳ
2608 4288 2779 4354 δεῖξον
2808 4291 2889 4342 ὅτι
2916 4274 3182 4361 κέχρησαι
3211 4291 3440 4354 δεόντως
3474 4293 3538 4360 τῇ
3569 4274 3836 4362 παραινέέ

2254 4388 2334 4424 σει
2362 4372 2455 4424 καὶ
2484 4376 2551 4443 τῇ
2587 4372 2886 4445 συμϐουλῇ.
2907 4376 3021 4426 Οὐκ
3045 4375 3188 4444 ἔχεις
3218 4375 3552 4444 εύγλωττίαν
3572 4375 3671 4446 τὴν
3700 4377 3838 4442 ἐξω-

2254 4456 2377 4521 θεν;
2412 4457 2510 4509 ούκ
2533 4457 2675 4527 ἔχεις
2706 4458 2992 4526 νοημάτων
3018 4460 3313 4527 άφθονίαν;
3340 4459 3455 4513 ἀλλ’
3486 4461 3634 4530 ὅμως
3659 4460 3838 4515 ταῦτα

2251 4540 2319 4592 τὰ
2372 4540 2525 4593 κοινά
2572 4536 2735 4603 οἶδας.
2788 4542 2958 4594 Παῖδα
3017 4543 3184 4611 ἔχεις,
3218 4544 3435 4611 γείτονα
3482 4545 3646 4613 ἔχεις,
3677 4544 3836 4613 φίλον

2252 4623 2412 4693 ἔχεις,
2441 4624 2668 4693 ἀδελφὸν
2694 4626 2855 4695 ἔχεις,
2882 4627 3115 4689 οἰκείους
3141 4629 3286 4697 ἔχεις
3310 4644 3322 4655 ·
3353 4628 3455 4680 κᾶν
3480 4628 3719 4699 δημοσίᾳ
3741 4630 3837 4682 ἐπὶ

2250 4707 2349 4775 τῆς
2393 4707 2686 4776 ἐκκλησίας
2738 4707 2812 4777 μὴ
2855 4708 2986 4781 δύνῃ
3043 4708 3199 4777 λόγον
3250 4711 3534 4763 ἀποτεῖναι
3595 4712 3835 4781 μακρὸν,

2250 4790 2457 4851 τούτοις
2479 4791 2581 4860 ἰδίᾳ
2605 4789 2829 4843 δύνασαι
2858 4795 3143 4861 παραινεῖν
3162 4807 3173 4818 ·
3200 4792 3433 4845 ἐνταῦθα
3455 4793 3515 4844 ού
3545 4794 3837 4863 ῥητορείας

2250 4873 2429 4944 χρεία,
2459 4874 2578 4926 οὐδὲ
2607 4876 2827 4947 μακρᾶς
2866 4876 3184 4938 ἁποτάσεως
3206 4892 3219 4905 ·
3249 4874 3422 4939 δεῖξον
3467 4876 3561 4927 ἐπὶ
3605 4875 3833 4938 τούτων,

2249 4957 2329 5009 ὅτι
2366 4959 2411 5009 εί
2445 4958 2537 5009 καὶ
2567 4957 2723 5024 λόγον
2748 4952 2913 5026 εἶχες,
2942 4958 3041 5010 οὐκ
3082 4958 3148 5010 ἂν
3176 4959 3479 5028 ἠμέλησας.
3505 4960 3567 5011 Εἰ
3595 4960 3652 5011 δὲ
3676 4961 3734 5012 ἐν
3758 4961 3836 5028 τῷ

2253 5040 2433 5111 μικρῷ
2460 5041 2520 5093 ού
2555 5041 2897 5107 σπουδάζεις,
2941 5042 3057 5103 πῶς
3098 5059 3181 5094 σοι
3232 5042 3508 5095 πιστεύσω
3560 5045 3687 5114 περὶ
3736 5045 3834 5096 τοῦ

2253 5124 2525 5193 μεγάλου;
2560 5124 2680 5175 Ὀτι
2723 5125 2832 5195 γὰρ
2874 5125 3029 5177 τοῦτο
3064 5125 3291 5188 ἕκαστος
3318 5126 3563 5189 δύναται,
3600 5127 3836 5180 ἄκουσον

2250 5209 2365 5271 πῶς
2413 5210 2505 5261 καὶ
2552 5208 2757 5271 λαῖκοῖς
2802 5208 2959 5260 τοῦτο
2989 5210 3343 5280 ἐπέτρεψενό
3394 5210 3625 5271 Παῦλος·
3651 5211 3832 5264 Ἕκα-

2248 5308 2414 5356 στος,
2440 5293 2623 5358 φησὶν,
2658 5290 3017 5358 οἰκοδομεῖτε
3062 5288 3149 5356 εἷς
3193 5294 3300 5345 τὸν
3330 5292 3457 5354 ἕνα,
3490 5292 3683 5358 καθὼς
3732 5294 3833 5347 καὶ

2249 5374 2487 5427 ποιεῖτε·
2510 5375 2621 5436 καὶ,
2641 5375 3042 5441 Παρακαλεῖτε
3062 5376 3370 5440 ἀλλήλους
3392 5377 3461 5427 ἐν
3485 5376 3607 5441 τοῖς
3630 5378 3835 5446 λόγοις

2248 5460 2500 5524 τούτοις.
2547 5455 2701 5511 Οἶδεν
2734 5462 2760 5511 ό
2792 5459 2922 5522 Θεὸς
2951 5460 3063 5523 πῶς
3095 5461 3311 5529 ἑκάστῳ
3350 5460 3620 5532 διανείμῃ.
3643 5462 3732 5531 Μὴ
3765 5464 3833 5515 σὺ

2250 5540 2364 5612 [5.3]
2397 5540 2487 5592 τοῦ
2522 5543 2796 5603 Μωῡσέως
2836 5539 2885 5594 εἷ
2927 5543 3177 5610 βελτίωνς
3220 5545 3485 5596 Ἀκουσον
3534 5545 3652 5606 πῶς
3691 5544 3830 5597 ἀπο-

2247 5624 2522 5676 δυσπετεῖ.
2568 5624 2663 5691 Μὴ
2716 5624 2831 5692 ἐγὼ
2866 5624 3145 5694 δύναμαι.
3179 5627 3335 5695 φησὶ,
3363 5626 3693 5691 βαστάζειν
3722 5621 3835 5683 ab?

2250 5708 2409 5773 τοὺς,
2442 5708 2529 5761 ὅτι
2551 5708 2715 5774 εἶπές
2744 5706 3059 5779 μοι,τΛρεν
3082 5710 3319 5776 αὐτοὺς,
3344 5712 3480 5765 ὡσεὶ
3508 5712 3643 5781 (inm
3676 5715 3831 5781 τιθη-

2317 5942 2341 5982 la
2366 5942 2547 5997 Οἶοςοιι
2571 5938 2673 5994 ἦς’)
