4042 6408
174 412 229 466 53
1021 389 1086 447 ιιι
1125 384 1341 448 EPIST.
1384 384 1478 441 AD
1516 381 1751 440 HEBltA

1869 417 1882 432 .
1926 357 2079 436 CAP.
2126 376 2190 433 ιι.
2234 375 2465 432 nonn..
2509 374 2600 432 ιιι.

175 507 468 581 iungentium
496 508 567 560 ad
595 506 945 562 obediendum
982 502 1181 559 Christo
1212 501 1289 573 (3.
1322 502 1442 557 Cor.
1464 501 1551 557 10.
1575 502 1652 572 5).
1682 500 1750 556 Et

176 615 336 657 rursus
360 600 483 655 alibi
514 598 803 656 mercedis
828 594 1236 653 retributionem
1265 593 1444 666 posuit
1466 607 1565 663 pro
1591 592 1750 661 puni-

173 694 324 762 tione;
350 702 403 751 et
431 693 521 750 hic
550 691 889 764 supplicium
917 696 1077 746 vocat
1104 685 1435 744 mercedem.
1467 685 1529 741 Si
1548 684 1748 758 justum

171 802 256 856 αι.
284 792 465 860 inquit,
502 791 652 859 apud
688 790 859 845 Deum
887 790 1157 846 retribuere
1184 790 1248 843 iis
1273 790 1357 859 qui
1384 804 1473 844 sos
1497 787 1743 843 tribulam

170 884 540 951 tribulationem,
555 894 606 940 et
626 882 771 939 vobis
791 883 880 953 qui
895 881 1209 937 tribulamini
1224 882 1443 951 requiem
1457 878 1536 953 (2.
1554 878 1737 935 Thess.

170 977 209 1031 t.
234 976 304 1047 ti).
329 975 438 1033 Hoc
463 984 571 1042 est,
602 991 718 1031 non
759 984 1013 1045 corrupta
1054 981 1137 1029 est
1176 971 1405 1042 iustitia,
1452 970 1550 1027 sed
1597 971 1739 1027 Deus

168 1081 262 1121 eam
288 1073 366 1123 est
392 1076 733 1136 exsequutus
756 1104 773 1132 ,
802 1074 855 1121 et
894 1077 1084 1136 pinnas
1111 1062 1383 1118 convertit
1426 1062 1479 1117 in
1526 1076 1620 1118 eos
1650 1062 1740 1131 qui

170 1165 531 1225 peccaverunt:
566 1157 784 1213 etiamsi
813 1170 918 1211 non
945 1155 1124 1210 omnia
1158 1162 1374 1224 peccata
1406 1153 1460 1209 in
1490 1163 1737 1225 apertum

168 1246 496 1317 proferantur,
527 1248 636 1302 nisi
670 1248 779 1303 sint
805 1246 1003 1302 violata
1034 1262 1096 1302 ea
1122 1261 1242 1315 quae
1268 1254 1393 1300 sunt
1422 1244 1737 1300 constituta.

169 1339 405 1403 Quomodo
431 1355 558 1412 ergo
582 1381 600 1407 ,
628 1339 823 1409 inquit,
852 1354 945 1393 nos
965 1336 1269 1409 eﬂ'ugiemus
1290 1377 1305 1402 ,
1343 1337 1389 1392 si
1412 1345 1610 1390 tantam
1648 1352 1738 1389 ne-

166 1430 436 1500 glexerintus
475 1431 750 1486 salutem?
775 1431 879 1486 Per
909 1430 1025 1486 haec
1074 1428 1397 1500 signiﬁcavit
1437 1428 1582 1484 illam
1630 1443 1740 1482 non

166 1537 382 1593 magnam
412 1522 583 1579 fuisse
610 1524 863 1579 salutem.
890 1522 1122 1578 Pulchre
1151 1522 1317 1577 etiam
1339 1520 1569 1587 addidit,
1602 1519 1743 1575 Tan-

167 1625 265 1667 tam.
289 1613 400 1669 Non
428 1615 579 1671 enim
608 1654 627 1680 ,
670 1614 878 1685 inquit,
911 1628 1011 1669 nos
1052 1628 1196 1668 nunc
1234 1613 1472 1672 servabit
1500 1627 1530 1665 a
1562 1611 1739 1673 bellis.

166 1722 313 1778 neque
350 1706 620 1777 prabebit
660 1716 860 1761 terram
896 1714 949 1759 et
979 1706 1120 1761 bona
1149 1721 1267 1775 quae
1314 1712 1442 1758 sunt
1467 1704 1519 1758 in
1554 1714 1737 1771 terra;

165 1796 241 1851 sed
266 1797 447 1853 mortis
475 1798 586 1853 erit
613 1797 841 1863 deletio,
874 1796 971 1853 sed
999 1796 1202 1852 diaboli
1232 1796 1507 1863 interitus,
1538 1795 1634 1852 sed
1656 1811 1741 1851 re-

166 1903 300 1958 gnum
326 1889 622 1954 caelorum,
652 1888 750 1945 sed
794 1889 904 1943 vita
948 1897 1173 1943 :eteroa.
1212 1885 1340 1942 Haec
1374 1886 1519 1943 enim
1558 1886 1741 1940 omnia

165 1982 456 2051 compendio
489 1983 754 2045 ostendit,
784 1982 972 2038 dicens
997 2023 1011 2046 ,
1043 1981 1105 2036 Si
1132 1989 1327 2034 tantam
1370 1978 1741 2049 negtexerimus

166 2074 370 2129 salutem.
398 2073 612 2129 Deinde
651 2073 929 2143 subiunxit
960 2072 1012 2127 id
1055 2073 1199 2144 quod
1242 2087 1355 2127 rem
1385 2070 1493 2127 iide
1522 2071 1740 2141 dignam

166 2163 304 2218 edicit
329 2182 342 2218 :
374 2164 502 2231 Qua
526 2182 650 2220 cum
679 2166 880 2219 initium
909 2164 1185 2235 accepisset
1212 2164 1491 2218 enat-randi
1520 2180 1612 2235 per
1631 2163 1743 2219 Do-

167 2255 349 2310 num.
377 2256 492 2314 Hoc
519 2268 633 2325 est,
662 2258 732 2312 ab
767 2258 885 2328 ipso
911 2259 1061 2313 fonte
1102 2258 1310 2328 accepit
1358 2257 1569 2313 initium
1591 2272 1610 2312 :
1632 2273 1741 2315 non

168 2346 303 2404 homo
326 2366 441 2406 eam
470 2351 716 2407 traduxit
743 2353 797 2407 in
829 2363 1027 2407 terram
1053 2392 1070 2417 ,
1116 2367 1224 2406 non
1254 2360 1435 2407 creata
1479 2359 1735 2422 potestas,

168 2441 244 2496 sed
271 2441 376 2511 ipse
398 2441 747 2515 Unigenitus.
788 2444 863 2497 Ab
892 2445 965 2498 eis
990 2444 1078 2514 qui
1102 2443 1395 2509 audierunt,
1426 2443 1481 2497 in
1503 2458 1595 2498 nos
1614 2458 1740 2496 con-

171 2536 344 2601 ﬁrmata
367 2547 458 2592 est.
490 2537 635 2604 Quid
669 2537 771 2593 sibi
798 2537 909 2592 vult
948 2537 1099 2603 illud,
1130 2536 1444 2607 Conﬁrmata
1468 2534 1584 2591 est?
1608 2532 1742 2590 Cre-

169 2624 259 2681 dita
285 2626 396 2695 fuit,
418 2639 511 2683 aut
531 2630 754 2685 evenit:
779 2644 903 2683 nam
932 2629 1228 2693 Habemus,
1254 2627 1452 2699 inquit,
1476 2625 1691 2683 arrham
1724 2644 1739 2682 :

171 2723 255 2781 hoc
277 2738 371 2793 est,
400 2742 508 2782 non
551 2734 640 2782 est
667 2726 953 2794 exstincta,
996 2739 1106 2781 non
1133 2724 1296 2780 desiit
1321 2766 1338 2793 ,
1370 2721 1467 2779 sed
1492 2720 1741 2778 domina-

172 2821 265 2871 tum
288 2816 486 2873 obtinet
511 2825 570 2874 et
600 2825 841 2888 superat.
871 2814 1043 2872 Causa
1059 2824 1239 2871 autem
1263 2823 1349 2871 est
1369 2813 1552 2870 divina
1574 2812 1745 2869 virtus

173 2919 270 2973 qua
292 2917 563 2977 dperatur.
596 2907 736 2977 Quid
764 2908 1034 2979 signiticet
1059 2906 1191 2962 illud
1212 2948 1228 2974 ,
1259 2906 1336 2960 Ab
1362 2905 1427 2962 iis
1451 2905 1540 2977 qui
1565 2904 1746 2959 audie-

172 2998 427 3055 runt?in
450 3008 576 3068 est,
621 3000 657 3054 ii
692 3000 783 3070 qui
814 3014 844 3053 a
873 2998 1103 3054 Domino
1143 2998 1472 3066 audierunt,
1516 2996 1616 3067 ipsi
1646 3010 1745 3051 nos

174 3092 550 3148 conﬁrmarunt.
576 3092 828 3164 Magnum
860 3101 947 3149 est
973 3090 1077 3147 hoc
1104 3100 1161 3148 et
1184 3090 1290 3147 fide
1320 3090 1562 3162 dignum.
1590 3088 1745 3159 Quod

176 3182 357 3254 quidem
381 3184 555 3243 Lucas
575 3200 790 3257 quoque
815 3185 949 3241 dicit
977 3184 1033 3240 in
1060 3185 1214 3240 initio
1242 3183 1519 3255 Evangelii
1550 3202 1563 3238 :
1596 3184 1746 3241 Sicut

178 3274 458 3331 tradiderunt
484 3276 633 3331 nobis
653 3276 743 3347 qui
776 3274 838 3329 ab
864 3275 1012 3330 initio
1040 3274 1140 3346 ipsi
1167 3275 1421 3342 viderunt,
1453 3283 1500 3328 et
1528 3275 1747 3330 ministri

178 3368 351 3436 fumat
375 3370 624 3425 sermonis
653 3368 806 3444 (Luc.
838 3370 892 3425 1.
920 3368 999 3440 2).
1025 3368 1310 3437 Quomodo
1336 3383 1467 3441 ergo
1488 3368 1587 3425 fuit
1610 3384 1746 3426 con-

179 3458 354 3516 ﬁrmata
374 3463 397 3515 t
419 3462 557 3532 Quid
590 3464 634 3517 si
666 3462 703 3518 ii
732 3463 823 3534 qui
851 3461 1180 3529 audierunt,
1214 3462 1408 3534 inquit,
1436 3462 1748 3520 ﬁnxerunt?

180 3548 273 3606 lloc
295 3567 412 3623 ergo
439 3554 665 3616 refellit,
690 3562 746 3609 ct
770 3552 1006 3609 ostendit
1034 3569 1139 3608 non
1171 3568 1292 3609 esse
1315 3554 1603 3609 humanam
1631 3568 1748 3624 gra-

182 3650 303 3719 tiam,
332 3664 383 3712 et
406 3655 689 3728 subiunxit
722 3672 738 3711 :
768 3656 824 3713 ι.
853 3655 1177 3712 Contestante
1195 3651 1328 3708 Deo.
1369 3649 1555 3723 Neque
1597 3650 1743 3707 enim

182 3743 218 3796 si
239 3742 501 3804 auxissent
524 3791 539 3815 ,
572 3748 718 3804 Deus
759 3747 868 3807 illis
896 3747 1271 3804 testimonium
1309 3744 1543 3800 tulisset.
1566 3741 1748 3799 Testi-

185 3839 391 3895 monium
417 3841 638 3913 quidem
667 3841 747 3896 illi
778 3839 980 3907 ferunt,
1011 3839 1116 3895 fert
1153 3848 1333 3895 autem
1366 3837 1509 3893 Deus
1536 3848 1751 3907 quoque

185 3936 539 3993 testimonium.
574 3935 865 4006 Quomodo
902 3935 1008 3991 fert
1043 3932 1449 3992 testimonium?
1485 3930 1603 3987 Non
1632 3944 1751 3985 ser-

186 4038 341 4093 ωουθν
372 4044 545 4101 neque
575 4043 710 4085 voce
738 4045 754 4091 :
788 4043 913 4084 nam
955 4037 1103 4085 esset
1139 4026 1355 4098 quidem
1400 4024 1504 4081 hoc
1539 4038 1753 4105 quoque

188 4117 442 4186 credibile;
477 4121 576 4177 sed
620 4119 932 4192 quomodo?
960 4118 1139 4192 Signis
1180 4128 1227 4173 et
1256 4117 1501 4189 portentis
1525 4125 1570 4171 et
1600 4113 1756 4169 uariis

188 4210 443 4272 uirtutibus.
466 4214 707 4272 Pulchre
733 4216 912 4287 posuit
940 4213 1091 4280 illud,
1132 4211 1297 4269 Variis
1317 4210 1606 4275 uirtutibus,
1630 4224 1759 4281 gra-

190 4302 413 4362 tuitorum
485 4306 755 4363 donorum
830 4321 927 4363 seu
993 4304 1379 4361 charismatum
1450 4300 1759 4373 significans

191 4394 543 4456 abundantiam
579 4417 596 4460 :
626 4399 770 4472 quod
796 4399 1016 4471 quidem
1057 4412 1164 4453 non
1209 4396 1405 4451 factum
1438 4402 1521 4451 est
1559 4394 1611 4449 in
1654 4394 1762 4464 pri-

193 4487 348 4546 oribus
372 4534 386 4560 ,
426 4508 607 4564 neque
633 4502 712 4548 tot
750 4492 901 4563 signa
928 4500 985 4547 et
1014 4500 1122 4546 tam
1154 4488 1477 4546 differentia.
1515 4486 1626 4542 Hoc
1654 4496 1758 4553 est,

194 4575 290 4638 Non
316 4592 517 4643 tetncre
543 4600 609 4642 ac
630 4585 825 4642 leviter
851 4584 959 4641 illis
986 4583 1338 4647 credidimus,
1371 4580 1467 4636 sed
1496 4595 1590 4651 per
1611 4578 1761 4650 signa

195 4682 240 4730 et
261 4686 516 4747 portenta.
545 4679 1037 4749 Quamobremmon
1066 4677 1172 4734 illis
1190 4676 1483 4744 credimus,
1506 4673 1603 4731 sed
1629 4674 1760 4729 Deo.

198 4764 255 4821 Et
278 4770 497 4841 Spiritus
525 4772 692 4827 sancti
727 4771 1172 4827 distributionibus
1196 4770 1477 4826 secundum
1504 4786 1652 4826 suam
1679 4785 1768 4823 uo-

200 4858 435 4920 Ιωιιιειιι.
465 4863 608 4933 Quid
638 4862 782 4935 quod
805 4872 861 4919 et
886 4862 1311 4934 priestigiatores
1339 4861 1491 4932 signa
1524 4859 1763 4923 faciunt,

200 4956 245 5005 et
263 4950 415 5010 ιιιδεί
437 4970 563 5010 eum
589 4954 641 5009 in
669 4953 972 5011 Beelzebub
1003 4952 1255 5009 dicebant
1276 4953 1474 5023 ejicere
1503 4952 1767 5008 daemonia

202 5036 328 5106 (Luc.
357 5044 405 5098 tl
423 5088 437 5099 .
468 5044 599 5115 15)?
619 5043 727 5101 Sed
754 5059 860 5100 non
893 5043 1100 5100 faciunt
1121 5042 1385 5114 ejusmodi
1424 5042 1577 5113 signa
1608 5059 1624 5097 :
1648 5056 1771 5112 pro-

202 5142 359 5201 μετα
387 5138 563 5203 dixit,
605 5137 776 5194 Variis
824 5137 1114 5193 uirtutibus.
1168 5136 1263 5194 Illa
1300 5137 1445 5192 enim
1496 5151 1601 5191 non
1646 5146 1773 5191 sunt

204 5226 345 5283 virtus
387 5238 443 5285 et
494 5230 735 5301 potentia
762 5271 777 5297 ,
827 5230 920 5287 sed
968 5230 1353 5298 imbecillitas,
1406 5228 1501 5285 sed
1542 5230 1680 5284 visio
1710 5244 1774 5284 ac

207 5315 457 5383 phantasia
500 5331 559 5378 et
601 5337 690 5378 res
733 5323 941 5381 inanes.
994 5323 1287 5394 Pr0pterea
1331 5322 1500 5389 dixit,
1549 5321 1776 5392 Spiritus

208 5412 344 5466 tacti
370 5413 809 5471 distributionibus
835 5414 1116 5471 secundum
1140 5432 1289 5470 suam
1315 5414 1650 5470 voluntatem.

265 5501 313 5556 5.
334 5502 425 5559 llic
446 5503 580 5559 mihi
600 5503 813 5560 videtur
832 5505 993 5561 etiam
1012 5505 1212 5577 aliquid
1229 5505 1374 5562 aliud
1391 5504 1737 5562 subindicare
1760 5520 1775 5559 :

211 5598 279 5645 est
299 5595 434 5649 enim
455 5594 756 5652 verisimile
781 5611 889 5653 non
921 5611 1043 5654 esse
1071 5598 1182 5655 lllic
1204 5598 1403 5654 multos
1429 5598 1517 5669 qui
1542 5596 1781 5653 habeant

212 5678 545 5752 eburistnata;
597 5702 661 5744 ea
698 5701 878 5745 autem
906 5687 1207 5756 defecisse,
1253 5700 1441 5763 utpote
1478 5690 1623 5763 quod
1652 5690 1780 5747 facti

215 5787 371 5833 essem
398 5776 503 5850 ipsi
530 5778 863 5838 hebetiores.
901 5780 972 5838 Ut
1001 5798 1131 5855 ergo
1155 5798 1251 5840 eos
1278 5793 1334 5840 ct
1363 5784 1416 5838 in
1460 5784 1561 5839 hoc
1581 5797 1781 5839 conso-

217 5863 353 5942 letur,
382 5880 435 5929 et
470 5886 581 5931 non
619 5872 765 5932 sinat
801 5873 963 5948 dejici
990 5875 1197 5947 animo,
1242 5893 1411 5942 totum
1460 5873 1645 5931 tribuit
1688 5875 1784 5933 Dei

3388 371 3465 432 51

1844 485 2075 544 consilio
2106 506 2120 541 :
2156 486 2274 558 Ipse
2295 488 2440 542 enim
2471 488 2639 551 novit,
2668 487 2861 560 inquit,
2886 486 3011 559 quid
3039 487 3236 560 cuique
3258 489 3448 546 conte-

1846 590 1951 648 rat,
1980 588 2036 636 et
2057 580 2126 635 ita
2149 578 2377 649 gratiam
2404 578 2696 635 distribuit.
2724 578 2878 648 Quod
2900 580 3116 648 quidem
3140 578 3265 635 facit
3286 581 3449 637 etiam

1846 670 1900 727 in
1931 669 2157 739 epistola
2184 669 2250 725 ad
2276 663 2591 725 Corinthios
2621 669 2809 725 dicens
2840 687 2854 725 :
2892 670 3031 725 Deus
3063 671 3229 740 posuit
3261 688 3451 725 amuni-

1845 779 2091 834 quemque
2106 772 2333 817 nostrum
2354 763 2483 817 sicut
2505 760 2663 817 voluit
2681 780 2702 829 ;
2729 770 2786 818 et
2802 777 3010 828 rursus,
3046 762 3333 835 Unicuique
3361 781 3457 817 au-

1847 862 1947 909 tem
1987 854 2332 925 manifestatio
2357 853 2590 923 Spiritus
2610 854 2764 908 datur
2781 854 2851 908 ad
2868 855 3157 920 utilitatem,
3177 855 3459 910 secundum

1845 944 1959 1015 ejus
1994 944 2306 1000 uoluntatem
2334 943 2433 1019 (1.
2480 942 2601 1001 Cor.
2634 944 2725 1001 i2.
2773 945 2862 1001 18.
2894 943 2982 1018 7).
3026 945 3280 1005 Ostendit
3303 946 3446 1017 quod

1841 1032 2110 1099 charisma
2141 1052 2226 1099 est
2258 1059 2325 1100 ex
2354 1043 2633 1100 voluntate
2661 1043 2859 1099 Patris.
2887 1041 3045 1112 Smpe
3071 1050 3253 1099 autem
3283 1044 3450 1099 etiam

1848 1143 2071 1205 propter
2100 1134 2265 1190 vitam
2310 1134 2642 1190 immundam
2681 1144 2735 1189 et
2779 1135 3061 1191 socordem
3104 1149 3168 1192 ac
3199 1136 3451 1207 ignavam

1842 1228 1998 1283 multi
2045 1242 2153 1282 non
2199 1238 2528 1298 acceperunt
2570 1228 2839 1285 charisma
2879 1246 2895 1285 :
2944 1244 3350 1300 nonnumquam
3397 1239 3454 1286 et

1843 1321 1934 1391 qui
1962 1320 2160 1375 bonam
2190 1319 2393 1377 habent
2421 1322 2585 1376 vitam
2614 1332 2668 1377 et
2706 1336 2921 1393 puram,
2956 1338 3064 1377 non
3095 1331 3448 1391 acceperunt.

1840 1410 2073 1480 Quare?
2112 1410 2192 1467 Ne
2218 1411 2555 1482 superbiant,
2590 1428 2658 1468 ne
2686 1414 3069 1481 intumescant,
3113 1428 3182 1468 ne
3208 1412 3339 1469 [iant
3362 1430 3455 1471 se-

1843 1505 2083 1576 gniores,
2128 1520 2197 1561 ne
2234 1506 2354 1576 plus
2392 1521 2552 1577 quam
2599 1522 2699 1578 par
2737 1509 2808 1562 sit
2850 1509 3203 1564 extollantur.
3244 1508 3379 1565 Nam
3408 1510 3459 1567 sl

1847 1598 2009 1653 etiam
2051 1597 2256 1668 absque
2280 1598 2610 1656 charismate
2648 1601 2763 1671 ipsa
2795 1615 2942 1671 pura:
2964 1602 3089 1655 vita:
3118 1603 3454 1658 conscientia

1846 1689 2047 1746 sufficit
2074 1691 2141 1746 ad
2168 1691 2537 1747 extollendum
2574 1710 2590 1748 :
2620 1695 2791 1749 multo
2816 1695 3006 1764 magis,
3041 1696 3260 1766 quando
3291 1696 3457 1765 etiam

1849 1782 2005 1839 adest
2028 1784 2218 1854 gratia.
2244 1784 2607 1852 Quamobrem
2637 1787 2807 1858 magis
2837 1787 3108 1842 dabantur
3130 1788 3459 1845 charismata

1850 1872 2148 1931 humilibus
2191 1885 2247 1932 et
2290 1876 2673 1947 simplicibus;
2705 1887 2760 1935 et
2801 1879 3040 1934 maxime
3079 1882 3458 1953 simplicibus:

1851 1980 1978 2021 nam
2026 1965 2093 2021 In
2141 1967 2501 2039 simplicitate,
2551 1970 2765 2041 inquit,
2812 1978 2860 2024 et
2911 1972 3249 2028 exsultatione
3293 1975 3464 2030 cordis

1853 2056 1991 2131 (Act.
2014 2057 2070 2112 2.
2096 2058 2219 2130 46).
2248 2059 2361 2116 Hac
2380 2062 2526 2117 enim
2554 2063 2769 2118 ratione
2791 2063 2940 2134 ipsos
2960 2066 3131 2135 magis
3158 2077 3241 2122 est
3262 2068 3463 2125 exhor-

1854 2158 2020 2216 tatus,
2042 2159 2098 2206 et
2123 2151 2168 2206 si
2189 2162 2345 2208 erant
2365 2154 2642 2223 segniores
2660 2164 2717 2210 et
2742 2155 3191 2228 negligentiores,
3217 2160 3461 2231 pupugit.

1856 2241 2086 2299 Humilis
2111 2245 2278 2309 enim,
2306 2254 2361 2301 et
2385 2248 2475 2318 qui
2522 2262 2589 2303 ex
2611 2247 2921 2318 phantasia,
2953 2266 3146 2322 magna
3176 2252 3245 2308 de
3269 2268 3329 2309 se
3356 2270 3466 2310 non

1856 2335 2234 2407 apprehendit,
2250 2336 2306 2393 iit
2321 2338 2631 2411 diligentior
2642 2349 2698 2397 et
2716 2342 2931 2409 melior,
2950 2346 3166 2416 quando
3197 2346 3469 2404 charisma

1855 2430 2149 2500 acceperit,
2162 2440 2429 2501 tamquam
2455 2432 2545 2504 qui
2569 2444 2764 2503 prieter
2779 2434 3096 2506 dignitatem
3117 2439 3344 2510 accepit,
3366 2455 3470 2495 nec

1860 2534 1922 2575 se
1940 2521 2213 2577 existimat
2232 2536 2355 2578 esse
2373 2521 2719 2596 dignumzqui
2740 2541 2874 2583 vero
2890 2528 3164 2585 existimat
3189 2546 3248 2587 se
3266 2531 3470 2603 aliquid

1861 2612 2108 2685 praeclari
2146 2614 2364 2683 fecisse,
2412 2616 2468 2671 id
2508 2616 2610 2673 sibi
2656 2617 2902 2676 debitum
2939 2631 3108 2692 putat,
3138 2633 3193 2679 et
3231 2623 3469 2679 inﬂatur.

1862 2706 2225 2775 Quamobrem
2254 2707 2395 2763 Deus
2412 2707 2517 2765 hoc
2537 2710 2744 2768 utiliter
2759 2712 3053 2784 dispensat.
3075 2716 3232 2785 Quod
3253 2718 3473 2789 quidem

1863 2797 2067 2854 videris
2092 2800 2254 2854 etiam
2279 2799 2522 2856 invenire
2542 2801 2595 2856 in
2628 2801 2873 2861 Ecclesia
2905 2823 2919 2864 :
2946 2819 3071 2862 nam
3093 2808 3231 2863 alius
3253 2809 3474 2880 quidem

1865 2891 2029 2949 habet
2055 2906 2366 2949 sermonem
2401 2897 2866 2954 accommodatum
2896 2898 2964 2955 ad
2986 2899 3312 2966 docendum,
3336 2903 3479 2961 alius

1866 2994 2046 3041 autem
2076 2998 2178 3041 nec
2205 2993 2386 3057 potest
2409 3001 2471 3043 os
2505 2991 2741 3059 aperire.
2777 2990 2949 3048 Nemo
2980 2994 3143 3067 igitur
3190 3006 3478 3068 propterea

1865 3076 2055 3133 dolore
2066 3075 2333 3133 afficiatur
2350 3096 2364 3134 :
2388 3076 2669 3152 Unicuique
2679 3083 2811 3137 enim
2824 3084 2980 3139 datur
2992 3088 3339 3159 manifestatio
3351 3088 3481 3157 Spi-

1868 3170 1997 3225 ritus
2010 3169 2079 3223 ad
2098 3170 2368 3225 utilitatem
2394 3170 2471 3244 (1.
2490 3172 2609 3228 Cor.
2632 3173 2719 3229 η.
2737 3175 2814 3246 7).
2837 3174 2970 3231 Nam
2988 3178 3032 3232 si
3056 3179 3218 3235 homo
3242 3180 3481 3251 paterfa-

1871 3262 2051 3317 milias
2078 3262 2228 3317 novit
2268 3262 2396 3333 quid
2424 3263 2621 3335 cuique
2656 3266 2853 3332 tradat,
2888 3269 3063 3326 multo
3094 3274 3266 3343 magis
3300 3274 3478 3339 Deus,

1872 3355 1963 3425 qui
1993 3355 2096 3409 scit
2133 3363 2371 3411 mentem
2417 3356 2695 3413 hominum
2717 3400 2734 3427 ,
2782 3362 2873 3431 qui
2926 3365 3078 3419 novit
3107 3367 3288 3421 omnia
3314 3367 3484 3438 prius-

1874 3462 2035 3517 quam
2062 3455 2176 3501 orta
2194 3446 2322 3501 sint.
2347 3446 2523 3504 Unum
2545 3460 2631 3507 est
2647 3451 2827 3508 solum
2848 3452 2918 3511 de
2938 3471 3046 3527 quo
3075 3458 3270 3515 merito
3285 3469 3368 3515 est
3394 3460 3486 3517 doc

1878 3537 2097 3593 lendum
2116 3581 2130 3605 ,
2164 3554 2360 3610 nempe
2382 3550 2703 3610 peccatum;
2734 3544 2871 3601 nihil
2900 3557 3082 3605 autem
3107 3550 3274 3607 aliud.
3306 3552 3384 3609 Ne
3408 3553 3486 3610 di-

1878 3645 1970 3686 cas
1992 3650 2005 3686 :
2025 3630 2133 3686 Cur
2151 3646 2259 3687 non
2283 3630 2457 3688 habeo
2480 3636 2767 3703 pecunias?
2790 3647 2900 3703 aut,
2925 3638 2983 3696 Si
3004 3639 3283 3710 haberem,
3299 3643 3485 3701 darem

1880 3722 2224 3795 pauperibus.
2252 3723 2443 3780 Nescis
2482 3740 2573 3791 an,
2602 3726 2648 3783 si
2677 3726 2908 3786 haberes
2928 3772 2943 3797 ,
2976 3734 3149 3805 magis
3180 3749 3333 3791 esses
3357 3751 3488 3791 ava-

1884 3829 2015 3880 rus;
2046 3829 2189 3870 nunc
2216 3816 2361 3870 enim
2391 3816 2508 3872 haec
2532 3816 2688 3886 dicis,
2719 3818 2815 3876 sed
2846 3822 2891 3877 si
2920 3824 2998 3880 rei
3023 3825 3247 3883 fecisses
3277 3828 3490 3897 pericu-

1885 3912 2019 3974 lum.
2043 3927 2195 3968 esses
2220 3911 2380 3969 alius.
2406 3914 2539 3972 Nam
2566 3920 2731 3974 etiam
2754 3922 2975 3993 quando
3001 3923 3264 3985 fuerimus
3287 3931 3491 3999 satiati,

1882 4004 2253 4059 existimamus
2277 4022 2377 4062 nos
2408 4024 2569 4073 posse
2588 4010 2838 4082 ieiunare
2869 4034 2883 4069 :
2915 4017 3135 4085 quando
3158 4029 3337 4076 autem
3366 4038 3496 4094 par-

1882 4111 2009 4151 vum
2041 4096 2412 4154 intercesserit
2447 4102 2680 4171 spatium
2700 4144 2717 4169 ,
2748 4103 2853 4160 alia
2895 4121 2998 4161 nos
3028 4108 3174 4165 subit
3210 4113 3491 4183 cogitatio.

1882 4186 2118 4252 Rursus,
2138 4189 2354 4259 quando
2384 4188 2651 4247 fuerimus
2673 4204 2826 4251 extra
2843 4196 3186 4269 ebrietatem,
3214 4204 3495 4261 existima-

1884 4296 2007 4337 mus
2036 4297 2134 4337 nos
2164 4298 2324 4352 posse
2365 4284 2467 4341 hoc
2499 4287 2689 4343 vitium
2722 4304 2981 4360 superare
3020 4312 3034 4349 :
3065 4298 3282 4366 quando
3306 4314 3490 4358 autem

1880 4387 1943 4428 ea
1972 4388 2073 4429 nos
2106 4376 2332 4445 ceperit.
2371 4394 2477 4432 non
2506 4380 2712 4450 utique.
2745 4381 2823 4437 Ne
2862 4383 3041 4450 dicas,
3062 4389 3166 4444 Cur
3187 4404 3294 4445 non
3329 4392 3491 4450 habui

1883 4466 2150 4521 charisma
2178 4482 2273 4523 seu
2304 4471 2532 4541 gratiam
2562 4472 2792 4530 docendi
2822 4476 2845 4530 ?
2875 4477 2919 4532 si
2944 4476 3223 4546 haberem,
3253 4483 3493 4539 adiﬁca—

1884 4573 2000 4613 rem
2024 4560 2466 4620 innumerabiles.
2499 4564 2716 4634 Nescis,
2746 4568 2791 4623 si
2818 4568 3077 4639 haberes,
3102 4589 3231 4630 num
3256 4575 3312 4630 id
3344 4587 3494 4634 esset

1884 4652 1981 4707 tibi
2009 4653 2062 4707 in
2094 4653 2381 4723 judicium,
2425 4674 2552 4713 num
2582 4659 2802 4723 invidia,
2847 4679 2976 4719 num
3009 4667 3221 4737 pigritia
3242 4668 3494 4728 efﬁceret

1883 4751 1943 4799 ut
1970 4744 2231 4799 talentum
2254 4746 2640 4807 absconderes.
2661 4752 2837 4823 Atque
2863 4771 3006 4810 nunc
3026 4758 3243 4829 quidem
3266 4776 3328 4818 es
3353 4762 3494 4821 liber

1883 4837 1951 4893 ab
1976 4836 2061 4892 his
2089 4839 2361 4905 omnibus,
2394 4858 2492 4897 nec
2522 4844 2566 4899 si
2600 4843 2855 4902 frumenti
2887 4864 2995 4904 non
3023 4851 3243 4910 dederis
3274 4871 3494 4914 mensu-

1884 4943 1999 4983 ram
2024 4970 2041 4996 ,
2090 4930 2185 4985 tibi
2228 4932 2388 4986 datur
2424 4935 2555 4989 vitio
2594 4954 2606 4989 :
2649 4948 2776 4994 tunc
2818 4950 2999 4998 autem
3030 4959 3181 5003 esses
3218 4947 3493 5010 obnoxius

1884 5021 2385 5078 innumerabilibus.
2415 5024 2672 5097 Alioquin
2700 5038 2879 5086 autem
2906 5048 3006 5089 nec
3034 5052 3177 5093 nunc
3195 5052 3255 5094 es
3279 5039 3493 5098 alienus

1884 5127 1913 5166 a
1943 5112 2293 5173 charismate.
2327 5117 2565 5176 Ostende
2598 5122 2649 5177 in
2681 5139 2852 5193 parvo
2874 5129 3051 5199 qualis
3083 5146 3253 5201 esses,
3282 5136 3326 5189 si
3355 5136 3491 5195 illud

1884 5204 2116 5263 haberes
2142 5225 2156 5262 :
2186 5208 2247 5265 Si
2268 5212 2437 5280 enim,
2472 5213 2664 5286 inquit,
2692 5218 2747 5272 in
2778 5237 2936 5288 paruo
2964 5224 3142 5293 ﬁdeles
3162 5244 3265 5282 non
3292 5231 3491 5301 fuistis,

1882 5300 2305 5395 quom-ordoquod
2332 5319 2575 5376 magnum
2616 5318 2691 5362 est
2728 5310 2871 5367 nobis
2920 5313 3061 5369 dabit
3097 5300 3489 5395 aliquis(Luct

1886 5390 1973 5445 to.
2017 5390 2169 5462 tt)?
2208 5391 2448 5451 Ostende
2497 5397 2639 5454 sicut
2680 5400 2841 5459 vidua
2887 5422 2902 5459 ε
2944 5406 3034 5462 illa
3079 5390 3492 5475 habebat'duos

1884 5482 2096 5578 obolos,
2124 5494 2179 5539 et
2207 5496 2379 5542 totum
2408 5492 2552 5561 quod
2586 5492 2772 5551 habuit
2804 5497 3045 5555 immisit.
3077 5503 3289 5570 Quaeris
3316 5521 3487 5578 pecu-

1885 5576 2055 5631 nias?
2094 5578 2323 5634 ostende
2366 5582 2507 5651 quod
2546 5598 2747 5655 paucas
2786 5588 3087 5661 despicias,
3123 5604 3181 5650 ut
3217 5576 3382 5655 etiam
3425 5602 3496 5661 de

1885 5667 2070 5767 multis
2088 5668 2184 5725 tibi
2206 5671 2424 5767 credam
2454 5690 2468 5728 :
2492 5676 2535 5730 si
2560 5686 2740 5734 autem
2771 5697 2840 5739 ne
2864 5682 2962 5741 has
2988 5686 3207 5757 quidem
3230 5691 3493 5767 despicis,

1886 5758 2057 5817 multo
2084 5762 2257 5833 magis
2297 5778 2401 5820 nec
2440 5766 2582 5823 illas.
2616 5769 2828 5829 Rursus
2873 5777 2928 5832 in
2976 5792 3233 5839 sermone
3260 5758 3495 5846 osiende

1888 5859 1940 5910 te
1969 5863 2116 5911 recte
2145 5869 2303 5913 usum
2335 5870 2457 5915 esse
2486 5860 2859 5924 admonitione
2885 5880 2937 5925 et
2969 5872 3219 5932 consilio.
3252 5877 3365 5935 Non
3399 5882 3495 5938 ha-
