4042 6414
608 512 707 567 bes
731 516 1007 562 externam
1039 503 1335 559 facundiam
1364 508 1387 557 Υ
1413 518 1517 558 non
1550 503 1647 558 tibi
1668 503 1865 559 affatim
1893 516 2181 575 suppetunt

602 612 802 653 sensus
826 607 881 653 et
910 588 1235 652 sententiae?
1260 594 1353 650 sed
1384 596 1488 651 scis
1515 606 1692 651 tamen
1720 597 1833 651 haec
1853 598 2177 653 communia.

608 688 802 743 Filium
830 688 1017 753 habes,
1046 686 1277 741 vicinum
1307 686 1492 755 habes,
1524 688 1740 743 fratrem
1775 687 1959 750 habes,
1990 688 2177 744 dome-

608 781 773 835 sticos
800 777 966 832 habes
1011 786 1067 831 et
1105 778 1439 833 necessarios
1479 796 1492 832 :
1538 778 1745 833 etiamsi
1788 793 1892 832 non
1926 779 2100 847 possis
2128 777 2181 834 in

612 870 834 926 ecclesia
872 868 1077 938 prolixa
1107 869 1180 922 uti
1211 870 1477 935 oratione,
1509 884 1602 925 eos
1631 880 1782 940 potes
1812 871 2057 939 privatim
2091 871 2187 925 ad-

610 975 828 1016 monere
857 969 911 1015 et
957 960 1183 1015 hortari.
1226 959 1324 1016 llic
1350 970 1467 1015 arte
1505 960 1717 1015 dicendi
1761 976 1866 1015 non
1898 969 1981 1016 est
2006 976 2141 1031 opus
2165 1002 2182 1028 ,

611 1069 783 1125 neque
814 1052 927 1108 fusa
958 1053 1199 1108 oratione
1229 1071 1242 1106 :
1276 1055 1327 1108 in
1353 1054 1435 1107 his
1460 1053 1700 1117 ostende,
1732 1052 1872 1123 quod
1901 1053 1947 1108 si
1973 1053 2184 1109 dicendi

612 1144 840 1199 haberes
886 1142 1229 1211 facultatem,
1275 1160 1380 1198 non
1420 1144 1766 1215 neglexisses.
1815 1144 1872 1201 Si
1911 1155 2089 1202 autem
2132 1147 2186 1201 in

614 1249 779 1303 parvo
815 1249 919 1289 non
945 1234 1167 1289 adhibes
1194 1234 1425 1289 studium
1456 1242 1511 1289 et
1540 1235 1891 1305 diligentiam,
1920 1236 2188 1306 quomodo

612 1325 665 1379 in
709 1340 898 1395 magno
928 1325 1019 1381 tibi
1052 1324 1265 1379 credam
1294 1325 1317 1379 1
1345 1324 1477 1379 Nam
1506 1325 1647 1395 quod
1689 1328 2055 1399 unusquisque
2086 1329 2187 1384 hoc

615 1416 802 1485 possit,
845 1415 967 1470 audi
997 1414 1266 1485 quomodo
1297 1416 1493 1471 Paulus
1523 1416 1624 1472 hoc
1655 1419 1963 1487 permiserit
1991 1420 2142 1476 laicis
2171 1438 2185 1475 :

618 1502 900 1573 zEdi/icate
922 1546 936 1570 ,
968 1505 1171 1575 inquit,
1203 1506 1332 1561 alter
1358 1507 1573 1561 alterum
1613 1508 1744 1562 sicut
1781 1519 1827 1563 et
1864 1510 2067 1580 facitis;
2104 1520 2188 1577 et,

615 1596 964 1651 Consolamini
1006 1596 1215 1650 invicem
1254 1597 1307 1651 in
1347 1598 1425 1653 his
1469 1600 1782 1655 sermonibus
1813 1600 1890 1671 (i.
1928 1600 2105 1657 Thess.
2134 1603 2189 1658 5.

617 1688 706 1752 11,
737 1697 783 1741 et
806 1687 860 1741 4.
892 1686 999 1758 17).
1029 1684 1187 1742 Novit
1232 1688 1373 1744 Deus
1401 1690 1673 1759 quomodo
1696 1693 1983 1765 unicuique
2007 1694 2191 1749 distri-

617 1778 768 1832 buat.
812 1776 947 1831 Num
992 1787 1047 1832 tu
1092 1793 1150 1834 es
1192 1779 1371 1851 Moyse
1412 1780 1647 1836 melior?
1686 1782 1826 1837 Audi
1864 1799 2022 1854 quam
2052 1800 2193 1855 aegre

617 1880 674 1925 et
697 1871 921 1926 moleste
944 1870 1099 1927 ferat.
1130 1871 1271 1926 Num
1290 1889 1403 1943 ego,
1436 1873 1627 1944 inquit,
1652 1891 1852 1945 possum
1869 1892 1953 1931 eos
1969 1886 2191 1945 portare,

618 1960 758 2029 quod
804 1960 976 2014 dixisti
1015 1961 1163 2028 mihi,
1220 1961 1361 2016 Tolle
1402 1979 1487 2018 eos
1535 1964 1665 2019 sicut
1710 1968 1883 2021 nutris:
1929 1966 2194 2022 laetantem

620 2050 826 2119 (Num.
857 2052 944 2106 11.
984 2051 1050 2107 12
1071 2051 1127 2123 )ἳ
1163 2052 1306 2121 Quid
1344 2070 1471 2111 vero
1501 2056 1693 2114 Deus?
1734 2058 1947 2115 Exemit
1974 2060 2043 2116 de
2077 2060 2195 2131 ejus

619 2142 833 2212 spiritu,
864 2150 920 2197 et
944 2142 1091 2199 dedit
1118 2145 1257 2209 aliis,
1284 2149 1582 2205 ostendens
1608 2150 1749 2221 quod
1790 2167 1965 2223 neque
1986 2153 2197 2223 quando

623 2248 722 2289 eos
748 2234 1030 2304 portabat,
1076 2235 1194 2305 ejus
1222 2246 1342 2293 erat
1374 2240 1647 2295 charisma
1674 2282 1691 2308 ,
1724 2243 1819 2299 sed
1858 2243 2108 2314 Spiritus.
2140 2244 2196 2302 Si

625 2320 854 2377 haberes
892 2324 1160 2380 charisma
1179 2367 1195 2393 ,
1226 2342 1369 2399 saepe
1396 2329 1590 2386 fuisses
1620 2332 1819 2400 elatus,
1843 2349 1986 2406 saepe
2009 2336 2199 2393 fuisses

625 2424 849 2465 eversus
877 2428 895 2463 ε
929 2420 984 2466 ιιι
1017 2413 1245 2483 teipsum
1268 2431 1373 2471 non
1402 2420 1567 2486 nosti,
1598 2428 1659 2475 ut
1687 2430 1739 2476 te
1769 2422 1908 2477 Deus
1934 2425 2099 2479 novit.
2124 2424 2201 2481 Ne

638 2510 899 2577 dicamus,
932 2509 1014 2565 Ad
1041 2511 1166 2583 quid
1194 2510 1297 2567 hoc
1320 2523 1374 2567 et
1400 2529 1497 2569 cur
1519 2512 1545 2569 3
1566 2517 1777 2586 quando
1804 2518 1944 2575 Deus
1970 2522 2196 2593 dispen-

635 2607 737 2665 sat,
765 2615 834 2655 tte
857 2600 1115 2656 rationem
1144 2601 1213 2657 sb
1234 2617 1302 2659 eo
1326 2605 1598 2675 exigamus
1630 2624 1645 2661 :
1673 2607 1775 2663 hoc
1801 2610 1945 2665 enim
1980 2620 2062 2668 est
2101 2613 2203 2669 im-

637 2690 845 2759 pietatis
885 2700 1137 2748 extremie
1183 2702 1239 2749 et
1284 2698 1621 2767 arrogantia.
1671 2698 1822 2755 Servi
1871 2715 2093 2770 sumus,
2145 2714 2201 2761 et

633 2781 773 2833 servi
816 2780 1037 2836 multum
1083 2781 1341 2840 distantes
1388 2801 1418 2839 a
1467 2787 1715 2854 Domino,
1764 2805 1833 2846 ne
1877 2805 1939 2846 ea
1981 2794 2196 2863 quidem

631 2868 864 2925 scientes
909 2887 1027 2941 qua
1069 2883 1190 2929 sunt
1230 2890 1339 2944 pra:
1378 2876 1623 2948 pedibus.
1665 2879 1742 2936 Ne
1782 2880 1945 2953 igitur
1982 2885 2194 2942 curiose

631 2969 933 3017 scrutemur
964 2963 1057 3017 Dei
1087 2966 1389 3033 consilium,
1417 2970 1510 3025 sed
1537 2971 1677 3040 quod
1706 2972 1853 3028 dedit
1884 2974 1983 3029 hoc
2011 2989 2195 3032 serve-

632 3067 775 3119 mus,
806 3054 1014 3109 etiamsi
1053 3056 1123 3109 sit
1150 3071 1391 3126 parvum,
1420 3061 1628 3116 etiamsi
1656 3063 1921 3132 ultimum,
1950 3074 2003 3121 et
2030 3067 2191 3136 plane

629 3142 831 3197 erimus
859 3146 1007 3213 probi
1033 3155 1087 3201 et
1114 3147 1164 3201 in
1197 3147 1333 3203 bona
1359 3152 1750 3211 existimatione
1785 3174 1799 3208 :
1831 3157 1939 3211 imo
1968 3174 2095 3215 vero
2121 3176 2189 3217 ex

626 3229 721 3285 Dei
742 3232 895 3287 donis
916 3236 1117 3292 nullum
1147 3246 1230 3294 est
1248 3254 1487 3309 parvum.
1511 3242 1667 3299 Doles
1694 3246 1833 3315 quod
1865 3263 1969 3303 non
1993 3250 2191 3307 habeas

618 3322 819 3379 donum
860 3326 1162 3385 doctrinae?
1198 3331 1283 3387 dic
1322 3334 1448 3388 mihi
1473 3376 1489 3401 ,
1531 3337 1656 3406 quid
1698 3339 1789 3393 tibi
1831 3341 2040 3397 videtur
2067 3358 2188 3400 esse

621 3412 814 3481 majus,
844 3415 1041 3471 donum
1072 3418 1346 3488 doctrinae,
1372 3438 1439 3478 an
1479 3424 1674 3481 donum
1703 3429 2005 3497 expellendi
2042 3449 2181 3488 mor-

617 3500 713 3557 bos
744 3502 767 3556 1
804 3504 915 3560 Hoc
948 3508 1148 3577 utique.
1182 3510 1317 3578 Quid
1344 3515 1517 3569 vero?
1553 3532 1659 3572 non
1688 3518 1783 3574 tibi
1819 3520 2027 3577 videtur
2061 3539 2183 3581 esse

620 3592 812 3663 majus,
842 3598 1000 3652 caecis
1026 3599 1153 3655 dare
1177 3602 1344 3657 visum
1368 3603 1391 3657 ἲ
1416 3620 1521 3661 non
1560 3609 1651 3664 tibi
1690 3610 1900 3667 videtur
1924 3629 2043 3671 esse
2069 3632 2182 3671 ma-

612 3682 720 3751 jus,
766 3694 999 3743 mortuos
1025 3692 1294 3759 excitare,
1322 3709 1481 3765 quam
1521 3700 1738 3756 morbos
1762 3704 1991 3759 curare?
2040 3706 2177 3773 Quid

616 3787 764 3839 vero,
791 3774 878 3831 die
916 3793 1099 3848 quaeso
1123 3780 1146 3834 τ
1172 3782 1371 3839 umbris
1398 3795 1456 3840 et
1482 3788 1709 3845 sudat'iis
1736 3791 1838 3847 hoc
1863 3792 2043 3851 facere
2068 3812 2173 3853 non

614 3862 707 3955 tibi
734 3864 939 3921 videtur
965 3882 1083 3925 esse
1110 3872 1299 3941 majus,
1328 3889 1485 3945 quam
1516 3879 1677 3934 verbo
1698 3880 1720 3934 1
1744 3880 1878 3949 Quid
1906 3900 2035 3955 ergo
2071 3888 2171 3955 vis,

610 3951 697 4045 die
720 3969 919 4045 quaeso,
950 3960 1149 4016 umbris
1186 3972 1240 4017 et
1278 3965 1509 4022 sudariis
1546 3970 1780 4027 excitare
1820 3951 2076 4043 mortuos,
2104 3951 2171 4033 an

610 4042 815 4103 habere
837 4048 1036 4105 donum
1076 4051 1333 4111 doctrina:
1359 4057 1383 4111 l
1410 4058 1563 4115 Dices
1606 4064 1842 4132 omnino,
1889 4042 2089 4123 umbris
2117 4078 2173 4125 et

607 4134 835 4191 sudariis
864 4150 1099 4199 mortuos
1124 4146 1375 4203 excitare.

678 4223 730 4323 ii.
983 4242 1055 4287 est
1075 4234 1325 4291 charisma
1354 4242 1577 4296 omnium
1590 4246 1852 4312 optimum.
1874 4277 1946 4289 —-
1962 4248 2017 4306 Si
2041 4266 2168 4323 ergo

604 4312 705 4413 tibi.
736 4320 1039 4390 ostendero,
1065 4325 1203 4394 quod
1248 4329 1471 4385 alterum
1515 4332 1713 4390 donum
1744 4339 1958 4395 esthoc
2009 4312 2165 4413 longe

602 4406 795 4505 majus,
826 4420 1026 4468 etcum
1074 4416 1167 4472 tibi
1210 4418 1367 4476 liceat
1406 4425 1668 4495 accipere,
1700 4430 1743 4484 si
1789 4444 1895 4486 non
1939 4406 2157 4505 accipis,

595 4492 739 4563 jnste
765 4514 823 4553 es
844 4501 923 4557 eis
951 4505 1185 4573 privatus
1216 4527 1231 4564 :
1262 4512 1385 4579 quid
1413 4492 1556 4571 dices
1574 4515 1597 4569 ἲ
1618 4517 1685 4572 Et
1710 4518 1811 4575 hoc
1830 4520 2027 4580 donum
2053 4492 2157 4582 non

600 4588 688 4641 uni
732 4601 787 4643 et
814 4592 1000 4663 alteri,
1044 4599 1138 4654 sed
1180 4603 1430 4658 omnibus
1473 4606 1672 4665 habere
1712 4612 1852 4667 licet.
1898 4615 2019 4672 Scio
2066 4634 2158 4674 vos

600 4685 818 4747 stupere
841 4692 893 4737 et
917 4685 1190 4756 admirari,
1216 4692 1261 4745 si
1292 4693 1421 4749 estis
1446 4696 1679 4752 audituri
1705 4704 1843 4770 quod
1876 4706 2031 4763 liceat
2059 4724 2153 4764 νος

595 4778 679 4833 bis
707 4778 903 4837 habere
942 4786 1115 4853 majus
1142 4784 1343 4843 donum
1386 4806 1543 4860 quam
1590 4798 1847 4855 suscitare
1891 4817 2151 4877 mortuos,

593 4882 649 4926 et
670 4873 837 4927 visum
858 4874 985 4929 dare
1019 4878 1201 4943 etscis,
1231 4890 1284 4935 et
1310 4881 1396 4935 illa
1439 4883 1609 4939 facere
1636 4903 1753 4957 qua:
1785 4889 1981 4950 fiebant
2022 4873 2159 4954 temi-

594 4977 724 5031 pore
747 4967 1109 5033 apostolorum
1137 4988 1151 5023 :
1179 4982 1231 5025 et
1274 4971 1500 5028 fortasse
1533 4976 1633 5032 hoc
1664 4980 1875 5037 videtur
1896 4986 2046 5043 vobis
2076 4990 2157 5044 in-

591 5055 867 5110 credibile.
912 5056 1062 5124 Quod
1103 5069 1185 5116 est
1224 5077 1351 5133 ergo
1399 5065 1499 5120 hoc
1525 5066 1764 5124 donum?
1790 5072 2016 5133 Caritas.
2050 5078 2155 5135 Sed

592 5146 722 5201 mihi
751 5150 972 5215 credite,
1020 5168 1125 5207 non
1154 5164 1238 5208 est
1280 5172 1429 5210 meus
1472 5173 1671 5229 sermo,
1700 5166 1791 5219 sed
1818 5167 2017 5226 Christi
2062 5173 2153 5227 io—

591 5252 804 5304 quentts
846 5256 939 5310 per
967 5243 1211 5300 Paulum.
1253 5246 1389 5316 Quid
1432 5252 1573 5307 enim
1602 5255 1767 5311 dicit?
1812 5259 2154 5321 limulamini

589 5329 893 5385 charismata
939 5335 1181 5402 meliora,
1242 5348 1287 5391 et
1332 5342 1499 5395 adhuc
1544 5360 1793 5401 summam
1841 5355 1970 5405 viam
2014 5357 2152 5409 vobis

588 5422 793 5473 ostendo
820 5420 896 5491 (i.
920 5421 1036 5477 Cor.
1070 5425 1160 5479 12.
1192 5428 1303 5499 3i).
1333 5430 1469 5498 Quid
1518 5442 1621 5500 est,
1652 5436 1832 5491 Adhuc
1862 5448 2148 5501 summam?

587 5508 737 5603 Quod
779 5511 908 5567 dicit
940 5524 1023 5569 est
1062 5516 1321 5585 ejusmodi
1354 5541 1365 5575 :
1394 5523 1659 5581 Corinthii
1700 5543 1759 5583 se
1790 5530 1942 5588 valde
1966 5534 2139 5603 jactus

588 5601 735 5702 bant,
766 5606 947 5702 etsihi
974 5608 1275 5702 placebant
1325 5628 1547 5686 promer
1592 5621 1935 5697 charismata,
1970 5601 2031 5685 iet
2059 5633 2150 5702 qui

586 5694 792 5786 linguas
833 5698 1117 5769 habebant,
1140 5706 1280 5774 quod
1306 5718 1389 5763 est
1427 5711 1701 5770 minimum
1744 5694 1963 5786 donum,
1994 5694 2147 5781 iulia-

585 5783 779 5842 bantur
806 5788 1061 5848 adversus
1101 5804 1347 5856 exteros.
1385 5800 1518 5859 Dicit
1546 5819 1692 5879 ergo,
1718 5806 1891 5866 Vultis
1928 5783 2148 5873 omnino

1380 404 1442 460 8.
1480 397 1756 459 JOANNIS
1790 386 2257 454 CIIRYSOSTOHI
2296 386 2611 445 ARCIIIEP.
2651 385 3183 444 CONSTANTINOP.

3812 378 3894 436 34

2310 497 2668 553 charismata?
2722 511 2821 567 ego
2858 496 3086 551 ostendo
3137 496 3276 551 viam
3316 492 3737 563 charismatum,
3777 511 3891 551 non

2311 589 2484 644 solum
2505 588 2874 652 excellentem,
2893 586 2987 642 sed
3010 588 3172 643 etiam
3192 602 3477 643 summam.
3505 587 3711 645 Deinde
3730 588 3889 656 dicit,

2313 680 2375 735 Si
2401 680 2586 749 linguis
2615 680 2795 748 loquar
2821 679 3141 749 angelorum,
3165 680 3426 733 caritatem
3455 691 3625 734 autem
3654 698 3757 735 non
3786 683 3890 735 hac

2310 773 2474 835 beam,
2505 774 2634 826 nihil
2657 790 2769 826 sum
2798 788 2816 825 :
2846 782 2893 825 et
2921 773 2967 826 si
2994 771 3206 826 habeam
3238 773 3390 840 ﬁdem
3420 782 3473 825 ut
3493 784 3686 828 montes
3714 784 3891 829 trans-

2310 867 2492 935 feram,
2514 864 2771 917 caritatem
2792 872 2958 915 autem
3004 879 3105 915 non
3150 862 3379 927 habeam,
3406 862 3535 917 nihil
3571 880 3687 917 sunt
3721 863 3891 932 (Ibid.

2313 957 2402 1012 i3.
2426 957 2477 1009 1.
2497 955 2577 1024 2).
2598 955 2788 1010 Vidisti
2814 954 3120 1010 charisma?
3148 952 3427 1010 Emulare
3450 956 3551 1011 hoc
3578 957 3848 1011 charisma
3874 976 3891 1021 ;

2313 1048 2415 1102 hoc
2442 1047 2614 1116 majus
2644 1058 2726 1103 est
2755 1061 2913 1118 quam
2942 1055 3182 1101 mortuos
3206 1048 3464 1115 excitare,
3494 1047 3599 1103 hoc
3622 1049 3745 1103 aliis
3771 1064 3897 1103 om-

2312 1140 2471 1195 nibus
2499 1149 2582 1195 est
2608 1141 2765 1211 longe
2795 1138 3008 1194 melius.
3035 1138 3102 1194 Et
3127 1139 3268 1209 quod
3302 1136 3404 1193 hoc
3425 1139 3495 1193 ita
3519 1138 3735 1206 habeat,
3763 1140 3895 1195 audi

2312 1232 2436 1302 quid
2458 1229 2601 1287 dicat
2624 1231 2869 1287 Christus
2896 1232 3123 1302 loquens
3148 1231 3424 1300 discipulis
3448 1248 3463 1287 :
3493 1230 3561 1285 ln
3590 1232 3686 1287 hoc
3707 1235 3895 1298 scient,

2311 1323 2447 1391 quod
2473 1323 2713 1391 discipuli
2736 1322 2833 1376 mei
2858 1322 3001 1386 estis,
3024 1323 3068 1375 si
3095 1337 3180 1376 vos
3208 1322 3421 1379 invicem
3446 1323 3674 1393 diligatis
3705 1324 3894 1395 (Joan.

2314 1412 2400 1466 i3.
2438 1412 2551 1483 35).
2582 1411 2783 1466 Deinde
2811 1412 3099 1467 ostendens
3130 1413 3181 1466 in
3223 1428 3353 1483 quo,
3398 1428 3503 1469 non
3548 1414 3683 1468 dixit
3721 1417 3899 1470 mira-

2313 1503 2456 1569 cula,
2498 1503 2591 1558 sed
2621 1502 2786 1573 quid?
2818 1503 2879 1557 Si
2906 1502 3225 1557 dilectionem
3252 1504 3463 1557 invicem
3494 1505 3797 1559 habueritis.
3824 1506 3903 1563 Et

2312 1608 2499 1648 rursus
2522 1592 2651 1649 dicit
2679 1593 2825 1649 Patri
2856 1611 2868 1646 :
2907 1592 2974 1648 In
3006 1594 3099 1648 hoc
3126 1593 3283 1648 scient
3322 1593 3459 1664 quod
3486 1604 3540 1647 tu
3570 1611 3648 1648 me
3687 1596 3897 1659 misisti,

2307 1712 2350 1750 ss
2374 1697 2475 1751 sint
2501 1711 2659 1749 unum
2688 1694 2867 1763 (Joan.
2899 1693 2993 1749 .i'l.
3019 1691 3135 1762 21).
3164 1690 3283 1761 Ipse
3307 1706 3519 1762 quoque
3560 1690 3778 1746 dicebat
3806 1692 3899 1746 di—

2306 1787 2525 1857 scipulis
2555 1805 2569 1839 :
2603 1786 2905 1840 Mandatum
2936 1800 3119 1839 nouum
3157 1784 3223 1837 do
3260 1782 3419 1847 vobis,
3449 1792 3501 1837 ut
3532 1782 3763 1853 diligatis
3806 1784 3900 1837 its-

2308 1877 2463 1930 vicem
2490 1877 2670 1948 (Joan.
2704 1878 2789 1930 15.
2816 1877 2929 1945 54).
2964 1875 3032 1930 lis
3061 1890 3191 1945 ergo
3216 1876 3307 1945 qui
3334 1885 3577 1929 mortuos
3605 1875 3901 1941 suscitant,

2307 1968 2393 2021 hic
2420 1976 2503 2021 est
2528 1967 2807 2022 honestior
2832 1980 2885 2023 et
2910 1967 3252 2038 praeclarior:
3277 1975 3333 2021 et
3361 1965 3576 2021 merito.
3600 1964 3735 2020 Nam
3761 1966 3900 2021 illud

2300 2055 2517 2124 quidem
2544 2066 2627 2111 est
2660 2065 2826 2110 totum
2860 2057 2953 2112 Dei
2997 2057 3219 2126 gratim;
3269 2054 3376 2110 hoc
3404 2064 3583 2109 autem
3616 2064 3701 2109 est
3726 2056 3901 2110 etiam

2300 2144 2463 2199 studii
2508 2155 2567 2201 et
2588 2146 2901 2217 diligentiae.
2937 2145 3051 2201 Hoc
3077 2154 3161 2200 est
3189 2159 3379 2200 revera
3404 2144 3699 2199 Christiani
3730 2162 3743 2198 :
3789 2146 3902 2201 hoc

2301 2236 2543 2292 ostendit
2583 2237 2783 2293 Christi
2830 2237 3174 2307 discipulum,
3206 2238 3410 2308 quiest
3457 2236 3766 2303 crucifixus,
3801 2237 3898 2308 qui

2301 2328 2435 2382 nihil
2468 2328 2631 2385 habet
2654 2344 2939 2385 commune
2966 2330 3017 2384 iii
3048 2339 3191 2384 terra
3225 2346 3239 2383 :
3288 2328 3494 2398 absque
3519 2330 3623 2384 hoc
3652 2345 3721 2384 ne
3749 2344 3899 2385 mar-

2302 2418 2499 2493 tyrium
2529 2421 2743 2490 quidem
2773 2429 2955 2491 potest
2977 2419 3265 2491 quidquam
3314 2419 3590 2489 prodesse.
3623 2418 3694 2475 Et
3721 2428 3779 2473 ut
3805 2419 3898 2474 di-

2297 2521 2443 2575 scas,
2478 2508 2581 2565 hoc
2614 2509 2734 2565 vide
2764 2509 3019 2566 dilucide.
3045 2510 3160 2566 Duo
3186 2510 3270 2566 vel
3293 2509 3473 2581 potius
3500 2511 3600 2565 tria
3626 2509 3895 2566 virtutum

2295 2602 2579 2658 cacumina
2605 2604 2837 2673 sumpsit
2866 2603 3061 2659 beatus
3088 2602 3310 2669 Paulus,
3329 2618 3450 2673 qua
3468 2612 3595 2659 sunt
3621 2602 3674 2657 in
3695 2601 3894 2673 signis.

2293 2707 2413 2762 quae
2439 2692 2491 2747 in
2518 2693 2853 2764 cognitione,
2882 2708 3005 2765 quae
3033 2703 3161 2749 sunt
3200 2694 3256 2748 iu
3287 2694 3393 2748 vita
3424 2710 3439 2747 :
3466 2703 3523 2749 et
3551 2692 3758 2762 absque
3784 2691 3897 2747 hoc

2298 2782 2412 2838 haec
2440 2784 2573 2838 nihil
2601 2800 2726 2840 esse
2745 2785 2900 2839 dixit.
2928 2784 3210 2852 Quomodo
3229 2792 3410 2841 autem
3442 2785 3557 2840 haec
3580 2785 3718 2840 nihil
3746 2786 3884 2851 sint,

2292 2888 2394 2945 ego
2420 2874 2564 2941 dico.
2616 2875 2731 2931 Etsi
2761 2878 3067 2932 distribuere
3113 2878 3166 2931 in
3195 2878 3331 2933 cibos
3377 2894 3661 2950 pauperum
3704 2894 3890 2933 euntes

2293 2967 2562 3037 facultates
2590 2983 2748 3032 meas,
2776 2970 3043 3022 caritatem
3070 2978 3243 3023 autem
3268 2986 3372 3024 non
3392 2969 3625 3036 habeam,
3655 2970 3787 3024 nihil
3807 2982 3890 3025 est

2292 3059 2372 3127 (i.
2398 3058 2517 3113 Cor.
2546 3060 2634 3115 15.
2668 3059 2745 3131 3).
2791 3059 2935 3115 Fieri
2986 3061 3129 3115 enim
3174 3068 3353 3130 potest
3391 3068 3449 3115 ut
3473 3061 3565 3131 qui
3596 3059 3889 3117 facultates

2291 3152 2345 3207 in
2391 3152 2542 3208 cibos
2591 3151 2891 3218 distribuat,
2951 3168 3059 3209 non
3109 3153 3181 3208 sit
3227 3153 3455 3208 caritate
3496 3152 3777 3224 praiditus,
3826 3163 3888 3209 et

2293 3242 2576 3312 profundat
2606 3244 2879 3315 pecunias.
2913 3243 2982 3298 Et
3013 3243 3084 3301 de
3128 3243 3213 3299 bis
3239 3242 3456 3315 quidem
3488 3245 3619 3299 satis
3648 3259 3678 3298 a
3719 3245 3885 3302 nobis

2289 3337 2491 3393 dictum
2516 3338 2680 3394 estin
2710 3339 2831 3395 loco
2858 3338 2929 3393 de
2951 3337 3196 3405 caritate,
3224 3347 3279 3394 et
3300 3338 3429 3394 illuc
3459 3338 3884 3395 trausmittimus

2289 3428 2559 3485 lectores:
2591 3428 2807 3485 interim
2850 3436 3054 3493 autem,
3078 3427 3219 3484 sicut
3246 3427 3379 3492 dixi,
3410 3427 3885 3485 temulemurehs-

2287 3522 2473 3585 risma,
2500 3521 2640 3577 alter
2662 3522 2893 3578 alterum
2914 3520 3239 3593 diligamus;
3270 3530 3326 3577 et
3354 3521 3504 3577 nullo
3530 3521 3703 3577 altero
3734 3522 3882 3580 indi-

2284 3612 2531 3682 gebimus
2561 3614 2626 3668 ad
2659 3628 2756 3669 nos
2782 3625 2929 3670 recte
2964 3612 3228 3685 gerendos
3256 3612 3309 3668 in
3338 3614 3551 3679 virtute,
3590 3613 3686 3670 sed
3712 3625 3882 3671 erunt

2287 3705 2440 3760 nobis
2464 3707 2644 3761 omnia
2676 3705 2851 3761 facilia
2878 3706 3081 3777 absque
3121 3705 3436 3773 sudoribus,
3469 3712 3523 3761 et
3555 3706 3727 3762 multo
3754 3716 3880 3763 stu-

2286 3798 2374 3853 dio
2411 3807 2467 3854 et
2507 3798 2777 3871 diligentia
2825 3808 2973 3854 recte
3014 3813 3262 3868 geremus
3306 3798 3511 3854 omnia.
3560 3798 3668 3855 Sed
3712 3814 3877 3869 ecce,

2285 3889 2473 3960 inquit,
2513 3892 2809 3946 etiamnum
2839 3890 3111 3961 diligimus
3154 3904 3253 3945 nos
3285 3889 3517 3945 invicem
3554 3907 3569 3945 :
3612 3905 3736 3945 nam
3774 3891 3877 3950 ille

2283 3982 2496 4051 quidem
2545 3984 2707 4038 habet
2736 3984 2871 4039 duos
2912 3982 2997 4038 vel
3050 3990 3161 4038 tres
3188 3983 3410 4050 amicos,
3443 3981 3531 4038 hic
3575 3998 3704 4039 vero
3732 4000 3878 4056 qna-

2288 4081 2427 4127 tnor.
2462 4073 2567 4129 Sed
2614 4073 2717 4128 hoc
2747 4088 2852 4127 non
2882 4082 2966 4129 est
2992 4074 3219 4141 diligere
3270 4084 3491 4144 propter
3541 4074 3735 4141 Deum,
3767 4077 3875 4135 sed

2283 4157 2430 4251 quod
2457 4158 2567 4225 ipse
2592 4158 2927 4251 redameris:
2960 4172 3179 4232 propter
3202 4164 3374 4223 Deum
3399 4180 3578 4229 autem
3604 4173 3865 4251 diligere,

2280 4257 2398 4340 non.
2417 4243 2519 4301 hoc
2539 4247 2859 4320 principium
2883 4250 3046 4308 habet
3064 4256 3338 4325 caritatis;
3368 4261 3463 4316 sed
3488 4277 3582 4333 qut
3599 4276 3686 4323 est
3704 4243 3869 4340 ejus;

2277 4334 2442 4400 modi,
2471 4339 2735 4395 afficietur
2777 4342 2831 4397 in
2875 4358 3065 4401 omnes
3110 4357 3377 4421 tamquam
3428 4354 3480 4410 in
3512 4334 3866 4427 [πηγαίαις

2276 4423 2491 4492 quidem
2522 4426 2622 4520 qui
2661 4438 2787 4485 sunt
2817 4431 3079 4503 ejusmodi
3136 4438 3257 4495 tidei
3302 4440 3534 4514 diligens
3580 4423 3863 4520 tamquam

2272 4529 2558 4584 germanos
2603 4518 2831 4589 fratres;
2879 4525 3166 4585 haereticos
3209 4540 3412 4599 autem,
3454 4545 3509 4592 et
3534 4518 3754 4598 Graecos
3804 4556 3865 4601 et

2273 4606 2509 4704 Judaaos,
2534 4614 2624 4681 qui
2646 4616 2940 4673 secundum
2968 4629 3211 4678 naturam
3236 4625 3455 4694 quidem
3484 4640 3611 4685 sunt
3638 4631 3859 4704 fratres,

2272 4698 2401 4754 mali
2430 4710 2609 4756 autem
2638 4715 2766 4760 sunt
2791 4718 2846 4762 et
2873 4708 3115 4777 inutiles,
3138 4714 3426 4784 miserans,
3455 4730 3508 4774 et
3548 4736 3645 4792 pro
3672 4724 3755 4782 eis

2272 4790 2498 4848 bescens
2524 4804 2579 4850 et
2608 4795 2930 4870 lacrymans.
2966 4802 3023 4858 ln
3056 4805 3159 4861 hoc
3187 4806 3391 4865 erimus
3420 4810 3531 4867 Deo
3550 4790 3785 4880 similes.
3810 4821 3862 4876 si

2268 4898 2458 4940 omnes
2487 4885 2771 4959 diligamus
2814 4893 2979 4949 etiam
3022 4896 3299 4973 inimicos,
3344 4918 3453 4958 non
3501 4906 3547 4961 si
3587 4907 3741 4979 signa
3772 4908 3859 4966 fa-

2270 4977 2495 5036 ciamus.
2534 4980 2664 5038 Nam
2705 4984 2872 5041 Deum
2915 4988 3245 5048 admiramur
3270 4997 3485 5065 quidem
3532 4977 3692 5056 etiam
3729 5019 3857 5063 cum

2270 5067 2395 5125 facit
2425 5075 2681 5131 miracula
2709 5094 2723 5145 ;
2768 5080 2937 5134 multo
2964 5091 3143 5139 autem
3177 5089 3367 5158 magis,
3400 5093 3617 5162 quando
3643 5107 3727 5152 est
3756 5099 3855 5155 be-

2268 5163 2478 5231 nignus,
2512 5167 2751 5224 clemens
2777 5181 2832 5227 et
2880 5175 3109 5242 patiens.
3158 5176 3213 5233 Si
3264 5195 3395 5251 ergo
3440 5184 3603 5239 etiam
3652 5187 3707 5243 iu
3738 5189 3853 5247 Deo

2270 5254 2397 5310 illud
2422 5269 2504 5313 est
2531 5260 2683 5315 valde
2704 5264 3029 5333 mirandum,
3062 5270 3233 5325 multo
3260 5274 3431 5345 magis
3461 5275 3515 5331 in
3541 5276 3854 5339 hominibus

2263 5346 2365 5403 hoc
2389 5360 2471 5405 est
2514 5355 2875 5424 perspicuum,
2913 5360 3054 5429 quod
3084 5360 3185 5417 hoc
3228 5378 3327 5419 nos
3367 5366 3544 5425 reddit
3571 5370 3850 5431 adminu-

2261 5438 2377 5494 dos.
2424 5442 2535 5498 lioc
2562 5460 2691 5514 ergo
2733 5448 3068 5520 aemulemur,
3099 5462 3153 5509 et
3199 5454 3364 5510 Paulo
3405 5469 3460 5515 et
3489 5460 3647 5519 Petro
3681 5475 3738 5520 et
3781 5468 3850 5524 iis

2261 5532 2349 5599 qui
2380 5532 2794 5594 innumerabiles
2816 5552 3056 5597 mortuos
3094 5544 3423 5615 excitarunt,
3447 5553 3617 5609 nihilo
3640 5557 3848 5617 erimus

2260 5621 2562 5692 inferiores,
2591 5630 2800 5687 etiamsi
2827 5631 3029 5690 febrem
3061 5653 3169 5693 non
3212 5642 3480 5709 possimus
3526 5649 3837 5721 expellere;

2256 5714 2458 5787 absque
2508 5718 2600 5774 ilia
2632 5732 2831 5789 autem,
2864 5726 3076 5783 etiamsi
3126 5730 3331 5801 majora
3378 5733 3639 5797 faciamus
3689 5714 3842 5817 signa

2255 5824 2413 5879 quam
2444 5815 2695 5885 apostoli,
2729 5818 2938 5877 etiamsi
2989 5822 3135 5882 mille
3185 5828 3439 5899 periculis
3483 5849 3585 5892 nos
3613 5815 3831 5912 objicia-
