4042 6450
169 483 218 536 ΪἹ
1041 484 1103 539 IN
1146 482 1357 539 El‘lST.
1403 480 1495 534 AD
1537 472 1900 533 IlEBl‘tJlOS.
1944 472 2099 527 CAP.
2125 470 2185 529 η.
2214 468 2446 527 IIOMIL.
2478 467 2569 528 IV.
3345 468 3415 529 δι

158 610 376 666 mus.pro
404 594 529 660 lide,
566 593 733 649 nobis
790 590 923 646 nihil
973 593 1208 662 prodest.
1241 592 1309 646 Et
1342 590 1456 646 lucc
1481 606 1585 645 non
1617 606 1718 661 ego

157 686 268 748 dico,
312 684 400 738 sed
444 682 567 739 hac
611 685 734 753 ipse
787 684 891 737 scit
929 683 1016 751 qni
1046 691 1125 736 est
1164 682 1414 736 alumnus
1440 683 1716 737 caritatis:

160 777 217 830 illi
240 791 355 847 ergo
376 789 691 845 pareamus.
719 773 812 828 Sic
841 774 987 829 enim
1016 772 1315 842 poterimus
1338 772 1551 841 assequi
1578 771 1716 826 bona

160 864 384 935 promissa
413 883 427 919 :
454 878 581 935 quae
612 862 842 934 quidem
871 861 1030 918 detur
1056 860 1213 917 nobis
1238 861 1494 916 omnibus
1519 875 1716 917 conse-

174 1030 1556 1044 —_——_——————-—-M

1644 1032 1665 1037 ο.
1679 1030 1725 1038 .-
1738 1031 2123 1042 -Ψ--ροοομ-ο

1575 1031 2104 1145 ””ιίὄδῖῖιῖιῖὶῖν’ζ

1841 585 1953 655 qui,
1974 583 2146 655 gratia
2171 590 2226 636 et
2248 578 2581 650 benignitate
2610 572 2821 629 Domini
2858 570 3030 626 nostri
3057 568 3185 625 Jesu
3210 565 3433 633 Christi,

1840 692 1962 732 cum
1993 688 2101 746 quo
2130 672 2273 729 Patri
2305 668 2577 738 simulque
2601 672 2793 721 sancto
2831 661 3058 732 Spiritui
3105 659 3299 731 gloria,
3343 674 3436 729 po.

1845 778 2031 834 testas,
2064 766 2261 833 honor,
2292 777 2437 819 nunc
2460 770 2517 819 et
2540 774 2781 830 semper,
2807 766 2864 813 et
2901 756 2954 813 in
2984 755 3184 811 uincula
3211 756 3441 810 saculo-

1842 878 1985 919 rum.
2016 861 2213 917 Amen.

3032 1036 3292 1045 _.——-.—..—.-
3304 1038 3309 1042 ι
3322 1034 3386 1043 σδ--
3404 1031 3439 1042 ⁸ο

163 1187 264 1239 ευ.
290 1185 339 1239 Ξ.
369 1202 419 1239 v.
449 1184 505 1242 5.
540 1185 670 1241 Non
717 1186 851 1241 enim
882 1186 1082 1257 angelis
1126 1182 1337 1250 subiecit
1387 1172 1523 1235 Deu's
1553 1180 1726 1235 orbem
1828 1177 1933 1236 Sed
1962 1181 2085 1250 quia
2114 1194 2177 1234 ea
2207 1195 2330 1251 qua
2357 1178 2424 1235 ad
2459 1178 2766 1235 cautionem
2800 1177 3103 1233 necessaria
3148 1183 3306 1232 erant
3348 1172 3434 1227 di-

222 1286 350 1331 tem!
374 1279 632 1347 futurum,
657 1278 725 1331 de
767 1293 868 1347 quo
896 1278 1170 1347 loquimur.
1190 1274 1248 1330 6.
1270 1273 1503 1327 Testatus
1530 1280 1602 1326 est
1628 1287 1721 1324 au-

220 1379 305 1423 tem
327 1370 377 1422 in
396 1368 622 1439 quodam
648 1368 765 1423 loco
784 1369 917 1437 quis,
936 1368 1107 1421 dicens
1128 1381 1146 1419 :
1166 1365 1302 1433 Quid
1325 1374 1395 1418 est
1418 1363 1569 1417 homo
1589 1361 1726 1432 quod

220 1473 385 1511 utemur
420 1475 470 1513 es
510 1460 628 1528 ejus
650 1460 677 1513 1
730 1468 820 1511 aut
864 1458 1003 1526 ﬁlius
1034 1456 1254 1509 hominis
1286 1454 1529 1525 quoniam
1554 1452 1726 1505 uisitas

219 1550 361 1603 aut?
399 1550 449 1603 'l.
495 1547 748 1603 Hinuisti
774 1565 885 1603 eum
914 1548 1069 1618 paulo
1114 1549 1281 1600 minus
1311 1546 1375 1600 ab
1407 1544 1624 1617 angelis.

224 1726 269 1779 t.
296 1725 488 1782 Vellem
515 1737 712 1797 aperte
755 1726 916 1793 scire,
945 1742 1012 1780 an
1042 1723 1203 1795 aliqui
1231 1738 1352 1779 cum
1384 1736 1450 1779 eo
1495 1736 1603 1792 quo
1629 1736 1725 1792 par

166 1828 231 1873 est
267 1819 429 1875 studio
458 1819 685 1875 audiant
712 1834 838 1890 quae
878 1818 1150 1881 dicuntur,
1178 1831 1248 1872 ne
1288 1816 1440 1886 juxta
1474 1815 1610 1868 viam
1637 1813 1726 1884 ja-

166 1911 337 1965 ciamus
381 1911 587 1966 semina
638 1928 653 1964 :
710 1912 791 1966 sic
838 1911 980 1965 enim
1032 1908 1348 1979 promptiori
1376 1916 1430 1963 et
1475 1906 1723 1962 alacriori

169 2002 317 2057 animo
336 2003 675 2059 traderemus
698 2002 1021 2059 doctrinam.
1055 2003 1305 2057 Dicemus
1327 2004 1493 2067 enim,
1509 2000 1721 2056 etiamsi

170 2107 299 2147 nemo
324 2093 519 2159 audiat,
564 2103 798 2165 propter
840 2104 1064 2157 metum,
1096 2093 1186 2163 qui
1234 2092 1510 2162 impendet
1536 2107 1565 2146 a
1593 2092 1727 2147 Ser-

171 2196 338 2241 νειοῖο.
382 2187 707 2242 Contestare
738 2186 904 2253 enim,
939 2185 1131 2256 inquit,
1167 2184 1292 2241 huic
1321 2186 1517 2256 popqu
1552 2193 1648 2239 :et
1675 2184 1719 2238 si

171 2289 254 2330 non
293 2276 570 2344 audierint,
602 2277 725 2347 ipse
754 2291 861 2332 non
892 2276 1000 2332 eris
1026 2277 1199 2346 culpa:
1224 2275 1422 2331 afﬁnis.
1455 2276 1513 2331 Si
1540 2283 1721 2330 autem

171 2365 274 2418 mihi
298 2376 436 2422 esset
461 2349 789 2435 persuasum
823 2366 891 2422 de
918 2375 1100 2421 vestro
1137 2365 1316 2421 studio
1342 2374 1397 2422 et
1422 2365 1720 2436 diligentia,

172 2470 254 2509 non
280 2463 439 2513 solum
474 2457 720 2514 dicerem
770 2467 994 2528 propter
1040 2466 1263 2522 metum,
1285 2455 1382 2512 sed
1427 2455 1530 2511 hoc
1560 2454 1723 2511 etiam

171 2546 368 2603 tacerem
409 2565 532 2605 cum
580 2551 881 2621 voluptate.
928 2548 1083 2603 Nunc
1106 2549 1274 2613 enim,
1302 2547 1515 2604 etiamsi
1562 2560 1724 2601 nemo

171 2640 350 2709 audiat,
378 2642 593 2699 etiamsi
646 2657 734 2698 res
780 2642 908 2697 mihi
941 2641 1011 2697 sit
1052 2642 1254 2712 absque
1284 2640 1521 2711 periculo
1575 2654 1725 2695 meas

172 2742 317 2797 partes
346 2733 619 2802 implenti,
646 2733 740 2787 sed
773 2741 951 2788 tamen
998 2732 1203 2801 absque
1250 2732 1524 2802 voluptate
1576 2732 1727 2787 labor

172 2821 439 2891 suscipitur.
468 2822 607 2877 Nam
637 2822 764 2892 quid
797 2822 1042 2893 prodest,
1073 2821 1287 2893 quando
1318 2822 1370 2876 in
1398 2836 1486 2878 me
1512 2821 1726 2892 quidem

174 2912 285 2965 nulla
318 2913 586 2969 confertur
624 2914 805 2983 culpa,
840 2928 998 2969 nemo
1023 2924 1202 2969 autem
1235 2914 1496 2983 juvatur?
1538 2912 1591 2969 Si
1636 2914 1726 2984 qui

176 3011 322 3059 autem
364 3006 470 3061 sint
497 3006 745 3061 animum
778 3005 1094 3070 adhibituri,
1124 3023 1235 3062 non
1287 3017 1490 3062 tantam
1541 3008 1726 3077 capie-

172 3110 266 3151 mus
290 3097 561 3154 utilitatem
604 3113 671 3154 ex
707 3113 774 3155 eo
803 3097 943 3169 quod
974 3113 1079 3154 non
1122 3099 1426 3168 puniamur,
1467 3108 1726 3170 quantum

171 3200 222 3239 ex
246 3202 407 3245 vestro
432 3190 702 3260 profectu.
729 3189 1008 3258 Quomodo
1032 3204 1161 3261 ergo
1190 3191 1294 3248 hoc
1333 3193 1501 3247 sciam
1526 3193 1550 3245 ’ἰ
1591 3192 1726 3248 Cum

171 3279 484 3339 observarem
510 3299 582 3339 ex
616 3284 771 3339 vobis
799 3282 1008 3353 aliquos
1036 3283 1125 3354 qui
1158 3298 1264 3338 non
1309 3285 1547 3339 animum
1576 3286 1731 3341 adhi-

171 3369 318 3439 beant,
358 3385 480 3430 tunc
514 3390 761 3431 seorsum
792 3374 1121 3430 conveniens
1165 3391 1262 3431 eos
1308 3377 1550 3446 rogabo;
1597 3388 1649 3433 ct
1682 3378 1724 3433 si

172 3461 385 3521 invenero
414 3467 717 3522 retinentes
743 3466 920 3536 aliqua
939 3481 1003 3521 ex
1030 3467 1096 3521 iis
1118 3483 1239 3537 qua:
1269 3468 1413 3522 dicta
1442 3476 1585 3533 sunt,
1618 3485 1725 3524 non

171 3552 268 3607 dico
301 3558 507 3620 omnia;
556 3571 662 3611 non
694 3565 779 3611 est
804 3557 947 3611 enim
976 3556 1081 3612 boc
1112 3559 1264 3613 vobis
1297 3558 1451 3615 facile
1474 3579 1490 3627 ;
1517 3562 1612 3616 sed
1644 3563 1725 3617 vel

172 3659 306 3709 mura
343 3663 401 3703 ex
449 3650 658 3715 multis,
704 3659 788 3705 est
835 3650 1176 3721 perspicuum
1222 3652 1365 3722 quod
1405 3654 1474 3709 de
1513 3656 1726 3709 caeteris

173 3747 318 3801 postea
345 3757 443 3795 non
474 3740 753 3795 dubitabo.
790 3740 854 3795 Et
882 3742 1166 3812 Oportebat
1191 3744 1408 3813 quidem
1448 3761 1568 3809 nos,
1593 3763 1715 3802 eum

171 3840 253 3883 non
280 3832 722 3899 praedixissemus,
756 3848 821 3888 ex
854 3834 1145 3904 improviso
1176 3850 1270 3889 vos
1300 3838 1520 3907 aggredi
1553 3856 1565 3892 :
1601 3855 1707 3894 ειε-

172 3928 309 3976 terum
348 3936 561 3995 gratum
612 3927 736 3991 erit,
788 3926 832 3979 si
890 3926 970 3981 vel
1002 3928 1081 3981 sic
1139 3928 1410 3996 possimus
1460 3933 1717 4002 assequi;

170 4009 257 4067 imo
280 4028 394 4070 vero
444 4016 527 4071 sic
555 4031 771 4086 quoque
814 4032 1030 4086 possum
1064 4032 1159 4071 vos
1211 4018 1455 4075 incautos
1482 4024 1721 4093 aggredi.

171 4099 276 4158 Nam
319 4107 541 4175 praedixi
579 4107 794 4178 quidem
818 4108 960 4177 quod
1006 4123 1102 4163 vos
1126 4108 1226 4164 sim
1262 4112 1718 4184 interrogaturus:

170 4195 346 4260 quando
388 4209 573 4253 autem
624 4200 722 4252 sim
756 4198 1210 4269 interrogaturus,
1245 4201 1483 4257 nondum
1515 4207 1720 4274 aperio.

171 4281 299 4339 Forte
342 4292 480 4342 enim
535 4288 721 4352 hodie,
784 4290 918 4342 forte
963 4304 1122 4355 cras,
1177 4290 1312 4346 forte
1364 4303 1542 4349 autem
1600 4307 1720 4364 post

175 4374 329 4443 viginti
359 4389 446 4435 aut
478 4381 695 4451 triginta
731 4380 867 4446 dies,
894 4380 1032 4438 forte
1068 4392 1247 4438 autem
1278 4393 1399 4454 post
1423 4386 1729 4455 pauciores.

176 4464 284 4523 forte
311 4481 483 4527 autem
520 4482 640 4543 post
669 4473 869 4544 plures.

232 4556 392 4614 Hortis
438 4572 633 4631 tempus
672 4580 763 4617 cur
798 4566 939 4621 nobis
982 4571 1227 4622 incerluir.
1251 4567 1335 4621 sit.
1359 4597 1426 4607 —
1453 4566 1543 4622 Sic
1569 4569 1729 4623 etiam

176 4643 286 4701 diem
312 4654 493 4707 mortis
520 4654 676 4708 nobis
707 4654 845 4711 Deus
874 4656 1002 4713 fecit
1031 4660 1294 4713 incertum
1319 4676 1331 4711 :
1364 4674 1545 4729 neque
1577 4658 1733 4713 nobis

175 4744 349 4805 aperuit
380 4760 445 4799 an
478 4745 658 4811 hodie,
704 4762 770 4801 an
798 4764 1013 4815 cras,an
1038 4760 1157 4820 post
1201 4760 1369 4805 totum
1410 4766 1630 4813 annum,
1665 4766 1732 4806 an

175 4840 270 4891 post
292 4835 476 4890 multos
516 4852 685 4892 annos
714 4840 783 4894 sit
808 4840 1109 4907 adfuturus,
1142 4852 1198 4896 ut
1225 4854 1442 4912 propter
1470 4844 1732 4900 incertam

174 4933 595 4989 exspectationem
620 4945 718 4985 nos
746 4932 799 4985 in
828 4934 1030 4988 virtute
1050 4946 1310 5004 perpetuo
1328 4936 1731 4991 contineamus:

176 5011 575 5088 mdixitquidem
604 5023 746 5092 quod
774 5025 944 5080 simus
964 5028 1262 5093 excessuri;
1288 5029 1501 5099 quando
1528 5043 1734 5099 autem,

177 5102 385 5163 minime.
420 5110 494 5165 lta
528 5127 627 5181 ego
658 5131 871 5185 quoque
898 5117 1007 5172 dixi
1040 5134 1126 5173 me
1162 5130 1493 5190 rogaturum,
1518 5123 1734 5191 quando

176 5204 344 5260 autem,
363 5216 464 5254 non
484 5202 687 5269 addidi,
709 5208 897 5263 volens
914 5224 1008 5263 vos
1024 5224 1145 5265 esse
1163 5220 1417 5281 perpetuo
1439 5211 1727 5267 SOIIICIIOS.

176 5281 263 5339 Nec
284 5287 415 5344 dicat
441 5294 730 5364 quispiam,
760 5301 902 5353 Ante
933 5309 1184 5369 quatuor,
1216 5313 1311 5356 aut
1345 5304 1603 5374 quinque,
1634 5312 1725 5356 aut

182 5378 315 5433 etiam
341 5384 516 5452 plures
548 5386 919 5446 hebdomadas
948 5394 1061 5447 hrec
1082 5394 1282 5461 audivi,
1308 5412 1483 5466 neque
1514 5396 1731 5466 possunt

185 5473 417 5537 τειίοπεε
445 5483 645 5537 etenim
682 5499 802 5540 eum
830 5488 921 5556 qui
959 5487 1109 5541 audit
1144 5489 1267 5543 volo
1291 5490 1368 5543 sic
1398 5491 1649 5555 retinere,
1680 5502 1733 5545 ut

186 5576 272 5617 non
306 5568 698 5631 obliviscentem
741 5593 838 5631 nec
865 5578 1146 5633 evanidam
1176 5579 1369 5635 habeat
1398 5584 1732 5648 memoriam,

187 5668 269 5708 nec
306 5675 509 5733 respuat
534 5684 652 5736 quat
674 5668 943 5724 dicuntur.
976 5670 1111 5725 Volo
1134 5671 1277 5725 enim
1315 5687 1411 5726 vos
1457 5676 1693 5729 retinere
1719 5719 1731 5739 ,

1831 1270 2027 1335 ximus,
2066 1269 2179 1339 jam
2227 1285 2344 1326 rem
2385 1269 2629 1340 incipere
2672 1277 2909 1339 oportet.
2958 1266 3097 1335 Quid
3124 1281 3255 1337 ergo
3277 1267 3436 1321 nobis

1833 1360 1992 1416 hodie
2023 1359 2355 1430 propositum
2397 1370 2481 1415 est
2507 1359 2690 1414 dicere
2714 1356 2738 1409 ?
2758 1355 2883 1412 Non
2923 1359 3083 1424 enim,
3110 1357 3306 1427 inquit,
3336 1374 3436 1410 an-

1832 1451 1957 1521 gelis
1983 1451 2198 1520 subjecit
2241 1450 2415 1504 orbem
2456 1458 2604 1504 terra:
2633 1449 2868 1518 futurum
2919 1448 2985 1503 de
3024 1464 3125 1519 quo
3155 1448 3433 1517 loquimur.

1830 1541 2098 1612 Numquid
2130 1540 2201 1598 de
2228 1541 2411 1613 aliquo
2442 1540 2550 1597 alio
2597 1541 2729 1597 orbe
2780 1550 2941 1596 terra:
2988 1539 3260 1610 loquitur?
3292 1538 3437 1593 Fieri

1836 1648 1944 1688 non
1977 1640 2178 1703 potest,
2210 1632 2308 1688 sed
2339 1631 2408 1688 de
2444 1630 2568 1687 hoc.
2600 1631 2891 1702 Propterea
2918 1630 3063 1687 enim
3098 1628 3326 1694 addidit,
3359 1628 3440 1683 De

1831 1742 1931 1796 quo
1970 1726 2249 1795 loquimur,
2298 1739 2367 1781 ne
2414 1724 2557 1779 sinat
2599 1734 2835 1779 mentem
2890 1722 3233 1779 aberrantem
3270 1721 3436 1777 alium

1833 1831 2098 1889 quaerere.
2145 1817 2161 1847 ¹
2192 1814 2476 1883 Quomodo
2503 1831 2634 1886 ergo
2659 1830 2785 1870 eum
2808 1812 2940 1870 dicit
2976 1813 3257 1869 futurum?
3285 1812 3441 1870 Sicut

1831 1908 1995 1965 etiam
2038 1908 2171 1963 dicit
2199 1908 2351 1973 alibi,
2397 1906 2498 1975 Qui
2528 1917 2600 1962 est
2628 1907 2798 1978 figura
2826 1906 2989 1975 futuri
3023 1905 3201 1977 (Rom.
3233 1906 3287 1962 5.
3323 1907 3436 1977 ll),

1832 1999 1904 2055 de
1930 1998 2139 2054 Adamo
2169 1997 2361 2054 dicens
2378 2009 2435 2054 et
2460 1996 2676 2054 Christo
2696 1999 2750 2054 in
2778 1997 3022 2069 Epistola
3048 1996 3114 2052 ad
3140 1997 3438 2062 Romanos.

1835 2091 2017 2147 habita
2074 2092 2289 2148 ratione
2344 2101 2667 2163 temporum,
2711 2090 2905 2146 Adami
2948 2090 3189 2147 futurum
3235 2107 3440 2147 vocans

1832 2185 2108 2243 Christum
2148 2186 2449 2243 secundum
2480 2201 2729 2241 carnem:
2764 2193 2883 2241 erat
2911 2186 3057 2241 enim
3092 2185 3331 2242 futurus:
3363 2187 3435 2242 ita

1832 2292 1979 2333 nunc
2008 2292 2247 2348 quoque,
2294 2277 2548 2349 quoniam
2589 2277 2743 2344 dixit,
2775 2275 2844 2331 Et
2885 2293 3002 2331 cum
3045 2277 3228 2332 iterum
3271 2278 3439 2332 intro-

1831 2369 1970 2423 ducit
2016 2368 2425 2440 Primogenitum
2452 2372 2507 2424 in
2552 2369 2723 2424 orbem
2768 2378 2956 2434 terra;
2995 2384 3064 2425 ne
3093 2371 3439 2426 existimares

1830 2475 1956 2516 eum
1980 2460 2163 2517 dicere
2186 2461 2354 2516 alium
2386 2461 2575 2516 orbem
2608 2469 2791 2527 teme,
2816 2476 2883 2517 ex
2908 2461 3094 2516 multis
3122 2460 3173 2517 id
3204 2460 3399 2533 probat
3418 2506 3433 2529 ,

1830 2561 1887 2608 et
1915 2567 1983 2607 ex
2014 2566 2080 2608 eo
2104 2551 2249 2623 quod
2277 2552 2475 2607 dixerit
2502 2552 2679 2623 ipsum
2714 2550 2989 2607 futurum:
3036 2551 3247 2609 futurus
3288 2555 3434 2610 enim

1840 2642 2118 2699 eratorbis
2141 2653 2331 2710 terrae;
2363 2643 2537 2699 Filius
2562 2658 2741 2699 autem
2774 2642 2867 2698 Dei
2896 2658 3115 2713 semper
3142 2643 3261 2699 fuit.
3288 2645 3441 2701 Hunc

1850 2742 1981 2798 ergo
2025 2729 2116 2800 qui
2170 2736 2289 2782 erat
2341 2726 2597 2795 futurus,
2647 2742 2753 2782 non
2803 2726 3039 2797 subjecit
3080 2732 3312 2803 angelis,
3365 2734 3460 2788 sed

1848 2816 2083 2872 Christo.
2110 2815 2267 2885 Quod
2292 2824 2473 2872 autem
2501 2816 2571 2872 ad
2593 2815 2788 2871 Filium
2814 2816 3022 2873 dictum
3055 2822 3146 2889 sit,
3179 2831 3260 2878 cst
3292 2825 3452 2878 mani-

1851 2907 2047 2965 festum
2067 2927 2081 2963 :
2101 2924 2223 2964 nam
2243 2924 2420 2980 neque
2432 2909 2565 2965 illud
2583 2908 2849 2980 quispiam
2862 2909 3081 2981 dixerit,
3100 2915 3242 2985 quod
3259 2915 3461 2971 dictum

1849 2999 1920 3055 sit
1947 2999 2015 3055 ad
2059 3000 2301 3071 angelos.
2332 3000 2543 3056 Deinde
2570 3001 2732 3056 etiam
2774 3005 3013 3060 alterum
3044 3005 3266 3062 adducit
3313 3010 3443 3062 testi-

1850 3092 2112 3157 monium,
2142 3099 2196 3147 et
2222 3091 2387 3147 dicit:
2423 3090 2662 3147 Testatus
2689 3108 2765 3151 est
2796 3107 2970 3151 autem
3011 3097 3064 3150 in
3093 3100 3315 3167 quodam
3348 3100 3459 3153 loco

1847 3183 1979 3251 quis,
2007 3182 2197 3237 dicens.
2223 3182 2335 3238 Cur
2361 3197 2473 3239 non
2504 3183 2643 3242 dixit
2674 3202 2871 3244 nomen
2904 3190 3209 3259 prophetze,
3243 3191 3337 3245 sed
3365 3207 3455 3248 oc-

1848 3275 2105 3329 cultavit?
2140 3275 2253 3332 lloe
2288 3285 2469 3332 autem
2510 3275 2644 3335 facit
2690 3281 2854 3337 etiam
2881 3282 2933 3337 in
2962 3284 3081 3338 aliis
3113 3285 3459 3350 testimoniis,

1847 3376 1907 3421 ut
1925 3367 2137 3438 quando
2162 3367 2329 3424 dicit:
2358 3369 2490 3426 Cum
2525 3384 2696 3428 autem
2727 3374 2910 3428 iterum
2939 3376 3217 3429 introducit
3253 3377 3457 3431 Primo-

1846 3460 2069 3529 genitum
2096 3459 2151 3513 in
2177 3460 2346 3515 orbem
2383 3474 2556 3533 terrae,
2587 3466 2731 3530 dicit,
2767 3466 2831 3521 Et
2869 3466 3087 3521 adorent
3127 3486 3242 3523 eum
3285 3488 3458 3526 omnes

1847 3550 2014 3620 angeli
2046 3549 2178 3616 Dei;
2207 3561 2262 3607 et
2308 3570 2523 3624 rursus,
2557 3555 2672 3628 Ego
2721 3574 2806 3611 ero
2837 3559 2882 3613 ei
2918 3558 2972 3613 in
3004 3557 3242 3615 Patrem.
3294 3562 3362 3616 Et
3391 3568 3457 3616 ad

1851 3641 2064 3710 angelos
2088 3642 2295 3712 quidem
2324 3647 2487 3700 dicit:
2513 3647 2614 3715 Qui
2647 3650 2773 3719 facit
2806 3651 3015 3719 angelos
3047 3668 3167 3707 suos
3193 3654 3408 3721 spiritus
3439 3678 3455 3713 :

1845 3732 1912 3783 ad
1956 3730 2156 3786 Filium
2184 3751 2333 3800 vero,
2369 3736 2436 3790 Et
2475 3749 2528 3791 tu
2575 3739 2626 3791 in
2663 3742 2919 3809 principio
2942 3784 2955 3807 ,
2993 3741 3242 3809 Domine,
3270 3756 3458 3801 terram

1845 3824 2097 3893 fundasti.
2143 3827 2219 3882 lta
2268 3828 2356 3884 hic
2384 3845 2632 3899 quoque;
2668 3830 2909 3886 Testatus
2950 3844 3021 3887 est
3052 3846 3219 3891 autem
3252 3840 3303 3892 in
3332 3857 3461 3907 quo-

1843 3914 1961 3967 dam
1993 3917 2107 3971 loco
2130 3919 2243 3987 quis
2272 3920 2465 3974 dicens.
2509 3920 2816 3991 llocipsum
2860 3934 3042 3980 autem
3073 3927 3265 3995 opinor
3293 3930 3457 3985 etiam

1843 4020 1964 4062 esse
2006 4008 2352 4077 occultantis,
2385 4021 2438 4065 et
2469 4012 2759 4068 ostendere
2788 4029 2883 4069 eos
2914 4030 3037 4071 esse
3068 4018 3226 4075 valde
3254 4022 3461 4090 peritus

1841 4096 2266 4168 Scripturarum,
2292 4103 2433 4171 quod
2460 4118 2564 4158 non
2588 4115 2751 4174 ponat
2778 4120 2900 4161 eum
2932 4109 3022 4178 qui
3049 4109 3183 4165 dixit
3211 4115 3451 4169 testimo-

1845 4190 2014 4256 nium,
2046 4190 2140 4245 sed
2172 4179 2496 4259 introducat,
2533 4204 2590 4248 ut
2620 4195 2764 4265 quod
2792 4198 2950 4267 vulgo
2968 4200 3375 4259 circumferatur
3403 4219 3459 4260 et

1843 4280 1912 4332 sit
1933 4279 2297 4337 manifestum.
2326 4282 2467 4348 Quid
2493 4296 2565 4339 est
2588 4286 2740 4340 homo
2766 4290 2902 4357 quod
2917 4306 3108 4345 memor
3122 4310 3175 4348 es
3196 4295 3306 4366 ejus
3324 4298 3350 4349 ?
3368 4308 3459 4350 aut

1842 4371 1980 4438 [ilius
2014 4370 2234 4427 hominis
2262 4374 2397 4443 quod
2423 4377 2596 4430 uisitas
2621 4378 2777 4431 eum?
2805 4379 2855 4432 7.
2890 4380 3123 4437 dlinuisti
3153 4402 3268 4439 eum
3295 4392 3453 4457 paulo

1842 4467 2012 4519 minus
2047 4466 2108 4520 ab
2135 4468 2327 4539 angelis
2360 4483 2379 4522 :
2409 4470 2575 4541 gloria
2604 4479 2652 4524 et
2694 4472 2885 4526 honore
2927 4479 3181 4530 coronasli
3240 4496 3375 4547 eum,
3408 4493 3456 4535 et

1840 4563 2145 4616 constituisti
2170 4581 2282 4618 eum
2313 4582 2466 4635 super
2494 4583 2651 4635 opera
2679 4584 2925 4623 manuum
2949 4580 3151 4625 tuarum
3173 4575 3262 4629 :8.
3281 4580 3455 4630 onmin

1838 4653 2093 4718 subiecisti
2113 4654 2205 4707 sub
2225 4655 2436 4723 pedibus
2463 4659 2574 4727 ejus
2594 4657 2772 4728 (Psal.
2805 4661 2859 4717 8.
2892 4661 3037 4735 5-7).

1909 4746 1963 4798 εἰ.
2018 4746 2143 4801 llaec
2188 4759 2367 4803 autem
2415 4751 2628 4807 etiamsi
2688 4753 2830 4808 dicta
2885 4755 2995 4811 sint
3048 4757 3116 4813 de
3178 4767 3451 4818 communi

1841 4838 2171 4894 humanitate
2193 4881 2207 4904 ,
2241 4844 2411 4911 magis
2444 4846 2661 4913 proprie
2695 4855 2876 4902 tamen
2904 4853 3262 4905 convenerint
3287 4855 3450 4909 Ωιιιὴ-

1839 4942 1923 4987 sto
1952 4933 2246 4988 secundum
2286 4950 2506 4992 carnem
2540 4954 2554 4990 :
2586 4938 2713 4993 illud
2744 4941 2889 4995 enim
2918 4982 2933 5007 ,
2969 4942 3155 4998 Omnia
3189 4946 3453 5015 subiecisti

1836 5025 1927 5077 sub
1954 5026 2164 5095 pedibus
2192 5026 2343 5097 ejus,
2387 5029 2556 5100 magis
2600 5039 2684 5085 est
2734 5031 2919 5098 illius,
2969 5051 3130 5103 quant
3176 5050 3447 5094 nostrum.

1839 5117 1933 5173 Dei
1974 5118 2117 5173 enim
2168 5118 2336 5175 Filius
2385 5136 2516 5187 nos,
2575 5138 2695 5178 cum
2751 5126 2881 5181 nihil
2925 5142 3205 5196 essemus,
3259 5133 3450 5188 visita-

1838 5208 1950 5273 vit,
2010 5220 2064 5263 et
2115 5227 2237 5266 cum
2295 5212 2344 5266 id
2395 5213 2542 5282 quod
2592 5225 2835 5273 nostrum
2894 5231 2975 5274 est
3025 5226 3353 5293 suscepisset
3396 5240 3454 5282 ut.

1835 5301 1938 5354 sibi
1966 5304 2192 5371 nuisset,
2229 5305 2399 5361 factus
2424 5318 2507 5361 est
2536 5308 2790 5364 omnibus
2820 5313 3087 5381 superior.
3131 5314 3192 5369 lu
3220 5334 3277 5370 eo
3303 5322 3445 5374 enim

1836 5394 1972 5461 quod
1998 5396 2171 5449 omnia
2200 5398 2245 5449 ei
2272 5397 2486 5467 subjecit
2511 5440 2527 5465 ,
2559 5398 2691 5453 nihil
2711 5402 2904 5456 dimisit
2934 5420 3035 5457 non
3060 5406 3346 5477 subjectum
3374 5414 3443 5467 ei.

1837 5482 1991 5537 Nunc
2016 5496 2187 5541 autent
2216 5488 2432 5541 necdum
2463 5490 2691 5546 videmus
2717 5498 2889 5546 omnia
2929 5496 3155 5564 subjecta
3182 5500 3247 5553 ei.
3292 5501 3446 5568 Quod

1831 5585 2011 5631 autent
2041 5577 2170 5633 dicit
2211 5590 2294 5633 est
2325 5579 2659 5651 hujusmodi.
2688 5583 2952 5649 Quoniam
2979 5588 3215 5655 dixerat,
3251 5591 3428 5647 Donec

1829 5688 2015 5739 ponam
2060 5674 2290 5737 inimicos
2329 5685 2440 5730 tuos
2480 5677 2758 5731 scabellum
2793 5680 2977 5746 pedum
3011 5691 3211 5736 tuorum
3236 5726 3250 5745 ,
3286 5700 3431 5739 veri-

187 5754 275 5800 non
298 5760 349 5803 ut
372 5755 492 5808 mihi
522 5756 730 5821 dicatis,
766 5760 862 5815 sed
886 5769 943 5814 ut
975 5777 1069 5817 vos
1097 5762 1413 5819 lucremini:
1450 5766 1628 5820 ethoc
1652 5779 1737 5820 est
1830 5763 2008 5818 simile
2032 5776 2212 5820 autem
2251 5779 2366 5823 erat
2397 5785 2493 5825 eos
2533 5770 2709 5825 adhuc
2740 5774 2860 5843 angi
2907 5785 2960 5827 et
3004 5774 3219 5829 tristitia
3252 5777 3389 5830 amri
3417 5796 3427 5830 ;

188 5843 303 5902 'ltwd
322 5861 514 5918 magna
542 5861 627 5906 est
664 5851 793 5906 mihi
824 5868 988 5915 curm.
1016 5866 1065 5909 et
1095 5856 1161 5911 de
1192 5873 1298 5928 quo
1334 5858 1486 5916 talde
1528 5858 1731 5916 laboro.

466 5945 734 6004 I'ATtttit..
770 5948 887 6008 (in.
934 5949 1155 6011 LXIII.

1890 5875 1901 5904 '
1942 5872 2031 5923 Hie
2057 5874 2104 5922 in
2131 5873 2414 5927 Colbertino
2440 5879 2610 5942 incipit
2636 5877 2831 5927 homilia
2856 5886 3045 5943 quarta.

3085 5964 3122 6024 3
