4042 6442
651 478 721 534 δη
1401 476 1460 535 S.
1501 474 1776 533 .lOANNlS
1812 465 2280 529 CHRYSOSTOMI
2318 462 2632 522 ARCIIIEP.
2673 457 3200 520 CONSTANTINOP.
3823 449 3901 507 ιο

661 569 857 623 deinde
884 569 1064 638 paucis
1083 569 1392 640 interiectis,
1421 569 1522 624 hoc
1543 568 1817 639 subjunxit
1840 569 2220 633 testimonium,

663 658 788 712 illud
830 658 1171 713 confirmans.
1205 659 1336 714 Nam
1375 674 1441 714 ne
1483 659 1755 725 dicerent,
1799 658 2078 727 Quomodo
2122 660 2225 713 ini-

662 750 828 805 mices
858 753 1029 821 posuit
1058 752 1157 806 sub
1185 752 1404 821 pedibus
1451 750 1562 806 suis
1587 792 1601 816 ,
1647 765 1770 807 cum
1800 766 1899 807 nos
1923 760 2028 806 tam
2057 751 2222 806 multa

664 841 800 907 passi
830 841 1034 895 simus?
1077 843 1204 895 satis
1228 841 1440 910 quidem
1481 850 1534 896 et
1577 842 1628 896 in
1674 842 2099 912 prtecedentibus
2128 842 2227 897 hoc

661 944 831 998 ipsum
882 932 1039 984 tacite
1082 931 1393 1000 signiﬁcavit
1424 950 1435 984 :
1468 931 1597 986 illud
1642 932 1817 997 enim,
1853 930 2024 985 Donec
2050 972 2065 995 ,
2114 946 2219 985 non

658 1019 797 1087 quod
828 1020 1004 1073 statim
1033 1020 1089 1074 lit
1117 1020 1482 1089 signiﬁcabat,
1517 1022 1608 1076 sed
1636 1022 1777 1091 quod
1804 1021 1931 1076 litin
1954 1030 2221 1091 tempore:

660 1107 745 1162 hic
772 1118 947 1161 autem
978 1124 1093 1163 rem
1122 1110 1338 1165 uberius
1366 1112 1723 1181 persequitur.
1771 1110 1846 1166 Ne
1885 1112 2051 1176 enim,
2084 1127 2221 1181 quo-

658 1199 818 1264 niam,
852 1200 1056 1268 inquit,
1100 1201 1331 1255 nondum
1374 1210 1496 1255 sunt
1534 1200 1793 1269 subjecti,
1823 1201 2097 1257 existimes
2128 1217 2227 1258 nec

656 1288 843 1356 subjici
877 1308 891 1341 :
924 1304 1047 1342 nam
1091 1306 1250 1359 quam
1279 1289 1421 1358 quod
1458 1289 1644 1357 subjici
1687 1304 1901 1358 semper
1933 1299 2178 1359 oporteat
2205 1332 2220 1355 ,

655 1385 735 1429 est
763 1377 1099 1446 perspicuum
1137 1396 1149 1429 :
1184 1379 1379 1432 ctenim
1409 1388 1686 1446 propterea
1709 1377 1852 1433 dicta
1880 1390 1962 1433 est
1989 1379 2222 1449 prOphe-

656 1465 723 1516 tia
758 1482 770 1515 :
802 1463 869 1518 In
898 1482 957 1519 eo
977 1468 1106 1519 enim
1128 1507 1145 1533 ,
1180 1468 1381 1537 inquit,
1414 1467 1549 1536 quod
1576 1469 1747 1522 omnia
1773 1471 1817 1523 ei
1836 1470 2067 1541 subjecit,
2100 1473 2225 1526 nihil

653 1556 839 1609 dimisit
885 1572 984 1610 non
1032 1557 1309 1627 subjectum
1350 1559 1415 1612 ei.
1467 1558 1749 1626 Quomodo
1796 1575 1924 1631 ergo
1958 1576 2064 1615 non
2096 1570 2223 1616 sunt

651 1644 828 1699 omnia
876 1647 923 1699 ei
974 1646 1251 1716 subjecta?
1284 1647 1546 1712 Quoniam
1596 1660 1719 1703 sunt
1765 1650 2119 1719 subjicienda.
2168 1650 2220 1706 Si

652 1749 780 1804 ergo
828 1737 1003 1789 omnia
1052 1736 1382 1806 subjicienda
1410 1777 1424 1801 ,
1480 1738 1706 1793 necdum
1752 1748 1929 1794 tamen
1978 1742 2217 1810 subjecta

651 1836 773 1879 sunt
794 1866 809 1890 ,
853 1841 918 1880 ne
946 1841 1084 1895 tegre
1114 1825 1255 1881 feras
1285 1841 1384 1882 nec
1417 1828 1668 1882 lurberis.
1700 1828 1832 1883 Nam
1864 1831 1908 1883 si
1938 1845 2056 1884 eum
2100 1830 2218 1885 ﬁnis

651 1918 865 1987 quidem
894 1918 1232 1985 advenisset,
1276 1929 1331 1973 et
1358 1921 1538 1974 omnia
1568 1929 1749 1976 essent
1778 1921 2018 1993 subjecta
2047 1963 2060 1985 ,
2103 1923 2216 1978 haec

651 2008 931 2077 patereris,
956 2010 1146 2063 merito
1175 2010 1386 2064 doleres
1416 2027 1432 2064 :
1458 2025 1597 2064 nunc
1613 2021 1788 2064 autem
1817 2010 2049 2065 nondum
2071 2010 2221 2064 vide-

650 2113 768 2152 mus
789 2099 966 2153 omnia
992 2100 1038 2154 ei
1061 2099 1316 2169 subjecta,
1350 2100 1459 2153 Rex
1485 2100 1715 2153 nandum
1742 2115 1869 2169 pure
1891 2100 2219 2155 dominatum

651 2189 895 2243 obtinuit.
927 2187 1061 2255 Quid
1097 2203 1223 2258 ergo
1266 2190 1598 2243 conturbaris
1649 2189 1788 2245 male
1815 2191 2057 2257 patiens?
2086 2207 2223 2245 non-

648 2278 772 2331 dum
803 2293 989 2332 omnes
1016 2278 1286 2347 superavit
1318 2276 1626 2347 pra-dicatio
1652 2295 1667 2345 ;
1711 2280 1942 2333 nondum
1969 2290 2053 2335 est
2084 2292 2221 2335 tem-

649 2386 747 2441 pus
776 2378 833 2423 ut
859 2368 1089 2439 perfecte
1112 2369 1480 2438 subjiciantur.
1514 2369 1714 2423 Deinde
1745 2385 1928 2425 rursus
1956 2371 2057 2426 alia
2087 2387 2219 2427 con-

649 2461 857 2524 solatio,
888 2461 1146 2530 siquidem
1197 2462 1241 2514 is
1276 2462 1364 2531 qui
1414 2470 1493 2515 est
1535 2475 1721 2516 omnes
1772 2461 2046 2517 habiturus
2097 2464 2221 2517 sub-

645 2552 815 2621 jectos
844 2592 856 2618 ,
886 2551 999 2621 ipse
1039 2566 1249 2621 quoque
1296 2560 1378 2604 est
1426 2562 1687 2617 mortuus,
1713 2563 1768 2605 et
1818 2551 2220 2607 innumerabilia

651 2658 949 2714 perpessus.
969 2644 1022 2699 9.
1052 2642 1180 2696 Eum
1207 2652 1394 2709 autem,
1414 2645 1497 2711 qui
1524 2644 1717 2697 modico
1744 2660 1893 2711 quam
1922 2644 2087 2714 angeli
2116 2645 2220 2697 mi-

649 2742 852 2791 noratus
878 2746 969 2798 est,
1015 2737 1235 2791 videmus
1256 2735 1428 2790 Jesum
1468 2746 1669 2806 propter
1698 2738 1977 2806 passionem
2023 2737 2215 2791 mortis.

648 2827 847 2883 Deinde
879 2842 1061 2881 rursus
1106 2827 1379 2895 subjunxit
1418 2843 1535 2897 qua:
1576 2838 1699 2881 sunt
1728 2829 1864 2882 bona
1896 2846 1909 2881 :
1946 2826 2119 2882 Gloria
2164 2837 2207 2882 et

648 2918 837 2969 honore
870 2926 1184 2971 coronatum.
1224 2917 1405 2971 Vidisti
1433 2917 1699 2986 quomodo
1723 2918 1769 2971 ei
1800 2919 1974 2971 omnia
2004 2918 2221 2987 adapta—

648 3007 824 3061 verit?
852 3023 971 3060 nam
1001 3006 1131 3061 illud
1177 3008 1379 3061 Modico
1400 3049 1416 3073 ,
1450 3008 1520 3061 illi
1548 3006 1716 3079 magis
1746 3008 2047 3077 congruerit
2069 3048 2084 3075 ,
2128 3008 2221 3076 qui

654 3112 767 3157 tres
793 3102 907 3155 dies
937 3100 1078 3154 solos
1108 3100 1201 3151 fuit
1241 3096 1378 3166 apud
1408 3095 1605 3150 inferos
1631 3135 1646 3157 ,
1690 3110 1795 3148 non
1828 3093 1981 3147 nobis
2018 3097 2106 3161 qul
2132 3092 2223 3145 diu

656 3202 709 3245 et
754 3192 973 3245 multum
1003 3188 1393 3256 corrumpimur
1424 3204 1436 3238 :
1479 3184 1725 3239 similiter
1760 3193 1812 3237 et
1852 3182 1978 3236 illud
2003 3222 2016 3246 ,
2047 3180 2223 3235 Gloria

652 3294 700 3336 et
731 3283 918 3334 honore
943 3322 957 3345 ,
992 3279 1065 3333 illi
1098 3279 1252 3348 longe
1296 3277 1465 3345 magis
1493 3318 1507 3340 ,
1540 3290 1697 3345 quam
1730 3273 1885 3327 nobis
1916 3271 2220 3326 conveniet.

655 3377 859 3430 Rursus
904 3388 1114 3427 crucem
1144 3372 1220 3426 eis
1250 3378 1464 3424 revocat
1506 3369 1557 3422 in
1601 3367 1910 3421 memoriam
1935 3403 1950 3427 ,
1999 3362 2106 3417 duo
2146 3361 2222 3414 fa-

652 3469 797 3521 ciens
829 3483 841 3519 :
877 3480 1070 3533 nempe
1095 3472 1147 3518 et
1185 3478 1367 3517 curam
1397 3464 1513 3529 ejus
1562 3460 1615 3515 in
1658 3473 1755 3513 nos
1787 3455 2077 3511 ostendens
2103 3494 2117 3516 ,
2163 3461 2223 3505 et

651 3558 879 3613 suadens
908 3565 965 3610 ut
991 3558 1165 3609 omnia
1196 3566 1461 3621 generoso
1481 3562 1533 3606 et
1561 3550 1684 3604 forti
1717 3549 1900 3602 animo
1931 3546 2123 3609 ferant,
2150 3544 2216 3599 ad

654 3649 963 3718 Magistrum
1009 3645 1346 3715 aspicientes.
1390 3641 1521 3696 Nam
1550 3642 1592 3694 si
1627 3640 1670 3693 is
1698 3640 1785 3708 qui
1815 3636 2065 3691 adorator
2089 3674 2102 3695 .
2133 3635 2217 3687 itt-

652 3741 804 3809 quit,
856 3739 926 3791 ab
950 3738 1148 3806 angelis
1174 3777 1187 3795 .
1238 3735 1485 3789 sustinuit
1520 3731 1771 3800 quiddam
1803 3729 1977 3782 minus
2017 3726 2215 3780 habere

652 3848 808 3901 quam
838 3827 1013 3899 angeli
1040 3836 1255 3897 preptcr
1282 3834 1335 3880 te
1361 3824 1561 3878 :multo
1586 3819 1753 3890 magis
1782 3830 1839 3873 tu
1854 3818 1940 3889 qui
1964 3832 2023 3871 es
2047 3816 2219 3869 minor

650 3922 852 3991 angelis
876 3962 890 3985 ,
930 3919 1094 3974 debes
1119 3916 1295 3971 omnia
1331 3915 1469 3969 ferre
1514 3920 1731 3981 propter
1774 3910 1966 3977 ipsum.
2016 3904 2218 3960 Deinde

651 4012 884 4066 ostendit
910 4007 1049 4079 quod
1080 4023 1210 4062 crux
1239 4008 1308 4059 sit
1338 4005 1509 4058 honor
1535 4012 1588 4057 et
1626 4001 1792 4069 gloria
1827 4017 1839 4053 :
1869 3996 2136 4067 quomodo
2164 4007 2217 4050 et

649 4104 761 4173 ipse
786 4117 902 4157 eam
931 4115 1142 4169 semper
1168 4108 1321 4152 vocat
1345 4138 1359 4161 ,
1390 4095 1573 4149 dicens
1599 4110 1611 4147 :
1650 4090 1795 4145 Venit
1824 4092 1951 4143 hora
1982 4099 2032 4141 ut
2056 4088 2214 4158 glori-

647 4195 822 4262 ficetur
851 4190 1019 4245 Filius
1048 4190 1263 4243 hominis
1287 4187 1468 4253 (Joan.
1501 4187 1584 4239 ll.
1610 4185 1685 4252 b).
1713 4183 1766 4238 Si
1800 4196 1928 4251 ergo
1956 4180 2045 4235 ille
2065 4189 2217 4233 vocat

644 4284 863 4355 gloriam
893 4298 954 4337 ea
1001 4297 1119 4351 qua:
1163 4293 1349 4349 passus
1393 4288 1475 4331 est
1524 4285 1740 4344 propter
1784 4286 2015 4327 servos:
2048 4270 2215 4324 multo

644 4376 810 4444 magis
838 4382 891 4425 tu
922 4388 979 4427 ea
1010 4387 1126 4440 qua:
1155 4370 1348 4439 pateris
1380 4376 1594 4437 pr0pter
1623 4365 1928 4419 Dominum.

713 4458 1123 4531 Crucis'fructus.
1173 4488 1244 4499 —
1282 4458 1437 4512 Vides
1478 4465 1709 4526 quantus
1740 4457 1808 4509 sit
1838 4456 2041 4507 fructus
2089 4467 2212 4507 cru-

639 4557 751 4609 cis?
781 4555 909 4607 ltetn
938 4570 1040 4606 non
1070 4550 1292 4605 formida
1321 4567 1333 4605 :
1365 4549 1455 4602 tibi
1486 4547 1700 4617 quidem
1733 4547 1940 4601 videtur
1972 4561 2059 4600 res
2091 4561 2213 4600 esse

641 4647 803 4700 tristis
829 4689 841 4712 ,
878 4647 1016 4715 parit
1058 4654 1235 4699 autem
1267 4644 1403 4697 bona
1433 4641 1858 4695 innumerabilia.
1890 4641 1963 4693 Ex
2018 4640 2101 4694 his
2125 4655 2213 4693 os-

642 4740 807 4793 tendit
837 4739 1117 4791 utilitatem
1150 4735 1472 4791 tentationis.
1509 4732 1709 4787 Deinde
1736 4734 1866 4787 dicit
1895 4751 1907 4785 :
1944 4731 2013 4786 L’t
2045 4734 2209 4803 gratia

640 4831 734 4884 Dei
783 4846 873 4897 pro
924 4828 1151 4881 omnibus
1198 4836 1420 4897 gustaret
1475 4833 1700 4878 mortem.
1755 4822 1821 4876 Ut
1864 4824 2030 4892 gratia
2074 4821 2203 4887 Dei,

637 4922 824 4989 inquit.
872 4920 937 4973 Et
967 4919 1053 4973 ille
1078 4918 1290 4987 quidem
1324 4916 1435 4969 haec
1463 4928 1647 4983 passus
1674 4921 1753 4967 est
1786 4924 2007 4983 propter
2034 4914 2124 4967 Dei
2154 4915 2205 4966 in

635 5026 735 5063 nos
764 5008 987 5077 gratiam
1014 5024 1026 5060 :
1063 5007 1163 5073 Qui
1189 5007 1396 5074 proprio
1429 5004 1585 5069 Filio,
1621 5003 1811 5073 inquit,
1834 5018 1933 5055 non
1966 5004 2201 5072 pepercit,

632 5099 717 5151 sed
747 5114 842 5166 pro
870 5098 1009 5153 nobis
1040 5099 1266 5153 omnibus
1298 5098 1502 5149 tradidit
1545 5097 1713 5165 ipsum
1739 5098 1756 5165 (
1789 5095 1935 5150 Rom.
1966 5098 2018 5151 8.
2063 5096 2128 5151 '59.
2152 5096 2195 5162 ).

627 5188 866 5253 Quanam
901 5188 966 5243 de
995 5204 1154 5243 causa
1178 5190 1199 5241 ?
1225 5188 1337 5241 Non
1371 5191 1468 5241 hoc
1498 5189 1650 5242 nobis
1678 5188 1923 5251 debebat,
1952 5189 2043 5243 sed
2079 5189 2201 5243 fecit

626 5279 817 5345 gratia.
845 5279 911 5331 Et
930 5295 1111 5335 rursus
1140 5281 1191 5334 in
1215 5280 1445 5348 Epistula
1465 5279 1527 5333 ad
1553 5279 1818 5334 Romanos
1840 5281 1969 5336 dicit
1993 5300 2004 5335 :
2036 5280 2198 5335 Multo

629 5370 789 5437 magis
830 5372 993 5438 gratia
1027 5370 1153 5435 Dei,
1204 5381 1247 5422 ct
1290 5372 1476 5423 donum
1515 5372 1565 5423 in
1596 5372 1758 5441 gratia
1799 5374 1943 5425 unius
1984 5372 2197 5426 hominis

628 5456 751 5511 Jcstt
799 5458 982 5511 Christi
1028 5460 1081 5512 in
1128 5460 1295 5529 plures
1341 5461 1610 5515 abundavit
1649 5459 1823 5523 (Rom.
1864 5464 2075 5532 5.15).
2131 5462 2197 5518 Ut

630 5549 798 5615 gratia
839 5546 934 5601 Dei
980 5566 1072 5615 pro
1116 5551 1341 5604 omnibus
1371 5562 1591 5621 gustaret
1642 5562 1847 5606 nwrtem
1899 5570 1917 5605 :
1962 5569 2065 5607 non
2106 5568 2198 5623 pro

632 5643 877 5698 lidclibns
903 5645 1100 5710 solum,
1141 5645 1233 5699 sed
1264 5662 1357 5714 pro
1387 5647 1633 5700 universo
1665 5647 1795 5701 orbe
1841 5656 2031 5709 terrae;
2077 5661 2193 5699 nam

634 5735 747 5801 ipse
793 5735 1001 5803 quidem
1034 5745 1276 5789 mortuus
1323 5742 1405 5790 est
1452 5751 1545 5805 pro
1576 5738 1842 5790 omnibus.
1894 5737 2029 5805 Quid
2082 5746 2189 5789 tum

629 5832 803 5879 autem
827 5865 845 5892 ,
874 5826 915 5879 si
946 5841 1048 5882 non
1080 5842 1267 5882 omnes
1292 5827 1675 5883 crediderunt?
1708 5829 1826 5898 Ipse
1862 5828 2003 5899 quod
2042 5842 2193 5882 suum

2321 581 2435 629 erat
2478 568 2737 640 implerit.
2784 564 2852 619 Et
2894 560 3112 633 preprie
3159 555 3335 619 dixit,
3391 549 3493 605 Pro
3524 548 3894 640 eninibusgst.

2320 672 2473 719 staret
2502 637 2730 713 mortsm.
2754 655 2869 710 Non
2895 652 3049 717 dixit,
3083 649 3377 704 Moreretur
3409 659 3422 695 ε
3454 655 3577 696 nam
3610 649 3668 692 ut
3693 637 3783 708 qui
3812 651 3893 690 re.

2320 767 2443 807 vera
2470 759 2696 806 mortem
2719 751 3005 817 gustasset,
3034 754 3156 794 cum
3182 740 3236 792 in
3259 750 3319 792 ea
3347 732 3484 789 adeo
3515 744 3681 801 parvo
3708 727 3911 817 fuisset

2325 841 2605 899 intervallo
2635 881 2650 905 ,
2683 816 2863 893 statim
2892 832 3148 890 surrexit.
3187 832 3360 899 Atque
3395 822 3623 880 dicendo
3653 816 3907 890 quidem,

2324 935 2426 991 Per
2454 935 2743 1004 passionem
2769 927 2943 981 martis
2968 965 2983 991 ,
3029 935 3209 977 veram
3256 914 3573 988 signiﬁcavit
3620 917 3855 1004 mortem
3892 923 3908 959 :

2322 999 2547 1080 dicendo
2576 1032 2774 1085 autem,
2797 1017 2979 1070 Melior
3002 1011 3219 1083 angelis,
3262 1004 3495 1063 ostendit
3541 999 3909 1057 resurrectio-

2323 1132 2464 1171 nem.
2493 1113 2643 1168 Sicut
2661 1111 2805 1165 enim
2828 1106 3086 1167 medicus,
3106 1115 3227 1155 eum
3257 1114 3362 1153 non
3389 1095 3458 1150 sit
3486 1106 3707 1148 necesse
3730 1100 3786 1144 ut
3804 1103 3913 1158 gu-

2324 1218 2428 1263 stet
2445 1206 2591 1261 cibos
2613 1211 2814 1274 atgroto
2838 1205 3049 1271 paratos
3071 1237 3083 1260 ,
3110 1200 3329 1264 propter
3344 1202 3526 1243 curam
3560 1184 3710 1238 illius
3738 1196 3909 1274 quam

2324 1302 2477 1373 gerit,
2501 1300 2615 1370 ipse
2641 1272 2784 1367 prior
2804 1300 3003 1364 gustat,
3020 1298 3077 1343 ut
3103 1283 3418 1376 persuadeat
3434 1287 3633 1376 aegroto
3657 1286 3711 1329 ut
3732 1272 3911 1376 conli-

2323 1371 2511 1449 denter
2540 1387 2731 1442 audeat
2754 1384 2931 1439 cibum
2962 1391 3175 1435 sumere
3207 1376 3316 1430 :its
3337 1371 3584 1427 Christus
3605 1409 3624 1432 ,
3645 1371 3908 1435 quoniam

2323 1498 2510 1538 omnes
2539 1478 2779 1535 homines
2805 1481 3029 1529 mortem
3058 1467 3435 1530 extimuersnt,
3471 1462 3547 1516 eis
3571 1454 3915 1554 persuadt-ps

2324 1582 2380 1627 ut
2408 1575 2457 1627 in
2484 1585 2600 1625 eam
2638 1574 2818 1623 essent
2854 1561 3101 1624 audaces,
3139 1558 3251 1627 ipse
3276 1566 3485 1625 quoque
3502 1564 3619 1604 eam
3644 1554 3907 1615 gustarit,

2321 1682 2441 1720 cum
2488 1678 2589 1716 non
2636 1668 2775 1715 esset
2809 1658 2856 1712 ei
2888 1666 3127 1711 necesse.
3158 1648 3303 1704 Venit
3332 1647 3473 1701 enim
3495 1685 3508 1708 ,
3538 1641 3728 1712 inquit,
3757 1639 3915 1705 prin-

2323 1757 2440 1810 ceps
2464 1743 2639 1796 mundi
2666 1742 2836 1810 huius,
2866 1752 2911 1795 et
2932 1742 2983 1793 in
3008 1756 3084 1793 me
3107 1740 3233 1792 nihil
3254 1739 3433 1793 inuenit
3454 1735 3629 1807 (loan.
3655 1737 3745 1790 ﬂ.
3774 1736 3873 1803 50)
3891 1774 3905 1788 .

2326 1834 2411 1890 Sic
2442 1842 2494 1888 ct
2523 1832 2663 1903 quod
2694 1830 2856 1895 dicit,
2893 1829 3068 1884 Gratia
3095 1869 3110 1895 ,
3153 1838 3202 1885 et
3236 1828 3363 1882 illud
3390 1867 3406 1894 ,
3443 1826 3508 1883 Ut
3536 1842 3629 1896 pro
3667 1825 3913 1881 omm’bu

2326 1934 2533 1976 mortem
2579 1930 2835 1992 gustaret,
2883 1921 2983 1975 hoc
3026 1921 3319 1975 constituit.
3365 1918 3451 1973 10.
3500 1917 3719 1973 Docebat
3766 1918 3913 1970 enim

2324 2030 2436 2067 eum
2469 2023 2669 2080 propter
2706 2027 2847 2079 quem
2892 2011 3102 2075 omnia.,
3150 2025 3193 2061 et
3225 2025 3314 2077 per
3355 2024 3501 2078 quem
3544 2007 3713 2061 omnia
3745 2047 3760 2069 ,
3810 2008 3911 2073 qui

2325 2104 2506 2155 inultos
2547 2102 2683 2171 filios
2718 2102 2769 2155 in
2804 2103 3019 2171 gratiam
3046 2102 3370 2167 adduxerat,
3418 2107 3673 2152 auctorem
3718 2097 3911 2151 salutis

2325 2208 2492 2244 eorum
2525 2207 2612 2260 per
2636 2192 2920 2261 passionem
2959 2206 3322 2243 consummare.

2394 2282 2447 2334 5.
2492 2281 2566 2334 De
2596 2280 2750 2335 Patre
2780 2281 2865 2333 hic
2891 2279 3039 2334 dicit.
3096 2279 3258 2333 Vides
3309 2280 3579 2349 quomodo
3620 2298 3807 2339 rursus
3854 2287 3911 2339 ei

2323 2368 2537 2439 adaptat
2569 2371 2720 2437 illud,
2747 2369 2846 2423 Per
2867 2386 3012 2437 quem
3036 2370 3189 2425 Plioe
3212 2385 3315 2424 non
3341 2368 3578 2435 iecisset.
3604 2374 3650 2428 si
3677 2375 3730 2428 id
3756 2384 3913 2429 esset

2324 2460 2709 2526 diminutionis,
2737 2471 2790 2515 et
2818 2459 2949 2514 Filio
2979 2460 3156 2515 solum
3178 2462 3509 2517 conveniret.
3538 2463 3689 2531 Quod
3719 2478 3908 2520 autem

2324 2552 2453 2608 dicit
2481 2563 2561 2607 est
2587 2553 2847 2621 ejusmodi
2878 2570 2891 2605 :
2927 2551 3111 2617 Fecit,
3158 2553 3362 2622 inquit,
3408 2569 3526 2623 qua:
3553 2554 3708 2624 digna
3744 2569 3911 2612 erant

2322 2659 2414 2696 sua
2460 2644 2781 2713 benignitate
2807 2685 2820 2707 ,
2863 2643 3003 2713 quod
3045 2644 3289 2698 omnibus
3319 2644 3663 2699 illustriorem
3715 2645 3913 2702 fecerit

2324 2735 2757 2805 Primogenitum,
2802 2742 2855 2787 et
2886 2743 2940 2787 ut
2969 2744 3234 2802 tamquam
3264 2734 3416 2790 fortis
3445 2736 3644 2790 athleta
3675 2746 3729 2791 et
3754 2738 3902 2792 alios

2321 2840 2648 2895 exsuperans
2674 2867 2687 2891 ,
2736 2825 2855 2879 aliis
2882 2833 3026 2880 esset
3068 2826 3361 2894 exemplar.
3404 2826 3673 2880 Auctorem
3716 2829 3913 2885 salutis

2320 2932 2493 2968 eorum
2523 2917 2598 2983 (a)
2629 2932 2640 2967 :
2680 2914 2779 2968 hoc
2804 2926 2922 2979 est,
2970 2928 3183 2968 causam
3211 2916 3417 2970 salutis.
3454 2916 3617 2971 Vides
3641 2929 3909 2987 quantum

2322 3006 2559 3060 intersit?
2589 3014 2640 3060 et
2670 3005 2754 3059 hic
2776 3015 2856 3059 est
2879 3004 3064 3066 Filius.
3095 3014 3148 3059 et
3169 3020 3267 3060 nos
3290 3005 3402 3070 lilii;
3428 3006 3519 3061 sed
3545 3008 3657 3078 ipse
3682 3009 3908 3079 quidem

2319 3105 2528 3161 servat,
2558 3109 2653 3148 nos
2681 3110 2979 3149 servantur.
3019 3095 3207 3149 Vidisti
3235 3095 3504 3164 quomodo
3534 3112 3634 3152 nos
3663 3100 3908 3168 conjnn-

2318 3195 2404 3254 gat
2429 3196 2479 3240 et
2506 3186 2769 3249 conciliet,
2800 3194 2855 3239 et
2881 3185 3171 3254 distinguat
3198 3201 3259 3239 ac
3287 3188 3534 3255 setiaret?
3559 3188 3660 3252 Qui
3687 3194 3907 3255 multos,

2322 3276 2507 3344 inquit.
2561 3278 2694 3343 ﬁlios
2744 3276 2795 3328 in
2827 3275 3041 3345 gloriam
3069 3276 3376 3329 adduxerat.
3422 3277 3518 3333 Hic
3544 3280 3861 3335 conciliavit
3890 3300 3907 3337 :

2324 3370 2587 3420 Auctorem
2634 3368 2813 3420 salutis
2863 3383 3032 3421 eorum
3066 3384 3085 3420 :
3112 3376 3165 3421 et
3207 3382 3396 3424 rursus
3422 3368 3665 3424 diatinxit
3696 3381 3753 3427 et
3783 3372 3909 3426 dis-

2313 3457 2505 3524 junxit.
2531 3456 2633 3510 Per
2655 3458 2910 3526 passiones
2929 3474 3292 3512 consummare.
3314 3458 3599 3515 Passiones
3621 3476 3754 3532 ergo
3778 3475 3913 3518 sunt

2320 3547 2576 3615 perfectio
2624 3556 2677 3601 et
2715 3562 2873 3601 causa
2920 3548 3127 3603 salutis.
3174 3547 3361 3604 Viden‘
3399 3550 3539 3618 quod
3588 3552 3729 3607 male
3775 3567 3912 3609 esse

2325 3654 2559 3709 passum,
2593 3654 2699 3693 non
2726 3641 2793 3693 sit
2824 3655 3009 3694 eorum
3041 3640 3130 3709 qui
3155 3650 3279 3695 sunt
3300 3642 3590 3696 derelicti?

2400 3730 2689 3784 lncarnatio
2730 3742 2775 3784 ct
2805 3732 2985 3785 Passio
3015 3731 3209 3787 Christi
3253 3734 3419 3798 major
3464 3734 3825 3787 creatione.—
3847 3735 3908 3791 Si

2314 3836 2440 3890 ergo
2460 3821 2599 3875 Deus
2628 3823 2797 3890 primo
2815 3822 3005 3875 Filium
3024 3821 3323 3885 honoravit,
3344 3823 3486 3892 quod
3510 3839 3602 3892 per
3621 3826 3909 3893 passiones

2314 3911 2618 3977 deduxerit;
2642 3927 2856 3967 carnem
2881 3912 3201 3981 suscepisse,
3227 3929 3395 3983 eaque
3412 3924 3656 3984 suscepta
3682 3930 3907 3984 passum

2314 4019 2454 4069 esse,
2482 4004 2635 4074 longe
2662 4012 2745 4059 est
2771 4004 3135 4072 majusrevera
3156 4020 3316 4073 quam
3341 4004 3597 4059 mundum
3627 4004 3820 4060 fecisse
3851 4017 3911 4062 et

2316 4110 2381 4148 ex
2422 4097 2585 4149 nihilo
2627 4095 2962 4164 produxisse.
2996 4094 3067 4149 Et
3113 4095 3220 4150 hoc
3266 4095 3477 4165 quidem
3528 4095 3906 4165 benignitatis.

2318 4185 2449 4240 illud
2491 4202 2616 4240 vero
2666 4186 2821 4257 longe
2867 4186 3114 4256 amplius.
3166 4186 3232 4240 Et
3276 4187 3376 4241 hoc
3406 4189 3577 4256 ipsum
3610 4187 3726 4256 ipse
3762 4206 3907 4258 quo-

2316 4291 2419 4344 que
2448 4275 2736 4329 ostendens
2760 4316 2772 4337 ,
2802 4276 2929 4329 dicit
2960 4292 2974 4329 :
3010 4274 3075 4329 Ut
3103 4278 3383 4330 ostenderet
3411 4276 3464 4329 in
3490 4278 3691 4330 saxulis
3716 4294 3907 4348 super-

2322 4368 2625 4421 venientibus
2650 4368 2961 4420 abundantes
2989 4368 3187 4419 divitias
3210 4369 3388 4436 gratia:
3413 4384 3535 4431 sure,
3561 4380 3606 4421 et
3632 4385 3909 4424 δονεῖ-ρεαδ-

2311 4448 2475 4502 citavit
2502 4462 2547 4503 et
2572 4454 2834 4507 consedere
2855 4471 2967 4508 cum
2995 4472 3057 4509 eo
3074 4456 3192 4525 fecit
3217 4457 3269 4509 in
3294 4459 3573 4515 edulibus
3599 4462 3651 4516 in
3690 4461 3903 4519 Christo

2310 4535 2451 4591 Jesn.
2488 4540 2703 4596 Decebat
2744 4546 2875 4598 enim
2907 4563 3048 4611 eum,
3088 4558 3294 4618 propter
3326 4568 3473 4620 quem
3502 4555 3693 4621 omnia,
3728 4566 3776 4611 et
3801 4572 3902 4621 per

2310 4646 2453 4697 quem
2480 4635 2649 4685 omnia
2668 4678 2683 4699 ,
2711 4636 2797 4704 qui
2838 4638 3023 4692 multos
3054 4640 3189 4707 ﬁlios
3230 4642 3281 4694 in
3324 4644 3540 4712 gratiam
3569 4646 3892 4713 adduxerat,

2312 4732 2563 4774 auctorem
2613 4725 2792 4777 salutis
2841 4744 3011 4779 eorum
3063 4746 3153 4797 per
3206 4732 3491 4798 passionem
3536 4752 3903 4795 consummare

2312 4810 2523 4879 (Ephes.
2558 4812 2612 4866 2.
2657 4815 2706 4867 7.
2756 4816 2831 4884 ϐ).
2862 4817 3153 4888 Oportebat
3184 4823 3323 4877 enim
3346 4866 3360 4889 ,
3398 4825 3605 4896 inqtrit,
3640 4844 3761 4884 eum
3796 4838 3893 4903 qui

2313 4916 2494 4957 curam
2542 4907 2707 4973 gerit,
2742 4918 2793 4961 et
2829 4911 3005 4963 omnia
3047 4921 3102 4965 ut
3144 4924 3324 4969 essent
3362 4918 3640 4987 produxit,
3677 4924 3901 4983 tradere

2314 4991 2506 5048 Filium
2536 5012 2630 5064 pro
2658 4998 2827 5052 salute
2856 5001 3202 5071 reliquorum,
3237 5022 3396 5061 unum
3426 5025 3520 5079 pro
3550 5014 3749 5070 multis.
3784 5017 3897 5075 Sed

2312 5100 2415 5139 non
2446 5087 2522 5140 sic
2549 5088 2700 5150 dixit,
2731 5092 2844 5157 sed,
2880 5092 2983 5146 Per
3009 5097 3265 5163 passiones
3294 5116 3676 5169 consummare;
3706 5120 3901 5166 osten-

2311 5176 2387 5230 dit
2435 5179 2573 5245 quod
2616 5182 2705 5250 qui
2739 5198 2833 5251 pro
2880 5185 3057 5256 aliquo
3087 5198 3171 5242 est
3223 5206 3429 5259 passus,
3466 5211 3571 5249 non
3610 5200 3785 5256 Solum
3815 5204 3899 5259 illi

2314 5269 2546 5336 prodest,
2577 5274 2670 5326 sed
2700 5276 2856 5328 etiam
2906 5276 3017 5347 ipse
3060 5279 3117 5334 lit
3158 5285 3466 5351 pra‘elarior
3494 5298 3545 5341 et
3578 5290 3895 5359 perfectior.

2313 5362 2423 5416 lloc
2439 5374 2613 5417 autem
2636 5366 2762 5420 dicit
2804 5367 3065 5436 ﬁdelibus,
3088 5374 3165 5426 eis
3183 5376 3414 5430 animum
3429 5378 3651 5446 addens,
3676 5394 3729 5437 et
3759 5388 3897 5441 red-

2310 5451 2777 5510 densandaciores.
2798 5458 3001 5513 Etenim
3022 5460 3262 5517 Christus
3285 5474 3405 5519 tunc
3428 5467 3519 5521 fuit
3538 5471 3893 5543 glorilicatus,

2310 5544 2521 5611 quando
2539 5556 2617 5599 est
2636 5562 2842 5616 passus.
2868 5550 3085 5615 Quando
3106 5567 3280 5608 autem
3308 5556 3448 5622 dico,
3476 5558 3597 5613 Fuit
3621 5562 3897 5631 gloriiiea-

2314 5644 2413 5698 tus,
2437 5652 2501 5688 ne
2522 5638 2792 5693 existimes
2809 5641 2873 5693 ab
2888 5657 2951 5696 eo
2968 5654 3287 5711 assumptam
3312 5661 3429 5701 esse
3446 5651 3668 5717 gloriam
3692 5672 3706 5708 :
3737 5656 3888 5713 illam

2312 5730 2454 5780 enim
2482 5739 2683 5783 naturm
2704 5734 2921 5799 gloriam
2965 5750 3177 5803 semper
3212 5736 3393 5793 habuit
3417 5741 3548 5795 nihil
3584 5759 3890 5819 assumpto.

2394 5842 2465 5907 (a)
2491 5842 2578 5894 liic
2599 5844 2757 5894 hiatus
2780 5860 2980 5909 magnus
3006 5859 3075 5899 est
3104 5852 3147 5898 in
3174 5850 3448 5906 Colhertino
3471 5857 3666 5911 Codice.
