  <div class='ocr_page' id='page_1' title='image "/cluster/home/n/w/nwhite01/storage/ocr_20150623/63/uva.x030486929/050.png"; bbox 0 0 4042 6416; ppageno 0'>
   <div class='ocr_carea' id='block_1_1' title="bbox 148 394 206 448">
    <p class='ocr_par' dir='ltr' id='par_1_1' title="bbox 148 394 206 448">
     <span class='ocr_line' id='line_1_1' title="bbox 148 394 206 448; baseline -0.017 0"><span class='ocrx_word' id='word_1_1' title='bbox 148 394 206 448; x_wconf 73' lang='grc' dir='ltr'><strong>ιι</strong></span> 
     </span>
    </p>
   </div>
   <div class='ocr_carea' id='block_1_2' title="bbox 162 496 1762 573">
    <p class='ocr_par' dir='ltr' id='par_1_2' title="bbox 162 496 1762 573">
     <span class='ocr_line' id='line_1_2' title="bbox 162 496 1762 573; baseline 0.006 -20"><span class='ocrx_word' id='word_1_2' title='bbox 162 503 242 553; x_wconf 76' lang='lat' dir='ltr'><strong>tl.</strong></span> <span class='ocrx_word' id='word_1_3' title='bbox 273 498 376 563; x_wconf 81' lang='lat' dir='ltr'><strong>Qui</strong></span> <span class='ocrx_word' id='word_1_4' title='bbox 394 496 526 552; x_wconf 80' lang='lat' dir='ltr'><strong>enim</strong></span> <span class='ocrx_word' id='word_1_5' title='bbox 571 500 898 569; x_wconf 75' lang='lat' dir='ltr'><strong>sanctiﬁcat,</strong></span> <span class='ocrx_word' id='word_1_6' title='bbox 931 509 980 555; x_wconf 87' lang='lat' dir='ltr'><strong>et</strong></span> <span class='ocrx_word' id='word_1_7' title='bbox 1005 503 1090 572; x_wconf 85' lang='lat' dir='ltr'><strong>qui</strong></span> <span class='ocrx_word' id='word_1_8' title='bbox 1114 504 1515 573; x_wconf 70' lang='lat' dir='ltr'><strong>sanctiﬁcautur,</strong></span> <span class='ocrx_word' id='word_1_9' title='bbox 1572 523 1639 562; x_wconf 83' lang='lat' dir='ltr'><strong>ea:</strong></span> <span class='ocrx_word' id='word_1_10' title='bbox 1662 524 1762 563; x_wconf 80' lang='lat' dir='ltr'><strong>uno</strong></span> 
     </span>
    </p>
   </div>
   <div class='ocr_carea' id='block_1_3' title="bbox 163 590 1761 670">
    <p class='ocr_par' dir='ltr' id='par_1_3' title="bbox 163 590 1761 670">
     <span class='ocr_line' id='line_1_3' title="bbox 163 590 1761 670; baseline 0.005 -24"><span class='ocrx_word' id='word_1_11' title='bbox 163 607 352 646; x_wconf 71' lang='lat' dir='ltr'><strong>enim.</strong></span> <span class='ocrx_word' id='word_1_12' title='bbox 387 590 609 663; x_wconf 85' lang='lat' dir='ltr'><strong>Propter</strong></span> <span class='ocrx_word' id='word_1_13' title='bbox 635 610 800 663; x_wconf 74' lang='lat' dir='ltr'><strong>quam</strong></span> <span class='ocrx_word' id='word_1_14' title='bbox 841 610 1049 649; x_wconf 84' lang='lat' dir='ltr'><strong>causam</strong></span> <span class='ocrx_word' id='word_1_15' title='bbox 1081 611 1184 649; x_wconf 72' lang='lat' dir='ltr'><strong>non</strong></span> <span class='ocrx_word' id='word_1_16' title='bbox 1212 598 1545 669; x_wconf 76' lang='lat' dir='ltr'><strong>confunditur</strong></span> <span class='ocrx_word' id='word_1_17' title='bbox 1576 603 1761 670; x_wconf 81' lang='lat' dir='ltr'><strong>fratres</strong></span> 
     </span>
    </p>
   </div>
   <div class='ocr_carea' id='block_1_4' title="bbox 160 681 1763 755">
    <p class='ocr_par' dir='ltr' id='par_1_4' title="bbox 160 681 1763 755">
     <span class='ocr_line' id='line_1_4' title="bbox 160 681 1763 755; baseline 0.006 -19"><span class='ocrx_word' id='word_1_18' title='bbox 160 698 242 736; x_wconf 78' lang='lat' dir='ltr'><strong>eos</strong></span> <span class='ocrx_word' id='word_1_19' title='bbox 283 697 481 736; x_wconf 73' lang='lat' dir='ltr'><strong>mare.</strong></span> <span class='ocrx_word' id='word_1_20' title='bbox 533 681 678 737; x_wconf 81' lang='lat' dir='ltr'><strong>Ecce</strong></span> <span class='ocrx_word' id='word_1_21' title='bbox 730 696 923 739; x_wconf 88' lang='lat' dir='ltr'><strong>rursus</strong></span> <span class='ocrx_word' id='word_1_22' title='bbox 968 683 1242 755; x_wconf 88' lang='lat' dir='ltr'><strong>quomodo</strong></span> <span class='ocrx_word' id='word_1_23' title='bbox 1269 700 1365 742; x_wconf 90' lang='lat' dir='ltr'><strong>eos</strong></span> <span class='ocrx_word' id='word_1_24' title='bbox 1405 688 1657 745; x_wconf 90' lang='lat' dir='ltr'><strong>conciliat</strong></span> <span class='ocrx_word' id='word_1_25' title='bbox 1698 705 1763 747; x_wconf 87' lang='lat' dir='ltr'><strong>ac</strong></span> 
     </span>
    </p>
   </div>
   <div class='ocr_carea' id='block_1_5' title="bbox 159 771 1765 844">
    <p class='ocr_par' dir='ltr' id='par_1_5' title="bbox 159 771 1765 844">
     <span class='ocr_line' id='line_1_5' title="bbox 159 771 1765 844; baseline 0.007 -19"><span class='ocrx_word' id='word_1_26' title='bbox 159 772 444 844; x_wconf 73' lang='lat' dir='ltr'><strong>conjungit</strong></span> <span class='ocrx_word' id='word_1_27' title='bbox 473 781 527 827; x_wconf 89' lang='lat' dir='ltr'><strong>et</strong></span> <span class='ocrx_word' id='word_1_28' title='bbox 571 771 852 827; x_wconf 87' lang='lat' dir='ltr'><strong>honorans</strong></span> <span class='ocrx_word' id='word_1_29' title='bbox 894 780 951 828; x_wconf 87' lang='lat' dir='ltr'><strong>et</strong></span> <span class='ocrx_word' id='word_1_30' title='bbox 996 774 1291 832; x_wconf 87' lang='lat' dir='ltr'><strong>consolans</strong></span> <span class='ocrx_word' id='word_1_31' title='bbox 1326 786 1381 833; x_wconf 92' lang='lat' dir='ltr'><strong>et</strong></span> <span class='ocrx_word' id='word_1_32' title='bbox 1425 792 1525 835; x_wconf 88' lang='lat' dir='ltr'><strong>eos</strong></span> <span class='ocrx_word' id='word_1_33' title='bbox 1563 779 1765 837; x_wconf 89' lang='lat' dir='ltr'><strong>faciens</strong></span> 
     </span>
    </p>
   </div>
   <div class='ocr_carea' id='block_1_6' title="bbox 166 862 1764 934">
    <p class='ocr_par' dir='ltr' id='par_1_6' title="bbox 166 862 1764 934">
     <span class='ocr_line' id='line_1_6' title="bbox 166 862 1764 934; baseline 0.009 -18"><span class='ocrx_word' id='word_1_34' title='bbox 166 862 367 927; x_wconf 74' lang='lat' dir='ltr'><strong>fratres</strong></span> <span class='ocrx_word' id='word_1_35' title='bbox 392 864 615 931; x_wconf 83' lang='lat' dir='ltr'><strong>Christi,</strong></span> <span class='ocrx_word' id='word_1_36' title='bbox 645 878 714 920; x_wconf 84' lang='lat' dir='ltr'><strong>ex</strong></span> <span class='ocrx_word' id='word_1_37' title='bbox 740 880 809 921; x_wconf 92' lang='lat' dir='ltr'><strong>eo</strong></span> <span class='ocrx_word' id='word_1_38' title='bbox 836 864 982 934; x_wconf 88' lang='lat' dir='ltr'><strong>quod</strong></span> <span class='ocrx_word' id='word_1_39' title='bbox 1008 865 1119 921; x_wconf 90' lang='lat' dir='ltr'><strong>sint</strong></span> <span class='ocrx_word' id='word_1_40' title='bbox 1147 882 1213 923; x_wconf 89' lang='lat' dir='ltr'><strong>ex</strong></span> <span class='ocrx_word' id='word_1_41' title='bbox 1244 883 1371 924; x_wconf 91' lang='lat' dir='ltr'><strong>uno.</strong></span> <span class='ocrx_word' id='word_1_42' title='bbox 1405 869 1613 928; x_wconf 84' lang='lat' dir='ltr'><strong>Deinde</strong></span> <span class='ocrx_word' id='word_1_43' title='bbox 1640 888 1764 929; x_wconf 84' lang='lat' dir='ltr'><strong>rur-</strong></span> 
     </span>
    </p>
   </div>
   <div class='ocr_carea' id='block_1_7' title="bbox 166 955 1766 1021">
    <p class='ocr_par' dir='ltr' id='par_1_7' title="bbox 166 955 1766 1021">
     <span class='ocr_line' id='line_1_7' title="bbox 166 955 1766 1021; baseline 0.008 -13"><span class='ocrx_word' id='word_1_44' title='bbox 166 968 261 1010; x_wconf 85' lang='lat' dir='ltr'><strong>sus</strong></span> <span class='ocrx_word' id='word_1_45' title='bbox 294 969 414 1010; x_wconf 87' lang='lat' dir='ltr'><strong>rem</strong></span> <span class='ocrx_word' id='word_1_46' title='bbox 444 955 841 1021; x_wconf 86' lang='lat' dir='ltr'><strong>communiens,</strong></span> <span class='ocrx_word' id='word_1_47' title='bbox 879 964 935 1012; x_wconf 89' lang='lat' dir='ltr'><strong>et</strong></span> <span class='ocrx_word' id='word_1_48' title='bbox 962 957 1257 1017; x_wconf 89' lang='lat' dir='ltr'><strong>ostendens</strong></span> <span class='ocrx_word' id='word_1_49' title='bbox 1293 972 1353 1016; x_wconf 88' lang='lat' dir='ltr'><strong>se</strong></span> <span class='ocrx_word' id='word_1_50' title='bbox 1382 959 1564 1019; x_wconf 79' lang='lat' dir='ltr'><strong>dicere</strong></span> <span class='ocrx_word' id='word_1_51' title='bbox 1591 962 1662 1020; x_wconf 92' lang='lat' dir='ltr'><strong>de</strong></span> <span class='ocrx_word' id='word_1_52' title='bbox 1698 979 1766 1020; x_wconf 91' lang='lat' dir='ltr'><strong>eo</strong></span> 
     </span>
    </p>
   </div>
   <div class='ocr_carea' id='block_1_8' title="bbox 169 1043 1767 1120">
    <p class='ocr_par' dir='ltr' id='par_1_8' title="bbox 169 1043 1767 1120">
     <span class='ocr_line' id='line_1_8' title="bbox 169 1043 1767 1120; baseline 0.008 -22"><span class='ocrx_word' id='word_1_53' title='bbox 169 1044 316 1114; x_wconf 85' lang='lat' dir='ltr'><strong>quod</strong></span> <span class='ocrx_word' id='word_1_54' title='bbox 362 1054 447 1101; x_wconf 89' lang='lat' dir='ltr'><strong>est</strong></span> <span class='ocrx_word' id='word_1_55' title='bbox 494 1043 793 1101; x_wconf 86' lang='lat' dir='ltr'><strong>secundum</strong></span> <span class='ocrx_word' id='word_1_56' title='bbox 834 1060 1077 1112; x_wconf 90' lang='lat' dir='ltr'><strong>carnem,</strong></span> <span class='ocrx_word' id='word_1_57' title='bbox 1122 1048 1446 1120; x_wconf 80' lang='lat' dir='ltr'><strong>subiunxit:</strong></span> <span class='ocrx_word' id='word_1_58' title='bbox 1490 1052 1591 1120; x_wconf 81' lang='lat' dir='ltr'><strong>Qui</strong></span> <span class='ocrx_word' id='word_1_59' title='bbox 1632 1055 1767 1110; x_wconf 81' lang='lat' dir='ltr'><strong>enim</strong></span> 
     </span>
    </p>
   </div>
   <div class='ocr_carea' id='block_1_9' title="bbox 172 1136 1767 1211">
    <p class='ocr_par' dir='ltr' id='par_1_9' title="bbox 172 1136 1767 1211">
     <span class='ocr_line' id='line_1_9' title="bbox 172 1136 1767 1211; baseline 0.006 -20"><span class='ocrx_word' id='word_1_60' title='bbox 172 1136 488 1205; x_wconf 73' lang='lat' dir='ltr'><strong>sanctiﬁcat,</strong></span> <span class='ocrx_word' id='word_1_61' title='bbox 513 1146 561 1192; x_wconf 85' lang='lat' dir='ltr'><strong>et</strong></span> <span class='ocrx_word' id='word_1_62' title='bbox 585 1138 671 1207; x_wconf 74' lang='lat' dir='ltr'><strong>qui</strong></span> <span class='ocrx_word' id='word_1_63' title='bbox 695 1137 1104 1205; x_wconf 74' lang='lat' dir='ltr'><strong>saactiﬁcantur.</strong></span> <span class='ocrx_word' id='word_1_64' title='bbox 1130 1136 1296 1195; x_wconf 77' lang='lat' dir='ltr'><strong>Vides</strong></span> <span class='ocrx_word' id='word_1_65' title='bbox 1316 1151 1571 1211; x_wconf 88' lang='lat' dir='ltr'><strong>quantum</strong></span> <span class='ocrx_word' id='word_1_66' title='bbox 1599 1145 1767 1201; x_wconf 85' lang='lat' dir='ltr'><strong>inter-</strong></span> 
     </span>
    </p>
   </div>
   <div class='ocr_carea' id='block_1_10' title="bbox 175 1225 1766 1297">
    <p class='ocr_par' dir='ltr' id='par_1_10' title="bbox 175 1225 1766 1297">
     <span class='ocr_line' id='line_1_10' title="bbox 175 1225 1766 1297; baseline 0.004 -15"><span class='ocrx_word' id='word_1_67' title='bbox 175 1226 288 1282; x_wconf 78' lang='lat' dir='ltr'><strong>sit?</strong></span> <span class='ocrx_word' id='word_1_68' title='bbox 320 1227 410 1282; x_wconf 87' lang='lat' dir='ltr'><strong>ille</strong></span> <span class='ocrx_word' id='word_1_69' title='bbox 442 1227 659 1297; x_wconf 83' lang='lat' dir='ltr'><strong>quidem</strong></span> <span class='ocrx_word' id='word_1_70' title='bbox 689 1225 1014 1294; x_wconf 84' lang='lat' dir='ltr'><strong>sanctificat,</strong></span> <span class='ocrx_word' id='word_1_71' title='bbox 1053 1241 1153 1282; x_wconf 90' lang='lat' dir='ltr'><strong>nos</strong></span> <span class='ocrx_word' id='word_1_72' title='bbox 1178 1243 1308 1285; x_wconf 87' lang='lat' dir='ltr'><strong>vero</strong></span> <span class='ocrx_word' id='word_1_73' title='bbox 1348 1231 1766 1291; x_wconf 85' lang='lat' dir='ltr'><strong>sanetitieamur.</strong></span> 
     </span>
    </p>
   </div>
   <div class='ocr_carea' id='block_1_11' title="bbox 178 1316 1771 1387">
    <p class='ocr_par' dir='ltr' id='par_1_11' title="bbox 178 1316 1771 1387">
     <span class='ocr_line' id='line_1_11' title="bbox 178 1316 1771 1387; baseline 0.006 -14"><span class='ocrx_word' id='word_1_74' title='bbox 178 1316 246 1373; x_wconf 78' lang='lat' dir='ltr'><strong>Et</strong></span> <span class='ocrx_word' id='word_1_75' title='bbox 290 1318 547 1387; x_wconf 84' lang='lat' dir='ltr'><strong>superius</strong></span> <span class='ocrx_word' id='word_1_76' title='bbox 592 1331 717 1373; x_wconf 85' lang='lat' dir='ltr'><strong>eum</strong></span> <span class='ocrx_word' id='word_1_77' title='bbox 764 1316 902 1372; x_wconf 91' lang='lat' dir='ltr'><strong>dixit</strong></span> <span class='ocrx_word' id='word_1_78' title='bbox 945 1325 1223 1375; x_wconf 89' lang='lat' dir='ltr'><strong>auctorem</strong></span> <span class='ocrx_word' id='word_1_79' title='bbox 1272 1321 1481 1378; x_wconf 88' lang='lat' dir='ltr'><strong>salutis.</strong></span> <span class='ocrx_word' id='word_1_80' title='bbox 1516 1322 1662 1381; x_wconf 78' lang='lat' dir='ltr'><strong>Unus</strong></span> <span class='ocrx_word' id='word_1_81' title='bbox 1695 1334 1771 1381; x_wconf 86' lang='lat' dir='ltr'><strong>est</strong></span> 
     </span>
    </p>
   </div>
   <div class='ocr_carea' id='block_1_12' title="bbox 176 1405 1771 1480">
    <p class='ocr_par' dir='ltr' id='par_1_12' title="bbox 176 1405 1771 1480">
     <span class='ocr_line' id='line_1_12' title="bbox 176 1405 1771 1480; baseline 0.004 -16"><span class='ocrx_word' id='word_1_82' title='bbox 176 1410 310 1464; x_wconf 68' lang='lat' dir='ltr'><strong>esti-</strong></span> <span class='ocrx_word' id='word_1_83' title='bbox 342 1406 503 1474; x_wconf 77' lang='lat' dir='ltr'><strong>Dess,</strong></span> <span class='ocrx_word' id='word_1_84' title='bbox 535 1423 599 1462; x_wconf 80' lang='lat' dir='ltr'><strong>ea:</strong></span> <span class='ocrx_word' id='word_1_85' title='bbox 631 1423 730 1479; x_wconf 76' lang='lat' dir='ltr'><strong>quo</strong></span> <span class='ocrx_word' id='word_1_86' title='bbox 761 1408 953 1464; x_wconf 74' lang='lat' dir='ltr'><strong>omnia.</strong></span> <span class='ocrx_word' id='word_1_87' title='bbox 982 1405 1208 1479; x_wconf 75' lang='lat' dir='ltr'><strong>Propter</strong></span> <span class='ocrx_word' id='word_1_88' title='bbox 1246 1425 1399 1480; x_wconf 82' lang='lat' dir='ltr'><strong>quam</strong></span> <span class='ocrx_word' id='word_1_89' title='bbox 1422 1427 1630 1468; x_wconf 83' lang='lat' dir='ltr'><strong>causam</strong></span> <span class='ocrx_word' id='word_1_90' title='bbox 1669 1431 1771 1471; x_wconf 83' lang='lat' dir='ltr'><strong>non</strong></span> 
     </span>
    </p>
   </div>
   <div class='ocr_carea' id='block_1_13' title="bbox 180 1500 1771 1573">
    <p class='ocr_par' dir='ltr' id='par_1_13' title="bbox 180 1500 1771 1573">
     <span class='ocr_line' id='line_1_13' title="bbox 180 1500 1771 1573; baseline 0.004 -16"><span class='ocrx_word' id='word_1_91' title='bbox 180 1503 427 1557; x_wconf 70' lang='lat' dir='ltr'><strong>erubacit</strong></span> <span class='ocrx_word' id='word_1_92' title='bbox 466 1516 553 1557; x_wconf 83' lang='lat' dir='ltr'><strong>eos</strong></span> <span class='ocrx_word' id='word_1_93' title='bbox 596 1516 776 1555; x_wconf 75' lang='lat' dir='ltr'><strong>vocare</strong></span> <span class='ocrx_word' id='word_1_94' title='bbox 816 1504 1023 1572; x_wconf 74' lang='lat' dir='ltr'><strong>fratres.</strong></span> <span class='ocrx_word' id='word_1_95' title='bbox 1070 1500 1232 1558; x_wconf 72' lang='lat' dir='ltr'><strong>Vides</strong></span> <span class='ocrx_word' id='word_1_96' title='bbox 1262 1504 1538 1573; x_wconf 86' lang='lat' dir='ltr'><strong>quomodo</strong></span> <span class='ocrx_word' id='word_1_97' title='bbox 1582 1521 1771 1564; x_wconf 78' lang='lat' dir='ltr'><strong>rursus</strong></span> 
     </span>
    </p>
   </div>
   <div class='ocr_carea' id='block_1_14' title="bbox 179 1589 1771 1666">
    <p class='ocr_par' dir='ltr' id='par_1_14' title="bbox 179 1589 1771 1666">
     <span class='ocr_line' id='line_1_14' title="bbox 179 1589 1771 1666; baseline 0.002 -17"><span class='ocrx_word' id='word_1_98' title='bbox 179 1591 433 1649; x_wconf 86' lang='lat' dir='ltr'><strong>ostendat</strong></span> <span class='ocrx_word' id='word_1_99' title='bbox 463 1591 878 1647; x_wconf 76' lang='lat' dir='ltr'><strong>excellentiam?</strong></span> <span class='ocrx_word' id='word_1_100' title='bbox 904 1589 1094 1647; x_wconf 87' lang='lat' dir='ltr'><strong>Dicere</strong></span> <span class='ocrx_word' id='word_1_101' title='bbox 1134 1591 1302 1657; x_wconf 88' lang='lat' dir='ltr'><strong>enim,</strong></span> <span class='ocrx_word' id='word_1_102' title='bbox 1343 1592 1464 1648; x_wconf 81' lang='lat' dir='ltr'><strong>Non</strong></span> <span class='ocrx_word' id='word_1_103' title='bbox 1492 1597 1771 1666; x_wconf 85' lang='lat' dir='ltr'><strong>erubescit,</strong></span> 
     </span>
    </p>
   </div>
   <div class='ocr_carea' id='block_1_15' title="bbox 180 1681 1773 1758">
    <p class='ocr_par' dir='ltr' id='par_1_15' title="bbox 180 1681 1773 1758">
     <span class='ocr_line' id='line_1_15' title="bbox 180 1681 1773 1758; baseline 0.004 -20"><span class='ocrx_word' id='word_1_104' title='bbox 180 1682 419 1739; x_wconf 75' lang='lat' dir='ltr'><strong>ostendit</strong></span> <span class='ocrx_word' id='word_1_105' title='bbox 465 1692 633 1736; x_wconf 87' lang='lat' dir='ltr'><strong>totum</strong></span> <span class='ocrx_word' id='word_1_106' title='bbox 680 1695 804 1737; x_wconf 87' lang='lat' dir='ltr'><strong>esse</strong></span> <span class='ocrx_word' id='word_1_107' title='bbox 851 1694 956 1736; x_wconf 89' lang='lat' dir='ltr'><strong>non</strong></span> <span class='ocrx_word' id='word_1_108' title='bbox 1007 1681 1084 1737; x_wconf 90' lang='lat' dir='ltr'><strong>rei</strong></span> <span class='ocrx_word' id='word_1_109' title='bbox 1131 1690 1359 1748; x_wconf 69' lang='lat' dir='ltr'><strong>naturae,</strong></span> <span class='ocrx_word' id='word_1_110' title='bbox 1391 1684 1487 1740; x_wconf 87' lang='lat' dir='ltr'><strong>sed</strong></span> <span class='ocrx_word' id='word_1_111' title='bbox 1517 1686 1635 1756; x_wconf 87' lang='lat' dir='ltr'><strong>ejus</strong></span> <span class='ocrx_word' id='word_1_112' title='bbox 1681 1690 1773 1758; x_wconf 86' lang='lat' dir='ltr'><strong>qui</strong></span> 
     </span>
    </p>
   </div>
   <div class='ocr_carea' id='block_1_16' title="bbox 193 1771 1771 1837">
    <p class='ocr_par' dir='ltr' id='par_1_16' title="bbox 193 1771 1771 1837">
     <span class='ocr_line' id='line_1_16' title="bbox 193 1771 1771 1837; baseline 0.004 -7"><span class='ocrx_word' id='word_1_113' title='bbox 193 1792 298 1830; x_wconf 84' lang='lat' dir='ltr'><strong>non</strong></span> <span class='ocrx_word' id='word_1_114' title='bbox 350 1772 622 1830; x_wconf 71' lang='lat' dir='ltr'><strong>endiescit</strong></span> <span class='ocrx_word' id='word_1_115' title='bbox 671 1771 1061 1828; x_wconf 68' lang='lat' dir='ltr'><strong>benevolentia:</strong></span> <span class='ocrx_word' id='word_1_116' title='bbox 1104 1781 1162 1829; x_wconf 92' lang='lat' dir='ltr'><strong>et</strong></span> <span class='ocrx_word' id='word_1_117' title='bbox 1207 1774 1391 1831; x_wconf 65' lang='lat' dir='ltr'><strong>multa</strong></span> <span class='ocrx_word' id='word_1_118' title='bbox 1436 1776 1771 1837; x_wconf 73' lang='lat' dir='ltr'><strong>humilitatis.</strong></span> 
     </span>
    </p>
   </div>
   <div class='ocr_carea' id='block_1_17' title="bbox 184 1863 1771 1939">
    <p class='ocr_par' dir='ltr' id='par_1_17' title="bbox 184 1863 1771 1939">
     <span class='ocr_line' id='line_1_17' title="bbox 184 1863 1771 1939; baseline 0.003 -17"><span class='ocrx_word' id='word_1_119' title='bbox 184 1866 311 1922; x_wconf 75' lang='lat' dir='ltr'><strong>Nam</strong></span> <span class='ocrx_word' id='word_1_120' title='bbox 355 1864 570 1920; x_wconf 88' lang='lat' dir='ltr'><strong>etiamsi</strong></span> <span class='ocrx_word' id='word_1_121' title='bbox 610 1865 782 1919; x_wconf 89' lang='lat' dir='ltr'><strong>simus</strong></span> <span class='ocrx_word' id='word_1_122' title='bbox 811 1878 877 1918; x_wconf 90' lang='lat' dir='ltr'><strong>ex</strong></span> <span class='ocrx_word' id='word_1_123' title='bbox 907 1877 1037 1928; x_wconf 85' lang='lat' dir='ltr'><strong>uno,</strong></span> <span class='ocrx_word' id='word_1_124' title='bbox 1069 1863 1159 1920; x_wconf 90' lang='lat' dir='ltr'><strong>ille</strong></span> <span class='ocrx_word' id='word_1_125' title='bbox 1197 1866 1415 1936; x_wconf 86' lang='lat' dir='ltr'><strong>quidem</strong></span> <span class='ocrx_word' id='word_1_126' title='bbox 1453 1870 1771 1939; x_wconf 86' lang='lat' dir='ltr'><strong>sanctificat,</strong></span> 
     </span>
    </p>
   </div>
   <div class='ocr_carea' id='block_1_18' title="bbox 200 1953 1791 2024">
    <p class='ocr_par' dir='ltr' id='par_1_18' title="bbox 200 1953 1791 2024">
     <span class='ocr_line' id='line_1_18' title="bbox 200 1953 1791 2024; baseline 0.012 -20"><span class='ocrx_word' id='word_1_127' title='bbox 200 1964 297 2005; x_wconf 70' lang='lat' dir='ltr'><strong>mis</strong></span> <span class='ocrx_word' id='word_1_128' title='bbox 325 1959 506 2007; x_wconf 86' lang='lat' dir='ltr'><strong>autem</strong></span> <span class='ocrx_word' id='word_1_129' title='bbox 552 1953 969 2011; x_wconf 83' lang='lat' dir='ltr'><strong>sanctificamur.</strong></span> <span class='ocrx_word' id='word_1_130' title='bbox 1019 1957 1245 2013; x_wconf 79' lang='lat' dir='ltr'><strong>Ifultum</strong></span> <span class='ocrx_word' id='word_1_131' title='bbox 1298 1961 1543 2019; x_wconf 81' lang='lat' dir='ltr'><strong>interest.</strong></span> <span class='ocrx_word' id='word_1_132' title='bbox 1586 1965 1650 2021; x_wconf 86' lang='lat' dir='ltr'><strong>Et</strong></span> <span class='ocrx_word' id='word_1_133' title='bbox 1698 1965 1791 2024; x_wconf 89' lang='lat' dir='ltr'><strong>ille</strong></span> 
     </span>
    </p>
   </div>
   <div class='ocr_carea' id='block_1_19' title="bbox 197 2040 1785 2125">
    <p class='ocr_par' dir='ltr' id='par_1_19' title="bbox 197 2040 1785 2125">
     <span class='ocr_line' id='line_1_19' title="bbox 197 2040 1785 2125; baseline 0.012 -31"><span class='ocrx_word' id='word_1_134' title='bbox 197 2040 410 2114; x_wconf 79' lang='lat' dir='ltr'><strong>quidem</strong></span> <span class='ocrx_word' id='word_1_135' title='bbox 461 2058 529 2100; x_wconf 87' lang='lat' dir='ltr'><strong>ex</strong></span> <span class='ocrx_word' id='word_1_136' title='bbox 572 2042 751 2111; x_wconf 85' lang='lat' dir='ltr'><strong>Patre,</strong></span> <span class='ocrx_word' id='word_1_137' title='bbox 805 2056 1074 2119; x_wconf 82' lang='lat' dir='ltr'><strong>tamquam</strong></span> <span class='ocrx_word' id='word_1_138' title='bbox 1113 2065 1275 2107; x_wconf 89' lang='lat' dir='ltr'><strong>verus</strong></span> <span class='ocrx_word' id='word_1_139' title='bbox 1314 2061 1367 2109; x_wconf 91' lang='lat' dir='ltr'><strong>et</strong></span> <span class='ocrx_word' id='word_1_140' title='bbox 1410 2056 1659 2125; x_wconf 91' lang='lat' dir='ltr'><strong>proprius</strong></span> <span class='ocrx_word' id='word_1_141' title='bbox 1693 2056 1785 2113; x_wconf 82' lang='lat' dir='ltr'><strong>Fi-</strong></span> 
     </span>
    </p>
   </div>
   <div class='ocr_carea' id='block_1_20' title="bbox 194 2131 1785 2219">
    <p class='ocr_par' dir='ltr' id='par_1_20' title="bbox 194 2131 1785 2219">
     <span class='ocr_line' id='line_1_20' title="bbox 194 2131 1785 2219; baseline 0.01 -31"><span class='ocrx_word' id='word_1_142' title='bbox 194 2134 318 2201; x_wconf 85' lang='lat' dir='ltr'><strong>lius,</strong></span> <span class='ocrx_word' id='word_1_143' title='bbox 345 2131 453 2190; x_wconf 83' lang='lat' dir='ltr'><strong>hoc</strong></span> <span class='ocrx_word' id='word_1_144' title='bbox 479 2144 585 2203; x_wconf 89' lang='lat' dir='ltr'><strong>est,</strong></span> <span class='ocrx_word' id='word_1_145' title='bbox 620 2150 687 2191; x_wconf 86' lang='lat' dir='ltr'><strong>ex</strong></span> <span class='ocrx_word' id='word_1_146' title='bbox 714 2137 833 2207; x_wconf 88' lang='lat' dir='ltr'><strong>ejus</strong></span> <span class='ocrx_word' id='word_1_147' title='bbox 863 2146 1136 2207; x_wconf 81' lang='lat' dir='ltr'><strong>essentia;</strong></span> <span class='ocrx_word' id='word_1_148' title='bbox 1175 2157 1277 2199; x_wconf 92' lang='lat' dir='ltr'><strong>nos</strong></span> <span class='ocrx_word' id='word_1_149' title='bbox 1304 2153 1482 2200; x_wconf 85' lang='lat' dir='ltr'><strong>autem</strong></span> <span class='ocrx_word' id='word_1_150' title='bbox 1515 2155 1785 2219; x_wconf 78' lang='lat' dir='ltr'><strong>tamquam</strong></span> 
     </span>
    </p>
   </div>
   <div class='ocr_carea' id='block_1_21' title="bbox 190 2225 1781 2307">
    <p class='ocr_par' dir='ltr' id='par_1_21' title="bbox 190 2225 1781 2307">
     <span class='ocr_line' id='line_1_21' title="bbox 190 2225 1781 2307; baseline 0.011 -29"><span class='ocrx_word' id='word_1_151' title='bbox 190 2233 461 2292; x_wconf 72' lang='lat' dir='ltr'><strong>creatura,</strong></span> <span class='ocrx_word' id='word_1_152' title='bbox 493 2225 597 2282; x_wconf 89' lang='lat' dir='ltr'><strong>hoc</strong></span> <span class='ocrx_word' id='word_1_153' title='bbox 622 2235 729 2293; x_wconf 83' lang='lat' dir='ltr'><strong>est,</strong></span> <span class='ocrx_word' id='word_1_154' title='bbox 762 2242 828 2283; x_wconf 90' lang='lat' dir='ltr'><strong>ex</strong></span> <span class='ocrx_word' id='word_1_155' title='bbox 861 2229 1053 2286; x_wconf 84' lang='lat' dir='ltr'><strong>nihilo.</strong></span> <span class='ocrx_word' id='word_1_156' title='bbox 1076 2231 1300 2289; x_wconf 71' lang='lat' dir='ltr'><strong>Multum</strong></span> <span class='ocrx_word' id='word_1_157' title='bbox 1331 2234 1510 2307; x_wconf 83' lang='lat' dir='ltr'><strong>itaque</strong></span> <span class='ocrx_word' id='word_1_158' title='bbox 1533 2237 1781 2296; x_wconf 86' lang='lat' dir='ltr'><strong>interest.</strong></span> 
     </span>
    </p>
   </div>
   <div class='ocr_carea' id='block_1_22' title="bbox 190 2316 1778 2401">
    <p class='ocr_par' dir='ltr' id='par_1_22' title="bbox 190 2316 1778 2401">
     <span class='ocr_line' id='line_1_22' title="bbox 190 2316 1778 2401; baseline 0.011 -31"><span class='ocrx_word' id='word_1_159' title='bbox 190 2316 550 2384; x_wconf 73' lang='lat' dir='ltr'><strong>Quamobrem</strong></span> <span class='ocrx_word' id='word_1_160' title='bbox 580 2317 730 2385; x_wconf 86' lang='lat' dir='ltr'><strong>dicit,</strong></span> <span class='ocrx_word' id='word_1_161' title='bbox 762 2318 886 2376; x_wconf 80' lang='lat' dir='ltr'><strong>Non</strong></span> <span class='ocrx_word' id='word_1_162' title='bbox 909 2324 1157 2379; x_wconf 84' lang='lat' dir='ltr'><strong>erubescit</strong></span> <span class='ocrx_word' id='word_1_163' title='bbox 1195 2326 1335 2397; x_wconf 84' lang='lat' dir='ltr'><strong>ipsos</strong></span> <span class='ocrx_word' id='word_1_164' title='bbox 1360 2344 1540 2384; x_wconf 77' lang='lat' dir='ltr'><strong>vocare</strong></span> <span class='ocrx_word' id='word_1_165' title='bbox 1569 2330 1778 2401; x_wconf 80' lang='lat' dir='ltr'><strong>fratres,</strong></span> 
     </span>
    </p>
   </div>
   <div class='ocr_carea' id='block_1_23' title="bbox 188 2405 1777 2489">
    <p class='ocr_par' dir='ltr' id='par_1_23' title="bbox 188 2405 1777 2489">
     <span class='ocr_line' id='line_1_23' title="bbox 188 2405 1777 2489; baseline 0.009 -29"><span class='ocrx_word' id='word_1_166' title='bbox 188 2408 417 2462; x_wconf 75' lang='lat' dir='ltr'><strong>dicens:</strong></span> <span class='ocrx_word' id='word_1_167' title='bbox 468 2406 559 2463; x_wconf 71' lang='grc'><strong>12.</strong></span> <span class='ocrx_word' id='word_1_168' title='bbox 604 2405 873 2465; x_wconf 74' lang='lat' dir='ltr'><strong>Nuntiabo</strong></span> <span class='ocrx_word' id='word_1_169' title='bbox 919 2428 1103 2467; x_wconf 81' lang='lat' dir='ltr'><strong>nomen</strong></span> <span class='ocrx_word' id='word_1_170' title='bbox 1147 2423 1291 2470; x_wconf 84' lang='lat' dir='ltr'><strong>tuum</strong></span> <span class='ocrx_word' id='word_1_171' title='bbox 1334 2419 1583 2489; x_wconf 80' lang='lat' dir='ltr'><strong>fratribus</strong></span> <span class='ocrx_word' id='word_1_172' title='bbox 1634 2422 1777 2477; x_wconf 83' lang='lat' dir='ltr'><strong>meis.</strong></span> 
     </span>
    </p>
   </div>
   <div class='ocr_carea' id='block_1_24' title="bbox 192 2496 1780 2579">
    <p class='ocr_par' dir='ltr' id='par_1_24' title="bbox 192 2496 1780 2579">
     <span class='ocr_line' id='line_1_24' title="bbox 192 2496 1780 2579; baseline 0.011 -28"><span class='ocrx_word' id='word_1_173' title='bbox 192 2496 322 2552; x_wconf 73' lang='lat' dir='ltr'><strong>Nam</strong></span> <span class='ocrx_word' id='word_1_174' title='bbox 354 2512 523 2554; x_wconf 87' lang='lat' dir='ltr'><strong>carne</strong></span> <span class='ocrx_word' id='word_1_175' title='bbox 563 2499 803 2570; x_wconf 89' lang='lat' dir='ltr'><strong>indutus,</strong></span> <span class='ocrx_word' id='word_1_176' title='bbox 872 2502 1044 2560; x_wconf 89' lang='lat' dir='ltr'><strong>induit</strong></span> <span class='ocrx_word' id='word_1_177' title='bbox 1084 2506 1245 2562; x_wconf 89' lang='lat' dir='ltr'><strong>etiam</strong></span> <span class='ocrx_word' id='word_1_178' title='bbox 1268 2507 1680 2579; x_wconf 80' lang='lat' dir='ltr'><strong>fraternitatem,</strong></span> <span class='ocrx_word' id='word_1_179' title='bbox 1725 2522 1780 2569; x_wconf 90' lang='lat' dir='ltr'><strong>et</strong></span> 
     </span>
    </p>
   </div>
   <div class='ocr_carea' id='block_1_25' title="bbox 186 2588 1777 2660">
    <p class='ocr_par' dir='ltr' id='par_1_25' title="bbox 186 2588 1777 2660">
     <span class='ocr_line' id='line_1_25' title="bbox 186 2588 1777 2660; baseline 0.012 -18"><span class='ocrx_word' id='word_1_180' title='bbox 186 2588 344 2643; x_wconf 82' lang='lat' dir='ltr'><strong>simul</strong></span> <span class='ocrx_word' id='word_1_181' title='bbox 375 2589 543 2643; x_wconf 88' lang='lat' dir='ltr'><strong>etiam</strong></span> <span class='ocrx_word' id='word_1_182' title='bbox 576 2589 817 2660; x_wconf 72' lang='lat' dir='ltr'><strong>ingressa</strong></span> <span class='ocrx_word' id='word_1_183' title='bbox 845 2601 928 2647; x_wconf 91' lang='lat' dir='ltr'><strong>est</strong></span> <span class='ocrx_word' id='word_1_184' title='bbox 956 2608 1080 2649; x_wconf 89' lang='lat' dir='ltr'><strong>cum</strong></span> <span class='ocrx_word' id='word_1_185' title='bbox 1106 2610 1270 2653; x_wconf 90' lang='lat' dir='ltr'><strong>carne</strong></span> <span class='ocrx_word' id='word_1_186' title='bbox 1299 2596 1628 2656; x_wconf 80' lang='lat' dir='ltr'><strong>fraternitas.</strong></span> <span class='ocrx_word' id='word_1_187' title='bbox 1670 2601 1777 2660; x_wconf 91' lang='lat' dir='ltr'><strong>Sed</strong></span> 
     </span>
    </p>
   </div>
   <div class='ocr_carea' id='block_1_26' title="bbox 186 2675 1775 2766">
    <p class='ocr_par' dir='ltr' id='par_1_26' title="bbox 186 2675 1775 2766">
     <span class='ocr_line' id='line_1_26' title="bbox 186 2675 1775 2766; baseline 0.013 -36"><span class='ocrx_word' id='word_1_188' title='bbox 186 2675 287 2732; x_wconf 73' lang='lat' dir='ltr'><strong>hoe</strong></span> <span class='ocrx_word' id='word_1_189' title='bbox 325 2677 549 2749; x_wconf 82' lang='lat' dir='ltr'><strong>quidem</strong></span> <span class='ocrx_word' id='word_1_190' title='bbox 583 2681 781 2736; x_wconf 86' lang='lat' dir='ltr'><strong>merito</strong></span> <span class='ocrx_word' id='word_1_191' title='bbox 817 2682 1079 2741; x_wconf 89' lang='lat' dir='ltr'><strong>adducit:</strong></span> <span class='ocrx_word' id='word_1_192' title='bbox 1108 2685 1241 2742; x_wconf 90' lang='lat' dir='ltr'><strong>illud</strong></span> <span class='ocrx_word' id='word_1_193' title='bbox 1285 2697 1502 2755; x_wconf 87' lang='lat' dir='ltr'><strong>autem,</strong></span> <span class='ocrx_word' id='word_1_194' title='bbox 1530 2692 1618 2749; x_wconf 78' lang='lat' dir='ltr'><strong>l3.</strong></span> <span class='ocrx_word' id='word_1_195' title='bbox 1665 2692 1775 2766; x_wconf 82' lang='lat' dir='ltr'><strong>Ego</strong></span> 
     </span>
    </p>
   </div>
   <div class='ocr_carea' id='block_1_27' title="bbox 185 2773 1773 2857">
    <p class='ocr_par' dir='ltr' id='par_1_27' title="bbox 185 2773 1773 2857">
     <span class='ocr_line' id='line_1_27' title="bbox 185 2773 1773 2857; baseline 0.012 -33"><span class='ocrx_word' id='word_1_196' title='bbox 185 2788 272 2825; x_wconf 80' lang='lat' dir='ltr'><strong>ero</strong></span> <span class='ocrx_word' id='word_1_197' title='bbox 306 2773 573 2857; x_wconf 72' lang='lat' dir='ltr'><strong>conﬁdens</strong></span> <span class='ocrx_word' id='word_1_198' title='bbox 612 2776 666 2828; x_wconf 82' lang='lat' dir='ltr'><strong>iu</strong></span> <span class='ocrx_word' id='word_1_199' title='bbox 694 2790 828 2839; x_wconf 79' lang='lat' dir='ltr'><strong>eum,</strong></span> <span class='ocrx_word' id='word_1_200' title='bbox 860 2776 985 2847; x_wconf 88' lang='lat' dir='ltr'><strong>quid</strong></span> <span class='ocrx_word' id='word_1_201' title='bbox 1029 2778 1131 2834; x_wconf 83' lang='lat' dir='ltr'><strong>sibi</strong></span> <span class='ocrx_word' id='word_1_202' title='bbox 1170 2780 1324 2836; x_wconf 76' lang='lat' dir='ltr'><strong>vult?</strong></span> <span class='ocrx_word' id='word_1_203' title='bbox 1347 2782 1480 2839; x_wconf 85' lang='lat' dir='ltr'><strong>Nam</strong></span> <span class='ocrx_word' id='word_1_204' title='bbox 1535 2793 1592 2841; x_wconf 91' lang='lat' dir='ltr'><strong>ct</strong></span> <span class='ocrx_word' id='word_1_205' title='bbox 1631 2789 1773 2857; x_wconf 90' lang='lat' dir='ltr'><strong>quod</strong></span> 
     </span>
    </p>
   </div>
   <div class='ocr_carea' id='block_1_28' title="bbox 182 2856 1773 2941">
    <p class='ocr_par' dir='ltr' id='par_1_28' title="bbox 182 2856 1773 2941">
     <span class='ocr_line' id='line_1_28' title="bbox 182 2856 1773 2941; baseline 0.013 -33"><span class='ocrx_word' id='word_1_206' title='bbox 182 2864 361 2923; x_wconf 84' lang='lat' dir='ltr'><strong>postea</strong></span> <span class='ocrx_word' id='word_1_207' title='bbox 412 2856 632 2926; x_wconf 84' lang='lat' dir='ltr'><strong>quidem</strong></span> <span class='ocrx_word' id='word_1_208' title='bbox 663 2858 929 2929; x_wconf 89' lang='lat' dir='ltr'><strong>sequitur,</strong></span> <span class='ocrx_word' id='word_1_209' title='bbox 970 2867 1165 2919; x_wconf 86' lang='lat' dir='ltr'><strong>merito</strong></span> <span class='ocrx_word' id='word_1_210' title='bbox 1197 2883 1210 2920; x_wconf 93' lang='lat'>:</span> <span class='ocrx_word' id='word_1_211' title='bbox 1240 2864 1375 2922; x_wconf 83' lang='lat' dir='ltr'><strong>Ecce</strong></span> <span class='ocrx_word' id='word_1_212' title='bbox 1419 2885 1511 2940; x_wconf 81' lang='lat' dir='ltr'><strong>ego</strong></span> <span class='ocrx_word' id='word_1_213' title='bbox 1549 2880 1595 2925; x_wconf 88' lang='lat' dir='ltr'><strong>et</strong></span> <span class='ocrx_word' id='word_1_214' title='bbox 1626 2856 1773 2941; x_wconf 78' lang='lat' dir='ltr'><strong>pueri</strong></span> 
     </span>
    </p>
   </div>
   <div class='ocr_carea' id='block_1_29' title="bbox 177 2946 1770 3029">
    <p class='ocr_par' dir='ltr' id='par_1_29' title="bbox 177 2946 1770 3029">
     <span class='ocr_line' id='line_1_29' title="bbox 177 2946 1770 3029; baseline 0.013 -32"><span class='ocrx_word' id='word_1_215' title='bbox 177 2960 299 3013; x_wconf 74' lang='lat' dir='ltr'><strong>ques</strong></span> <span class='ocrx_word' id='word_1_216' title='bbox 328 2946 456 2999; x_wconf 70' lang='lat' dir='ltr'><strong>mihi</strong></span> <span class='ocrx_word' id='word_1_217' title='bbox 478 2946 623 3001; x_wconf 79' lang='lat' dir='ltr'><strong>dedit</strong></span> <span class='ocrx_word' id='word_1_218' title='bbox 655 2947 814 3002; x_wconf 88' lang='lat' dir='ltr'><strong>Deus.</strong></span> <span class='ocrx_word' id='word_1_219' title='bbox 848 2947 1000 3005; x_wconf 88' lang='lat' dir='ltr'><strong>Sicut</strong></span> <span class='ocrx_word' id='word_1_220' title='bbox 1028 2952 1173 3008; x_wconf 88' lang='lat' dir='ltr'><strong>enim</strong></span> <span class='ocrx_word' id='word_1_221' title='bbox 1205 2953 1293 3012; x_wconf 87' lang='lat' dir='ltr'><strong>hic</strong></span> <span class='ocrx_word' id='word_1_222' title='bbox 1320 2957 1561 3029; x_wconf 88' lang='lat' dir='ltr'><strong>seipsum</strong></span> <span class='ocrx_word' id='word_1_223' title='bbox 1586 2973 1770 3019; x_wconf 86' lang='lat' dir='ltr'><strong>osten-</strong></span> 
     </span>
    </p>
   </div>
   <div class='ocr_carea' id='block_1_30' title="bbox 176 3034 1770 3118">
    <p class='ocr_par' dir='ltr' id='par_1_30' title="bbox 176 3034 1770 3118">
     <span class='ocr_line' id='line_1_30' title="bbox 176 3034 1770 3118; baseline 0.012 -29"><span class='ocrx_word' id='word_1_224' title='bbox 176 3034 253 3089; x_wconf 94' lang='lat' dir='ltr'><strong>dit</strong></span> <span class='ocrx_word' id='word_1_225' title='bbox 284 3034 520 3102; x_wconf 77' lang='lat' dir='ltr'><strong>Patrem,</strong></span> <span class='ocrx_word' id='word_1_226' title='bbox 553 3038 626 3092; x_wconf 90' lang='lat' dir='ltr'><strong>ita</strong></span> <span class='ocrx_word' id='word_1_227' title='bbox 652 3037 764 3094; x_wconf 89' lang='lat' dir='ltr'><strong>illic</strong></span> <span class='ocrx_word' id='word_1_228' title='bbox 800 3038 1019 3096; x_wconf 87' lang='lat' dir='ltr'><strong>fratrem</strong></span> <span class='ocrx_word' id='word_1_229' title='bbox 1053 3060 1067 3096; x_wconf 90' lang='lat'><strong>:</strong></span> <span class='ocrx_word' id='word_1_230' title='bbox 1096 3042 1449 3114; x_wconf 77' lang='lat' dir='ltr'><strong>Annuntiabo,</strong></span> <span class='ocrx_word' id='word_1_231' title='bbox 1476 3050 1645 3118; x_wconf 90' lang='lat' dir='ltr'><strong>enim,</strong></span> <span class='ocrx_word' id='word_1_232' title='bbox 1674 3052 1770 3107; x_wconf 88' lang='lat' dir='ltr'><strong>in-</strong></span> 
     </span>
    </p>
   </div>
   <div class='ocr_carea' id='block_1_31' title="bbox 173 3124 1766 3201">
    <p class='ocr_par' dir='ltr' id='par_1_31' title="bbox 173 3124 1766 3201">
     <span class='ocr_line' id='line_1_31' title="bbox 173 3124 1766 3201; baseline 0.016 -24"><span class='ocrx_word' id='word_1_233' title='bbox 173 3124 305 3195; x_wconf 86' lang='lat' dir='ltr'><strong>quit,</strong></span> <span class='ocrx_word' id='word_1_234' title='bbox 339 3141 523 3182; x_wconf 71' lang='lat' dir='ltr'><strong>nautea</strong></span> <span class='ocrx_word' id='word_1_235' title='bbox 572 3138 716 3183; x_wconf 78' lang='lat' dir='ltr'><strong>luunt</strong></span> <span class='ocrx_word' id='word_1_236' title='bbox 741 3128 985 3197; x_wconf 76' lang='lat' dir='ltr'><strong>fratribus</strong></span> <span class='ocrx_word' id='word_1_237' title='bbox 1010 3134 1154 3188; x_wconf 85' lang='lat' dir='ltr'><strong>meis.</strong></span> <span class='ocrx_word' id='word_1_238' title='bbox 1187 3134 1256 3191; x_wconf 82' lang='lat' dir='ltr'><strong>Et</strong></span> <span class='ocrx_word' id='word_1_239' title='bbox 1294 3152 1484 3194; x_wconf 83' lang='lat' dir='ltr'><strong>rursus</strong></span> <span class='ocrx_word' id='word_1_240' title='bbox 1526 3143 1766 3201; x_wconf 81' lang='lat' dir='ltr'><strong>ostendit</strong></span> 
     </span>
    </p>
   </div>
   <div class='ocr_carea' id='block_1_32' title="bbox 175 3217 1767 3304">
    <p class='ocr_par' dir='ltr' id='par_1_32' title="bbox 175 3217 1767 3304">
     <span class='ocr_line' id='line_1_32' title="bbox 175 3217 1767 3304; baseline 0.013 -35"><span class='ocrx_word' id='word_1_241' title='bbox 175 3217 397 3271; x_wconf 82' lang='lat' dir='ltr'><strong>multam</strong></span> <span class='ocrx_word' id='word_1_242' title='bbox 430 3218 831 3287; x_wconf 87' lang='lat' dir='ltr'><strong>excellentiam,</strong></span> <span class='ocrx_word' id='word_1_243' title='bbox 858 3229 915 3277; x_wconf 89' lang='lat' dir='ltr'><strong>et</strong></span> <span class='ocrx_word' id='word_1_244' title='bbox 953 3222 1095 3292; x_wconf 90' lang='lat' dir='ltr'><strong>quod</strong></span> <span class='ocrx_word' id='word_1_245' title='bbox 1133 3226 1358 3282; x_wconf 91' lang='lat' dir='ltr'><strong>multum</strong></span> <span class='ocrx_word' id='word_1_246' title='bbox 1399 3229 1639 3301; x_wconf 89' lang='lat' dir='ltr'><strong>intersit,</strong></span> <span class='ocrx_word' id='word_1_247' title='bbox 1668 3249 1767 3304; x_wconf 88' lang='lat' dir='ltr'><strong>per</strong></span> 
     </span>
    </p>
   </div>
   <div class='ocr_carea' id='block_1_33' title="bbox 170 3307 1763 3391">
    <p class='ocr_par' dir='ltr' id='par_1_33' title="bbox 170 3307 1763 3391">
     <span class='ocr_line' id='line_1_33' title="bbox 170 3307 1763 3391; baseline 0.013 -30"><span class='ocrx_word' id='word_1_248' title='bbox 170 3321 231 3361; x_wconf 88' lang='lat' dir='ltr'><strong>ea</strong></span> <span class='ocrx_word' id='word_1_249' title='bbox 256 3322 377 3377; x_wconf 72' lang='lat' dir='ltr'><strong>qua:</strong></span> <span class='ocrx_word' id='word_1_250' title='bbox 402 3307 658 3380; x_wconf 82' lang='lat' dir='ltr'><strong>deinceps</strong></span> <span class='ocrx_word' id='word_1_251' title='bbox 686 3322 984 3381; x_wconf 89' lang='lat' dir='ltr'><strong>sequuntur</strong></span> <span class='ocrx_word' id='word_1_252' title='bbox 1005 3330 1019 3368; x_wconf 91' lang='lat'><strong>:</strong></span> <span class='ocrx_word' id='word_1_253' title='bbox 1038 3314 1127 3371; x_wconf 61' lang='lat' dir='ltr'><strong>is.</strong></span> <span class='ocrx_word' id='word_1_254' title='bbox 1152 3316 1287 3383; x_wconf 76' lang='lat' dir='ltr'><strong>Quia</strong></span> <span class='ocrx_word' id='word_1_255' title='bbox 1312 3334 1434 3391; x_wconf 75' lang='lat' dir='ltr'><strong>ergo</strong></span> <span class='ocrx_word' id='word_1_256' title='bbox 1457 3324 1603 3391; x_wconf 81' lang='lat' dir='ltr'><strong>pueri</strong></span> <span class='ocrx_word' id='word_1_257' title='bbox 1625 3340 1763 3381; x_wconf 76' lang='lat' dir='ltr'><strong>coru-</strong></span> 
     </span>
    </p>
   </div>
   <div class='ocr_carea' id='block_1_34' title="bbox 170 3400 1087 3476">
    <p class='ocr_par' dir='ltr' id='par_1_34' title="bbox 170 3400 1087 3476">
     <span class='ocr_line' id='line_1_34' title="bbox 170 3400 1087 3476; baseline 0.01 -25"><span class='ocrx_word' id='word_1_258' title='bbox 170 3400 550 3454; x_wconf 74' lang='lat' dir='ltr'><strong>muuicarcruut</strong></span> <span class='ocrx_word' id='word_1_259' title='bbox 576 3402 721 3455; x_wconf 74' lang='lat' dir='ltr'><strong>carni</strong></span> <span class='ocrx_word' id='word_1_260' title='bbox 750 3411 799 3456; x_wconf 92' lang='lat' dir='ltr'><strong>et</strong></span> <span class='ocrx_word' id='word_1_261' title='bbox 824 3406 1087 3476; x_wconf 72' lang='lat' dir='ltr'><strong>sanguini.</strong></span> 
     </span>
    </p>
   </div>
   <div class='ocr_carea' id='block_1_35' title="bbox 236 3488 1755 3573">
    <p class='ocr_par' dir='ltr' id='par_1_35' title="bbox 236 3488 1755 3573">
     <span class='ocr_line' id='line_1_35' title="bbox 236 3488 1755 3573; baseline 0.013 -27"><span class='ocrx_word' id='word_1_262' title='bbox 236 3491 293 3546; x_wconf 71' lang='grc' dir='ltr'><strong>ι.</strong></span> <span class='ocrx_word' id='word_1_263' title='bbox 339 3488 503 3545; x_wconf 71' lang='lat' dir='ltr'><strong>Vides</strong></span> <span class='ocrx_word' id='word_1_264' title='bbox 555 3490 648 3546; x_wconf 90' lang='lat' dir='ltr'><strong>ubi</strong></span> <span class='ocrx_word' id='word_1_265' title='bbox 697 3493 768 3548; x_wconf 93' lang='lat' dir='ltr'><strong>sit</strong></span> <span class='ocrx_word' id='word_1_266' title='bbox 816 3494 1154 3553; x_wconf 69' lang='lat' dir='ltr'><strong>similitudo?</strong></span> <span class='ocrx_word' id='word_1_267' title='bbox 1205 3514 1403 3573; x_wconf 87' lang='lat' dir='ltr'><strong>nempe</strong></span> <span class='ocrx_word' id='word_1_268' title='bbox 1458 3507 1755 3566; x_wconf 86' lang='lat' dir='ltr'><strong>secundum</strong></span> 
     </span>
    </p>
   </div>
   <div class='ocr_carea' id='block_1_36' title="bbox 168 3579 1756 3663">
    <p class='ocr_par' dir='ltr' id='par_1_36' title="bbox 168 3579 1756 3663">
     <span class='ocr_line' id='line_1_36' title="bbox 168 3579 1756 3663; baseline 0.016 -29"><span class='ocrx_word' id='word_1_269' title='bbox 168 3594 405 3635; x_wconf 83' lang='lat' dir='ltr'><strong>carnem.</strong></span> <span class='ocrx_word' id='word_1_270' title='bbox 438 3579 504 3635; x_wconf 78' lang='lat' dir='ltr'><strong>Et</strong></span> <span class='ocrx_word' id='word_1_271' title='bbox 556 3584 667 3652; x_wconf 84' lang='lat' dir='ltr'><strong>ipse</strong></span> <span class='ocrx_word' id='word_1_272' title='bbox 690 3584 928 3641; x_wconf 83' lang='lat' dir='ltr'><strong>similiter</strong></span> <span class='ocrx_word' id='word_1_273' title='bbox 953 3590 1276 3663; x_wconf 75' lang='lat' dir='ltr'><strong>participavit</strong></span> <span class='ocrx_word' id='word_1_274' title='bbox 1301 3596 1513 3654; x_wconf 77' lang='lat' dir='ltr'><strong>eisdem.</strong></span> <span class='ocrx_word' id='word_1_275' title='bbox 1547 3599 1756 3661; x_wconf 81' lang='lat' dir='ltr'><strong>Erube-</strong></span> 
     </span>
    </p>
   </div>
   <div class='ocr_carea' id='block_1_37' title="bbox 166 3672 1752 3767">
    <p class='ocr_par' dir='ltr' id='par_1_37' title="bbox 166 3672 1752 3767">
     <span class='ocr_line' id='line_1_37' title="bbox 166 3672 1752 3767; baseline 0.02 -45"><span class='ocrx_word' id='word_1_276' title='bbox 166 3682 313 3767; x_wconf 74' lang='lat' dir='ltr'><strong>scant</strong></span> <span class='ocrx_word' id='word_1_277' title='bbox 340 3686 531 3729; x_wconf 88' lang='lat' dir='ltr'><strong>omnes</strong></span> <span class='ocrx_word' id='word_1_278' title='bbox 550 3672 810 3767; x_wconf 53' lang='lat' dir='ltr'><strong>haeretici,</strong></span> <span class='ocrx_word' id='word_1_279' title='bbox 842 3691 955 3749; x_wconf 73' lang='lat' dir='ltr'><strong>pne</strong></span> <span class='ocrx_word' id='word_1_280' title='bbox 984 3680 1188 3750; x_wconf 90' lang='lat' dir='ltr'><strong>pudore</strong></span> <span class='ocrx_word' id='word_1_281' title='bbox 1213 3699 1274 3741; x_wconf 85' lang='lat' dir='ltr'><strong>se</strong></span> <span class='ocrx_word' id='word_1_282' title='bbox 1301 3688 1639 3749; x_wconf 80' lang='lat' dir='ltr'><strong>abscondant</strong></span> <span class='ocrx_word' id='word_1_283' title='bbox 1662 3698 1752 3767; x_wconf 89' lang='lat' dir='ltr'><strong>qui</strong></span> 
     </span>
    </p>
   </div>
   <div class='ocr_carea' id='block_1_38' title="bbox 162 3763 1751 3856">
    <p class='ocr_par' dir='ltr' id='par_1_38' title="bbox 162 3763 1751 3856">
     <span class='ocr_line' id='line_1_38' title="bbox 162 3763 1751 3856; baseline 0.019 -40"><span class='ocrx_word' id='word_1_284' title='bbox 162 3763 344 3819; x_wconf 89' lang='lat' dir='ltr'><strong>dicunt</strong></span> <span class='ocrx_word' id='word_1_285' title='bbox 373 3779 497 3856; x_wconf 87' lang='lat' dir='ltr'><strong>eum</strong></span> <span class='ocrx_word' id='word_1_286' title='bbox 538 3765 822 3825; x_wconf 78' lang='lat' dir='ltr'><strong>advenisse</strong></span> <span class='ocrx_word' id='word_1_287' title='bbox 850 3785 949 3842; x_wconf 89' lang='lat' dir='ltr'><strong>per</strong></span> <span class='ocrx_word' id='word_1_288' title='bbox 972 3776 1208 3844; x_wconf 85' lang='lat' dir='ltr'><strong>speciem</strong></span> <span class='ocrx_word' id='word_1_289' title='bbox 1239 3778 1340 3852; x_wconf 79' lang='grc' dir='ltr'><strong>(ο),</strong></span> <span class='ocrx_word' id='word_1_290' title='bbox 1375 3798 1481 3839; x_wconf 91' lang='lat' dir='ltr'><strong>non</strong></span> <span class='ocrx_word' id='word_1_291' title='bbox 1525 3786 1638 3856; x_wconf 87' lang='lat' dir='ltr'><strong>ipsa</strong></span> 
     </span>
    </p>
   </div>
   <div class='ocr_carea' id='block_1_39' title="bbox 162 3855 1751 3946">
    <p class='ocr_par' dir='ltr' id='par_1_39' title="bbox 162 3855 1751 3946">
     <span class='ocr_line' id='line_1_39' title="bbox 162 3855 1751 3946; baseline 0.021 -41"><span class='ocrx_word' id='word_1_292' title='bbox 162 3856 403 3911; x_wconf 77' lang='lat' dir='ltr'><strong>veritate.</strong></span> <span class='ocrx_word' id='word_1_293' title='bbox 446 3855 567 3912; x_wconf 76' lang='lat' dir='ltr'><strong>Non</strong></span> <span class='ocrx_word' id='word_1_294' title='bbox 596 3860 773 3915; x_wconf 82' lang='lat' dir='ltr'><strong>solum</strong></span> <span class='ocrx_word' id='word_1_295' title='bbox 810 3864 954 3918; x_wconf 90' lang='lat' dir='ltr'><strong>enim</strong></span> <span class='ocrx_word' id='word_1_296' title='bbox 996 3864 1152 3933; x_wconf 91' lang='lat' dir='ltr'><strong>dixit,</strong></span> <span class='ocrx_word' id='word_1_297' title='bbox 1194 3868 1295 3926; x_wconf 76' lang='lat' dir='ltr'><strong>llis</strong></span> <span class='ocrx_word' id='word_1_298' title='bbox 1320 3855 1664 3946; x_wconf 60' lang='lat' dir='ltr'><strong>participant,</strong></span> <span class='ocrx_word' id='word_1_299' title='bbox 1694 3891 1751 3938; x_wconf 84' lang='lat' dir='ltr'><strong>et</strong></span> 
     </span>
    </p>
   </div>
   <div class='ocr_carea' id='block_1_40' title="bbox 161 3947 1746 4043">
    <p class='ocr_par' dir='ltr' id='par_1_40' title="bbox 161 3947 1746 4043">
     <span class='ocr_line' id='line_1_40' title="bbox 161 3947 1746 4043; baseline 0.02 -43"><span class='ocrx_word' id='word_1_300' title='bbox 161 3947 355 4013; x_wconf 85' lang='lat' dir='ltr'><strong>tacuit;</strong></span> <span class='ocrx_word' id='word_1_301' title='bbox 398 3963 753 4022; x_wconf 86' lang='lat' dir='ltr'><strong>quamquam,</strong></span> <span class='ocrx_word' id='word_1_302' title='bbox 782 3953 993 4011; x_wconf 86' lang='lat' dir='ltr'><strong>etiamsi</strong></span> <span class='ocrx_word' id='word_1_303' title='bbox 1024 3959 1105 4014; x_wconf 88' lang='lat' dir='ltr'><strong>sic</strong></span> <span class='ocrx_word' id='word_1_304' title='bbox 1131 3959 1379 4033; x_wconf 81' lang='lat' dir='ltr'><strong>dixisset,</strong></span> <span class='ocrx_word' id='word_1_305' title='bbox 1412 3968 1543 4024; x_wconf 88' lang='lat' dir='ltr'><strong>satis</strong></span> <span class='ocrx_word' id='word_1_306' title='bbox 1571 3983 1746 4043; x_wconf 82' lang='lat' dir='ltr'><strong>esset;</strong></span> 
     </span>
    </p>
   </div>
   <div class='ocr_carea' id='block_1_41' title="bbox 169 4039 1743 4126">
    <p class='ocr_par' dir='ltr' id='par_1_41' title="bbox 169 4039 1743 4126">
     <span class='ocr_line' id='line_1_41' title="bbox 169 4039 1743 4126; baseline 0.02 -35"><span class='ocrx_word' id='word_1_307' title='bbox 169 4039 264 4126; x_wconf 83' lang='lat' dir='ltr'><strong>sed</strong></span> <span class='ocrx_word' id='word_1_308' title='bbox 309 4040 507 4111; x_wconf 87' lang='lat' dir='ltr'><strong>aliquid</strong></span> <span class='ocrx_word' id='word_1_309' title='bbox 550 4042 693 4097; x_wconf 91' lang='lat' dir='ltr'><strong>aliud</strong></span> <span class='ocrx_word' id='word_1_310' title='bbox 736 4044 909 4115; x_wconf 88' lang='lat' dir='ltr'><strong>majus</strong></span> <span class='ocrx_word' id='word_1_311' title='bbox 956 4050 1153 4117; x_wconf 79' lang='lat' dir='ltr'><strong>posuit,</strong></span> <span class='ocrx_word' id='word_1_312' title='bbox 1205 4068 1419 4126; x_wconf 88' lang='lat' dir='ltr'><strong>nempe,</strong></span> <span class='ocrx_word' id='word_1_313' title='bbox 1469 4039 1743 4123; x_wconf 73' lang='lat' dir='ltr'><strong>Similiter.</strong></span> 
     </span>
    </p>
   </div>
   <div class='ocr_carea' id='block_1_42' title="bbox 173 4125 1747 4213">
    <p class='ocr_par' dir='ltr' id='par_1_42' title="bbox 173 4125 1747 4213">
     <span class='ocr_line' id='line_1_42' title="bbox 173 4125 1747 4213; baseline 0.018 -32"><span class='ocrx_word' id='word_1_314' title='bbox 173 4125 286 4183; x_wconf 75' lang='lat' dir='ltr'><strong>Non</strong></span> <span class='ocrx_word' id='word_1_315' title='bbox 332 4144 427 4201; x_wconf 88' lang='lat' dir='ltr'><strong>per</strong></span> <span class='ocrx_word' id='word_1_316' title='bbox 469 4130 705 4200; x_wconf 85' lang='lat' dir='ltr'><strong>speciem</strong></span> <span class='ocrx_word' id='word_1_317' title='bbox 735 4141 791 4188; x_wconf 91' lang='lat' dir='ltr'><strong>et</strong></span> <span class='ocrx_word' id='word_1_318' title='bbox 817 4134 1124 4207; x_wconf 77' lang='lat' dir='ltr'><strong>imaginem,</strong></span> <span class='ocrx_word' id='word_1_319' title='bbox 1154 4140 1345 4213; x_wconf 87' lang='lat' dir='ltr'><strong>inquit,</strong></span> <span class='ocrx_word' id='word_1_320' title='bbox 1378 4147 1476 4202; x_wconf 88' lang='lat' dir='ltr'><strong>sed</strong></span> <span class='ocrx_word' id='word_1_321' title='bbox 1520 4152 1747 4209; x_wconf 78' lang='lat' dir='ltr'><strong>veritate</strong></span> 
     </span>
    </p>
   </div>
   <div class='ocr_carea' id='block_1_43' title="bbox 166 4220 1738 4308">
    <p class='ocr_par' dir='ltr' id='par_1_43' title="bbox 166 4220 1738 4308">
     <span class='ocr_line' id='line_1_43' title="bbox 166 4220 1738 4308; baseline 0.016 -33"><span class='ocrx_word' id='word_1_322' title='bbox 166 4220 452 4278; x_wconf 79' lang='lat' dir='ltr'><strong>ostendens</strong></span> <span class='ocrx_word' id='word_1_323' title='bbox 478 4236 600 4279; x_wconf 86' lang='lat' dir='ltr'><strong>esse</strong></span> <span class='ocrx_word' id='word_1_324' title='bbox 627 4222 1011 4283; x_wconf 85' lang='lat' dir='ltr'><strong>fraternitatem</strong></span> <span class='ocrx_word' id='word_1_325' title='bbox 1038 4246 1052 4284; x_wconf 92' lang='lat'><strong>:</strong></span> <span class='ocrx_word' id='word_1_326' title='bbox 1080 4232 1318 4305; x_wconf 87' lang='lat' dir='ltr'><strong>alioquin</strong></span> <span class='ocrx_word' id='word_1_327' title='bbox 1347 4236 1503 4308; x_wconf 92' lang='lat' dir='ltr'><strong>illud,</strong></span> <span class='ocrx_word' id='word_1_328' title='bbox 1537 4241 1738 4300; x_wconf 82' lang='lat' dir='ltr'><strong>Simili-</strong></span> 
     </span>
    </p>
   </div>
   <div class='ocr_carea' id='block_1_44' title="bbox 171 4318 1739 4405">
    <p class='ocr_par' dir='ltr' id='par_1_44' title="bbox 171 4318 1739 4405">
     <span class='ocr_line' id='line_1_44' title="bbox 171 4318 1739 4405; baseline 0.018 -44"><span class='ocrx_word' id='word_1_329' title='bbox 171 4322 266 4405; x_wconf 68' lang='lat' dir='ltr'><strong>ter,</strong></span> <span class='ocrx_word' id='word_1_330' title='bbox 301 4330 405 4370; x_wconf 86' lang='lat' dir='ltr'><strong>non</strong></span> <span class='ocrx_word' id='word_1_331' title='bbox 428 4325 617 4405; x_wconf 79' lang='lat' dir='ltr'><strong>staret.</strong></span> <span class='ocrx_word' id='word_1_332' title='bbox 646 4318 849 4377; x_wconf 85' lang='lat' dir='ltr'><strong>Deinde</strong></span> <span class='ocrx_word' id='word_1_333' title='bbox 875 4320 1029 4379; x_wconf 80' lang='lat' dir='ltr'><strong>atl‘ert</strong></span> <span class='ocrx_word' id='word_1_334' title='bbox 1066 4326 1226 4384; x_wconf 85' lang='lat' dir='ltr'><strong>etiam</strong></span> <span class='ocrx_word' id='word_1_335' title='bbox 1260 4343 1477 4387; x_wconf 86' lang='lat' dir='ltr'><strong>causam</strong></span> <span class='ocrx_word' id='word_1_336' title='bbox 1518 4332 1739 4405; x_wconf 83' lang='lat' dir='ltr'><strong>dispen-</strong></span> 
     </span>
    </p>
   </div>
   <div class='ocr_carea' id='block_1_45' title="bbox 149 4403 1739 4491">
    <p class='ocr_par' dir='ltr' id='par_1_45' title="bbox 149 4403 1739 4491">
     <span class='ocr_line' id='line_1_45' title="bbox 149 4403 1739 4491; baseline 0.017 -36"><span class='ocrx_word' id='word_1_337' title='bbox 149 4403 409 4461; x_wconf 75' lang='lat' dir='ltr'><strong>sationis:</strong></span> <span class='ocrx_word' id='word_1_338' title='bbox 441 4404 513 4464; x_wconf 84' lang='lat' dir='ltr'><strong>Ut</strong></span> <span class='ocrx_word' id='word_1_339' title='bbox 537 4424 635 4478; x_wconf 75' lang='lat' dir='ltr'><strong>per</strong></span> <span class='ocrx_word' id='word_1_340' title='bbox 672 4420 894 4467; x_wconf 77' lang='lat' dir='ltr'><strong>mortem</strong></span> <span class='ocrx_word' id='word_1_341' title='bbox 918 4415 1197 4472; x_wconf 75' lang='lat' dir='ltr'><strong>destrueret</strong></span> <span class='ocrx_word' id='word_1_342' title='bbox 1237 4435 1372 4486; x_wconf 80' lang='lat' dir='ltr'><strong>eum,</strong></span> <span class='ocrx_word' id='word_1_343' title='bbox 1411 4422 1498 4491; x_wconf 80' lang='lat' dir='ltr'><strong>qui</strong></span> <span class='ocrx_word' id='word_1_344' title='bbox 1525 4403 1739 4481; x_wconf 72' lang='lat' dir='ltr'><strong>habebat</strong></span> 
     </span>
    </p>
   </div>
   <div class='ocr_carea' id='block_1_46' title="bbox 149 4497 1734 4574">
    <p class='ocr_par' dir='ltr' id='par_1_46' title="bbox 149 4497 1734 4574">
     <span class='ocr_line' id='line_1_46' title="bbox 149 4497 1734 4574; baseline 0.016 -28"><span class='ocrx_word' id='word_1_345' title='bbox 149 4497 322 4551; x_wconf 74' lang='lat' dir='ltr'><strong>lucetis</strong></span> <span class='ocrx_word' id='word_1_346' title='bbox 377 4498 683 4568; x_wconf 69' lang='lat' dir='ltr'><strong>imperium,</strong></span> <span class='ocrx_word' id='word_1_347' title='bbox 736 4502 832 4557; x_wconf 74' lang='lat' dir='ltr'><strong>hoc</strong></span> <span class='ocrx_word' id='word_1_348' title='bbox 877 4514 971 4574; x_wconf 91' lang='lat' dir='ltr'><strong>est,</strong></span> <span class='ocrx_word' id='word_1_349' title='bbox 1019 4506 1297 4564; x_wconf 78' lang='lat' dir='ltr'><strong>diabolum.</strong></span> <span class='ocrx_word' id='word_1_350' title='bbox 1352 4510 1452 4568; x_wconf 80' lang='lat' dir='ltr'><strong>Hic</strong></span> <span class='ocrx_word' id='word_1_351' title='bbox 1496 4515 1734 4572; x_wconf 84' lang='lat' dir='ltr'><strong>ostendit</strong></span> 
     </span>
    </p>
   </div>
   <div class='ocr_carea' id='block_1_47' title="bbox 146 4586 1725 4671">
    <p class='ocr_par' dir='ltr' id='par_1_47' title="bbox 146 4586 1725 4671">
     <span class='ocr_line' id='line_1_47' title="bbox 146 4586 1725 4671; baseline 0.015 -33"><span class='ocrx_word' id='word_1_352' title='bbox 146 4586 285 4649; x_wconf 76' lang='lat' dir='ltr'><strong>quod</strong></span> <span class='ocrx_word' id='word_1_353' title='bbox 331 4597 416 4643; x_wconf 89' lang='lat' dir='ltr'><strong>est</strong></span> <span class='ocrx_word' id='word_1_354' title='bbox 439 4590 713 4654; x_wconf 86' lang='lat' dir='ltr'><strong>mirabile,</strong></span> <span class='ocrx_word' id='word_1_355' title='bbox 741 4608 933 4666; x_wconf 87' lang='lat' dir='ltr'><strong>nempe</strong></span> <span class='ocrx_word' id='word_1_356' title='bbox 960 4598 1099 4669; x_wconf 91' lang='lat' dir='ltr'><strong>quod</strong></span> <span class='ocrx_word' id='word_1_357' title='bbox 1128 4614 1225 4669; x_wconf 89' lang='lat' dir='ltr'><strong>per</strong></span> <span class='ocrx_word' id='word_1_358' title='bbox 1251 4616 1410 4671; x_wconf 89' lang='lat' dir='ltr'><strong>quam</strong></span> <span class='ocrx_word' id='word_1_359' title='bbox 1448 4604 1571 4660; x_wconf 82' lang='lat' dir='ltr'><strong>vicit</strong></span> <span class='ocrx_word' id='word_1_360' title='bbox 1605 4606 1725 4662; x_wconf 90' lang='lat' dir='ltr'><strong>dia-</strong></span> 
     </span>
    </p>
   </div>
   <div class='ocr_carea' id='block_1_48' title="bbox 147 4672 1731 4761">
    <p class='ocr_par' dir='ltr' id='par_1_48' title="bbox 147 4672 1731 4761">
     <span class='ocr_line' id='line_1_48' title="bbox 147 4672 1731 4761; baseline 0.017 -36"><span class='ocrx_word' id='word_1_361' title='bbox 147 4672 319 4740; x_wconf 80' lang='lat' dir='ltr'><strong>bolus,</strong></span> <span class='ocrx_word' id='word_1_362' title='bbox 354 4692 455 4749; x_wconf 88' lang='lat' dir='ltr'><strong>per</strong></span> <span class='ocrx_word' id='word_1_363' title='bbox 498 4695 617 4737; x_wconf 88' lang='lat' dir='ltr'><strong>eam</strong></span> <span class='ocrx_word' id='word_1_364' title='bbox 663 4682 843 4741; x_wconf 76' lang='lat' dir='ltr'><strong>victus</strong></span> <span class='ocrx_word' id='word_1_365' title='bbox 884 4685 1001 4755; x_wconf 87' lang='lat' dir='ltr'><strong>fuit,</strong></span> <span class='ocrx_word' id='word_1_366' title='bbox 1043 4696 1099 4745; x_wconf 93' lang='lat' dir='ltr'><strong>et</strong></span> <span class='ocrx_word' id='word_1_367' title='bbox 1123 4706 1243 4761; x_wconf 67' lang='lat' dir='ltr'><strong>quae</strong></span> <span class='ocrx_word' id='word_1_368' title='bbox 1286 4703 1443 4749; x_wconf 84' lang='lat' dir='ltr'><strong>erant</strong></span> <span class='ocrx_word' id='word_1_369' title='bbox 1495 4696 1546 4751; x_wconf 88' lang='lat' dir='ltr'><strong>ei</strong></span> <span class='ocrx_word' id='word_1_370' title='bbox 1580 4711 1731 4752; x_wconf 74' lang='lat' dir='ltr'><strong>arnta</strong></span> 
     </span>
    </p>
   </div>
   <div class='ocr_carea' id='block_1_49' title="bbox 149 4764 1734 4858">
    <p class='ocr_par' dir='ltr' id='par_1_49' title="bbox 149 4764 1734 4858">
     <span class='ocr_line' id='line_1_49' title="bbox 149 4764 1734 4858; baseline 0.018 -40"><span class='ocrx_word' id='word_1_371' title='bbox 149 4764 611 4858; x_wconf 45' lang='lat' dir='ltr'><strong>validaadversus</strong></span> <span class='ocrx_word' id='word_1_372' title='bbox 641 4774 828 4831; x_wconf 76' lang='lat' dir='ltr'><strong>orbem</strong></span> <span class='ocrx_word' id='word_1_373' title='bbox 858 4786 1035 4843; x_wconf 68' lang='lat' dir='ltr'><strong>terrm.</strong></span> <span class='ocrx_word' id='word_1_374' title='bbox 1067 4797 1263 4853; x_wconf 85' lang='lat' dir='ltr'><strong>nempe</strong></span> <span class='ocrx_word' id='word_1_375' title='bbox 1292 4800 1459 4854; x_wconf 89' lang='lat' dir='ltr'><strong>mors,</strong></span> <span class='ocrx_word' id='word_1_376' title='bbox 1493 4803 1591 4858; x_wconf 89' lang='lat' dir='ltr'><strong>per</strong></span> <span class='ocrx_word' id='word_1_377' title='bbox 1616 4804 1734 4845; x_wconf 86' lang='lat' dir='ltr'><strong>eam</strong></span> 
     </span>
    </p>
   </div>
   <div class='ocr_carea' id='block_1_50' title="bbox 149 4853 1736 4947">
    <p class='ocr_par' dir='ltr' id='par_1_50' title="bbox 149 4853 1736 4947">
     <span class='ocr_line' id='line_1_50' title="bbox 149 4853 1736 4947; baseline 0.02 -44"><span class='ocrx_word' id='word_1_378' title='bbox 149 4853 293 4910; x_wconf 86' lang='lat' dir='ltr'><strong>illum</strong></span> <span class='ocrx_word' id='word_1_379' title='bbox 312 4856 556 4917; x_wconf 85' lang='lat' dir='ltr'><strong>Christus</strong></span> <span class='ocrx_word' id='word_1_380' title='bbox 579 4860 726 4919; x_wconf 71' lang='lat' dir='ltr'><strong>ferilt</strong></span> <span class='ocrx_word' id='word_1_381' title='bbox 745 4883 759 4920; x_wconf 77' lang='grc' dir='ltr'>ε</span> <span class='ocrx_word' id='word_1_382' title='bbox 778 4867 919 4936; x_wconf 89' lang='lat' dir='ltr'><strong>quod</strong></span> <span class='ocrx_word' id='word_1_383' title='bbox 944 4868 1061 4939; x_wconf 88' lang='lat' dir='ltr'><strong>ejus</strong></span> <span class='ocrx_word' id='word_1_384' title='bbox 1087 4872 1177 4942; x_wconf 91' lang='lat' dir='ltr'><strong>qui</strong></span> <span class='ocrx_word' id='word_1_385' title='bbox 1199 4873 1323 4929; x_wconf 90' lang='lat' dir='ltr'><strong>vicit</strong></span> <span class='ocrx_word' id='word_1_386' title='bbox 1342 4853 1588 4947; x_wconf 51' lang='lat' dir='ltr'><strong>mgni...</strong></span> <span class='ocrx_word' id='word_1_387' title='bbox 1607 4879 1736 4936; x_wconf 56' lang='lat' dir='ltr'><strong>indi.</strong></span> 
     </span>
    </p>
   </div>
   <div class='ocr_carea' id='block_1_51' title="bbox 151 4952 1734 5028">
    <p class='ocr_par' dir='ltr' id='par_1_51' title="bbox 151 4952 1734 5028">
     <span class='ocr_line' id='line_1_51' title="bbox 151 4952 1734 5028; baseline 0.02 -32"><span class='ocrx_word' id='word_1_388' title='bbox 151 4956 235 4999; x_wconf 83' lang='lat' dir='ltr'><strong>cat</strong></span> <span class='ocrx_word' id='word_1_389' title='bbox 265 4952 573 5015; x_wconf 86' lang='lat' dir='ltr'><strong>potentiam.</strong></span> <span class='ocrx_word' id='word_1_390' title='bbox 625 4953 790 5013; x_wconf 79' lang='lat' dir='ltr'><strong>Vides</strong></span> <span class='ocrx_word' id='word_1_391' title='bbox 816 4969 1074 5026; x_wconf 91' lang='lat' dir='ltr'><strong>quantum</strong></span> <span class='ocrx_word' id='word_1_392' title='bbox 1107 4962 1309 5021; x_wconf 90' lang='lat' dir='ltr'><strong>bonum</strong></span> <span class='ocrx_word' id='word_1_393' title='bbox 1336 4982 1483 5024; x_wconf 88' lang='lat' dir='ltr'><strong>mors</strong></span> <span class='ocrx_word' id='word_1_394' title='bbox 1509 4968 1734 5028; x_wconf 73' lang='lat' dir='ltr'><strong>fecerit!</strong></span> 
     </span>
    </p>
   </div>
   <div class='ocr_carea' id='block_1_52' title="bbox 156 5032 1734 5126">
    <p class='ocr_par' dir='ltr' id='par_1_52' title="bbox 156 5032 1734 5126">
     <span class='ocr_line' id='line_1_52' title="bbox 156 5032 1734 5126; baseline 0.02 -40"><span class='ocrx_word' id='word_1_395' title='bbox 156 5032 238 5126; x_wconf 57' lang='grc' dir='ltr'><strong>ιβ.</strong></span> <span class='ocrx_word' id='word_1_396' title='bbox 276 5036 338 5093; x_wconf 81' lang='lat' dir='ltr'><strong>Et</strong></span> <span class='ocrx_word' id='word_1_397' title='bbox 360 5040 598 5099; x_wconf 78' lang='lat' dir='ltr'><strong>liberaret</strong></span> <span class='ocrx_word' id='word_1_398' title='bbox 617 5061 731 5113; x_wconf 84' lang='lat' dir='ltr'><strong>eos,</strong></span> <span class='ocrx_word' id='word_1_399' title='bbox 756 5050 841 5117; x_wconf 80' lang='lat' dir='ltr'><strong>qui</strong></span> <span class='ocrx_word' id='word_1_400' title='bbox 860 5050 1040 5106; x_wconf 81' lang='lat' dir='ltr'><strong>timore</strong></span> <span class='ocrx_word' id='word_1_401' title='bbox 1066 5054 1245 5109; x_wconf 83' lang='lat' dir='ltr'><strong>mortis</strong></span> <span class='ocrx_word' id='word_1_402' title='bbox 1272 5072 1363 5126; x_wconf 85' lang='lat' dir='ltr'><strong>per</strong></span> <span class='ocrx_word' id='word_1_403' title='bbox 1393 5067 1551 5113; x_wconf 85' lang='lat' dir='ltr'><strong>totam</strong></span> <span class='ocrx_word' id='word_1_404' title='bbox 1580 5062 1734 5117; x_wconf 73' lang='lat' dir='ltr'><strong>vitam</strong></span> 
     </span>
    </p>
   </div>
   <div class='ocr_carea' id='block_1_53' title="bbox 152 5124 1733 5222">
    <p class='ocr_par' dir='ltr' id='par_1_53' title="bbox 152 5124 1733 5222">
     <span class='ocr_line' id='line_1_53' title="bbox 152 5124 1733 5222; baseline 0.018 -42"><span class='ocrx_word' id='word_1_405' title='bbox 152 5124 345 5222; x_wconf 64' lang='lat' dir='ltr'><strong>obnoxii</strong></span> <span class='ocrx_word' id='word_1_406' title='bbox 386 5144 532 5188; x_wconf 75' lang='lat' dir='ltr'><strong>erant</strong></span> <span class='ocrx_word' id='word_1_407' title='bbox 562 5137 817 5192; x_wconf 70' lang='lat' dir='ltr'><strong>servituti.</strong></span> <span class='ocrx_word' id='word_1_408' title='bbox 839 5138 969 5207; x_wconf 89' lang='lat' dir='ltr'><strong>Cur,</strong></span> <span class='ocrx_word' id='word_1_409' title='bbox 1000 5142 1192 5213; x_wconf 87' lang='lat' dir='ltr'><strong>inquit,</strong></span> <span class='ocrx_word' id='word_1_410' title='bbox 1223 5124 1498 5203; x_wconf 59' lang='lat' dir='ltr'><strong>namus?</strong></span> <span class='ocrx_word' id='word_1_411' title='bbox 1521 5151 1647 5222; x_wconf 87' lang='lat' dir='ltr'><strong>quid</strong></span> <span class='ocrx_word' id='word_1_412' title='bbox 1666 5153 1733 5208; x_wconf 79' lang='grc' dir='ltr'><strong>ιί-</strong></span> 
     </span>
    </p>
   </div>
   <div class='ocr_carea' id='block_1_54' title="bbox 152 5214 1733 5299">
    <p class='ocr_par' dir='ltr' id='par_1_54' title="bbox 152 5214 1733 5299">
     <span class='ocr_line' id='line_1_54' title="bbox 152 5214 1733 5299; baseline 0.018 -34"><span class='ocrx_word' id='word_1_413' title='bbox 152 5214 298 5269; x_wconf 83' lang='lat' dir='ltr'><strong>metis</strong></span> <span class='ocrx_word' id='word_1_414' title='bbox 313 5230 449 5285; x_wconf 89' lang='lat' dir='ltr'><strong>eam,</strong></span> <span class='ocrx_word' id='word_1_415' title='bbox 474 5235 595 5291; x_wconf 65' lang='lat' dir='ltr'><strong>qua</strong></span> <span class='ocrx_word' id='word_1_416' title='bbox 612 5222 903 5279; x_wconf 89' lang='lat' dir='ltr'><strong>estabolita</strong></span> <span class='ocrx_word' id='word_1_417' title='bbox 925 5226 1190 5299; x_wconf 78' lang='lat' dir='ltr'><strong>planeque</strong></span> <span class='ocrx_word' id='word_1_418' title='bbox 1207 5240 1260 5285; x_wconf 92' lang='lat' dir='ltr'><strong>et</strong></span> <span class='ocrx_word' id='word_1_419' title='bbox 1278 5230 1454 5288; x_wconf 89' lang='lat' dir='ltr'><strong>inanis</strong></span> <span class='ocrx_word' id='word_1_420' title='bbox 1469 5243 1521 5288; x_wconf 89' lang='lat' dir='ltr'><strong>et</strong></span> <span class='ocrx_word' id='word_1_421' title='bbox 1535 5214 1733 5294; x_wconf 81' lang='lat' dir='ltr'><strong>otiosa?</strong></span> 
     </span>
    </p>
   </div>
   <div class='ocr_carea' id='block_1_55' title="bbox 153 5299 1733 5393">
    <p class='ocr_par' dir='ltr' id='par_1_55' title="bbox 153 5299 1733 5393">
     <span class='ocr_line' id='line_1_55' title="bbox 153 5299 1733 5393; baseline 0.019 -37"><span class='ocrx_word' id='word_1_422' title='bbox 153 5299 612 5381; x_wconf 72' lang='lat' dir='ltr'><strong>Nonestamplius</strong></span> <span class='ocrx_word' id='word_1_423' title='bbox 653 5314 932 5383; x_wconf 76' lang='lat' dir='ltr'><strong>terribilis,</strong></span> <span class='ocrx_word' id='word_1_424' title='bbox 988 5319 1081 5375; x_wconf 89' lang='lat' dir='ltr'><strong>sed</strong></span> <span class='ocrx_word' id='word_1_425' title='bbox 1120 5331 1202 5377; x_wconf 89' lang='lat' dir='ltr'><strong>est</strong></span> <span class='ocrx_word' id='word_1_426' title='bbox 1239 5327 1574 5393; x_wconf 78' lang='lat' dir='ltr'><strong>conculcata,</strong></span> <span class='ocrx_word' id='word_1_427' title='bbox 1605 5344 1733 5385; x_wconf 81' lang='lat' dir='ltr'><strong>con-</strong></span> 
     </span>
    </p>
   </div>
   <div class='ocr_carea' id='block_1_56' title="bbox 156 5400 1731 5494">
    <p class='ocr_par' dir='ltr' id='par_1_56' title="bbox 156 5400 1731 5494">
     <span class='ocr_line' id='line_1_56' title="bbox 156 5400 1731 5494; baseline 0.019 -45"><span class='ocrx_word' id='word_1_428' title='bbox 156 5400 356 5466; x_wconf 77' lang='lat' dir='ltr'><strong>lcmpta,</strong></span> <span class='ocrx_word' id='word_1_429' title='bbox 385 5400 508 5457; x_wconf 88' lang='lat' dir='ltr'><strong>vilis</strong></span> <span class='ocrx_word' id='word_1_430' title='bbox 534 5413 591 5459; x_wconf 92' lang='lat' dir='ltr'><strong>et</strong></span> <span class='ocrx_word' id='word_1_431' title='bbox 610 5403 835 5474; x_wconf 87' lang='lat' dir='ltr'><strong>abjecta,</strong></span> <span class='ocrx_word' id='word_1_432' title='bbox 864 5416 919 5462; x_wconf 89' lang='lat' dir='ltr'><strong>et</strong></span> <span class='ocrx_word' id='word_1_433' title='bbox 952 5410 1105 5479; x_wconf 88' lang='lat' dir='ltr'><strong>plane</strong></span> <span class='ocrx_word' id='word_1_434' title='bbox 1137 5414 1337 5472; x_wconf 87' lang='lat' dir='ltr'><strong>nullius</strong></span> <span class='ocrx_word' id='word_1_435' title='bbox 1370 5420 1547 5488; x_wconf 86' lang='lat' dir='ltr'><strong>pretii.</strong></span> <span class='ocrx_word' id='word_1_436' title='bbox 1594 5421 1731 5494; x_wconf 86' lang='lat' dir='ltr'><strong>Quid</strong></span> 
     </span>
    </p>
   </div>
   <div class='ocr_carea' id='block_1_57' title="bbox 155 5493 1731 5573">
    <p class='ocr_par' dir='ltr' id='par_1_57' title="bbox 155 5493 1731 5573">
     <span class='ocr_line' id='line_1_57' title="bbox 155 5493 1731 5573; baseline 0.021 -36"><span class='ocrx_word' id='word_1_437' title='bbox 155 5495 227 5538; x_wconf 83' lang='lat' dir='ltr'><strong>cst</strong></span> <span class='ocrx_word' id='word_1_438' title='bbox 241 5499 429 5559; x_wconf 87' lang='lat' dir='ltr'><strong>autem,</strong></span> <span class='ocrx_word' id='word_1_439' title='bbox 448 5493 555 5550; x_wconf 78' lang='lat' dir='ltr'><strong>Eos</strong></span> <span class='ocrx_word' id='word_1_440' title='bbox 573 5498 664 5567; x_wconf 80' lang='lat' dir='ltr'><strong>qui</strong></span> <span class='ocrx_word' id='word_1_441' title='bbox 684 5498 865 5553; x_wconf 87' lang='lat' dir='ltr'><strong>timore</strong></span> <span class='ocrx_word' id='word_1_442' title='bbox 880 5504 1056 5558; x_wconf 82' lang='lat' dir='ltr'><strong>mortis</strong></span> <span class='ocrx_word' id='word_1_443' title='bbox 1083 5523 1173 5573; x_wconf 87' lang='lat' dir='ltr'><strong>per</strong></span> <span class='ocrx_word' id='word_1_444' title='bbox 1188 5517 1345 5563; x_wconf 82' lang='lat' dir='ltr'><strong>totout</strong></span> <span class='ocrx_word' id='word_1_445' title='bbox 1363 5512 1516 5566; x_wconf 69' lang='lat' dir='ltr'><strong>vitam</strong></span> <span class='ocrx_word' id='word_1_446' title='bbox 1529 5513 1731 5570; x_wconf 70' lang='lat' dir='ltr'><strong>obnoxii</strong></span> 
     </span>
    </p>
   </div>
   <div class='ocr_carea' id='block_1_58' title="bbox 155 5586 1727 5674">
    <p class='ocr_par' dir='ltr' id='par_1_58' title="bbox 155 5586 1727 5674">
     <span class='ocr_line' id='line_1_58' title="bbox 155 5586 1727 5674; baseline 0.026 -49"><span class='ocrx_word' id='word_1_447' title='bbox 155 5586 545 5641; x_wconf 61' lang='lat' dir='ltr'><strong>«aeternitati!</strong></span> <span class='ocrx_word' id='word_1_448' title='bbox 571 5589 701 5660; x_wconf 88' lang='lat' dir='ltr'><strong>quid</strong></span> <span class='ocrx_word' id='word_1_449' title='bbox 728 5591 831 5647; x_wconf 85' lang='lat' dir='ltr'><strong>hoc</strong></span> <span class='ocrx_word' id='word_1_450' title='bbox 860 5592 971 5649; x_wconf 82' lang='lat' dir='ltr'><strong>est?</strong></span> <span class='ocrx_word' id='word_1_451' title='bbox 998 5596 1149 5663; x_wconf 82' lang='lat' dir='ltr'><strong>Quod</strong></span> <span class='ocrx_word' id='word_1_452' title='bbox 1181 5601 1270 5672; x_wconf 86' lang='lat' dir='ltr'><strong>qui</strong></span> <span class='ocrx_word' id='word_1_453' title='bbox 1301 5613 1527 5661; x_wconf 89' lang='lat' dir='ltr'><strong>mortem</strong></span> <span class='ocrx_word' id='word_1_454' title='bbox 1558 5605 1727 5674; x_wconf 83' lang='lat' dir='ltr'><strong>timet.</strong></span> 
     </span>
    </p>
   </div>
   <div class='ocr_carea' id='block_1_59' title="bbox 212 5832 1391 5895">
    <p class='ocr_par' dir='ltr' id='par_1_59' title="bbox 212 5832 1391 5895">
     <span class='ocr_line' id='line_1_59' title="bbox 212 5832 1391 5895; baseline 0.003 -7"><span class='ocrx_word' id='word_1_455' title='bbox 212 5833 280 5895; x_wconf 74' lang='grc' dir='ltr'><strong>(ο)</strong></span> <span class='ocrx_word' id='word_1_456' title='bbox 305 5832 377 5887; x_wconf 87' lang='lat' dir='ltr'><strong>Do</strong></span> <span class='ocrx_word' id='word_1_457' title='bbox 399 5835 489 5887; x_wconf 81' lang='lat' dir='ltr'><strong>hac</strong></span> <span class='ocrx_word' id='word_1_458' title='bbox 515 5832 701 5885; x_wconf 67' lang='lat' dir='ltr'><strong>ha-rcsi</strong></span> <span class='ocrx_word' id='word_1_459' title='bbox 730 5837 894 5883; x_wconf 72' lang='lat' dir='ltr'><strong>actum</strong></span> <span class='ocrx_word' id='word_1_460' title='bbox 921 5839 994 5884; x_wconf 79' lang='lat' dir='ltr'><strong>cst</strong></span> <span class='ocrx_word' id='word_1_461' title='bbox 1019 5836 1064 5886; x_wconf 84' lang='lat' dir='ltr'><strong>in</strong></span> <span class='ocrx_word' id='word_1_462' title='bbox 1087 5836 1391 5895; x_wconf 57' lang='lat' dir='ltr'><strong>l‘rzciatione.</strong></span> 
     </span>
    </p>
   </div>
   <div class='ocr_carea' id='block_1_60' title="bbox 1063 397 2575 461">
    <p class='ocr_par' dir='ltr' id='par_1_60' title="bbox 1063 397 2575 461">
     <span class='ocr_line' id='line_1_60' title="bbox 1063 397 2575 461; baseline 0.003 -3"><span class='ocrx_word' id='word_1_463' title='bbox 1063 400 1128 458; x_wconf 75' lang='lat' dir='ltr'><strong>lN</strong></span> <span class='ocrx_word' id='word_1_464' title='bbox 1170 400 1385 459; x_wconf 74' lang='lat' dir='ltr'><strong>EPIST.</strong></span> <span class='ocrx_word' id='word_1_465' title='bbox 1432 402 1523 459; x_wconf 77' lang='lat' dir='ltr'><strong>AD</strong></span> <span class='ocrx_word' id='word_1_466' title='bbox 1559 398 1922 457; x_wconf 66' lang='lat' dir='ltr'><strong>HEBREOS.</strong></span> <span class='ocrx_word' id='word_1_467' title='bbox 1964 397 2117 456; x_wconf 81' lang='lat' dir='ltr'><strong>CAP.</strong></span> <span class='ocrx_word' id='word_1_468' title='bbox 2142 399 2210 454; x_wconf 89' lang='lat' dir='ltr'><strong>ll.</strong></span> <span class='ocrx_word' id='word_1_469' title='bbox 2249 400 2575 461; x_wconf 72' lang='lat' dir='ltr'><strong>ilOMlLJV.</strong></span> 
     </span>
    </p>
   </div>
   <div class='ocr_carea' id='block_1_61' title="bbox 3403 403 3469 458">
    <p class='ocr_par' dir='ltr' id='par_1_61' title="bbox 3403 403 3469 458">
     <span class='ocr_line' id='line_1_61' title="bbox 3403 403 3469 458; baseline -0.015 0"><span class='ocrx_word' id='word_1_470' title='bbox 3403 403 3469 458; x_wconf 70' lang='grc' dir='ltr'><strong>με</strong></span> 
     </span>
    </p>
   </div>
   <div class='ocr_carea' id='block_1_62' title="bbox 1864 508 3459 582">
    <p class='ocr_par' dir='ltr' id='par_1_62' title="bbox 1864 508 3459 582">
     <span class='ocr_line' id='line_1_62' title="bbox 1864 508 3459 582; baseline -0.003 -11"><span class='ocrx_word' id='word_1_471' title='bbox 1864 524 1948 571; x_wconf 83' lang='lat' dir='ltr'><strong>est</strong></span> <span class='ocrx_word' id='word_1_472' title='bbox 1974 528 2183 582; x_wconf 80' lang='lat' dir='ltr'><strong>servus,</strong></span> <span class='ocrx_word' id='word_1_473' title='bbox 2214 522 2270 570; x_wconf 93' lang='lat' dir='ltr'><strong>et</strong></span> <span class='ocrx_word' id='word_1_474' title='bbox 2302 514 2529 569; x_wconf 85' lang='lat' dir='ltr'><strong>sustinet</strong></span> <span class='ocrx_word' id='word_1_475' title='bbox 2555 511 2735 567; x_wconf 86' lang='lat' dir='ltr'><strong>omnia</strong></span> <span class='ocrx_word' id='word_1_476' title='bbox 2769 526 2835 567; x_wconf 87' lang='lat' dir='ltr'><strong>ne</strong></span> <span class='ocrx_word' id='word_1_477' title='bbox 2874 508 3180 568; x_wconf 70' lang='lat' dir='ltr'><strong>moriatur‘i</strong></span> <span class='ocrx_word' id='word_1_478' title='bbox 3214 521 3307 567; x_wconf 87' lang='lat' dir='ltr'><strong>aut</strong></span> <span class='ocrx_word' id='word_1_479' title='bbox 3332 514 3459 568; x_wconf 87' lang='lat' dir='ltr'><strong>illud</strong></span> 
     </span>
    </p>
   </div>
   <div class='ocr_carea' id='block_1_63' title="bbox 1864 600 3460 673">
    <p class='ocr_par' dir='ltr' id='par_1_63' title="bbox 1864 600 3460 673">
     <span class='ocr_line' id='line_1_63' title="bbox 1864 600 3460 673; baseline -0.001 -15"><span class='ocrx_word' id='word_1_480' title='bbox 1864 602 2008 673; x_wconf 91' lang='lat' dir='ltr'><strong>quod</strong></span> <span class='ocrx_word' id='word_1_481' title='bbox 2047 618 2236 659; x_wconf 90' lang='lat' dir='ltr'><strong>omnes</strong></span> <span class='ocrx_word' id='word_1_482' title='bbox 2261 611 2417 659; x_wconf 89' lang='lat' dir='ltr'><strong>erant</strong></span> <span class='ocrx_word' id='word_1_483' title='bbox 2454 601 2596 657; x_wconf 86' lang='lat' dir='ltr'><strong>servi</strong></span> <span class='ocrx_word' id='word_1_484' title='bbox 2623 601 2834 669; x_wconf 88' lang='lat' dir='ltr'><strong>mortis,</strong></span> <span class='ocrx_word' id='word_1_485' title='bbox 2866 610 2921 656; x_wconf 93' lang='lat' dir='ltr'><strong>et</strong></span> <span class='ocrx_word' id='word_1_486' title='bbox 2951 600 3095 673; x_wconf 85' lang='lat' dir='ltr'><strong>quod</strong></span> <span class='ocrx_word' id='word_1_487' title='bbox 3128 616 3191 658; x_wconf 80' lang='lat' dir='ltr'><strong>ea</strong></span> <span class='ocrx_word' id='word_1_488' title='bbox 3220 600 3460 658; x_wconf 88' lang='lat' dir='ltr'><strong>nondum</strong></span> 
     </span>
    </p>
   </div>
   <div class='ocr_carea' id='block_1_64' title="bbox 1865 691 3463 765">
    <p class='ocr_par' dir='ltr' id='par_1_64' title="bbox 1865 691 3463 765">
     <span class='ocr_line' id='line_1_64' title="bbox 1865 691 3463 765; baseline 0 -16"><span class='ocrx_word' id='word_1_489' title='bbox 1865 703 2011 751; x_wconf 87' lang='lat' dir='ltr'><strong>esset</strong></span> <span class='ocrx_word' id='word_1_490' title='bbox 2036 693 2259 761; x_wconf 87' lang='lat' dir='ltr'><strong>abolita,</strong></span> <span class='ocrx_word' id='word_1_491' title='bbox 2289 693 2406 765; x_wconf 90' lang='lat' dir='ltr'><strong>ejus</strong></span> <span class='ocrx_word' id='word_1_492' title='bbox 2432 691 3085 749; x_wconf 78' lang='lat' dir='ltr'><strong>dominatuteuebantur:</strong></span> <span class='ocrx_word' id='word_1_493' title='bbox 3115 701 3227 759; x_wconf 88' lang='lat' dir='ltr'><strong>aut,</strong></span> <span class='ocrx_word' id='word_1_494' title='bbox 3248 692 3390 763; x_wconf 86' lang='lat' dir='ltr'><strong>quod</strong></span> <span class='ocrx_word' id='word_1_495' title='bbox 3408 694 3463 748; x_wconf 90' lang='lat' dir='ltr'><strong>iu</strong></span> 
     </span>
    </p>
   </div>
   <div class='ocr_carea' id='block_1_65' title="bbox 1868 783 3465 857">
    <p class='ocr_par' dir='ltr' id='par_1_65' title="bbox 1868 783 3465 857">
     <span class='ocr_line' id='line_1_65' title="bbox 1868 783 3465 857; baseline -0.002 -16"><span class='ocrx_word' id='word_1_496' title='bbox 1868 795 2125 857; x_wconf 89' lang='lat' dir='ltr'><strong>perpetuo</strong></span> <span class='ocrx_word' id='word_1_497' title='bbox 2153 795 2304 842; x_wconf 88' lang='lat' dir='ltr'><strong>metu</strong></span> <span class='ocrx_word' id='word_1_498' title='bbox 2333 784 2578 840; x_wconf 85' lang='lat' dir='ltr'><strong>viverent</strong></span> <span class='ocrx_word' id='word_1_499' title='bbox 2604 783 2875 851; x_wconf 82' lang='lat' dir='ltr'><strong>homines,</strong></span> <span class='ocrx_word' id='word_1_500' title='bbox 2905 798 3124 855; x_wconf 87' lang='lat' dir='ltr'><strong>semper</strong></span> <span class='ocrx_word' id='word_1_501' title='bbox 3148 795 3465 854; x_wconf 84' lang='lat' dir='ltr'><strong>exspectan-</strong></span> 
     </span>
    </p>
   </div>
   <div class='ocr_carea' id='block_1_66' title="bbox 1869 873 3465 941">
    <p class='ocr_par' dir='ltr' id='par_1_66' title="bbox 1869 873 3465 941">
     <span class='ocr_line' id='line_1_66' title="bbox 1869 873 3465 941; baseline -0.001 -10"><span class='ocrx_word' id='word_1_502' title='bbox 1869 886 1951 933; x_wconf 86' lang='lat' dir='ltr'><strong>tes</strong></span> <span class='ocrx_word' id='word_1_503' title='bbox 1978 891 2037 933; x_wconf 87' lang='lat' dir='ltr'><strong>se</strong></span> <span class='ocrx_word' id='word_1_504' title='bbox 2064 877 2377 941; x_wconf 86' lang='lat' dir='ltr'><strong>morituros,</strong></span> <span class='ocrx_word' id='word_1_505' title='bbox 2399 883 2457 931; x_wconf 89' lang='lat' dir='ltr'><strong>et</strong></span> <span class='ocrx_word' id='word_1_506' title='bbox 2472 882 2705 930; x_wconf 88' lang='lat' dir='ltr'><strong>mortem</strong></span> <span class='ocrx_word' id='word_1_507' title='bbox 2731 873 3105 941; x_wconf 85' lang='lat' dir='ltr'><strong>formidantes,</strong></span> <span class='ocrx_word' id='word_1_508' title='bbox 3142 876 3339 929; x_wconf 89' lang='lat' dir='ltr'><strong>nullius</strong></span> <span class='ocrx_word' id='word_1_509' title='bbox 3366 888 3465 929; x_wconf 85' lang='lat' dir='ltr'><strong>vo-</strong></span> 
     </span>
    </p>
   </div>
   <div class='ocr_carea' id='block_1_67' title="bbox 1870 965 3467 1040">
    <p class='ocr_par' dir='ltr' id='par_1_67' title="bbox 1870 965 3467 1040">
     <span class='ocr_line' id='line_1_67' title="bbox 1870 965 3467 1040; baseline -0.001 -16"><span class='ocrx_word' id='word_1_510' title='bbox 1870 969 2085 1040; x_wconf 86' lang='lat' dir='ltr'><strong>luptatis</strong></span> <span class='ocrx_word' id='word_1_511' title='bbox 2103 984 2322 1024; x_wconf 88' lang='lat' dir='ltr'><strong>scnsum</strong></span> <span class='ocrx_word' id='word_1_512' title='bbox 2346 967 2873 1039; x_wconf 88' lang='lat' dir='ltr'><strong>poterautaccipere,</strong></span> <span class='ocrx_word' id='word_1_513' title='bbox 2889 981 3014 1022; x_wconf 91' lang='lat' dir='ltr'><strong>cum</strong></span> <span class='ocrx_word' id='word_1_514' title='bbox 3042 965 3131 1022; x_wconf 91' lang='lat' dir='ltr'><strong>hic</strong></span> <span class='ocrx_word' id='word_1_515' title='bbox 3157 968 3467 1036; x_wconf 77' lang='lat' dir='ltr'><strong>scmpereis</strong></span> 
     </span>
    </p>
   </div>
   <div class='ocr_carea' id='block_1_68' title="bbox 1870 1046 3467 1126">
    <p class='ocr_par' dir='ltr' id='par_1_68' title="bbox 1870 1046 3467 1126">
     <span class='ocr_line' id='line_1_68' title="bbox 1870 1046 3467 1126; baseline -0.004 -9"><span class='ocrx_word' id='word_1_516' title='bbox 1870 1061 2278 1118; x_wconf 81' lang='lat' dir='ltr'><strong>adessctmctus</strong></span> <span class='ocrx_word' id='word_1_517' title='bbox 2306 1078 2320 1115; x_wconf 89' lang='lat'><strong>:</strong></span> <span class='ocrx_word' id='word_1_518' title='bbox 2349 1060 2605 1117; x_wconf 88' lang='lat' dir='ltr'><strong>hoeenim</strong></span> <span class='ocrx_word' id='word_1_519' title='bbox 2633 1046 3016 1126; x_wconf 73' lang='lat' dir='ltr'><strong>subindicavit,</strong></span> <span class='ocrx_word' id='word_1_520' title='bbox 3042 1057 3365 1125; x_wconf 79' lang='lat' dir='ltr'><strong>dicens,Per</strong></span> <span class='ocrx_word' id='word_1_521' title='bbox 3383 1070 3433 1112; x_wconf 89' lang='lat' dir='ltr'><strong>to</strong></span> <span class='ocrx_word' id='word_1_522' title='bbox 3449 1089 3467 1100; x_wconf 85' lang='lat'><strong>-</strong></span> 
     </span>
    </p>
   </div>
   <div class='ocr_carea' id='block_1_69' title="bbox 1871 1149 3470 1221">
    <p class='ocr_par' dir='ltr' id='par_1_69' title="bbox 1871 1149 3470 1221">
     <span class='ocr_line' id='line_1_69' title="bbox 1871 1149 3470 1221; baseline -0.001 -14"><span class='ocrx_word' id='word_1_523' title='bbox 1871 1163 1977 1207; x_wconf 83' lang='lat' dir='ltr'><strong>tam</strong></span> <span class='ocrx_word' id='word_1_524' title='bbox 2003 1153 2173 1207; x_wconf 75' lang='lat' dir='ltr'><strong>vitam.</strong></span> <span class='ocrx_word' id='word_1_525' title='bbox 2194 1152 2294 1208; x_wconf 82' lang='lat' dir='ltr'><strong>llic</strong></span> <span class='ocrx_word' id='word_1_526' title='bbox 2314 1152 2551 1208; x_wconf 86' lang='lat' dir='ltr'><strong>ostendit</strong></span> <span class='ocrx_word' id='word_1_527' title='bbox 2578 1166 2674 1208; x_wconf 87' lang='lat' dir='ltr'><strong>eos</strong></span> <span class='ocrx_word' id='word_1_528' title='bbox 2693 1151 2784 1221; x_wconf 90' lang='lat' dir='ltr'><strong>qui</strong></span> <span class='ocrx_word' id='word_1_529' title='bbox 2807 1150 3140 1219; x_wconf 72' lang='lat' dir='ltr'><strong>afﬂiguntur,</strong></span> <span class='ocrx_word' id='word_1_530' title='bbox 3168 1149 3470 1220; x_wconf 70' lang='lat' dir='ltr'><strong>quicxpei-</strong></span> 
     </span>
    </p>
   </div>
   <div class='ocr_carea' id='block_1_70' title="bbox 1873 1240 3469 1317">
    <p class='ocr_par' dir='ltr' id='par_1_70' title="bbox 1873 1240 3469 1317">
     <span class='ocr_line' id='line_1_70' title="bbox 1873 1240 3469 1317; baseline -0.003 -17"><span class='ocrx_word' id='word_1_531' title='bbox 1873 1245 2169 1317; x_wconf 87' lang='lat' dir='ltr'><strong>luntur,qui</strong></span> <span class='ocrx_word' id='word_1_532' title='bbox 2193 1244 2471 1315; x_wconf 86' lang='lat' dir='ltr'><strong>privautur</strong></span> <span class='ocrx_word' id='word_1_533' title='bbox 2482 1243 2649 1313; x_wconf 87' lang='lat' dir='ltr'><strong>patria</strong></span> <span class='ocrx_word' id='word_1_534' title='bbox 2664 1241 2960 1298; x_wconf 89' lang='lat' dir='ltr'><strong>etfortunis</strong></span> <span class='ocrx_word' id='word_1_535' title='bbox 2981 1241 3170 1297; x_wconf 89' lang='lat' dir='ltr'><strong>etaliis</strong></span> <span class='ocrx_word' id='word_1_536' title='bbox 3198 1240 3469 1303; x_wconf 88' lang='lat' dir='ltr'><strong>omnibus,</strong></span> 
     </span>
    </p>
   </div>
   <div class='ocr_carea' id='block_1_71' title="bbox 1868 1332 3471 1407">
    <p class='ocr_par' dir='ltr' id='par_1_71' title="bbox 1868 1332 3471 1407">
     <span class='ocr_line' id='line_1_71' title="bbox 1868 1332 3471 1407; baseline -0.001 -17"><span class='ocrx_word' id='word_1_537' title='bbox 1868 1336 2157 1407; x_wconf 86' lang='lat' dir='ltr'><strong>jucundius</strong></span> <span class='ocrx_word' id='word_1_538' title='bbox 2177 1351 2240 1392; x_wconf 89' lang='lat' dir='ltr'><strong>ac</strong></span> <span class='ocrx_word' id='word_1_539' title='bbox 2261 1336 2481 1392; x_wconf 89' lang='lat' dir='ltr'><strong>liberius</strong></span> <span class='ocrx_word' id='word_1_540' title='bbox 2497 1334 2882 1406; x_wconf 75' lang='lat' dir='ltr'><strong>degere,quam</strong></span> <span class='ocrx_word' id='word_1_541' title='bbox 2897 1333 2934 1387; x_wconf 89' lang='lat' dir='ltr'><strong>ii</strong></span> <span class='ocrx_word' id='word_1_542' title='bbox 2947 1333 3037 1402; x_wconf 86' lang='lat' dir='ltr'><strong>qui</strong></span> <span class='ocrx_word' id='word_1_543' title='bbox 3056 1332 3185 1387; x_wconf 89' lang='lat' dir='ltr'><strong>olim</strong></span> <span class='ocrx_word' id='word_1_544' title='bbox 3207 1332 3471 1403; x_wconf 73' lang='lat' dir='ltr'><strong>degebant</strong></span> 
     </span>
    </p>
   </div>
   <div class='ocr_carea' id='block_1_72' title="bbox 1877 1422 3471 1498">
    <p class='ocr_par' dir='ltr' id='par_1_72' title="bbox 1877 1422 3471 1498">
     <span class='ocr_line' id='line_1_72' title="bbox 1877 1422 3471 1498; baseline -0.003 -15"><span class='ocrx_word' id='word_1_545' title='bbox 1877 1429 1933 1483; x_wconf 93' lang='lat' dir='ltr'><strong>in</strong></span> <span class='ocrx_word' id='word_1_546' title='bbox 1960 1427 2171 1483; x_wconf 87' lang='lat' dir='ltr'><strong>deliciis</strong></span> <span class='ocrx_word' id='word_1_547' title='bbox 2190 1468 2207 1494; x_wconf 90' lang='lat'><strong>,</strong></span> <span class='ocrx_word' id='word_1_548' title='bbox 2237 1441 2396 1498; x_wconf 87' lang='lat' dir='ltr'><strong>quam</strong></span> <span class='ocrx_word' id='word_1_549' title='bbox 2430 1425 2464 1481; x_wconf 93' lang='lat' dir='ltr'><strong>ii</strong></span> <span class='ocrx_word' id='word_1_550' title='bbox 2495 1425 2688 1496; x_wconf 83' lang='lat' dir='ltr'><strong>quibus</strong></span> <span class='ocrx_word' id='word_1_551' title='bbox 2718 1422 2849 1478; x_wconf 85' lang='lat' dir='ltr'><strong>nihil</strong></span> <span class='ocrx_word' id='word_1_552' title='bbox 2873 1422 3147 1478; x_wconf 83' lang='lat' dir='ltr'><strong>acciderat</strong></span> <span class='ocrx_word' id='word_1_553' title='bbox 3168 1422 3433 1491; x_wconf 89' lang='lat' dir='ltr'><strong>ejusmodi</strong></span> <span class='ocrx_word' id='word_1_554' title='bbox 3455 1465 3471 1488; x_wconf 88' lang='lat'><strong>,</strong></span> 
     </span>
    </p>
   </div>
   <div class='ocr_carea' id='block_1_73' title="bbox 1875 1511 3477 1585">
    <p class='ocr_par' dir='ltr' id='par_1_73' title="bbox 1875 1511 3477 1585">
     <span class='ocr_line' id='line_1_73' title="bbox 1875 1511 3477 1585; baseline -0.001 -17"><span class='ocrx_word' id='word_1_555' title='bbox 1875 1532 2034 1585; x_wconf 87' lang='lat' dir='ltr'><strong>quam</strong></span> <span class='ocrx_word' id='word_1_556' title='bbox 2069 1516 2260 1585; x_wconf 86' lang='lat' dir='ltr'><strong>quibus</strong></span> <span class='ocrx_word' id='word_1_557' title='bbox 2288 1523 2443 1570; x_wconf 86' lang='lat' dir='ltr'><strong>erant</strong></span> <span class='ocrx_word' id='word_1_558' title='bbox 2480 1530 2569 1571; x_wconf 90' lang='lat' dir='ltr'><strong>res</strong></span> <span class='ocrx_word' id='word_1_559' title='bbox 2611 1512 2865 1569; x_wconf 67' lang='lat' dir='ltr'><strong>secundae</strong></span> <span class='ocrx_word' id='word_1_560' title='bbox 2897 1529 2912 1567; x_wconf 87' lang='lat'><strong>:</strong></span> <span class='ocrx_word' id='word_1_561' title='bbox 2941 1511 3208 1583; x_wconf 88' lang='lat' dir='ltr'><strong>siquidem</strong></span> <span class='ocrx_word' id='word_1_562' title='bbox 3241 1512 3318 1567; x_wconf 89' lang='lat' dir='ltr'><strong>illi</strong></span> <span class='ocrx_word' id='word_1_563' title='bbox 3348 1515 3477 1583; x_wconf 84' lang='lat' dir='ltr'><strong>qui-</strong></span> 
     </span>
    </p>
   </div>
   <div class='ocr_carea' id='block_1_74' title="bbox 1877 1601 3477 1676">
    <p class='ocr_par' dir='ltr' id='par_1_74' title="bbox 1877 1601 3477 1676">
     <span class='ocr_line' id='line_1_74' title="bbox 1877 1601 3477 1676; baseline -0.002 -16"><span class='ocrx_word' id='word_1_564' title='bbox 1877 1607 2000 1661; x_wconf 87' lang='lat' dir='ltr'><strong>dem</strong></span> <span class='ocrx_word' id='word_1_565' title='bbox 2052 1620 2147 1676; x_wconf 91' lang='lat' dir='ltr'><strong>per</strong></span> <span class='ocrx_word' id='word_1_566' title='bbox 2184 1615 2348 1660; x_wconf 86' lang='lat' dir='ltr'><strong>totam</strong></span> <span class='ocrx_word' id='word_1_567' title='bbox 2383 1606 2549 1660; x_wconf 82' lang='lat' dir='ltr'><strong>vitam</strong></span> <span class='ocrx_word' id='word_1_568' title='bbox 2593 1613 2749 1660; x_wconf 90' lang='lat' dir='ltr'><strong>erant</strong></span> <span class='ocrx_word' id='word_1_569' title='bbox 2788 1602 2914 1658; x_wconf 91' lang='lat' dir='ltr'><strong>huic</strong></span> <span class='ocrx_word' id='word_1_570' title='bbox 2962 1601 3131 1657; x_wconf 85' lang='lat' dir='ltr'><strong>metui</strong></span> <span class='ocrx_word' id='word_1_571' title='bbox 3161 1601 3379 1658; x_wconf 81' lang='lat' dir='ltr'><strong>obnoxii</strong></span> <span class='ocrx_word' id='word_1_572' title='bbox 3421 1616 3477 1658; x_wconf 86' lang='lat' dir='ltr'><strong>et</strong></span> 
     </span>
    </p>
   </div>
   <div class='ocr_carea' id='block_1_75' title="bbox 1876 1697 3471 1769">
    <p class='ocr_par' dir='ltr' id='par_1_75' title="bbox 1876 1697 3471 1769">
     <span class='ocr_line' id='line_1_75' title="bbox 1876 1697 3471 1769; baseline 0.001 -18"><span class='ocrx_word' id='word_1_573' title='bbox 1876 1698 2041 1762; x_wconf 77' lang='lat' dir='ltr'><strong>servi;</strong></span> <span class='ocrx_word' id='word_1_574' title='bbox 2067 1698 2166 1768; x_wconf 87' lang='lat' dir='ltr'><strong>ipsi</strong></span> <span class='ocrx_word' id='word_1_575' title='bbox 2188 1708 2368 1755; x_wconf 88' lang='lat' dir='ltr'><strong>autem</strong></span> <span class='ocrx_word' id='word_1_576' title='bbox 2394 1706 2520 1754; x_wconf 89' lang='lat' dir='ltr'><strong>sunt</strong></span> <span class='ocrx_word' id='word_1_577' title='bbox 2544 1697 2614 1754; x_wconf 86' lang='lat' dir='ltr'><strong>ab</strong></span> <span class='ocrx_word' id='word_1_578' title='bbox 2640 1712 2708 1756; x_wconf 85' lang='lat' dir='ltr'><strong>eo</strong></span> <span class='ocrx_word' id='word_1_579' title='bbox 2732 1697 2968 1763; x_wconf 85' lang='lat' dir='ltr'><strong>liberati,</strong></span> <span class='ocrx_word' id='word_1_580' title='bbox 2995 1705 3051 1753; x_wconf 92' lang='lat' dir='ltr'><strong>et</strong></span> <span class='ocrx_word' id='word_1_581' title='bbox 3074 1697 3300 1755; x_wconf 84' lang='lat' dir='ltr'><strong>irrident</strong></span> <span class='ocrx_word' id='word_1_582' title='bbox 3326 1699 3471 1769; x_wconf 85' lang='lat' dir='ltr'><strong>quod</strong></span> 
     </span>
    </p>
   </div>
   <div class='ocr_carea' id='block_1_76' title="bbox 1876 1786 3474 1861">
    <p class='ocr_par' dir='ltr' id='par_1_76' title="bbox 1876 1786 3474 1861">
     <span class='ocr_line' id='line_1_76' title="bbox 1876 1786 3474 1861; baseline 0.001 -17"><span class='ocrx_word' id='word_1_583' title='bbox 1876 1786 1950 1844; x_wconf 85' lang='lat' dir='ltr'><strong>illi</strong></span> <span class='ocrx_word' id='word_1_584' title='bbox 1980 1787 2323 1845; x_wconf 87' lang='lat' dir='ltr'><strong>horruerant.</strong></span> <span class='ocrx_word' id='word_1_585' title='bbox 2359 1790 2504 1847; x_wconf 89' lang='lat' dir='ltr'><strong>Idem</strong></span> <span class='ocrx_word' id='word_1_586' title='bbox 2549 1790 2693 1845; x_wconf 88' lang='lat' dir='ltr'><strong>enim</strong></span> <span class='ocrx_word' id='word_1_587' title='bbox 2725 1805 2866 1845; x_wconf 91' lang='lat' dir='ltr'><strong>nunc</strong></span> <span class='ocrx_word' id='word_1_588' title='bbox 2886 1798 3002 1855; x_wconf 88' lang='lat' dir='ltr'><strong>cst;</strong></span> <span class='ocrx_word' id='word_1_589' title='bbox 3046 1798 3105 1844; x_wconf 91' lang='lat' dir='ltr'><strong>ut</strong></span> <span class='ocrx_word' id='word_1_590' title='bbox 3131 1788 3175 1844; x_wconf 91' lang='lat' dir='ltr'><strong>si</strong></span> <span class='ocrx_word' id='word_1_591' title='bbox 3207 1788 3474 1861; x_wconf 89' lang='lat' dir='ltr'><strong>quispiam</strong></span> 
     </span>
    </p>
   </div>
   <div class='ocr_carea' id='block_1_77' title="bbox 1874 1878 3475 1949">
    <p class='ocr_par' dir='ltr' id='par_1_77' title="bbox 1874 1878 3475 1949">
     <span class='ocr_line' id='line_1_77' title="bbox 1874 1878 3475 1949; baseline -0.001 -15"><span class='ocrx_word' id='word_1_592' title='bbox 1874 1891 1996 1934; x_wconf 91' lang='lat' dir='ltr'><strong>cum</strong></span> <span class='ocrx_word' id='word_1_593' title='bbox 2049 1879 2141 1949; x_wconf 88' lang='lat' dir='ltr'><strong>qui</strong></span> <span class='ocrx_word' id='word_1_594' title='bbox 2176 1879 2385 1935; x_wconf 82' lang='lat' dir='ltr'><strong>vinctus</strong></span> <span class='ocrx_word' id='word_1_595' title='bbox 2423 1879 2701 1936; x_wconf 84' lang='lat' dir='ltr'><strong>ducendus</strong></span> <span class='ocrx_word' id='word_1_596' title='bbox 2744 1888 2829 1935; x_wconf 88' lang='lat' dir='ltr'><strong>est</strong></span> <span class='ocrx_word' id='word_1_597' title='bbox 2867 1878 2934 1935; x_wconf 84' lang='lat' dir='ltr'><strong>ad</strong></span> <span class='ocrx_word' id='word_1_598' title='bbox 2988 1889 3242 1947; x_wconf 85' lang='lat' dir='ltr'><strong>mortem,</strong></span> <span class='ocrx_word' id='word_1_599' title='bbox 3269 1887 3327 1935; x_wconf 90' lang='lat' dir='ltr'><strong>et</strong></span> <span class='ocrx_word' id='word_1_600' title='bbox 3371 1878 3475 1934; x_wconf 82' lang='lat' dir='ltr'><strong>huc</strong></span> 
     </span>
    </p>
   </div>
   <div class='ocr_carea' id='block_1_78' title="bbox 1873 1970 3475 2042">
    <p class='ocr_par' dir='ltr' id='par_1_78' title="bbox 1873 1970 3475 2042">
     <span class='ocr_line' id='line_1_78' title="bbox 1873 1970 3475 2042; baseline 0 -17"><span class='ocrx_word' id='word_1_601' title='bbox 1873 1983 2091 2040; x_wconf 86' lang='lat' dir='ltr'><strong>semper</strong></span> <span class='ocrx_word' id='word_1_602' title='bbox 2143 1980 2444 2041; x_wconf 76' lang='lat' dir='ltr'><strong>exspectat,</strong></span> <span class='ocrx_word' id='word_1_603' title='bbox 2495 1971 2677 2027; x_wconf 88' lang='lat' dir='ltr'><strong>multis</strong></span> <span class='ocrx_word' id='word_1_604' title='bbox 2717 1970 3016 2042; x_wconf 78' lang='lat' dir='ltr'><strong>impinguet</strong></span> <span class='ocrx_word' id='word_1_605' title='bbox 3056 1970 3269 2028; x_wconf 86' lang='lat' dir='ltr'><strong>deliciis</strong></span> <span class='ocrx_word' id='word_1_606' title='bbox 3309 1989 3323 2025; x_wconf 91' lang='lat'><strong>:</strong></span> <span class='ocrx_word' id='word_1_607' title='bbox 3366 1972 3475 2026; x_wconf 76' lang='lat' dir='ltr'><strong>tale</strong></span> 
     </span>
    </p>
   </div>
   <div class='ocr_carea' id='block_1_79' title="bbox 1872 2060 3470 2135">
    <p class='ocr_par' dir='ltr' id='par_1_79' title="bbox 1872 2060 3470 2135">
     <span class='ocr_line' id='line_1_79' title="bbox 1872 2060 3470 2135; baseline 0.004 -22"><span class='ocrx_word' id='word_1_608' title='bbox 1872 2060 2148 2131; x_wconf 84' lang='lat' dir='ltr'><strong>quidpiam</strong></span> <span class='ocrx_word' id='word_1_609' title='bbox 2188 2076 2335 2117; x_wconf 90' lang='lat' dir='ltr'><strong>mors</strong></span> <span class='ocrx_word' id='word_1_610' title='bbox 2376 2072 2493 2118; x_wconf 87' lang='lat' dir='ltr'><strong>erat</strong></span> <span class='ocrx_word' id='word_1_611' title='bbox 2539 2062 2691 2119; x_wconf 90' lang='lat' dir='ltr'><strong>olim.</strong></span> <span class='ocrx_word' id='word_1_612' title='bbox 2734 2061 2887 2118; x_wconf 84' lang='lat' dir='ltr'><strong>Nune</strong></span> <span class='ocrx_word' id='word_1_613' title='bbox 2927 2072 3107 2118; x_wconf 90' lang='lat' dir='ltr'><strong>autem</strong></span> <span class='ocrx_word' id='word_1_614' title='bbox 3144 2070 3203 2118; x_wconf 93' lang='lat' dir='ltr'><strong>ut</strong></span> <span class='ocrx_word' id='word_1_615' title='bbox 3232 2064 3276 2119; x_wconf 89' lang='lat' dir='ltr'><strong>si</strong></span> <span class='ocrx_word' id='word_1_616' title='bbox 3317 2065 3470 2135; x_wconf 84' lang='lat' dir='ltr'><strong>quis.</strong></span> 
     </span>
    </p>
   </div>
   <div class='ocr_carea' id='block_1_80' title="bbox 1874 2152 3472 2225">
    <p class='ocr_par' dir='ltr' id='par_1_80' title="bbox 1874 2152 3472 2225">
     <span class='ocr_line' id='line_1_80' title="bbox 1874 2152 3472 2225; baseline 0.001 -18"><span class='ocrx_word' id='word_1_617' title='bbox 1874 2161 2020 2208; x_wconf 89' lang='lat' dir='ltr'><strong>metu</strong></span> <span class='ocrx_word' id='word_1_618' title='bbox 2063 2152 2157 2209; x_wconf 90' lang='lat' dir='ltr'><strong>illo</strong></span> <span class='ocrx_word' id='word_1_619' title='bbox 2205 2152 2401 2225; x_wconf 88' lang='lat' dir='ltr'><strong>ejecto,</strong></span> <span class='ocrx_word' id='word_1_620' title='bbox 2432 2169 2554 2212; x_wconf 90' lang='lat' dir='ltr'><strong>eum</strong></span> <span class='ocrx_word' id='word_1_621' title='bbox 2608 2154 2818 2210; x_wconf 84' lang='lat' dir='ltr'><strong>deliciis</strong></span> <span class='ocrx_word' id='word_1_622' title='bbox 2860 2154 3143 2210; x_wconf 89' lang='lat' dir='ltr'><strong>denuntiet</strong></span> <span class='ocrx_word' id='word_1_623' title='bbox 3184 2168 3307 2211; x_wconf 91' lang='lat' dir='ltr'><strong>esse</strong></span> <span class='ocrx_word' id='word_1_624' title='bbox 3354 2169 3472 2211; x_wconf 85' lang='lat' dir='ltr'><strong>cer-</strong></span> 
     </span>
    </p>
   </div>
   <div class='ocr_carea' id='block_1_81' title="bbox 1874 2245 3469 2318">
    <p class='ocr_par' dir='ltr' id='par_1_81' title="bbox 1874 2245 3469 2318">
     <span class='ocr_line' id='line_1_81' title="bbox 1874 2245 3469 2318; baseline 0.003 -19"><span class='ocrx_word' id='word_1_625' title='bbox 1874 2245 2116 2314; x_wconf 78' lang='lat' dir='ltr'><strong>tandum,</strong></span> <span class='ocrx_word' id='word_1_626' title='bbox 2166 2256 2221 2302; x_wconf 91' lang='lat' dir='ltr'><strong>et</strong></span> <span class='ocrx_word' id='word_1_627' title='bbox 2261 2256 2529 2318; x_wconf 88' lang='lat' dir='ltr'><strong>proponat</strong></span> <span class='ocrx_word' id='word_1_628' title='bbox 2568 2256 2865 2313; x_wconf 85' lang='lat' dir='ltr'><strong>certamen,</strong></span> <span class='ocrx_word' id='word_1_629' title='bbox 2894 2254 3086 2302; x_wconf 90' lang='lat' dir='ltr'><strong>utnon</strong></span> <span class='ocrx_word' id='word_1_630' title='bbox 3125 2246 3358 2318; x_wconf 86' lang='lat' dir='ltr'><strong>amplius</strong></span> <span class='ocrx_word' id='word_1_631' title='bbox 3399 2248 3469 2304; x_wconf 89' lang='lat' dir='ltr'><strong>ad</strong></span> 
     </span>
    </p>
   </div>
   <div class='ocr_carea' id='block_1_82' title="bbox 1872 2337 3467 2410">
    <p class='ocr_par' dir='ltr' id='par_1_82' title="bbox 1872 2337 3467 2410">
     <span class='ocr_line' id='line_1_82' title="bbox 1872 2337 3467 2410; baseline 0.001 -17"><span class='ocrx_word' id='word_1_632' title='bbox 1872 2348 2142 2404; x_wconf 87' lang='lat' dir='ltr'><strong>mortem,</strong></span> <span class='ocrx_word' id='word_1_633' title='bbox 2198 2338 2295 2393; x_wconf 84' lang='lat' dir='ltr'><strong>sed</strong></span> <span class='ocrx_word' id='word_1_634' title='bbox 2345 2338 2414 2394; x_wconf 91' lang='lat' dir='ltr'><strong>ad</strong></span> <span class='ocrx_word' id='word_1_635' title='bbox 2448 2352 2673 2410; x_wconf 77' lang='lat' dir='ltr'><strong>regnum</strong></span> <span class='ocrx_word' id='word_1_636' title='bbox 2711 2337 2962 2406; x_wconf 83' lang='lat' dir='ltr'><strong>adducat,</strong></span> <span class='ocrx_word' id='word_1_637' title='bbox 3018 2353 3087 2394; x_wconf 86' lang='lat' dir='ltr'><strong>ex</strong></span> <span class='ocrx_word' id='word_1_638' title='bbox 3142 2338 3467 2410; x_wconf 86' lang='lat' dir='ltr'><strong>quibusnam</strong></span> 
     </span>
    </p>
   </div>
   <div class='ocr_carea' id='block_1_83' title="bbox 1870 2429 3466 2503">
    <p class='ocr_par' dir='ltr' id='par_1_83' title="bbox 1870 2429 3466 2503">
     <span class='ocr_line' id='line_1_83' title="bbox 1870 2429 3466 2503; baseline 0 -16"><span class='ocrx_word' id='word_1_639' title='bbox 1870 2446 1991 2489; x_wconf 78' lang='lat' dir='ltr'><strong>esse</strong></span> <span class='ocrx_word' id='word_1_640' title='bbox 2032 2429 2305 2487; x_wconf 79' lang='lat' dir='ltr'><strong>volueris?</strong></span> <span class='ocrx_word' id='word_1_641' title='bbox 2333 2444 2398 2486; x_wconf 90' lang='lat' dir='ltr'><strong>ex</strong></span> <span class='ocrx_word' id='word_1_642' title='bbox 2445 2430 2583 2487; x_wconf 91' lang='lat' dir='ltr'><strong>iisne</strong></span> <span class='ocrx_word' id='word_1_643' title='bbox 2623 2430 2715 2502; x_wconf 90' lang='lat' dir='ltr'><strong>qui</strong></span> <span class='ocrx_word' id='word_1_644' title='bbox 2758 2435 2811 2486; x_wconf 90' lang='lat' dir='ltr'><strong>in</strong></span> <span class='ocrx_word' id='word_1_645' title='bbox 2860 2444 3080 2487; x_wconf 80' lang='lat' dir='ltr'><strong>carcere</strong></span> <span class='ocrx_word' id='word_1_646' title='bbox 3125 2431 3466 2503; x_wconf 76' lang='lat' dir='ltr'><strong>impinguan-</strong></span> 
     </span>
    </p>
   </div>
   <div class='ocr_carea' id='block_1_84' title="bbox 1872 2521 3472 2595">
    <p class='ocr_par' dir='ltr' id='par_1_84' title="bbox 1872 2521 3472 2595">
     <span class='ocr_line' id='line_1_84' title="bbox 1872 2521 3472 2595; baseline 0.002 -17"><span class='ocrx_word' id='word_1_647' title='bbox 1872 2535 1977 2588; x_wconf 89' lang='lat' dir='ltr'><strong>tur,</strong></span> <span class='ocrx_word' id='word_1_648' title='bbox 2011 2523 2215 2581; x_wconf 86' lang='lat' dir='ltr'><strong>interea</strong></span> <span class='ocrx_word' id='word_1_649' title='bbox 2253 2523 2493 2595; x_wconf 89' lang='lat' dir='ltr'><strong>quotidie</strong></span> <span class='ocrx_word' id='word_1_650' title='bbox 2525 2521 2903 2595; x_wconf 84' lang='lat' dir='ltr'><strong>proferendam</strong></span> <span class='ocrx_word' id='word_1_651' title='bbox 2944 2533 3324 2594; x_wconf 84' lang='lat' dir='ltr'><strong>exspectantes</strong></span> <span class='ocrx_word' id='word_1_652' title='bbox 3345 2537 3472 2581; x_wconf 87' lang='lat' dir='ltr'><strong>sen-</strong></span> 
     </span>
    </p>
   </div>
   <div class='ocr_carea' id='block_1_85' title="bbox 1873 2614 3468 2686">
    <p class='ocr_par' dir='ltr' id='par_1_85' title="bbox 1873 2614 3468 2686">
     <span class='ocr_line' id='line_1_85' title="bbox 1873 2614 3468 2686; baseline -0.001 -13"><span class='ocrx_word' id='word_1_653' title='bbox 1873 2616 2232 2673; x_wconf 77' lang='lat' dir='ltr'><strong>tentiamzan</strong></span> <span class='ocrx_word' id='word_1_654' title='bbox 2284 2630 2355 2671; x_wconf 89' lang='lat' dir='ltr'><strong>ex</strong></span> <span class='ocrx_word' id='word_1_655' title='bbox 2402 2615 2468 2671; x_wconf 91' lang='lat' dir='ltr'><strong>iis</strong></span> <span class='ocrx_word' id='word_1_656' title='bbox 2504 2616 2593 2686; x_wconf 89' lang='lat' dir='ltr'><strong>qui</strong></span> <span class='ocrx_word' id='word_1_657' title='bbox 2648 2616 2874 2671; x_wconf 90' lang='lat' dir='ltr'><strong>multum</strong></span> <span class='ocrx_word' id='word_1_658' title='bbox 2930 2614 3233 2685; x_wconf 82' lang='lat' dir='ltr'><strong>decertant,</strong></span> <span class='ocrx_word' id='word_1_659' title='bbox 3275 2624 3331 2672; x_wconf 91' lang='lat' dir='ltr'><strong>et</strong></span> <span class='ocrx_word' id='word_1_660' title='bbox 3382 2616 3468 2673; x_wconf 87' lang='lat' dir='ltr'><strong>lu-</strong></span> 
     </span>
    </p>
   </div>
   <div class='ocr_carea' id='block_1_86' title="bbox 1874 2705 3471 2779">
    <p class='ocr_par' dir='ltr' id='par_1_86' title="bbox 1874 2705 3471 2779">
     <span class='ocr_line' id='line_1_86' title="bbox 1874 2705 3471 2779; baseline 0.001 -14"><span class='ocrx_word' id='word_1_661' title='bbox 1874 2709 2067 2765; x_wconf 87' lang='lat' dir='ltr'><strong>bentes</strong></span> <span class='ocrx_word' id='word_1_662' title='bbox 2096 2706 2347 2763; x_wconf 86' lang='lat' dir='ltr'><strong>laborant</strong></span> <span class='ocrx_word' id='word_1_663' title='bbox 2394 2714 2454 2762; x_wconf 91' lang='lat' dir='ltr'><strong>ut</strong></span> <span class='ocrx_word' id='word_1_664' title='bbox 2495 2707 2605 2761; x_wconf 89' lang='lat' dir='ltr'><strong>sint</strong></span> <span class='ocrx_word' id='word_1_665' title='bbox 2646 2705 2881 2762; x_wconf 87' lang='lat' dir='ltr'><strong>redimiti</strong></span> <span class='ocrx_word' id='word_1_666' title='bbox 2925 2707 3076 2779; x_wconf 75' lang='lat' dir='ltr'><strong>regni</strong></span> <span class='ocrx_word' id='word_1_667' title='bbox 3122 2706 3471 2766; x_wconf 76' lang='lat' dir='ltr'><strong>diademate?</strong></span> 
     </span>
    </p>
   </div>
   <div class='ocr_carea' id='block_1_87' title="bbox 1875 2798 3471 2873">
    <p class='ocr_par' dir='ltr' id='par_1_87' title="bbox 1875 2798 3471 2873">
     <span class='ocr_line' id='line_1_87' title="bbox 1875 2798 3471 2873; baseline 0.003 -18"><span class='ocrx_word' id='word_1_668' title='bbox 1875 2799 2034 2856; x_wconf 87' lang='lat' dir='ltr'><strong>Vides</strong></span> <span class='ocrx_word' id='word_1_669' title='bbox 2074 2798 2347 2871; x_wconf 89' lang='lat' dir='ltr'><strong>quomodo</strong></span> <span class='ocrx_word' id='word_1_670' title='bbox 2387 2814 2577 2856; x_wconf 88' lang='lat' dir='ltr'><strong>eorum</strong></span> <span class='ocrx_word' id='word_1_671' title='bbox 2620 2800 2795 2855; x_wconf 87' lang='lat' dir='ltr'><strong>erexit</strong></span> <span class='ocrx_word' id='word_1_672' title='bbox 2824 2800 3085 2867; x_wconf 86' lang='lat' dir='ltr'><strong>animum,</strong></span> <span class='ocrx_word' id='word_1_673' title='bbox 3118 2815 3322 2873; x_wconf 87' lang='lat' dir='ltr'><strong>eosque</strong></span> <span class='ocrx_word' id='word_1_674' title='bbox 3350 2817 3471 2859; x_wconf 89' lang='lat' dir='ltr'><strong>sus-</strong></span> 
     </span>
    </p>
   </div>
   <div class='ocr_carea' id='block_1_88' title="bbox 1870 2889 3467 2962">
    <p class='ocr_par' dir='ltr' id='par_1_88' title="bbox 1870 2889 3467 2962">
     <span class='ocr_line' id='line_1_88' title="bbox 1870 2889 3467 2962; baseline 0.004 -17"><span class='ocrx_word' id='word_1_675' title='bbox 1870 2906 2066 2962; x_wconf 88' lang='lat' dir='ltr'><strong>pensos</strong></span> <span class='ocrx_word' id='word_1_676' title='bbox 2094 2892 2263 2948; x_wconf 91' lang='lat' dir='ltr'><strong>tenuit</strong></span> <span class='ocrx_word' id='word_1_677' title='bbox 2286 2900 2342 2948; x_wconf 89' lang='lat' dir='ltr'><strong>et</strong></span> <span class='ocrx_word' id='word_1_678' title='bbox 2365 2890 2655 2947; x_wconf 74' lang='lat' dir='ltr'><strong>excitavit?</strong></span> <span class='ocrx_word' id='word_1_679' title='bbox 2678 2889 2929 2948; x_wconf 88' lang='lat' dir='ltr'><strong>Ostendit</strong></span> <span class='ocrx_word' id='word_1_680' title='bbox 2954 2902 3134 2949; x_wconf 86' lang='lat' dir='ltr'><strong>autem</strong></span> <span class='ocrx_word' id='word_1_681' title='bbox 3162 2908 3270 2949; x_wconf 91' lang='lat' dir='ltr'><strong>non</strong></span> <span class='ocrx_word' id='word_1_682' title='bbox 3294 2894 3467 2951; x_wconf 87' lang='lat' dir='ltr'><strong>solam</strong></span> 
     </span>
    </p>
   </div>
   <div class='ocr_carea' id='block_1_89' title="bbox 1867 2982 3469 3057">
    <p class='ocr_par' dir='ltr' id='par_1_89' title="bbox 1867 2982 3469 3057">
     <span class='ocr_line' id='line_1_89' title="bbox 1867 2982 3469 3057; baseline 0.001 -17"><span class='ocrx_word' id='word_1_683' title='bbox 1867 2998 2113 3040; x_wconf 88' lang='lat' dir='ltr'><strong>cessasse</strong></span> <span class='ocrx_word' id='word_1_684' title='bbox 2139 2992 2396 3050; x_wconf 89' lang='lat' dir='ltr'><strong>mortem,</strong></span> <span class='ocrx_word' id='word_1_685' title='bbox 2429 2982 2521 3040; x_wconf 90' lang='lat' dir='ltr'><strong>sed</strong></span> <span class='ocrx_word' id='word_1_686' title='bbox 2557 2997 2654 3054; x_wconf 92' lang='lat' dir='ltr'><strong>per</strong></span> <span class='ocrx_word' id='word_1_687' title='bbox 2679 2998 2801 3039; x_wconf 89' lang='lat' dir='ltr'><strong>eam</strong></span> <span class='ocrx_word' id='word_1_688' title='bbox 2831 2984 2980 3039; x_wconf 90' lang='lat' dir='ltr'><strong>illum</strong></span> <span class='ocrx_word' id='word_1_689' title='bbox 3008 2999 3225 3056; x_wconf 89' lang='lat' dir='ltr'><strong>quoque</strong></span> <span class='ocrx_word' id='word_1_690' title='bbox 3250 3001 3344 3057; x_wconf 84' lang='lat' dir='ltr'><strong>qut</strong></span> <span class='ocrx_word' id='word_1_691' title='bbox 3372 2986 3469 3042; x_wconf 90' lang='lat' dir='ltr'><strong>ad-</strong></span> 
     </span>
    </p>
   </div>
   <div class='ocr_carea' id='block_1_90' title="bbox 1867 3074 3465 3147">
    <p class='ocr_par' dir='ltr' id='par_1_90' title="bbox 1867 3074 3465 3147">
     <span class='ocr_line' id='line_1_90' title="bbox 1867 3074 3465 3147; baseline 0.003 -18"><span class='ocrx_word' id='word_1_692' title='bbox 1867 3088 2083 3129; x_wconf 89' lang='lat' dir='ltr'><strong>versum</strong></span> <span class='ocrx_word' id='word_1_693' title='bbox 2132 3088 2234 3131; x_wconf 90' lang='lat' dir='ltr'><strong>nos</strong></span> <span class='ocrx_word' id='word_1_694' title='bbox 2278 3089 2497 3146; x_wconf 89' lang='lat' dir='ltr'><strong>semper</strong></span> <span class='ocrx_word' id='word_1_695' title='bbox 2535 3074 2730 3130; x_wconf 89' lang='lat' dir='ltr'><strong>bellum</strong></span> <span class='ocrx_word' id='word_1_696' title='bbox 2771 3077 2912 3146; x_wconf 78' lang='lat' dir='ltr'><strong>gerit</strong></span> <span class='ocrx_word' id='word_1_697' title='bbox 2950 3076 3314 3147; x_wconf 87' lang='lat' dir='ltr'><strong>implacabile,</strong></span> <span class='ocrx_word' id='word_1_698' title='bbox 3344 3077 3465 3135; x_wconf 90' lang='lat' dir='ltr'><strong>dia-</strong></span> 
     </span>
    </p>
   </div>
   <div class='ocr_carea' id='block_1_91' title="bbox 1866 3166 3465 3240">
    <p class='ocr_par' dir='ltr' id='par_1_91' title="bbox 1866 3166 3465 3240">
     <span class='ocr_line' id='line_1_91' title="bbox 1866 3166 3465 3240; baseline 0.004 -17"><span class='ocrx_word' id='word_1_699' title='bbox 1866 3166 2070 3231; x_wconf 87' lang='lat' dir='ltr'><strong>bolum,</strong></span> <span class='ocrx_word' id='word_1_700' title='bbox 2100 3166 2341 3237; x_wconf 89' lang='lat' dir='ltr'><strong>lnquam,</strong></span> <span class='ocrx_word' id='word_1_701' title='bbox 2366 3181 2488 3223; x_wconf 84' lang='lat' dir='ltr'><strong>esse</strong></span> <span class='ocrx_word' id='word_1_702' title='bbox 2519 3166 2745 3223; x_wconf 84' lang='lat' dir='ltr'><strong>fractum</strong></span> <span class='ocrx_word' id='word_1_703' title='bbox 2763 3177 2819 3225; x_wconf 90' lang='lat' dir='ltr'><strong>et</strong></span> <span class='ocrx_word' id='word_1_704' title='bbox 2850 3177 3198 3239; x_wconf 86' lang='lat' dir='ltr'><strong>prostratum.</strong></span> <span class='ocrx_word' id='word_1_705' title='bbox 3217 3169 3350 3226; x_wconf 82' lang='lat' dir='ltr'><strong>Nam</strong></span> <span class='ocrx_word' id='word_1_706' title='bbox 3375 3174 3465 3240; x_wconf 89' lang='lat' dir='ltr'><strong>qui</strong></span> 
     </span>
    </p>
   </div>
   <div class='ocr_carea' id='block_1_92' title="bbox 1867 3259 3464 3333">
    <p class='ocr_par' dir='ltr' id='par_1_92' title="bbox 1867 3259 3464 3333">
     <span class='ocr_line' id='line_1_92' title="bbox 1867 3259 3464 3333; baseline 0.004 -20"><span class='ocrx_word' id='word_1_707' title='bbox 1867 3267 2097 3313; x_wconf 89' lang='lat' dir='ltr'><strong>mortem</strong></span> <span class='ocrx_word' id='word_1_708' title='bbox 2126 3272 2233 3313; x_wconf 90' lang='lat' dir='ltr'><strong>non</strong></span> <span class='ocrx_word' id='word_1_709' title='bbox 2265 3259 2440 3325; x_wconf 90' lang='lat' dir='ltr'><strong>timet,</strong></span> <span class='ocrx_word' id='word_1_710' title='bbox 2473 3266 2560 3315; x_wconf 87' lang='lat' dir='ltr'><strong>cst</strong></span> <span class='ocrx_word' id='word_1_711' title='bbox 2588 3268 2746 3315; x_wconf 84' lang='lat' dir='ltr'><strong>extra</strong></span> <span class='ocrx_word' id='word_1_712' title='bbox 2779 3259 2978 3316; x_wconf 79' lang='lat' dir='ltr'><strong>diaboli</strong></span> <span class='ocrx_word' id='word_1_713' title='bbox 3010 3260 3373 3333; x_wconf 87' lang='lat' dir='ltr'><strong>tyrannidem.</strong></span> <span class='ocrx_word' id='word_1_714' title='bbox 3404 3262 3464 3321; x_wconf 89' lang='lat' dir='ltr'><strong>Si</strong></span> 
     </span>
    </p>
   </div>
   <div class='ocr_carea' id='block_1_93' title="bbox 1864 3350 3469 3425">
    <p class='ocr_par' dir='ltr' id='par_1_93' title="bbox 1864 3350 3469 3425">
     <span class='ocr_line' id='line_1_93' title="bbox 1864 3350 3469 3425; baseline 0.003 -19"><span class='ocrx_word' id='word_1_715' title='bbox 1864 3350 2009 3406; x_wconf 91' lang='lat' dir='ltr'><strong>enim</strong></span> <span class='ocrx_word' id='word_1_716' title='bbox 2058 3350 2254 3421; x_wconf 89' lang='lat' dir='ltr'><strong>pellem</strong></span> <span class='ocrx_word' id='word_1_717' title='bbox 2305 3364 2403 3420; x_wconf 88' lang='lat' dir='ltr'><strong>pro</strong></span> <span class='ocrx_word' id='word_1_718' title='bbox 2454 3350 2617 3420; x_wconf 87' lang='lat' dir='ltr'><strong>pelle,</strong></span> <span class='ocrx_word' id='word_1_719' title='bbox 2660 3360 2716 3407; x_wconf 90' lang='lat' dir='ltr'><strong>et</strong></span> <span class='ocrx_word' id='word_1_720' title='bbox 2763 3352 2946 3408; x_wconf 86' lang='lat' dir='ltr'><strong>omnia</strong></span> <span class='ocrx_word' id='word_1_721' title='bbox 2992 3352 3145 3409; x_wconf 88' lang='lat' dir='ltr'><strong>dabit</strong></span> <span class='ocrx_word' id='word_1_722' title='bbox 3195 3355 3317 3424; x_wconf 90' lang='lat' dir='ltr'><strong>quis</strong></span> <span class='ocrx_word' id='word_1_723' title='bbox 3366 3370 3469 3425; x_wconf 88' lang='lat' dir='ltr'><strong>pro</strong></span> 
     </span>
    </p>
   </div>
   <div class='ocr_carea' id='block_1_94' title="bbox 1863 3441 3466 3517">
    <p class='ocr_par' dir='ltr' id='par_1_94' title="bbox 1863 3441 3466 3517">
     <span class='ocr_line' id='line_1_94' title="bbox 1863 3441 3466 3517; baseline 0.004 -19"><span class='ocrx_word' id='word_1_724' title='bbox 1863 3444 2043 3499; x_wconf 85' lang='lat' dir='ltr'><strong>anima</strong></span> <span class='ocrx_word' id='word_1_725' title='bbox 2086 3457 2182 3499; x_wconf 90' lang='lat' dir='ltr'><strong>sua</strong></span> <span class='ocrx_word' id='word_1_726' title='bbox 2219 3441 2339 3517; x_wconf 82' lang='lat' dir='ltr'><strong>(Job</strong></span> <span class='ocrx_word' id='word_1_727' title='bbox 2378 3446 2432 3497; x_wconf 69' lang='grc'><strong>2.</strong></span> <span class='ocrx_word' id='word_1_728' title='bbox 2487 3442 2543 3514; x_wconf 72' lang='grc' dir='ltr'><strong>ι)</strong></span> <span class='ocrx_word' id='word_1_729' title='bbox 2574 3460 2588 3498; x_wconf 87' lang='lat'><strong>:</strong></span> <span class='ocrx_word' id='word_1_730' title='bbox 2617 3444 2832 3515; x_wconf 90' lang='lat' dir='ltr'><strong>quando</strong></span> <span class='ocrx_word' id='word_1_731' title='bbox 2875 3445 3039 3501; x_wconf 86' lang='lat' dir='ltr'><strong>etiam</strong></span> <span class='ocrx_word' id='word_1_732' title='bbox 3085 3446 3253 3517; x_wconf 87' lang='lat' dir='ltr'><strong>ipsam</strong></span> <span class='ocrx_word' id='word_1_733' title='bbox 3300 3461 3466 3505; x_wconf 87' lang='lat' dir='ltr'><strong>ausus</strong></span> 
     </span>
    </p>
   </div>
   <div class='ocr_carea' id='block_1_95' title="bbox 1864 3532 3462 3605">
    <p class='ocr_par' dir='ltr' id='par_1_95' title="bbox 1864 3532 3462 3605">
     <span class='ocr_line' id='line_1_95' title="bbox 1864 3532 3462 3605; baseline 0.006 -18"><span class='ocrx_word' id='word_1_734' title='bbox 1864 3533 2023 3589; x_wconf 89' lang='lat' dir='ltr'><strong>fuerit</strong></span> <span class='ocrx_word' id='word_1_735' title='bbox 2056 3532 2360 3605; x_wconf 87' lang='lat' dir='ltr'><strong>despicere,</strong></span> <span class='ocrx_word' id='word_1_736' title='bbox 2389 3534 2673 3605; x_wconf 87' lang='lat' dir='ltr'><strong>cujusnam</strong></span> <span class='ocrx_word' id='word_1_737' title='bbox 2710 3534 2821 3605; x_wconf 91' lang='lat' dir='ltr'><strong>jam</strong></span> <span class='ocrx_word' id='word_1_738' title='bbox 2850 3535 2955 3591; x_wconf 89' lang='lat' dir='ltr'><strong>erit</strong></span> <span class='ocrx_word' id='word_1_739' title='bbox 2980 3538 3212 3595; x_wconf 73' lang='lat' dir='ltr'><strong>servus?</strong></span> <span class='ocrx_word' id='word_1_740' title='bbox 3248 3536 3462 3596; x_wconf 82' lang='lat' dir='ltr'><strong>Nullum</strong></span> 
     </span>
    </p>
   </div>
   <div class='ocr_carea' id='block_1_96' title="bbox 1864 3625 3465 3703">
    <p class='ocr_par' dir='ltr' id='par_1_96' title="bbox 1864 3625 3465 3703">
     <span class='ocr_line' id='line_1_96' title="bbox 1864 3625 3465 3703; baseline 0.005 -22"><span class='ocrx_word' id='word_1_741' title='bbox 1864 3625 2038 3692; x_wconf 88' lang='lat' dir='ltr'><strong>timet,</strong></span> <span class='ocrx_word' id='word_1_742' title='bbox 2084 3626 2292 3681; x_wconf 90' lang='lat' dir='ltr'><strong>nullum</strong></span> <span class='ocrx_word' id='word_1_743' title='bbox 2341 3625 2597 3681; x_wconf 84' lang='lat' dir='ltr'><strong>formidat</strong></span> <span class='ocrx_word' id='word_1_744' title='bbox 2631 3645 2645 3683; x_wconf 90' lang='lat'><strong>:</strong></span> <span class='ocrx_word' id='word_1_745' title='bbox 2682 3635 2768 3683; x_wconf 88' lang='lat' dir='ltr'><strong>est</strong></span> <span class='ocrx_word' id='word_1_746' title='bbox 2811 3628 3064 3683; x_wconf 90' lang='lat' dir='ltr'><strong>omnibus</strong></span> <span class='ocrx_word' id='word_1_747' title='bbox 3100 3632 3375 3703; x_wconf 83' lang='lat' dir='ltr'><strong>superior,</strong></span> <span class='ocrx_word' id='word_1_748' title='bbox 3408 3644 3465 3689; x_wconf 84' lang='lat' dir='ltr'><strong>et</strong></span> 
     </span>
    </p>
   </div>
   <div class='ocr_carea' id='block_1_97' title="bbox 1863 3715 3464 3788">
    <p class='ocr_par' dir='ltr' id='par_1_97' title="bbox 1863 3715 3464 3788">
     <span class='ocr_line' id='line_1_97' title="bbox 1863 3715 3464 3788; baseline 0.005 -15"><span class='ocrx_word' id='word_1_749' title='bbox 1863 3715 2113 3773; x_wconf 89' lang='lat' dir='ltr'><strong>omnibus</strong></span> <span class='ocrx_word' id='word_1_750' title='bbox 2161 3716 2337 3788; x_wconf 72' lang='lat' dir='ltr'><strong>magis</strong></span> <span class='ocrx_word' id='word_1_751' title='bbox 2365 3715 2523 3774; x_wconf 89' lang='lat' dir='ltr'><strong>liber.</strong></span> <span class='ocrx_word' id='word_1_752' title='bbox 2556 3718 2656 3786; x_wconf 90' lang='lat' dir='ltr'><strong>Qui</strong></span> <span class='ocrx_word' id='word_1_753' title='bbox 2698 3718 2841 3774; x_wconf 88' lang='lat' dir='ltr'><strong>enim</strong></span> <span class='ocrx_word' id='word_1_754' title='bbox 2887 3720 3123 3776; x_wconf 89' lang='lat' dir='ltr'><strong>animam</strong></span> <span class='ocrx_word' id='word_1_755' title='bbox 3166 3735 3320 3777; x_wconf 85' lang='lat' dir='ltr'><strong>suam</strong></span> <span class='ocrx_word' id='word_1_756' title='bbox 3365 3724 3464 3781; x_wconf 83' lang='lat' dir='ltr'><strong>de-</strong></span> 
     </span>
    </p>
   </div>
   <div class='ocr_carea' id='block_1_98' title="bbox 1860 3806 3465 3880">
    <p class='ocr_par' dir='ltr' id='par_1_98' title="bbox 1860 3806 3465 3880">
     <span class='ocr_line' id='line_1_98' title="bbox 1860 3806 3465 3880; baseline 0.006 -18"><span class='ocrx_word' id='word_1_757' title='bbox 1860 3808 2042 3880; x_wconf 90' lang='lat' dir='ltr'><strong>spicit,</strong></span> <span class='ocrx_word' id='word_1_758' title='bbox 2078 3806 2451 3880; x_wconf 74' lang='lat' dir='ltr'><strong>multomagis</strong></span> <span class='ocrx_word' id='word_1_759' title='bbox 2489 3810 2615 3865; x_wconf 88' lang='lat' dir='ltr'><strong>alia.</strong></span> <span class='ocrx_word' id='word_1_760' title='bbox 2647 3808 2875 3879; x_wconf 88' lang='lat' dir='ltr'><strong>Quando</strong></span> <span class='ocrx_word' id='word_1_761' title='bbox 2922 3822 3105 3869; x_wconf 87' lang='lat' dir='ltr'><strong>autem</strong></span> <span class='ocrx_word' id='word_1_762' title='bbox 3155 3814 3316 3871; x_wconf 89' lang='lat' dir='ltr'><strong>talem</strong></span> <span class='ocrx_word' id='word_1_763' title='bbox 3346 3818 3465 3873; x_wconf 79' lang='lat' dir='ltr'><strong>ani—</strong></span> 
     </span>
    </p>
   </div>
   <div class='ocr_carea' id='block_1_99' title="bbox 1859 3892 3458 3976">
    <p class='ocr_par' dir='ltr' id='par_1_99' title="bbox 1859 3892 3458 3976">
     <span class='ocr_line' id='line_1_99' title="bbox 1859 3892 3458 3976; baseline 0.008 -25"><span class='ocrx_word' id='word_1_764' title='bbox 1859 3912 2002 3952; x_wconf 88' lang='lat' dir='ltr'><strong>mam</strong></span> <span class='ocrx_word' id='word_1_765' title='bbox 2033 3898 2300 3954; x_wconf 83' lang='lat' dir='ltr'><strong>invenerit</strong></span> <span class='ocrx_word' id='word_1_766' title='bbox 2324 3898 2591 3964; x_wconf 89' lang='lat' dir='ltr'><strong>diabolus,</strong></span> <span class='ocrx_word' id='word_1_767' title='bbox 2622 3900 2756 3956; x_wconf 81' lang='lat' dir='ltr'><strong>nihil</strong></span> <span class='ocrx_word' id='word_1_768' title='bbox 2785 3917 2849 3957; x_wconf 88' lang='lat' dir='ltr'><strong>ex</strong></span> <span class='ocrx_word' id='word_1_769' title='bbox 2880 3903 2947 3958; x_wconf 92' lang='lat' dir='ltr'><strong>iis</strong></span> <span class='ocrx_word' id='word_1_770' title='bbox 2972 3919 3094 3976; x_wconf 68' lang='lat' dir='ltr'><strong>qua:</strong></span> <span class='ocrx_word' id='word_1_771' title='bbox 3120 3919 3217 3961; x_wconf 90' lang='lat' dir='ltr'><strong>sua</strong></span> <span class='ocrx_word' id='word_1_772' title='bbox 3243 3915 3375 3964; x_wconf 89' lang='lat' dir='ltr'><strong>sunt</strong></span> <span class='ocrx_word' id='word_1_773' title='bbox 3404 3892 3458 3964; x_wconf 65' lang='lat' dir='ltr'><strong>ii.</strong></span> 
     </span>
    </p>
   </div>
   <div class='ocr_carea' id='block_1_100' title="bbox 1857 3988 3461 4064">
    <p class='ocr_par' dir='ltr' id='par_1_100' title="bbox 1857 3988 3461 4064">
     <span class='ocr_line' id='line_1_100' title="bbox 1857 3988 3461 4064; baseline 0.007 -21"><span class='ocrx_word' id='word_1_774' title='bbox 1857 4003 1920 4044; x_wconf 85' lang='lat' dir='ltr'><strong>ea</strong></span> <span class='ocrx_word' id='word_1_775' title='bbox 1956 3990 2156 4062; x_wconf 88' lang='lat' dir='ltr'><strong>poterit</strong></span> <span class='ocrx_word' id='word_1_776' title='bbox 2183 3988 2423 4046; x_wconf 77' lang='lat' dir='ltr'><strong>efficere.</strong></span> <span class='ocrx_word' id='word_1_777' title='bbox 2453 3990 2590 4060; x_wconf 88' lang='lat' dir='ltr'><strong>Quid</strong></span> <span class='ocrx_word' id='word_1_778' title='bbox 2618 3992 2783 4059; x_wconf 88' lang='lat' dir='ltr'><strong>enim,</strong></span> <span class='ocrx_word' id='word_1_779' title='bbox 2819 3995 3138 4064; x_wconf 71' lang='lat' dir='ltr'><strong>pecunizene</strong></span> <span class='ocrx_word' id='word_1_780' title='bbox 3168 3998 3461 4055; x_wconf 87' lang='lat' dir='ltr'><strong>minabitur</strong></span> 
     </span>
    </p>
   </div>
   <div class='ocr_carea' id='block_1_101' title="bbox 1858 4080 3454 4161">
    <p class='ocr_par' dir='ltr' id='par_1_101' title="bbox 1858 4080 3454 4161">
     <span class='ocr_line' id='line_1_101' title="bbox 1858 4080 3454 4161; baseline 0.008 -23"><span class='ocrx_word' id='word_1_781' title='bbox 1858 4080 2270 4149; x_wconf 89' lang='lat' dir='ltr'><strong>detrimentum,</strong></span> <span class='ocrx_word' id='word_1_782' title='bbox 2304 4093 2360 4140; x_wconf 91' lang='lat' dir='ltr'><strong>et</strong></span> <span class='ocrx_word' id='word_1_783' title='bbox 2386 4083 2656 4140; x_wconf 88' lang='lat' dir='ltr'><strong>infamiam</strong></span> <span class='ocrx_word' id='word_1_784' title='bbox 2686 4098 2741 4143; x_wconf 87' lang='lat' dir='ltr'><strong>et</strong></span> <span class='ocrx_word' id='word_1_785' title='bbox 2769 4087 3019 4144; x_wconf 84' lang='lat' dir='ltr'><strong>exsilium</strong></span> <span class='ocrx_word' id='word_1_786' title='bbox 3051 4104 3080 4143; x_wconf 84' lang='lat' dir='ltr'><strong>a</strong></span> <span class='ocrx_word' id='word_1_787' title='bbox 3108 4092 3276 4161; x_wconf 83' lang='lat' dir='ltr'><strong>patria</strong></span> <span class='ocrx_word' id='word_1_788' title='bbox 3294 4092 3321 4147; x_wconf 67' lang='grc' dir='ltr'>ἵ</span> <span class='ocrx_word' id='word_1_789' title='bbox 3347 4090 3454 4150; x_wconf 89' lang='lat' dir='ltr'><strong>Sed</strong></span> 
     </span>
    </p>
   </div>
   <div class='ocr_carea' id='block_1_102' title="bbox 1858 4174 3456 4256">
    <p class='ocr_par' dir='ltr' id='par_1_102' title="bbox 1858 4174 3456 4256">
     <span class='ocr_line' id='line_1_102' title="bbox 1858 4174 3456 4256; baseline 0.009 -28"><span class='ocrx_word' id='word_1_790' title='bbox 1858 4174 1973 4230; x_wconf 78' lang='lat' dir='ltr'><strong>lucc</strong></span> <span class='ocrx_word' id='word_1_791' title='bbox 2016 4189 2177 4245; x_wconf 81' lang='lat' dir='ltr'><strong>parva</strong></span> <span class='ocrx_word' id='word_1_792' title='bbox 2204 4186 2333 4233; x_wconf 90' lang='lat' dir='ltr'><strong>sunt</strong></span> <span class='ocrx_word' id='word_1_793' title='bbox 2370 4177 2512 4248; x_wconf 91' lang='lat' dir='ltr'><strong>apud</strong></span> <span class='ocrx_word' id='word_1_794' title='bbox 2538 4194 2683 4245; x_wconf 89' lang='lat' dir='ltr'><strong>eum,</strong></span> <span class='ocrx_word' id='word_1_795' title='bbox 2710 4180 2801 4251; x_wconf 85' lang='lat' dir='ltr'><strong>qui</strong></span> <span class='ocrx_word' id='word_1_796' title='bbox 2846 4196 2915 4237; x_wconf 91' lang='lat' dir='ltr'><strong>ne</strong></span> <span class='ocrx_word' id='word_1_797' title='bbox 2952 4183 3189 4239; x_wconf 84' lang='lat' dir='ltr'><strong>animam</strong></span> <span class='ocrx_word' id='word_1_798' title='bbox 3234 4184 3456 4256; x_wconf 89' lang='lat' dir='ltr'><strong>quidem</strong></span> 
     </span>
    </p>
   </div>
   <div class='ocr_carea' id='block_1_103' title="bbox 1855 4267 3451 4340">
    <p class='ocr_par' dir='ltr' id='par_1_103' title="bbox 1855 4267 3451 4340">
     <span class='ocr_line' id='line_1_103' title="bbox 1855 4267 3451 4340; baseline 0.008 -19"><span class='ocrx_word' id='word_1_799' title='bbox 1855 4280 2008 4322; x_wconf 84' lang='lat' dir='ltr'><strong>suam</strong></span> <span class='ocrx_word' id='word_1_800' title='bbox 2052 4267 2217 4325; x_wconf 87' lang='lat' dir='ltr'><strong>habet</strong></span> <span class='ocrx_word' id='word_1_801' title='bbox 2256 4271 2567 4340; x_wconf 83' lang='lat' dir='ltr'><strong>pretiosam,</strong></span> <span class='ocrx_word' id='word_1_802' title='bbox 2601 4282 2660 4327; x_wconf 89' lang='lat' dir='ltr'><strong>ut</strong></span> <span class='ocrx_word' id='word_1_803' title='bbox 2697 4272 2772 4328; x_wconf 83' lang='lat' dir='ltr'><strong>ait</strong></span> <span class='ocrx_word' id='word_1_804' title='bbox 2812 4273 2999 4331; x_wconf 86' lang='lat' dir='ltr'><strong>beatus</strong></span> <span class='ocrx_word' id='word_1_805' title='bbox 3030 4276 3251 4333; x_wconf 88' lang='lat' dir='ltr'><strong>Paulus.</strong></span> <span class='ocrx_word' id='word_1_806' title='bbox 3287 4277 3451 4336; x_wconf 74' lang='lat' dir='ltr'><strong>Vides</strong></span> 
     </span>
    </p>
   </div>
   <div class='ocr_carea' id='block_1_104' title="bbox 1854 4359 3452 4438">
    <p class='ocr_par' dir='ltr' id='par_1_104' title="bbox 1854 4359 3452 4438">
     <span class='ocr_line' id='line_1_104' title="bbox 1854 4359 3452 4438; baseline 0.011 -24"><span class='ocrx_word' id='word_1_807' title='bbox 1854 4359 1998 4432; x_wconf 77' lang='lat' dir='ltr'><strong>quod</strong></span> <span class='ocrx_word' id='word_1_808' title='bbox 2030 4361 2218 4419; x_wconf 85' lang='lat' dir='ltr'><strong>mortis</strong></span> <span class='ocrx_word' id='word_1_809' title='bbox 2245 4363 2466 4435; x_wconf 85' lang='lat' dir='ltr'><strong>expulsa</strong></span> <span class='ocrx_word' id='word_1_810' title='bbox 2494 4364 2799 4438; x_wconf 75' lang='lat' dir='ltr'><strong>tyrannide,</strong></span> <span class='ocrx_word' id='word_1_811' title='bbox 2830 4366 2990 4426; x_wconf 89' lang='lat' dir='ltr'><strong>simul</strong></span> <span class='ocrx_word' id='word_1_812' title='bbox 3018 4368 3181 4427; x_wconf 86' lang='lat' dir='ltr'><strong>etiam</strong></span> <span class='ocrx_word' id='word_1_813' title='bbox 3228 4369 3452 4430; x_wconf 84' lang='lat' dir='ltr'><strong>confre-</strong></span> 
     </span>
    </p>
   </div>
   <div class='ocr_carea' id='block_1_105' title="bbox 1852 4453 3455 4536">
    <p class='ocr_par' dir='ltr' id='par_1_105' title="bbox 1852 4453 3455 4536">
     <span class='ocr_line' id='line_1_105' title="bbox 1852 4453 3455 4536; baseline 0.012 -32"><span class='ocrx_word' id='word_1_814' title='bbox 1852 4453 1929 4521; x_wconf 77' lang='lat' dir='ltr'><strong>git</strong></span> <span class='ocrx_word' id='word_1_815' title='bbox 1957 4453 2098 4508; x_wconf 79' lang='lat' dir='ltr'><strong>vires</strong></span> <span class='ocrx_word' id='word_1_816' title='bbox 2128 4454 2365 4510; x_wconf 75' lang='lat' dir='ltr'><strong>diaboli?</strong></span> <span class='ocrx_word' id='word_1_817' title='bbox 2394 4456 2526 4512; x_wconf 82' lang='lat' dir='ltr'><strong>Nam</strong></span> <span class='ocrx_word' id='word_1_818' title='bbox 2553 4458 2643 4529; x_wconf 88' lang='lat' dir='ltr'><strong>qui</strong></span> <span class='ocrx_word' id='word_1_819' title='bbox 2676 4459 2745 4516; x_wconf 91' lang='lat' dir='ltr'><strong>de</strong></span> <span class='ocrx_word' id='word_1_820' title='bbox 2776 4464 3177 4521; x_wconf 86' lang='lat' dir='ltr'><strong>resurrectione</strong></span> <span class='ocrx_word' id='word_1_821' title='bbox 3204 4464 3306 4520; x_wconf 87' lang='lat' dir='ltr'><strong>scit</strong></span> <span class='ocrx_word' id='word_1_822' title='bbox 3339 4465 3455 4536; x_wconf 84' lang='lat' dir='ltr'><strong>plu-</strong></span> 
     </span>
    </p>
   </div>
   <div class='ocr_carea' id='block_1_106' title="bbox 1843 4542 3443 4630">
    <p class='ocr_par' dir='ltr' id='par_1_106' title="bbox 1843 4542 3443 4630">
     <span class='ocr_line' id='line_1_106' title="bbox 1843 4542 3443 4630; baseline 0.011 -32"><span class='ocrx_word' id='word_1_823' title='bbox 1843 4542 2039 4599; x_wconf 90' lang='lat' dir='ltr'><strong>rimum</strong></span> <span class='ocrx_word' id='word_1_824' title='bbox 2077 4544 2471 4619; x_wconf 87' lang='lat' dir='ltr'><strong>philosophari,</strong></span> <span class='ocrx_word' id='word_1_825' title='bbox 2498 4553 2774 4625; x_wconf 86' lang='lat' dir='ltr'><strong>quomodo</strong></span> <span class='ocrx_word' id='word_1_826' title='bbox 2806 4555 2991 4611; x_wconf 89' lang='lat' dir='ltr'><strong>timeat</strong></span> <span class='ocrx_word' id='word_1_827' title='bbox 3022 4567 3275 4621; x_wconf 88' lang='lat' dir='ltr'><strong>mortem.</strong></span> <span class='ocrx_word' id='word_1_828' title='bbox 3306 4574 3443 4630; x_wconf 79' lang='lat' dir='ltr'><strong>quo-</strong></span> 
     </span>
    </p>
   </div>
   <div class='ocr_carea' id='block_1_107' title="bbox 1838 4633 3438 4717">
    <p class='ocr_par' dir='ltr' id='par_1_107' title="bbox 1838 4633 3438 4717">
     <span class='ocr_line' id='line_1_107' title="bbox 1838 4633 3438 4717; baseline 0.012 -30"><span class='ocrx_word' id='word_1_829' title='bbox 1838 4633 2001 4688; x_wconf 87' lang='lat' dir='ltr'><strong>modo</strong></span> <span class='ocrx_word' id='word_1_830' title='bbox 2027 4635 2247 4693; x_wconf 89' lang='lat' dir='ltr'><strong>horreat</strong></span> <span class='ocrx_word' id='word_1_831' title='bbox 2265 4639 2335 4693; x_wconf 89' lang='lat' dir='ltr'><strong>de</strong></span> <span class='ocrx_word' id='word_1_832' title='bbox 2359 4643 2587 4697; x_wconf 69' lang='lat' dir='ltr'><strong>cmtcro?</strong></span> <span class='ocrx_word' id='word_1_833' title='bbox 2606 4643 2685 4700; x_wconf 77' lang='lat' dir='ltr'><strong>Ne</strong></span> <span class='ocrx_word' id='word_1_834' title='bbox 2705 4659 2837 4717; x_wconf 78' lang='lat' dir='ltr'><strong>ergo</strong></span> <span class='ocrx_word' id='word_1_835' title='bbox 2864 4647 3438 4713; x_wconf 79' lang='lat' dir='ltr'><strong>tristitiaafliciamini.</strong></span> 
     </span>
    </p>
   </div>
   <div class='ocr_carea' id='block_1_108' title="bbox 1836 4722 3442 4805">
    <p class='ocr_par' dir='ltr' id='par_1_108' title="bbox 1836 4722 3442 4805">
     <span class='ocr_line' id='line_1_108' title="bbox 1836 4722 3442 4805; baseline 0.013 -28"><span class='ocrx_word' id='word_1_836' title='bbox 1836 4722 2081 4781; x_wconf 86' lang='lat' dir='ltr'><strong>dicentes</strong></span> <span class='ocrx_word' id='word_1_837' title='bbox 2109 4744 2123 4782; x_wconf 92' lang='lat'><strong>:</strong></span> <span class='ocrx_word' id='word_1_838' title='bbox 2151 4726 2260 4783; x_wconf 91' lang='lat' dir='ltr'><strong>Cur</strong></span> <span class='ocrx_word' id='word_1_839' title='bbox 2288 4729 2405 4786; x_wconf 73' lang='lat' dir='ltr'><strong>luce</strong></span> <span class='ocrx_word' id='word_1_840' title='bbox 2433 4742 2486 4788; x_wconf 89' lang='lat' dir='ltr'><strong>et</strong></span> <span class='ocrx_word' id='word_1_841' title='bbox 2520 4734 2606 4788; x_wconf 92' lang='lat' dir='ltr'><strong>illa</strong></span> <span class='ocrx_word' id='word_1_842' title='bbox 2648 4736 2792 4805; x_wconf 84' lang='lat' dir='ltr'><strong>passi</strong></span> <span class='ocrx_word' id='word_1_843' title='bbox 2822 4738 3047 4794; x_wconf 84' lang='lat' dir='ltr'><strong>sumus?</strong></span> <span class='ocrx_word' id='word_1_844' title='bbox 3083 4740 3163 4795; x_wconf 85' lang='lat' dir='ltr'><strong>sic</strong></span> <span class='ocrx_word' id='word_1_845' title='bbox 3198 4738 3345 4795; x_wconf 89' lang='lat' dir='ltr'><strong>enim</strong></span> <span class='ocrx_word' id='word_1_846' title='bbox 3382 4741 3442 4798; x_wconf 83' lang='lat' dir='ltr'><strong>fit</strong></span> 
     </span>
    </p>
   </div>
   <div class='ocr_carea' id='block_1_109' title="bbox 1836 4814 3438 4893">
    <p class='ocr_par' dir='ltr' id='par_1_109' title="bbox 1836 4814 3438 4893">
     <span class='ocr_line' id='line_1_109' title="bbox 1836 4814 3438 4893; baseline 0.011 -25"><span class='ocrx_word' id='word_1_847' title='bbox 1836 4814 2039 4872; x_wconf 88' lang='lat' dir='ltr'><strong>clarior</strong></span> <span class='ocrx_word' id='word_1_848' title='bbox 2081 4818 2339 4883; x_wconf 86' lang='lat' dir='ltr'><strong>victoria;</strong></span> <span class='ocrx_word' id='word_1_849' title='bbox 2373 4836 2471 4878; x_wconf 88' lang='lat' dir='ltr'><strong>nec</strong></span> <span class='ocrx_word' id='word_1_850' title='bbox 2508 4823 2699 4881; x_wconf 87' lang='lat' dir='ltr'><strong>fuisset</strong></span> <span class='ocrx_word' id='word_1_851' title='bbox 2736 4826 2905 4893; x_wconf 84' lang='lat' dir='ltr'><strong>clara,</strong></span> <span class='ocrx_word' id='word_1_852' title='bbox 2937 4828 3039 4883; x_wconf 88' lang='lat' dir='ltr'><strong>nisi</strong></span> <span class='ocrx_word' id='word_1_853' title='bbox 3070 4839 3245 4887; x_wconf 87' lang='lat' dir='ltr'><strong>morte</strong></span> <span class='ocrx_word' id='word_1_854' title='bbox 3287 4845 3438 4886; x_wconf 81' lang='lat' dir='ltr'><strong>mor-</strong></span> 
     </span>
    </p>
   </div>
   <div class='ocr_carea' id='block_1_110' title="bbox 1838 4906 3440 4995">
    <p class='ocr_par' dir='ltr' id='par_1_110' title="bbox 1838 4906 3440 4995">
     <span class='ocr_line' id='line_1_110' title="bbox 1838 4906 3440 4995; baseline 0.012 -36"><span class='ocrx_word' id='word_1_855' title='bbox 1838 4913 1943 4959; x_wconf 90' lang='lat' dir='ltr'><strong>tem</strong></span> <span class='ocrx_word' id='word_1_856' title='bbox 1976 4906 2247 4964; x_wconf 87' lang='lat' dir='ltr'><strong>solvisset.</strong></span> <span class='ocrx_word' id='word_1_857' title='bbox 2294 4910 2409 4968; x_wconf 82' lang='lat' dir='ltr'><strong>iloc</strong></span> <span class='ocrx_word' id='word_1_858' title='bbox 2450 4923 2534 4971; x_wconf 90' lang='lat' dir='ltr'><strong>est</strong></span> <span class='ocrx_word' id='word_1_859' title='bbox 2572 4924 2755 4972; x_wconf 88' lang='lat' dir='ltr'><strong>autem</strong></span> <span class='ocrx_word' id='word_1_860' title='bbox 2798 4918 3139 4987; x_wconf 86' lang='lat' dir='ltr'><strong>admirabile,</strong></span> <span class='ocrx_word' id='word_1_861' title='bbox 3167 4921 3312 4992; x_wconf 88' lang='lat' dir='ltr'><strong>quod</strong></span> <span class='ocrx_word' id='word_1_862' title='bbox 3341 4938 3440 4995; x_wconf 87' lang='lat' dir='ltr'><strong>per</strong></span> 
     </span>
    </p>
   </div>
   <div class='ocr_carea' id='block_1_111' title="bbox 1834 4996 3437 5085">
    <p class='ocr_par' dir='ltr' id='par_1_111' title="bbox 1834 4996 3437 5085">
     <span class='ocr_line' id='line_1_111' title="bbox 1834 4996 3437 5085; baseline 0.014 -34"><span class='ocrx_word' id='word_1_863' title='bbox 1834 5009 1897 5051; x_wconf 88' lang='lat' dir='ltr'><strong>ea</strong></span> <span class='ocrx_word' id='word_1_864' title='bbox 1929 4996 2105 5068; x_wconf 89' lang='lat' dir='ltr'><strong>ipsum</strong></span> <span class='ocrx_word' id='word_1_865' title='bbox 2135 5001 2325 5057; x_wconf 83' lang='lat' dir='ltr'><strong>vicerit</strong></span> <span class='ocrx_word' id='word_1_866' title='bbox 2358 5020 2455 5075; x_wconf 86' lang='lat' dir='ltr'><strong>per</strong></span> <span class='ocrx_word' id='word_1_867' title='bbox 2483 5023 2603 5077; x_wconf 77' lang='lat' dir='ltr'><strong>qua:</strong></span> <span class='ocrx_word' id='word_1_868' title='bbox 2630 5020 2747 5066; x_wconf 90' lang='lat' dir='ltr'><strong>erat</strong></span> <span class='ocrx_word' id='word_1_869' title='bbox 2788 5011 2946 5068; x_wconf 83' lang='lat' dir='ltr'><strong>fortis</strong></span> <span class='ocrx_word' id='word_1_870' title='bbox 2985 5022 3040 5069; x_wconf 88' lang='lat' dir='ltr'><strong>et</strong></span> <span class='ocrx_word' id='word_1_871' title='bbox 3071 5025 3285 5085; x_wconf 63' lang='lat' dir='ltr'><strong>potens,</strong></span> <span class='ocrx_word' id='word_1_872' title='bbox 3315 5018 3437 5073; x_wconf 79' lang='lat' dir='ltr'><strong>ubi-</strong></span> 
     </span>
    </p>
   </div>
   <div class='ocr_carea' id='block_1_112' title="bbox 1833 5090 3437 5173">
    <p class='ocr_par' dir='ltr' id='par_1_112' title="bbox 1833 5090 3437 5173">
     <span class='ocr_line' id='line_1_112' title="bbox 1833 5090 3437 5173; baseline 0.015 -34"><span class='ocrx_word' id='word_1_873' title='bbox 1833 5100 1937 5156; x_wconf 90' lang='lat' dir='ltr'><strong>que</strong></span> <span class='ocrx_word' id='word_1_874' title='bbox 1977 5090 2277 5149; x_wconf 85' lang='lat' dir='ltr'><strong>ostendens</strong></span> <span class='ocrx_word' id='word_1_875' title='bbox 2325 5106 2524 5166; x_wconf 84' lang='lat' dir='ltr'><strong>quanta</strong></span> <span class='ocrx_word' id='word_1_876' title='bbox 2562 5100 2664 5155; x_wconf 91' lang='lat' dir='ltr'><strong>sibi</strong></span> <span class='ocrx_word' id='word_1_877' title='bbox 2707 5112 2957 5172; x_wconf 88' lang='lat' dir='ltr'><strong>suppetat</strong></span> <span class='ocrx_word' id='word_1_878' title='bbox 2989 5104 3239 5173; x_wconf 82' lang='lat' dir='ltr'><strong>facultas,</strong></span> <span class='ocrx_word' id='word_1_879' title='bbox 3274 5115 3331 5163; x_wconf 91' lang='lat' dir='ltr'><strong>et</strong></span> <span class='ocrx_word' id='word_1_880' title='bbox 3367 5110 3437 5164; x_wconf 85' lang='lat' dir='ltr'><strong>ad</strong></span> 
     </span>
    </p>
   </div>
   <div class='ocr_carea' id='block_1_113' title="bbox 1833 5180 3435 5269">
    <p class='ocr_par' dir='ltr' id='par_1_113' title="bbox 1833 5180 3435 5269">
     <span class='ocr_line' id='line_1_113' title="bbox 1833 5180 3435 5269; baseline 0.015 -40"><span class='ocrx_word' id='word_1_881' title='bbox 1833 5190 1922 5231; x_wconf 88' lang='lat' dir='ltr'><strong>res</strong></span> <span class='ocrx_word' id='word_1_882' title='bbox 1965 5180 2229 5249; x_wconf 76' lang='lat' dir='ltr'><strong>gerendas</strong></span> <span class='ocrx_word' id='word_1_883' title='bbox 2277 5186 2520 5244; x_wconf 88' lang='lat' dir='ltr'><strong>solertia.</strong></span> <span class='ocrx_word' id='word_1_884' title='bbox 2573 5187 2654 5246; x_wconf 87' lang='lat' dir='ltr'><strong>Ne</strong></span> <span class='ocrx_word' id='word_1_885' title='bbox 2701 5192 2993 5262; x_wconf 85' lang='lat' dir='ltr'><strong>prodamus</strong></span> <span class='ocrx_word' id='word_1_886' title='bbox 3041 5194 3242 5253; x_wconf 89' lang='lat' dir='ltr'><strong>donum</strong></span> <span class='ocrx_word' id='word_1_887' title='bbox 3290 5201 3435 5269; x_wconf 86' lang='lat' dir='ltr'><strong>quod</strong></span> 
     </span>
    </p>
   </div>
   <div class='ocr_carea' id='block_1_114' title="bbox 1830 5269 3436 5362">
    <p class='ocr_par' dir='ltr' id='par_1_114' title="bbox 1830 5269 3436 5362">
     <span class='ocr_line' id='line_1_114' title="bbox 1830 5269 3436 5362; baseline 0.013 -40"><span class='ocrx_word' id='word_1_888' title='bbox 1830 5269 1989 5324; x_wconf 90' lang='lat' dir='ltr'><strong>nobis</strong></span> <span class='ocrx_word' id='word_1_889' title='bbox 2017 5269 2117 5326; x_wconf 89' lang='lat' dir='ltr'><strong>fuit</strong></span> <span class='ocrx_word' id='word_1_890' title='bbox 2147 5272 2330 5331; x_wconf 89' lang='lat' dir='ltr'><strong>datum</strong></span> <span class='ocrx_word' id='word_1_891' title='bbox 2363 5297 2375 5333; x_wconf 91' lang='lat'><strong>:</strong></span> <span class='ocrx_word' id='word_1_892' title='bbox 2407 5277 2530 5335; x_wconf 83' lang='lat' dir='ltr'><strong>Non</strong></span> <span class='ocrx_word' id='word_1_893' title='bbox 2556 5282 2688 5337; x_wconf 88' lang='lat' dir='ltr'><strong>enim</strong></span> <span class='ocrx_word' id='word_1_894' title='bbox 2714 5286 3025 5355; x_wconf 88' lang='lat' dir='ltr'><strong>accepimus,</strong></span> <span class='ocrx_word' id='word_1_895' title='bbox 3055 5287 3249 5359; x_wconf 92' lang='lat' dir='ltr'><strong>inquit,</strong></span> <span class='ocrx_word' id='word_1_896' title='bbox 3280 5290 3436 5362; x_wconf 78' lang='lat' dir='ltr'><strong>spiri-</strong></span> 
     </span>
    </p>
   </div>
   <div class='ocr_carea' id='block_1_115' title="bbox 1832 5364 3436 5441">
    <p class='ocr_par' dir='ltr' id='par_1_115' title="bbox 1832 5364 3436 5441">
     <span class='ocr_line' id='line_1_115' title="bbox 1832 5364 3436 5441; baseline 0.014 -27"><span class='ocrx_word' id='word_1_897' title='bbox 1832 5373 1936 5417; x_wconf 84' lang='lat' dir='ltr'><strong>tum</strong></span> <span class='ocrx_word' id='word_1_898' title='bbox 1965 5364 2181 5431; x_wconf 86' lang='lat' dir='ltr'><strong>timoris,</strong></span> <span class='ocrx_word' id='word_1_899' title='bbox 2213 5370 2303 5423; x_wconf 84' lang='lat' dir='ltr'><strong>sed</strong></span> <span class='ocrx_word' id='word_1_900' title='bbox 2329 5372 2565 5441; x_wconf 87' lang='lat' dir='ltr'><strong>spiritum</strong></span> <span class='ocrx_word' id='word_1_901' title='bbox 2592 5376 2790 5432; x_wconf 79' lang='lat' dir='ltr'><strong>uirtutis</strong></span> <span class='ocrx_word' id='word_1_902' title='bbox 2819 5388 2866 5432; x_wconf 90' lang='lat' dir='ltr'><strong>et</strong></span> <span class='ocrx_word' id='word_1_903' title='bbox 2895 5379 3124 5436; x_wconf 84' lang='lat' dir='ltr'><strong>caritatis</strong></span> <span class='ocrx_word' id='word_1_904' title='bbox 3161 5391 3209 5437; x_wconf 84' lang='lat' dir='ltr'><strong>et</strong></span> <span class='ocrx_word' id='word_1_905' title='bbox 3261 5382 3436 5438; x_wconf 75' lang='lat' dir='ltr'><strong>mode-</strong></span> 
     </span>
    </p>
   </div>
   <div class='ocr_carea' id='block_1_116' title="bbox 1831 5453 3443 5547">
    <p class='ocr_par' dir='ltr' id='par_1_116' title="bbox 1831 5453 3443 5547">
     <span class='ocr_line' id='line_1_116' title="bbox 1831 5453 3443 5547; baseline 0.014 -39"><span class='ocrx_word' id='word_1_906' title='bbox 1831 5453 2133 5523; x_wconf 70' lang='lat' dir='ltr'><strong>stiaemom.</strong></span> <span class='ocrx_word' id='word_1_907' title='bbox 2161 5457 2215 5513; x_wconf 88' lang='lat'><strong>8.</strong></span> <span class='ocrx_word' id='word_1_908' title='bbox 2244 5461 2331 5518; x_wconf 81' lang='grc'><strong>15.</strong></span> <span class='ocrx_word' id='word_1_909' title='bbox 2364 5464 2555 5519; x_wconf 77' lang='lat' dir='ltr'><strong>cott.2.</strong></span> <span class='ocrx_word' id='word_1_910' title='bbox 2591 5466 2723 5522; x_wconf 84' lang='lat' dir='ltr'><strong>Tim.</strong></span> <span class='ocrx_word' id='word_1_911' title='bbox 2754 5469 2805 5524; x_wconf 81' lang='grc'><strong>1.</strong></span> <span class='ocrx_word' id='word_1_912' title='bbox 2836 5470 2912 5542; x_wconf 85' lang='lat'><strong>7).</strong></span> <span class='ocrx_word' id='word_1_913' title='bbox 2937 5469 3157 5529; x_wconf 88' lang='lat' dir='ltr'><strong>Stemus</strong></span> <span class='ocrx_word' id='word_1_914' title='bbox 3180 5488 3312 5547; x_wconf 63' lang='lat' dir='ltr'><strong>ergo</strong></span> <span class='ocrx_word' id='word_1_915' title='bbox 3334 5473 3443 5530; x_wconf 70' lang='lat' dir='ltr'><strong>for.-</strong></span> 
     </span>
    </p>
   </div>
   <div class='ocr_carea' id='block_1_117' title="bbox 1833 5547 2550 5610">
    <p class='ocr_par' dir='ltr' id='par_1_117' title="bbox 1833 5547 2550 5610">
     <span class='ocr_line' id='line_1_117' title="bbox 1833 5547 2550 5610; baseline 0.017 -12"><span class='ocrx_word' id='word_1_916' title='bbox 1833 5547 1958 5601; x_wconf 89' lang='lat' dir='ltr'><strong>titer</strong></span> <span class='ocrx_word' id='word_1_917' title='bbox 1988 5560 2220 5605; x_wconf 85' lang='lat' dir='ltr'><strong>mortem</strong></span> <span class='ocrx_word' id='word_1_918' title='bbox 2243 5551 2550 5610; x_wconf 74' lang='lat' dir='ltr'><strong>irridentes.</strong></span> 
     </span>
    </p>
   </div>
   <div class='ocr_carea' id='block_1_118' title="bbox 1899 5634 3425 5729">
    <p class='ocr_par' dir='ltr' id='par_1_118' title="bbox 1899 5634 3425 5729">
     <span class='ocr_line' id='line_1_118' title="bbox 1899 5634 3425 5729; baseline 0.013 -37"><span class='ocrx_word' id='word_1_919' title='bbox 1899 5637 1953 5692; x_wconf 86' lang='lat'><strong>5.</strong></span> <span class='ocrx_word' id='word_1_920' title='bbox 1990 5634 2261 5709; x_wconf 71' lang='lat' dir='ltr'><strong>Exsequia:</strong></span> <span class='ocrx_word' id='word_1_921' title='bbox 2281 5640 2576 5700; x_wconf 59' lang='lat' dir='ltr'><strong>Grecorum</strong></span> <span class='ocrx_word' id='word_1_922' title='bbox 2607 5663 2748 5703; x_wconf 87' lang='lat' dir='ltr'><strong>more</strong></span> <span class='ocrx_word' id='word_1_923' title='bbox 2779 5660 2897 5705; x_wconf 83' lang='lat' dir='ltr'><strong>tunc</strong></span> <span class='ocrx_word' id='word_1_924' title='bbox 2925 5652 2979 5706; x_wconf 89' lang='lat' dir='ltr'><strong>in</strong></span> <span class='ocrx_word' id='word_1_925' title='bbox 3016 5670 3110 5707; x_wconf 84' lang='lat' dir='ltr'><strong>usu</strong></span> <span class='ocrx_word' id='word_1_926' title='bbox 3139 5656 3425 5729; x_wconf 78' lang='lat' dir='ltr'><strong>vituperan-</strong></span> 
     </span>
    </p>
   </div>
   <div class='ocr_carea' id='block_1_119' title="bbox 1830 5730 3421 5816">
    <p class='ocr_par' dir='ltr' id='par_1_119' title="bbox 1830 5730 3421 5816">
     <span class='ocr_line' id='line_1_119' title="bbox 1830 5730 3421 5816; baseline 0.018 -37"><span class='ocrx_word' id='word_1_927' title='bbox 1830 5739 1932 5782; x_wconf 67' lang='lat' dir='ltr'><strong>tur.</strong></span> <span class='ocrx_word' id='word_1_928' title='bbox 1955 5760 2022 5770; x_wconf 73' lang='lat'><em>-</em></span> <span class='ocrx_word' id='word_1_929' title='bbox 2039 5730 2144 5787; x_wconf 87' lang='lat' dir='ltr'><strong>Sed</strong></span> <span class='ocrx_word' id='word_1_930' title='bbox 2172 5733 2300 5788; x_wconf 88' lang='lat' dir='ltr'><strong>mihi</strong></span> <span class='ocrx_word' id='word_1_931' title='bbox 2332 5738 2477 5792; x_wconf 79' lang='lat' dir='ltr'><strong>venit</strong></span> <span class='ocrx_word' id='word_1_932' title='bbox 2500 5740 2553 5793; x_wconf 91' lang='lat' dir='ltr'><strong>iu</strong></span> <span class='ocrx_word' id='word_1_933' title='bbox 2574 5751 2807 5799; x_wconf 89' lang='lat' dir='ltr'><strong>mentem</strong></span> <span class='ocrx_word' id='word_1_934' title='bbox 2831 5744 3025 5800; x_wconf 87' lang='lat' dir='ltr'><strong>acerbe</strong></span> <span class='ocrx_word' id='word_1_935' title='bbox 3051 5747 3421 5816; x_wconf 63' lang='lat' dir='ltr'><strong>ingemiscere,</strong></span> 
     </span>
    </p>
   </div>
   <div class='ocr_carea' id='block_1_120' title="bbox 1830 5824 3425 5911">
    <p class='ocr_par' dir='ltr' id='par_1_120' title="bbox 1830 5824 3425 5911">
     <span class='ocr_line' id='line_1_120' title="bbox 1830 5824 3425 5911; baseline 0.015 -38"><span class='ocrx_word' id='word_1_936' title='bbox 1830 5824 2128 5890; x_wconf 66' lang='lat' dir='ltr'><strong>reputando</strong></span> <span class='ocrx_word' id='word_1_937' title='bbox 2155 5842 2387 5897; x_wconf 80' lang='lat' dir='ltr'><strong>quonam</strong></span> <span class='ocrx_word' id='word_1_938' title='bbox 2422 5829 2669 5889; x_wconf 76' lang='lat' dir='ltr'><strong>Christus</strong></span> <span class='ocrx_word' id='word_1_939' title='bbox 2711 5851 2807 5890; x_wconf 79' lang='lat' dir='ltr'><strong>nos</strong></span> <span class='ocrx_word' id='word_1_940' title='bbox 2848 5837 3149 5906; x_wconf 73' lang='lat' dir='ltr'><strong>adduxerit,</strong></span> <span class='ocrx_word' id='word_1_941' title='bbox 3200 5850 3253 5895; x_wconf 79' lang='lat' dir='ltr'><strong>cl</strong></span> <span class='ocrx_word' id='word_1_942' title='bbox 3293 5859 3425 5911; x_wconf 84' lang='lat' dir='ltr'><strong>quc-</strong></span> 
     </span>
    </p>
   </div>
  </div>
