4042 6438
623 406 687 458 Δό
1358 411 1414 468 S.
1456 407 1730 467 JOANNIS
1764 405 2232 463 CllllYSOSTOHl
2276 405 2586 460 AllClllEP.
2628 406 3155 462 CONSTANTIXOP.
3808 411 3883 465 46

634 531 755 570 nam
788 496 1307 570 nosiiilemiscrinuis.
1335 511 1463 566 Nam
1493 509 1706 581 quando
1753 506 1908 562 video
1952 506 2040 577 qui
2074 504 2205 560 ﬁunt

634 609 684 661 iu
722 606 839 662 foro
870 606 1132 677 planctus,
1161 614 1215 660 et
1242 604 1468 673 ejulatus
1499 611 1715 671 propter
1734 615 1765 656 e
1790 599 1921 654 vivis
1943 595 2204 653 exceden—

635 710 733 763 tcs,
768 699 1099 767 ululatusque
1128 704 1183 753 et
1233 692 1637 750 lamentationes
1666 703 1719 748 et
1760 692 1863 745 alia
1912 705 2030 760 quae
2072 687 2203 743 ﬁunt

634 789 889 845 indecore
921 807 933 843 :
966 789 1189 855 credite,
1220 801 1304 841 me
1355 785 1514 853 pudet
1542 784 1868 848 Graecorum,
1900 780 2202 838 Iudaeorum

634 890 686 932 et
717 879 1087 934 haereticorum
1118 877 1207 947 qui
1230 875 1430 941 vident,
1454 884 1509 931 et
1532 889 1629 929 nos
1653 885 1928 944 propterea
1958 866 2200 925 irrident.

635 968 765 1023 Nam
798 968 1050 1038 quidquid
1080 967 1146 1022 de
1170 977 1371 1022 caetero
1412 966 1619 1031 dixero,
1650 965 1839 1019 frustra
1883 964 2055 1018 dicam
2089 962 2205 1033 phi-

640 1056 924 1125 losophans
936 1056 1000 1109 de
1018 1056 1429 1111 resurrectione.
1453 1055 1663 1123 Quare?
1679 1053 1937 1120 Quoniam
1958 1066 2062 1107 non
2084 1067 2204 1121 qua!

635 1164 664 1201 a
693 1163 778 1201 me
807 1145 1053 1201 dicuntur
1096 1146 1379 1202 attendunt
1402 1146 1573 1201 Grzeei
1602 1186 1617 1212 ,
1668 1144 1761 1199 sed
1812 1159 1932 1214 quze
1982 1159 2011 1196 a
2053 1143 2204 1197 vobis

636 1240 769 1291 ﬁunt
801 1256 813 1290 :
844 1237 1020 1291 statim
1065 1237 1206 1291 enim
1256 1236 1479 1291 dicent:
1521 1233 1744 1301 Quando
1783 1233 1977 1303 poterit
2016 1248 2082 1287 ex
2121 1231 2204 1285 his

633 1329 911 1397 quisquam
941 1334 1167 1381 mortem
1198 1325 1498 1393 despicere,
1542 1323 1631 1394 qui
1663 1338 1730 1378 ne
1774 1331 1949 1393 potest
1989 1321 2201 1392 quidem

632 1417 793 1470 alium
815 1416 997 1470 videre
1024 1415 1331 1469 mortuum?
1361 1414 1586 1468 Pulchra
1614 1422 1738 1467 sunt
1765 1428 1883 1482 qua:
1912 1411 2052 1467 dicta
2079 1421 2203 1467 sunt

633 1522 662 1558 a
702 1505 885 1569 Paulo,
940 1514 992 1560 ct
1029 1501 1183 1573 digna
1240 1504 1385 1559 carlis
1425 1502 1625 1573 Deique
1666 1502 1989 1572 benignitate
2021 1519 2035 1555 ε
2077 1502 2201 1571 quid

631 1595 773 1649 enim
794 1594 957 1649 dicit?
980 1593 1043 1647 Et
1069 1593 1296 1647 liberabit
1320 1609 1404 1647 eos
1431 1594 1518 1664 qui
1547 1594 1723 1646 timore
1750 1593 1922 1647 mortis
1944 1609 2032 1663 per
2048 1604 2203 1646 totam

631 1689 783 1741 vitam
810 1686 1011 1741 obnoxii
1040 1696 1183 1741 erant
1212 1685 1453 1739 servituti.
1487 1684 1593 1739 Sed
1620 1698 1722 1739 non
1751 1685 1925 1739 sinitis
1964 1699 2063 1739 nos
2089 1684 2201 1739 ha":

629 1779 869 1847 credere,
904 1794 997 1851 per
1028 1777 1142 1850 ipsa
1167 1778 1302 1835 iacta
1343 1777 1615 1833 vobiscum
1648 1787 1940 1849 pugnantes
1972 1793 1984 1831 :
2016 1792 2201 1851 quam-

630 1888 789 1943 quam
824 1873 960 1927 Dcus
997 1871 1251 1926 adversus
1280 1870 1383 1926 hoc
1424 1871 1588 1925 multa
1616 1869 1823 1926 dederit
1852 1871 2199 1940 munimenta,

636 1969 695 2014 ut
722 1960 858 2018 hanc
893 1977 1111 2031 pravam
1158 1964 1373 2020 tolleret
1425 1964 1882 2020 consuetudinem.
1933 1964 2087 2030 Nam,
2114 1964 2202 2019 dic

634 2051 787 2117 mihi,
837 2053 963 2121 quid
999 2054 1101 2110 sibi
1142 2055 1324 2110 volunt
1362 2057 1520 2110 clam
1565 2056 1870 2125 lampades?
1898 2072 2075 2111 annon
2109 2071 2205 2112 eos

634 2152 904 2212 tamquam
944 2144 1169 2199 athletas
1197 2145 1547 2201 deducimus?
1584 2146 1708 2216 quid
1748 2157 1928 2201 autem
1967 2147 2203 2217 hymni?

631 2247 810 2287 annon
835 2234 997 2289 Deum
1017 2234 1372 2305 gloriﬁcamus
1392 2246 1445 2292 et
1462 2237 1657 2307 gratias
1675 2238 1900 2308 agimus,
1917 2237 2060 2308 quod
2076 2252 2201 2294 eum

632 2325 723 2394 qui
753 2327 984 2381 excessit
1016 2327 1125 2395 jam
1154 2330 1511 2395 coronaverit,
1540 2329 1681 2400 quod
1711 2344 1741 2384 a
1770 2329 2039 2385 laboribus
2066 2330 2201 2386 libe-

633 2418 849 2483 raverit,
878 2417 1017 2487 quod
1055 2417 1225 2487 ejecto
1251 2429 1395 2473 metu
1431 2434 1552 2474 eum
1579 2419 1717 2488 apud
1745 2434 1805 2475 se
1840 2419 2067 2476 habeat?
2094 2434 2199 2475 non

632 2506 754 2559 ideo
795 2515 919 2561 sunt
964 2507 1189 2577 hymni?
1215 2522 1320 2562 non
1349 2509 1467 2564 ideo
1490 2509 1835 2579 psalmoditn?
1868 2511 1994 2566 Haec
2019 2511 2195 2566 omnia

629 2607 753 2650 sunt
780 2597 1071 2652 laetantium
1104 2614 1119 2652 :
1144 2596 1237 2651 Est
1262 2600 1393 2653 enim
1418 2601 1686 2671 quispiam,
1720 2601 1910 2671 inquit,
1940 2602 2055 2656 ιωιο
2081 2603 2196 2656 ani-

628 2686 747 2738 mo!
785 2686 970 2753 psallat
1017 2686 1038 2759 (
1063 2685 1180 2740 Jac.
1220 2687 1276 2743 5.
1320 2686 1442 2761 15).
1488 2688 1593 2746 Sed
1637 2693 1733 2746 hos
1763 2706 1869 2747 non
1915 2690 2195 2747 attendunt

628 2777 820 2831 Cneci.
852 2776 927 2831 Ne
974 2777 1100 2831 mihi
1130 2777 1270 2832 enim
1292 2820 1306 2845 ,
1337 2779 1541 2850 inquit,
1568 2780 1768 2837 dixeris
1804 2796 1959 2846 eum,
2008 2781 2098 2853 qui
2127 2781 2194 2837 ab

626 2868 788 2922 animi
815 2878 956 2923 metu
984 2878 1221 2925 remotus
1268 2869 1698 2941 philosophatur;
1742 2871 1845 2927 hoc
1875 2873 2018 2928 enim
2057 2871 2191 2927 nihil

624 2967 709 3014 est
733 2975 979 3031 magnum
1006 2975 1105 3016 nec
1132 2961 1445 3018 admirabile
1470 2979 1485 3029 ς
1531 2962 1752 3019 ostende
1797 2963 1928 3019 mihi
1954 2979 2075 3019 eum
2100 2964 2191 3034 qui

623 3051 677 3105 iu
707 3051 889 3106 dolore
916 3052 1031 3121 ipso
1059 3051 1489 3122 philosophetur,
1531 3062 1585 3109 et
1613 3064 1736 3110 tunc
1773 3054 1985 3110 credam
2008 3068 2190 3111 resur-

621 3141 873 3196 rectioni.
906 3135 973 3196 Et
995 3142 1135 3212 quod
1166 3143 1267 3198 hoc
1306 3141 1500 3199 faciant
1524 3144 1739 3215 quidem
1790 3147 2043 3201 mulieres
2070 3158 2190 3217 qua:

622 3233 675 3286 in
706 3234 860 3303 hujus
890 3235 1009 3289 vita:
1033 3235 1177 3289 curis
1196 3244 1491 3303 versantur,
1523 3252 1626 3291 non
1654 3246 1735 3293 est
1762 3237 1975 3303 mirum,
2003 3254 2190 3309 quam-

620 3340 777 3395 quam
803 3326 906 3380 hoc
930 3341 1139 3397 quoque
1178 3326 1247 3381 sit
1278 3327 1473 3382 malum
1515 3337 1568 3383 et
1604 3343 1764 3397 grave
1792 3346 1805 3382 :
1829 3344 1952 3383 nam
2004 3329 2072 3385 ab
2124 3329 2189 3386 iis

619 3432 831 3487 quoque
876 3418 1061 3471 eadem
1116 3418 1343 3487 exigitur
1392 3419 1725 3490 philosophia
1783 3439 1797 3473 :
1840 3422 2185 3491 quamobrem

619 3510 813 3565 Paulus
843 3524 1053 3580 quoque
1077 3509 1203 3565 dicit
1236 3526 1250 3565 :
1282 3507 1361 3563 De
1384 3510 1744 3566 dormientibus
1764 3522 1932 3566 autem
1960 3513 2076 3567 uolo
2101 3530 2185 3569 vos

615 3604 868 3671 ignorare,
899 3603 1101 3670 fratres,
1128 3610 1183 3655 ut
1230 3618 1331 3656 non
1371 3603 1749 3671 contristentini,
1780 3604 1907 3658 sicut
1943 3613 1990 3657 et
2019 3605 2186 3658 cateri

614 3693 701 3763 qui
725 3708 862 3761 spem
884 3707 983 3745 non
1008 3691 1188 3746 habent
1211 3692 1298 3763 (1.
1335 3692 1508 3748 Thess.
1530 3694 1583 3748 4.
1614 3693 1681 3749 12
1703 3695 1744 3765 ).
1763 3693 1878 3749 Non
1908 3693 2021 3749 hac
2047 3694 2184 3749 scri-

613 3782 776 3838 bebat
804 3784 1101 3851 monachis,
1146 3799 1246 3840 nec
1287 3786 1351 3839 iis
1376 3801 1494 3856 qua:
1530 3801 1743 3856 semper
1771 3796 1893 3841 sunt
1922 3787 2182 3858 virgines,

615 3873 713 3929 sed
732 3875 798 3927 iis
825 3876 983 3929 etiam
1012 3889 1130 3944 quae
1168 3884 1446 3929 versantur
1471 3875 1523 3930 in
1548 3876 1765 3937 mundo,
1794 3892 1912 3947 qua:
1937 3877 2185 3933 dicuntur

611 3962 917 4019 sreculares.
950 3962 1054 4018 Sed
1092 3977 1201 4019 non
1239 3972 1316 4018 est
1362 3963 1463 4019 hoc
1487 3964 1621 4020 adeo
1659 3965 1853 4021 malum
1879 3976 1933 4021 et
1971 3982 2131 4036 grave
2164 3984 2177 4021 :

611 4055 824 4125 quando
847 4063 1025 4110 autem
1054 4056 1139 4110 vel
1171 4056 1362 4111 mulier
1379 4056 1576 4126 aliqua,
1603 4057 1687 4112 vel
1711 4058 1791 4112 vir
1813 4058 2073 4129 quispiam
2102 4059 2183 4114 di-

610 4160 738 4199 cens
757 4160 815 4200 se
834 4159 954 4201 esse
975 4145 1171 4199 mundo
1195 4145 1527 4212 cruciﬁxum,
1561 4146 1647 4202 hic
1673 4146 1885 4217 quidem
1914 4148 2063 4203 vellit
2090 4162 2181 4204 ca-

610 4236 788 4306 pillos,
818 4236 905 4290 illa
931 4251 1059 4292 vero
1088 4236 1241 4292 valde
1264 4236 1463 4307 ejulat:
1495 4237 1620 4307 quid
1648 4247 1733 4293 est
1770 4238 1872 4293 hoc
1899 4239 2101 4309 turpius
2126 4249 2181 4297 et

608 4329 780 4398 magis
824 4328 1170 4383 indecorum?
1209 4326 1422 4383 Credite
1467 4326 1597 4383 mihi
1637 4328 1833 4385 dicenti
1862 4348 1875 4384 :
1907 4340 2180 4400 Oporteret

606 4434 698 4475 eos
724 4416 813 4488 qui
836 4426 959 4472 sunt
980 4416 1303 4487 hujusmodi,
1330 4416 1489 4487 longo
1516 4427 1755 4487 tempore
1782 4419 1949 4473 arceri
1976 4433 2006 4473 a
2038 4420 2178 4475 limi-

605 4510 758 4564 nibus
784 4508 1044 4564 ecclesiaa.
1087 4507 1184 4575 Qui
1212 4508 1353 4563 enim
1392 4516 1515 4563 sunt
1552 4509 1693 4579 digni
1747 4518 1807 4563 ut
1858 4510 1929 4564 ita
1960 4508 2178 4581 lugean-

605 4608 710 4661 tur,
746 4597 780 4651 ii
807 4606 931 4651 sunt
956 4597 1045 4667 qui
1072 4606 1297 4652 mortem
1323 4595 1495 4653 adhuc
1522 4596 1710 4652 timent
1735 4607 1788 4653 et
1814 4598 2051 4666 horrent,
2083 4602 2174 4671 qui

600 4704 707 4742 non
732 4687 956 4744 credunt
978 4687 1375 4743 resurrectioni.
1399 4688 1467 4743 At
1490 4702 1594 4765 non
1620 4703 1759 4753 sum,
1787 4690 1976 4761 inquit,
2009 4708 2109 4765 ego
2130 4695 2176 4751 is

600 4782 687 4849 qui
720 4794 824 4835 non
851 4779 1065 4835 credam
1093 4778 1493 4847 resurrectionl,
1523 4761 1616 4835 s'ed
1644 4782 1856 4852 requiro
1883 4761 2173 4842 consuetu-

600 4872 804 4928 dinem.
828 4870 937 4927 Cur
965 4886 1111 4940 vero,
1145 4872 1235 4927 die
1254 4872 1403 4939 mihi,
1425 4873 1639 4944 quando
1666 4875 1812 4930 vadis
1839 4891 2059 4949 peregre
2079 4919 2094 4946 ,
2118 4888 2174 4936 et

601 4963 820 5033 longam
841 4964 1067 5034 suscipis
1107 4964 1606 5035 peregrinationem,
1637 4980 1743 5021 non
1786 4966 1971 5024 eadem
2002 4968 2172 5024 lacis?

599 5055 704 5111 Sed
734 5064 858 5111 tunc
886 5070 1096 5127 quoque
1121 5055 1245 5121 ﬂeo,
1275 5055 1465 5129 inquit,
1492 5066 1547 5113 et
1577 5059 1839 5114 lamentor
1868 5063 2166 5133 requirens.

601 5146 707 5203 Sed
735 5146 860 5201 illud
883 5146 1098 5216 quidem
1115 5161 1304 5202 revera
1321 5159 1402 5203 est
1422 5163 1615 5204 eorum
1631 5151 1717 5221 qui
1742 5154 2020 5223 requirunt
2036 5174 2167 5215 con-

590 5238 957 5305 suetudinem;
998 5238 1100 5296 hoc
1149 5249 1326 5297 autem
1365 5251 1448 5299 est
1490 5244 1607 5313 ejus
1642 5258 1761 5315 qua:
1811 5248 2060 5314 desperet
2094 5246 2162 5303 de

591 5328 786 5385 reditu.
818 5328 1000 5399 Cogita
1030 5332 1154 5401 quid
1184 5334 1379 5403 psallas
1414 5334 1503 5389 illo
1528 5343 1768 5405 tempore
1798 5353 1811 5390 :
1842 5334 2157 5406 Convertere,

590 5421 783 5492 inquit,
800 5420 972 5476 anima
992 5438 1121 5489 mea,
1146 5424 1200 5477 in
1224 5428 1443 5494 requiem
1461 5434 1622 5493 tuam,
1648 5427 1765 5497 quia
1793 5424 2041 5483 Dominus
2072 5430 2157 5483 be-

592 5512 774 5583 nefecit
804 5515 928 5580 tibi;
963 5523 1018 5569 et
1043 5529 1247 5581 rursus,
1281 5515 1401 5572 Non
1446 5517 1625 5572 timebo
1653 5518 1809 5585 mata,
1839 5519 2079 5589 quoniam
2106 5528 2159 5572 ιιι

592 5623 785 5661 mecum
811 5623 862 5661 es
878 5624 899 5673 ;
925 5616 978 5663 et
1011 5622 1227 5673 rursus,
1254 5607 1333 5663 Tu
1361 5624 1410 5664 es
1444 5610 1566 5663 mihi
1610 5610 1863 5681 refugium
1891 5628 1923 5663 ιι
1950 5610 2162 5665 tribulo-

593 5698 730 5752 tione
782 5713 895 5768 quae
932 5715 1009 5752 me
1060 5698 1340 5753 circumdat
1393 5698 1574 5769 (Psal.
1632 5701 1839 5755 ηις-ι,
1886 5711 1930 5755 et
1981 5699 2071 5756 22.
2104 5701 2157 5755 4.

594 5800 637 5843 et
667 5789 752 5845 3i.
784 5786 871 5858 9).
901 5789 1081 5862 Cogita
1105 5790 1231 5863 quid
1252 5790 1351 5847 sibi
1379 5790 1561 5847 volunt
1600 5791 1651 5846 hi
1682 5791 1890 5863 psalmi.
1921 5791 2023 5849 Sed
2057 5806 2159 5847 non

2310 502 2558 568 attendis,
2619 517 2801 557 verum
2831 519 2889 559 es
2915 520 2944 558 a
2993 506 3137 561 luctu
3168 506 3367 562 ebrius.
3411 506 3507 564 Vel
3554 508 3607 562 in
3656 506 3887 562 aliorum

2308 594 2576 664 exsequiis
2616 594 2898 665 diligenter
2926 599 3207 654 considera
3234 642 3249 666 ,
3294 609 3349 654 ut
3405 600 3457 654 in
3503 602 3603 655 tuis
3642 600 3890 655 invenias

2310 684 2777 742 medicamentum.
2811 687 3125 756 Convertere,
3152 691 3325 744 anima
3375 707 3506 758 inea,
3555 692 3607 744 in
3663 691 3832 761 requie

2309 786 2445 829 tuam
2463 817 2479 843 ,
2504 779 2741 846 quoniam
2769 776 3017 833 Dominus
3042 780 3282 851 benefecit
3310 782 3416 847 tibi,
3442 782 3593 847 dicis,
3627 792 3680 836 et
3706 782 3890 854 lacry-

2308 866 2504 921 maris?
2527 882 2703 924 annon
2726 868 2840 929 haec
2860 879 2985 924 sunt
3002 870 3157 929 ludus
3177 881 3229 925 et
3248 872 3553 929 histrionica
3574 873 3849 928 simulatio
3863 874 3891 926 Υ

2307 958 2437 1015 Nam
2470 960 2513 1013 si
2565 974 2751 1015 revera
2799 961 2973 1015 credis
3016 963 3080 1018 iis
3128 979 3245 1033 qum
3275 964 3437 1031 dicis,
3480 978 3891 1035 supervacaneo

2309 1051 2455 1121 luges
2480 1061 2534 1107 et
2561 1053 2867 1109 lamentaris
2893 1073 2905 1113 ;
2935 1055 2979 1108 si
3005 1064 3182 1110 autem
3213 1055 3350 1110 ludis
3369 1065 3421 1111 et
3442 1056 3660 1111 simulas
3684 1066 3739 1112 et
3767 1056 3891 1113 ha-c

2310 1150 2459 1210 putas
2484 1157 2604 1199 esse
2623 1143 2847 1207 fabulas,
2877 1160 2971 1199 cur
3002 1146 3217 1214 psallis?
3244 1161 3339 1201 cur
3367 1147 3523 1202 etiam
3552 1162 3643 1203 eos
3665 1147 3755 1217 qui
3784 1148 3876 1203 ad-

2307 1240 2429 1289 sunt
2454 1233 2689 1302 pateris?
2710 1248 2806 1288 cur
2830 1250 2933 1289 non
2956 1250 3048 1290 eos
3071 1237 3161 1306 qui
3188 1237 3419 1306 psallunt
3439 1239 3639 1309 abigis?
3663 1242 3733 1292 At
3757 1238 3888 1304 hoc,

2308 1322 2495 1392 inquit,
2527 1332 2611 1377 est
2636 1323 2942 1380 furentium.
2986 1325 3118 1384 Illud
3161 1337 3338 1382 autem
3370 1328 3540 1383 multo
3571 1330 3758 1399 magis.
3786 1333 3890 1384 At-

2306 1427 2407 1481 que
2447 1412 2655 1470 interim
2719 1415 2933 1485 quidem
2987 1415 3279 1483 admoneo;
3331 1418 3652 1487 procedente
3697 1428 3889 1474 autem

2307 1514 2550 1573 tempore
2602 1504 2739 1561 hanc
2794 1521 2907 1562 rem
2957 1522 3247 1577 persequar
3278 1511 3693 1564 vehementius:
3728 1510 3892 1565 valde

2306 1596 2446 1649 enim
2476 1597 2636 1651 timeo
2666 1613 2732 1651 ne
2752 1597 2851 1651 hoc
2872 1599 3029 1652 modo
3046 1600 3220 1668 gravis
3244 1600 3435 1669 aliquis
3457 1601 3671 1654 morbus
3690 1600 3891 1656 subeat

2308 1686 2620 1741 Ecclesiam.
2656 1688 2828 1758 Atque
2850 1688 3093 1758 planctus
3119 1689 3333 1760 quidem
3365 1700 3549 1759 postea
3575 1693 3887 1762 corrigam;

2305 1776 2516 1829 interim
2564 1784 2740 1831 autem
2773 1776 3053 1844 denuntio,
3097 1777 3394 1849 divitesque
3436 1788 3489 1834 et
3539 1794 3801 1849 pauperes
3831 1792 3889 1836 et

2306 1865 2557 1923 mulieres
2585 1867 2828 1937 virOSque
2863 1867 3015 1923 valde
3046 1869 3302 1924 obtestor.

2377 1960 2612 2027 Prw/ica:
2640 1959 2692 2013 in
2736 1959 2993 2030 funeribus
3031 1970 3265 2013 arcentur
3318 1976 3351 2013 a
3403 1958 3783 2032 Clirysostomo.
3814 1994 3892 2006 —

2304 2049 2587 2121 Contingat
2612 2052 2825 2122 quidem
2868 2053 3020 2107 vobis
3046 2053 3295 2108 omnibus
3346 2064 3401 2108 ut
3444 2056 3646 2125 absque
3678 2057 3826 2112 luctu
3854 2075 3891 2114 e

2305 2145 2409 2199 vita
2436 2144 2725 2208 excedatis,
2754 2152 2808 2199 et
2829 2159 2889 2199 ea
2912 2159 3014 2214 qua
3042 2160 3137 2215 par
3157 2155 3240 2199 est
3265 2145 3402 2216 lege,
3436 2156 3611 2216 patres
3635 2151 3725 2219 qui
3754 2166 3891 2206 cou-

2304 2243 2597 2292 senuerunt
2623 2234 2957 2289 deducantur
2983 2249 3013 2288 a
3054 2234 3198 2301 ﬁliis,
3231 2245 3284 2291 et
3315 2244 3511 2291 matres
3537 2253 3567 2291 a
3597 2240 3808 2296 ﬁliabus
3832 2253 3893 2298 et

2305 2325 2586 2396 nepetibus
2614 2336 2668 2380 et
2699 2326 3079 2395 pronepotibus
3109 2327 3159 2380 in
3187 2326 3324 2380 bona
3352 2336 3407 2382 et
3434 2328 3691 2397 profunda
3719 2347 3890 2388 seue-

2305 2424 2477 2482 ctute,
2508 2424 2562 2471 et
2584 2430 2840 2485 nusquam
2861 2415 2929 2471 sit
2950 2430 3099 2470 mors
3126 2416 3426 2472 immatura.
3454 2418 3563 2473 lloc
3590 2434 3721 2490 ergo
3751 2437 3890 2477 eon-

2308 2509 2491 2578 tingat,
2523 2509 2704 2563 ethoc
2743 2516 2869 2577 epto
2909 2517 2963 2562 et
3004 2523 3195 2578 precor
3226 2527 3239 2562 :
3274 2510 3635 2581 przesidesque
3685 2522 3742 2568 et
3790 2529 3892 2571 vos

2303 2613 2490 2656 omnes
2519 2614 2648 2670 rogo
2668 2608 2721 2654 et
2740 2598 2926 2653 hortor
2950 2608 3007 2655 ut
3036 2602 3196 2654 Deum
3219 2602 3353 2655 alter
3374 2616 3468 2671 pro
3495 2603 3666 2658 altero
3691 2608 3889 2673 oretis,

2304 2702 2358 2747 et
2382 2704 2665 2745 commune
2687 2689 2787 2744 hoc
2812 2689 2882 2743 sit
2903 2698 3140 2744 vestrum
3168 2699 3347 2745 votum
3375 2708 3389 2743 :
3418 2691 3465 2745 si
3509 2703 3708 2762 autem,
3738 2698 3891 2766 quod

2304 2781 2444 2837 absit
2469 2796 2641 2850 neque
2681 2780 2908 2847 accidat,
2954 2781 3146 2835 acerba
3193 2795 3338 2837 mors
3385 2781 3565 2852 aliqua
3639 2785 3892 2841 evenerit

2305 2870 2555 2942 (acerba,
2580 2870 2817 2938 inquam,
2850 2884 2955 2923 non
2986 2878 3169 2923 natura
3193 2886 3365 2939 neque
3396 2873 3538 2926 enim
3567 2882 3651 2929 est
3678 2874 3746 2930 de
3771 2891 3893 2932 cae-

2307 2973 2420 3019 tero
2445 2977 2589 3018 mors
2614 2962 2842 3027 acerba;
2866 2977 2896 3015 a
2926 2975 3116 3015 somno
3142 2962 3284 3016 enim
3315 2962 3444 3017 nihil
3476 2963 3656 3021 ditl'ert
3677 2982 3692 3032 ;
3717 2969 3818 3024 sed
3842 2969 3892 3025 si

2303 3064 2486 3113 nostra
2517 3062 2784 3123 spectetur
2811 3051 3045 3122 affectio)
3075 3070 3089 3107 :
3114 3052 3158 3106 si
3197 3052 3355 3120 igitur
3370 3054 3561 3109 acerba
3586 3070 3730 3111 mors
3752 3073 3887 3115 eve.

2311 3150 2483 3213 nerit,
2530 3155 2585 3201 et
2638 3146 2827 3216 aliquis
2858 3143 2955 3201 bas
3004 3160 3123 3215 qua:
3154 3144 3515 3201 lamententur
3538 3146 3897 3214 conduxerit,

2310 3236 2440 3291 mihi
2462 3235 2663 3291 credite
2682 3235 2877 3292 dicenti
2903 3253 2916 3288 :
2941 3251 3045 3290 non
3066 3234 3220 3290 aliter
3244 3236 3387 3289 enim
3413 3236 3554 3303 dico,
3577 3252 3737 3308 quam
3768 3253 3899 3295 sum

2309 3326 2563 3393 allectus;
2592 3326 2680 3396 qui
2709 3327 2833 3381 velit
2859 3329 3115 3381 irascatur
3142 3343 3155 3379 :
3184 3340 3305 3381 eum
3346 3327 3505 3397 longo
3534 3335 3778 3399 tempore
3799 3344 3899 3385 ar-

2308 3418 2547 3472 cebimus
2576 3417 2641 3471 ab
2671 3417 2915 3481 ecclesia,
2955 3426 3221 3486 tamquam
3264 3417 3597 3473 idololatram
3644 3418 3794 3491 (Col.
3832 3422 3892 3477 5.

2308 3505 2399 3574 5).
2430 3504 2561 3559 Nam
2590 3506 2633 3559 si
2666 3504 2860 3559 Paulus
2880 3520 3105 3561 avarum,
3129 3515 3283 3562 vocat
3307 3508 3642 3563 idololatram
3668 3526 3682 3563 :
3713 3511 3895 3567 multo

2307 3596 2473 3665 magis
2498 3610 2618 3649 eum
2666 3594 2755 3664 qui
2784 3610 2945 3666 super
2968 3596 3178 3651 ﬁdelem
3206 3610 3269 3651 ea
3295 3598 3581 3655 introducit
3607 3616 3728 3671 qua
3758 3613 3895 3658 sunt

2308 3685 2723 3741 idololatrarum.
2756 3686 2995 3753 Quanam
3019 3686 3163 3741 enim
3193 3687 3261 3743 de
3299 3703 3456 3744 causa
3481 3730 3498 3756 ,
3549 3689 3633 3745 dic
3660 3706 3889 3762 quaso,

2305 3789 2467 3831 vocas
2506 3776 2848 3848 presbyteros
2894 3785 2951 3832 et
2985 3791 3079 3832 eos
3122 3778 3212 3847 qui
3240 3779 3639 3848 psalluntlnon
3665 3790 3724 3836 ut
3745 3797 3890 3838 con-

2303 3867 2533 3923 soleris?
2563 3883 2666 3923 non
2697 3878 2752 3923 ut
2791 3884 2914 3923 eum
2941 3867 3173 3924 honores
3196 3872 3285 3940 qui
3315 3872 3584 3927 excessit?
3607 3871 3716 3927 Cur
3750 3890 3889 3946 ergo

2302 3976 2425 4016 eum
2453 3962 2768 4017 contumelia
2790 3962 2989 4017 efﬁcis?
3015 3977 3111 4018 cur
3135 3962 3404 4018 traducis?
3424 3980 3519 4019 cur
3543 3973 3721 4022 autem
3740 3968 3891 4024 ludis

2305 4062 2571 4123 tamquam
2615 4054 2667 4107 in
2714 4054 2918 4108 scena?
2964 4052 3076 4109 Nos
3124 4055 3368 4110 venimus
3393 4055 3460 4111 de
3488 4059 3890 4117 resurrectione

2302 4143 2757 4214 philosophantes,
2785 4158 2973 4199 omnes
2989 4142 3311 4207 erudientes.
3326 4146 3488 4200 etiam
3509 4160 3603 4201 eos
3626 4148 3719 4217 qui
3749 4162 3892 4206 non-

2300 4234 2426 4288 dum
2465 4244 2589 4289 sunt
2639 4236 2763 4302 icti,
2813 4249 2907 4304 per
2954 4234 3215 4289 honorem
3271 4236 3359 4305 qui
3402 4235 3476 4289 illi
3528 4236 3793 4305 habetur,
3826 4249 3891 4296 ut

2300 4327 2342 4381 si
2373 4326 2498 4396 quid
2525 4326 2786 4395 ejusmodi
2815 4326 3117 4396 contigerit,
3143 4325 3351 4382 fortiter
3376 4325 3587 4381 ferant:
3622 4338 3676 4383 tu
3696 4340 3886 4386 autem

2299 4431 2393 4472 eos
2448 4415 2668 4472 adducis
2693 4458 2707 4483 ,
2752 4418 2877 4489 qui,
2917 4416 3059 4487 quod
3101 4416 3167 4471 ad
3214 4417 3360 4488 ipsos
3409 4426 3651 4488 spectat,
3693 4428 3890 4477 nostra

2298 4508 2607 4565 destruunt?

2365 4717 2417 4770 ϐ.
2451 4714 2587 4783 Quid
2631 4716 2730 4772 hoc
2771 4718 2879 4772 risu
2908 4726 2963 4774 et
3007 4719 3106 4773 hac
3154 4717 3515 4773 ludiﬁcatione
3553 4728 3638 4775 est
3683 4722 3884 4793 pejus?

2294 4807 2419 4877 quid
2444 4817 2525 4862 est
2542 4809 2758 4877 gravius
2776 4808 3273 4879 hacinzequalitate‘!
3289 4807 3602 4864 Erubescite
3629 4819 3685 4866 et
3710 4812 3884 4881 pudo-

2294 4912 2353 4952 re
2380 4896 2743 4952 sutl'undimlni
2775 4915 2789 4956 :
2824 4898 2868 4953 si
2891 4913 2997 4953 non
3028 4901 3211 4964 vultis,
3232 4912 3329 4953 nos
3358 4899 3690 4968 perniciosos
3720 4901 3878 4971 ejus-

2291 4988 2433 5043 modi
2457 5001 2634 5042 mores
2661 5004 2766 5043 non
2788 4989 3013 5044 sinimus
3028 4989 3081 5043 in
3096 4989 3387 5045 Eeclesiam
3405 4990 3657 5047 inducere
3689 5008 3703 5045 :
3734 4990 3881 5049 Pue-

2289 5088 2456 5133 cantes
2476 5077 2639 5145 enim,
2671 5078 2857 5149 inquit,
2886 5096 3059 5134 eorum
3086 5079 3315 5134 omnibus
3345 5096 3501 5149 argue
3526 5081 3601 5149 (ι.
3635 5080 3771 5136 Tini.
3807 5084 3869 5141 5.

2287 5166 2400 5238 9.8).
2428 5167 2538 5222 Illis
2562 5178 2743 5223 autem
2773 5168 3078 5225 infelicibus
3105 5180 3159 5226 et
3188 5172 3400 5226 miseris
3427 5171 3739 5229 mulieribus
3769 5189 3877 5246 per

2285 5276 2381 5314 vos
2409 5260 2771 5331 prohibemus,
2791 5277 2858 5317 ne
2876 5278 3123 5333 umquam
3155 5263 3522 5333 ingrediantur
3543 5264 3594 5319 in
3626 5264 3872 5324 ﬁdelium

2286 5349 2471 5407 {utiera
2500 5366 2617 5422 qua:
2664 5351 2980 5417 eﬂ'eruntur,
3011 5369 3077 5410 ne
3102 5368 3287 5409 revera
3320 5353 3462 5425 ipsas
3488 5370 3743 5426 cogamus
3767 5372 3871 5414 sua

2285 5445 2422 5499 mala
2445 5442 2664 5511 deﬂere,
2716 5454 2771 5501 et
2810 5445 3119 5502 erudiamus
3166 5462 3257 5502 eas
3296 5463 3403 5501 non
3450 5448 3500 5502 iu
3542 5449 3732 5505 alienis
3763 5452 3871 5509 hoe

2286 5533 2479 5599 facere,
2502 5534 2593 5591 sed
2614 5550 2736 5591 suas
2757 5536 2931 5605 potius
2960 5536 3246 5606 deplorare
3266 5538 3616 5593 calamitates.
3646 5539 3867 5600 Etenim

2283 5636 2433 5695 pater
2458 5641 2670 5696 quoque
2696 5626 3009 5695 benevolus,
3032 5627 3244 5698 quando
3273 5627 3434 5682 habet
3460 5627 3779 5685 insolentem
3810 5642 3868 5689 et

2284 5717 2661 5773 immodestum
2693 5718 2877 5786 ﬁlium,
2911 5736 3016 5775 nou
3066 5720 3137 5775 illi
3166 5721 3263 5775 soli
3306 5720 3496 5776 suadet
3533 5738 3601 5778 ne
3628 5736 3865 5781 consue-

2284 5808 2517 5866 tudinem
2543 5808 2738 5869 habeat
2762 5826 2882 5869 cum
2915 5812 3205 5885 improbis,
3238 5812 3330 5872 scd
3373 5812 3472 5870 hos
3502 5828 3714 5885 quoque
3746 5824 3862 5874 tes-
