4042 6414
198 377 253 433 83
1100 378 1171 436 ιη
1210 374 1427 433 ειηετ.
1470 373 1561 431 Al)
1600 369 1967 430 HEBMOS.
2008 368 2161 426 CAP.
2223 366 2289 425 ll.
2333 366 2566 423 llOillL.
2608 365 2674 421 Υ.
3459 369 3526 425 ω

209 501 283 545 ret
313 488 410 563 (tu).
432 490 582 547 Ecce
614 506 756 565 ergo
789 508 887 549 nos
931 508 1147 566 quoque
1167 502 1223 549 et
1252 508 1347 550 vos
1369 504 1427 551 et
1452 494 1572 550 illas
1597 510 1692 566 per
1713 509 1811 550 vos

214 578 505 649 hortamur,
530 594 593 639 ut
617 599 723 640 nec
752 599 853 640 vos
904 584 1022 640 illas
1051 586 1276 651 vocetis,
1309 601 1481 656 neque
1519 585 1625 641 illa:
1656 601 1812 641 acce-

224 677 377 729 dant.
407 676 477 732 Et
505 678 639 734 faxit
666 680 891 751 quidem
923 683 1063 739 Deus
1088 693 1149 740 ut
1171 699 1354 741 sermo
1383 685 1585 759 aliquid
1614 685 1815 742 elliciat

220 768 473 837 amplius,
512 779 566 827 et
588 773 808 828 valeant
837 774 997 829 mina:
1028 792 1043 828 ε
1074 775 1159 831 sin
1208 786 1413 844 autem,
1462 776 1607 847 quod
1648 775 1812 845 absit,

222 865 550 932 contemptui
582 864 754 920 simus
783 863 975 931 habiti,
994 880 1218 923 necesse
1245 867 1506 923 habemus
1518 867 1589 923 de
1611 876 1812 924 calere

225 951 400 1007 minas
426 954 694 1011 deducere
713 955 781 1011 ad
818 956 1096 1024 etl‘eetum,
1133 972 1232 1014 vos
1254 958 1472 1030 quidem
1498 959 1809 1015 erudientes

224 1042 436 1113 legibus
461 1046 873 1115 ecclesiasticis,
918 1048 1039 1103 illas
1086 1056 1267 1104 autem
1299 1059 1358 1104 ut
1398 1048 1507 1104 illis
1536 1048 1788 1105 convenit

220 1134 276 1189 Si
308 1135 431 1206 quis
451 1145 626 1193 autem
653 1147 969 1209 arroganter
991 1148 1049 1195 et
1074 1139 1383 1197 insolenter
1409 1155 1469 1197 se
1493 1156 1689 1211 gerens
1708 1138 1809 1195 de-

224 1227 403 1296 spicit,
435 1229 615 1284 audiat
658 1228 932 1286 Christum
966 1247 1111 1287 nunc
1159 1248 1375 1304 quoque
1404 1232 1670 1290 dicentem
1704 1250 1717 1288 :
1749 1233 1812 1289 Si

225 1319 504 1384 peccaverit
528 1320 579 1373 in
606 1328 653 1374 te
675 1320 835 1390 frater
860 1330 996 1391 tuus,
1023 1322 1171 1391 vade,
1195 1339 1355 1395 argue
1381 1340 1495 1379 eum
1528 1325 1660 1378 inter
1684 1334 1732 1379 te
1765 1332 1811 1379 et

221 1406 392 1475 ipsum
415 1408 579 1463 solum
606 1425 625 1465 :
654 1410 699 1464 si
721 1419 889 1465 autem
907 1429 1009 1467 non
1038 1421 1233 1484 pareat,
1264 1415 1437 1485 accipe
1457 1423 1623 1469 tecum
1650 1430 1811 1469 unum

220 1509 310 1551 aut
334 1498 462 1553 duos
483 1516 503 1555 :
522 1501 569 1555 si
588 1511 753 1560 autent
776 1503 928 1557 etiam
954 1505 1030 1558 sic
1059 1504 1392 1571 contradicat,
1421 1506 1503 1561 dic
1522 1504 1767 1561 Ecclesia:
1791 1519 1812 1559 :

221 1590 265 1643 si
289 1599 460 1645 autem
491 1590 774 1648 Ecclesium
801 1610 998 1664 quoque
1025 1612 1126 1649 non
1160 1596 1339 1650 audiat
1360 1637 1377 1662 ,
1431 1597 1496 1652 sit
1551 1597 1644 1651 tibi
1680 1606 1812 1651 tant-

220 1696 374 1749 quns
404 1682 635 1737 uitricus
662 1692 709 1738 et
736 1683 1037 1755 publicanus
1064 1686 1083 1757 (
1106 1684 1297 1740 lattlt.
1329 1686 1416 1742 18.
1449 1688 1515 1743 lii
1542 1717 1571 1729 -
1599 1688 1718 1755 Π).
1751 1686 1806 1743 Si

219 1780 398 1826 autem
425 1786 552 1827 eum
577 1773 668 1843 qui
700 1774 751 1828 in
783 1790 870 1830 me
902 1785 1109 1845 peccat,
1136 1791 1259 1832 eum
1282 1792 1388 1832 non
1435 1777 1698 1848 paruerit,
1730 1778 1810 1834 sic

215 1861 366 1931 jubet
389 1864 628 1919 aversari
659 1882 673 1919 :
704 1865 755 1919 in
787 1880 934 1932 eum,
955 1867 1045 1937 qui
1073 1868 1125 1923 in
1150 1882 1210 1923 se
1232 1876 1419 1939 peccat
1445 1876 1500 1924 et
1521 1868 1575 1923 in
1614 1869 1808 1933 Deum,

219 1953 490 2024 quomodo
516 1968 605 2009 me
628 1969 819 2025 gerere
853 1955 1080 2012 debeam
1111 1972 1207 2013 vos
1227 1957 1470 2029 judicate
1493 1976 1507 2013 :
1530 1973 1629 2015 vos
1662 1960 1807 2016 enim

221 2058 317 2099 nos
340 2043 739 2111 condemnatis,
783 2045 876 2116 qui
908 2062 1014 2104 non
1041 2048 1281 2106 molliter
1308 2059 1363 2106 et
1390 2051 1587 2108 leniter
1629 2050 1810 2108 vobis-

218 2150 338 2191 cum
388 2136 619 2207 agimus.
668 2136 725 2192 Si
769 2137 890 2208 quis
933 2149 1113 2196 autem
1166 2142 1468 2197 contemnit
1516 2157 1636 2213 quae
1682 2152 1805 2198 sunt

217 2228 355 2299 apud
380 2242 481 2283 nos
507 2228 740 2293 vincula,
772 2245 897 2285 eum
946 2245 1133 2290 rursus
1156 2231 1410 2289 Christus
1438 2230 1695 2301 erudiat,
1726 2233 1809 2289 di-

216 2333 342 2374 cens
375 2335 390 2371 :
429 2318 773 2390 Quicumque
798 2320 1080 2392 ligaueritis
1112 2339 1269 2394 supra
1294 2332 1505 2392 terram,
1543 2335 1689 2379 erunt
1740 2325 1807 2379 li-

214 2418 332 2481 gus
350 2420 399 2464 et
426 2410 480 2464 in
510 2410 637 2465 celo
665 2426 685 2465 :
713 2420 759 2466 et
782 2428 1115 2486 quacumque
1131 2414 1386 2469 solseritis
1412 2431 1571 2487 supra
1593 2424 1807 2481 terram,

213 2510 359 2556 mat
383 2501 620 2557 solutast
646 2502 700 2557 in
732 2504 861 2558 ca'lo
885 2503 1103 2572 (Matth.
1137 2506 1227 2561 16.
1266 2504 1379 2575 l9).
1413 2506 1548 2563 Nam
1594 2507 1808 2565 etiamsi

211 2605 312 2646 nos
332 2592 504 2646 simus
534 2592 717 2648 miseri
746 2602 805 2650 et
828 2593 1005 2663 nihili,
1028 2602 1084 2650 et
1126 2595 1273 2666 digni
1302 2596 1395 2669 qui
1424 2596 1805 2669 deSpiciamur,

210 2684 350 2739 sicut
375 2698 566 2740 revera
592 2682 735 2755 digni
767 2701 977 2754 sumus,
1000 2702 1106 2743 non
1130 2696 1312 2746 tamen
1340 2705 1439 2745 nos
1467 2690 1804 2759 ulciscimur,

208 2789 386 2845 neque
424 2774 561 2830 iram
582 2776 890 2845 referimus,
919 2778 1013 2833 sed
1036 2778 1225 2836 salutis
1255 2790 1453 2836 vestra:
1490 2796 1674 2838 curam
1708 2798 1807 2855 ge-

208 2864 397 2920 rimus.
452 2865 787 2933 Erubescite,
836 2883 1040 2937 quam,
1081 2879 1135 2927 et
1161 2870 1369 2942 pudore
1416 2872 1806 2931 sun‘undimini.

206 2954 340 3011 Nam
362 2956 410 3009 si
433 2954 554 3025 quis
580 2955 682 3011 fert
699 2957 929 3013 amicum
956 2961 1045 3029 qui
1074 2960 1456 3018 vehementius
1495 2979 1656 3033 quam
1709 2979 1807 3034 par

206 3046 279 3100 sit
306 3045 603 3110 invehitur,
643 3048 961 3104 examinans
986 3051 1105 3119 ejus
1130 3065 1356 3121 scopum
1388 3062 1443 3108 et
1473 3052 1801 3122 institutum,

204 3145 262 3192 et
283 3135 428 3207 quod
449 3136 554 3192 hoc
582 3139 766 3193 animo
785 3138 918 3194 facit
940 3141 1226 3210 benevolo,
1256 3157 1366 3199 non
1413 3159 1511 3215 per
1540 3159 1806 3217 arrogan-

209 3225 336 3279 tiam
368 3242 383 3280 :
418 3226 588 3281 multo
617 3228 788 3298 magis
816 3228 960 3286 ferre
1006 3230 1220 3288 debetis
1248 3233 1569 3304 magistrum
1624 3234 1800 3290 incre-

211 3326 454 3387 pantem,
478 3327 535 3374 et
559 3320 873 3389 magistrum
898 3323 989 3392 qui
1016 3338 1118 3380 nec
1142 3325 1261 3395 ipse
1309 3324 1427 3381 haec
1448 3326 1582 3381 dicit
1618 3342 1685 3382 es
1715 3341 1804 3382 au-

207 3408 479 3473 ctoritate,
497 3423 673 3479 neque
698 3411 865 3465 instar
890 3413 1169 3484 principis,
1189 3415 1286 3471 sed
1322 3416 1496 3472 instar
1513 3417 1798 3473 curatoris.

205 3495 391 3567 Neque
418 3498 565 3553 enim
594 3500 710 3555 lure
734 3498 963 3556 dicimus
986 3504 1230 3561 volentes
1252 3512 1528 3562 ostentare
1563 3514 1799 3576 potesta-

210 3597 356 3646 tem:
384 3590 668 3661 Quomodo
692 3592 859 3660 enim,
903 3592 996 3664 qui
1024 3602 1273 3665 optamus
1303 3604 1365 3653 ut
1393 3612 1493 3653 uec
1518 3596 1586 3653 ad
1614 3612 1804 3654 eorum

210 3682 435 3739 veniatis
510 3684 945 3755 experientiam?
996 3685 1094 3741 sed
1137 3685 1209 3742 de
1259 3687 1417 3744 vobis
1465 3688 1715 3746 dolentes
1750 3700 1806 3747 et

207 3772 546 3845 plangentes.
602 3774 867 3842 Ignoscite
888 3814 905 3840 ,
944 3784 1002 3831 et
1032 3790 1195 3833 nemo
1225 3778 1438 3834 vincula
1492 3790 1806 3837 contemnat

207 3863 571 3921 ecclesiastica
604 3879 620 3919 :
644 3878 750 3918 non
778 3872 863 3921 est
885 3865 1031 3921 enim
1054 3866 1217 3923 homo
1234 3868 1324 3939 qui
1343 3867 1611 3940 ligat.sed
1640 3868 1802 3926 Chri-

207 3962 346 4021 stus,
372 3954 463 4025 qui
483 3952 642 4009 nobis
667 3954 816 4010 dedit
843 3954 984 4013 hanc
1013 3956 1211 4027 ligandi
1241 3967 1656 4029 potestatem,et
1686 3962 1805 4019 effl-

209 4043 360 4098 eicas
390 4053 447 4099 ut
476 4043 724 4101 homines
756 4045 809 4100 in
859 4061 955 4101 sua
1005 4056 1272 4117 potestate
1320 4050 1554 4107 habeant
1594 4062 1799 4108 tantum

214 4135 493 4193 honorem.
516 4134 651 4192 Nam
681 4152 779 4194 nos
802 4137 1020 4209 quidem
1053 4140 1133 4195 uti
1161 4142 1410 4198 volumus
1437 4154 1703 4215 potestate
1731 4146 1799 4202 ad

312 4335 383 4396 (α)
414 4333 527 4385 nuc
542 4333 724 4383 desinit
744 4332 949 4382 Himilia
972 4341 1141 4396 quarta
1164 4334 1211 4382 in
1229 4332 1511 4385 Colbertluo
1532 4336 1727 4389 Codice.

1923 476 2239 532 solvendum
2271 492 2284 529 :
2317 475 2428 530 ltno
2458 488 2585 529 vero
2611 472 2872 529 vellemus
2901 487 2969 529 ne
3000 470 3340 543 hocquidem
3365 472 3524 528 nobis

1925 582 2047 625 esse
2091 581 2313 623 necesse
2344 584 2359 621 :
2397 564 2603 620 nullum
2630 564 2775 620 enim
2806 561 3053 618 volumus
3076 575 3198 618 esse
3224 560 3370 634 apud
3420 577 3524 618 nos

1923 661 2159 716 vinctum
2182 674 2197 726 ;
2224 674 2331 716 non
2356 656 2493 713 adeo
2530 670 2718 712 sumus
2740 654 2983 711 infelices
3010 662 3066 711 et
3084 653 3290 719 miseri,
3309 654 3523 710 etiamsi

1920 756 2089 813 simus
2116 755 2271 826 plane
2293 753 2469 809 nihili.
2493 751 2601 808 Sed
2618 751 2663 807 si
2694 763 2921 807 necesse
2948 748 3325 816 habuerimus,
3362 747 3523 820 igno-

1917 850 2096 905 scite:
2128 863 2235 903 non
2273 846 2415 903 enim
2454 843 2704 901 iubentes
2749 858 2851 899 nec
2903 843 3172 906 volentes.
3201 840 3298 897 sed
3346 840 3522 912 magis

1917 955 2079 1013 quam
2110 953 2208 994 vos
2240 938 2403 995 vincti
2424 936 2695 1002 dolentes,
2728 934 2943 990 vincula
2975 933 3274 1004 iujicimus.
3308 932 3364 988 Si
3392 930 3519 1002 quis

1914 1042 2098 1089 autem
2130 1047 2194 1087 ea
2224 1037 2580 1094 contemnat,
2612 1026 2864 1083 adveniet
2918 1034 3133 1096 tempus
3157 1023 3344 1094 judicii
3373 1024 3519 1095 quod

1917 1130 2093 1200 ipsum
2117 1125 2329 1181 doceat.
2358 1121 2512 1190 Quod
2539 1127 2707 1176 restat
2758 1118 2885 1174 nolo
2923 1116 3133 1183 dicere,
3164 1130 3233 1172 ne
3278 1125 3518 1171 vestram

1914 1227 2150 1276 mentem
2183 1217 2393 1273 feriam.
2421 1214 2555 1269 Nam
2584 1226 2683 1269 nos
2710 1211 2928 1283 quidem
2960 1210 3195 1280 primum
3226 1222 3514 1279 precamur

1913 1322 1973 1369 ut
2022 1326 2128 1367 non
2174 1322 2403 1366 necesse
2446 1306 2795 1362 habeamus:
2828 1302 2924 1360 sed
2971 1304 3016 1359 si
3069 1315 3298 1357 necesse
3328 1299 3513 1366 fuerit,

1910 1413 2158 1460 nostrum
2179 1413 2375 1459 manus
2394 1390 2702 1469 implemus,
2737 1394 2953 1451 vincula
2981 1392 3278 1465 injicimus.
3308 1392 3365 1449 Si
3393 1393 3517 1464 quis

1910 1506 2091 1551 autem
2122 1508 2187 1550 ea
2234 1491 2576 1565 perfregerit,
2609 1504 2712 1561 ego
2764 1487 2909 1560 quod
2943 1502 3125 1543 meum
3154 1494 3238 1542 est
3284 1483 3387 1543 feci
3410 1528 3425 1553 ,
3462 1496 3519 1542 et

1909 1601 2033 1643 sum
2061 1584 2131 1641 de
2159 1593 2360 1640 cauere
2400 1582 2533 1638 nulli
2559 1580 2737 1651 culpa:
2765 1578 2951 1635 amnis
2976 1597 2990 1635 :
3014 1577 3083 1634 de
3104 1592 3173 1634 eo
3202 1586 3382 1633 autem
3411 1577 3520 1632 erit

1913 1676 2009 1733 tibi
2040 1674 2449 1748 disceptandum
2474 1688 2596 1731 cum
2619 1688 2687 1730 eo
2710 1673 2800 1745 qui
2826 1687 2912 1729 me
2928 1671 3093 1743 jussit
3111 1670 3299 1743 ligare.
3330 1668 3518 1739 Neque

1913 1763 2058 1818 enim
2091 1763 2136 1817 si
2168 1777 2294 1833 rege
2339 1762 2666 1832 pratsidente
2687 1804 2703 1831 ,
2735 1778 2799 1818 ex
2835 1761 3142 1818 astantibus
3185 1759 3515 1814 satellitibus

1907 1850 2092 1925 jussus
2122 1855 2191 1909 sit
2215 1854 2481 1925 quispiam
2502 1853 2709 1910 vincire
2734 1853 2969 1925 aliquem
3001 1867 3069 1909 es
3097 1852 3346 1915 cohorte,
3381 1858 3437 1905 et
3461 1850 3513 1904 ei

1915 1945 2125 2000 vincula
2152 1945 2394 2015 injicere,
2420 1943 2513 2000 ille
2541 1953 2721 2000 autem
2744 1959 2851 2000 non
2871 1943 3050 1999 solum
3072 1957 3200 1998 eum
3227 1939 3513 2009 repulerit,

1911 2036 2009 2093 sed
2037 2037 2198 2091 etiam
2225 2035 2436 2092 vincula
2464 2036 2805 2102 contriverit,
2834 2043 2918 2092 est
2937 2034 3157 2091 satelles
3180 2032 3269 2104 qui
3290 2031 3517 2087 allectus

1913 2137 1998 2184 est
2041 2126 2391 2193 contumelia,
2421 2125 2520 2183 scd
2548 2127 2720 2183 multo
2768 2126 2939 2198 magis
2971 2139 3066 2181 rex
3097 2124 3187 2195 qui
3232 2122 3411 2193 jussit.
3458 2121 3515 2177 Si

1914 2222 2063 2291 enim
2090 2236 2212 2293 qua:
2240 2220 2375 2278 Iunt
2400 2221 2455 2276 in
2499 2219 2709 2287 ﬁdeles,
2763 2220 2880 2290 ipse
2932 2218 3036 2274 sibi
3086 2217 3223 2273 facta
3251 2224 3467 2287 reputat
3497 2232 3512 2269 :

1919 2313 2137 2385 quando
2183 2310 2511 2369 contumelia
2540 2310 2761 2367 aftlcitis
2802 2325 2918 2376 eos,
2969 2310 3168 2380 quibus
3201 2306 3514 2377 impositum

1915 2404 2020 2461 fuit
2046 2419 2242 2461 munus
2269 2401 2522 2467 docendi,
2546 2400 2719 2458 multo
2746 2401 2917 2471 magis
2947 2398 3215 2455 afﬁcietur
3244 2407 3516 2468 tamquam

1924 2499 2037 2568 ipse
2066 2495 2447 2552 contumeliam
2467 2493 2761 2564 acceperit.
2790 2490 2898 2548 Sed
2927 2490 3072 2546 absit
3096 2532 3112 2559 ,
3149 2499 3206 2545 ut
3243 2489 3515 2561 quispiam

1918 2604 1984 2645 ex
2028 2588 2095 2642 iis
2115 2586 2206 2656 qui
2235 2594 2361 2642 sunt
2382 2584 2437 2641 in
2464 2584 2566 2640 hac
2594 2583 2845 2647 ecclesia,
2874 2580 2943 2637 ad
2970 2582 3108 2636 hanc
3126 2580 3306 2636 veniat
3330 2594 3519 2635 necesp

1917 2682 2133 2738 sitatem
2167 2676 2493 2749 suscipiendi
2525 2674 2759 2731 vincula.
2806 2673 2939 2730 Nam
2971 2680 3029 2727 ut
3053 2673 3255 2728 bonum
3284 2680 3370 2729 est
3407 2685 3517 2727 non

1916 2786 2157 2845 peccare,
2185 2770 2258 2825 ita
2282 2778 2364 2825 est
2392 2768 2523 2824 utile
2552 2765 2694 2822 ferre
2719 2763 3221 2835 reprehensionem.
3252 2761 3518 2819 Feramus

1918 2880 2048 2936 ergo
2070 2862 2525 2933 increpatiouem,
2555 2867 2610 2913 et
2636 2855 2953 2912 studeamus
2982 2869 3089 2909 non
3122 2867 3379 2923 peccare;
3408 2853 3507 2909 sed

1912 2956 1955 3010 si
1989 2951 2410 3024 peecaverimus,
2428 2943 3337 3016 feramusreprehensionem.Sicut
3360 2944 3505 2999 enim

1918 3046 2117 3100 bonum
2149 3042 2365 3113 quidem
2396 3048 2481 3096 est
2506 3054 2613 3094 non
2657 3036 2805 3094 feriri
2832 3052 2847 3101 ;
2880 3035 2977 3091 sed
3005 3035 3049 3089 si
3082 3033 3191 3099 hoc
3234 3033 3514 3101 acciderit,

1912 3133 2296 3208 imponendum
2322 3133 2492 3204 plagae
2516 3128 2970 3187 medicamentum
2993 3145 3006 3181 :
3028 3126 3099 3182 ita
3131 3136 3185 3183 et
3206 3124 3295 3182 hic
3322 3125 3520 3183 laelen-

1910 3228 2061 3283 dum.
2097 3224 2293 3279 Verum
2323 3222 2486 3287 absit,
2520 3228 2581 3276 ut
2627 3219 2748 3291 quis
2780 3218 2979 3294 talibus
3010 3232 3147 3287 opus
3179 3216 3375 3272 habeat
3402 3232 3520 3274 meo

1911 3318 1999 3374 dic
2016 3314 2232 3371 amentis
2255 3332 2269 3367 :
2293 3310 2611 3381 Con/idiotas
2634 3309 2780 3365 enim
2803 3308 2866 3362 de
2893 3306 3031 3361 nobis
3058 3307 3297 3372 meliora,
3320 3314 3369 3361 et
3389 3324 3520 3363 con-

1911 3416 2153 3463 sentanea
2197 3402 2353 3459 saluti
2379 3440 2396 3466 ,
2439 3400 2645 3457 etiamsi
2685 3399 2760 3455 sic
2805 3398 3065 3469 loquimur
3114 3395 3303 3470 (Hebr.
3347 3396 3401 3452 li.
3434 3397 3517 3471 ο).

1910 3499 2107 3557 Acrius
2124 3504 2305 3551 autem
2333 3500 2391 3548 et
2416 3489 2799 3547 vehementius
2827 3504 3016 3545 sumus
3042 3487 3253 3558 loquuti
3280 3504 3378 3559 pro
3404 3505 3522 3544 ma-

1908 3589 2016 3659 jori
2047 3587 2316 3644 cautione.
2342 3583 2531 3639 Melius
2560 3590 2645 3637 est
2668 3582 2813 3637 enim
2838 3588 2898 3635 ut
2924 3592 3024 3635 vos
3048 3594 3137 3635 me
3162 3578 3519 3650 suspicemini

1912 3678 2193 3743 audacem,
2221 3690 2423 3732 savum
2445 3682 2505 3733 et
2519 3684 2883 3746 arrogantem,
2910 3690 3072 3746 quam
3116 3683 3175 3731 ut
3203 3689 3301 3731 vos
3338 3671 3511 3730 facia-

1910 3767 1985 3824 tis
2020 3780 2086 3823 ea
2107 3778 2229 3838 qua
2258 3764 2368 3822 Deo
2398 3778 2504 3820 non
2535 3764 2767 3834 placent.
2800 3764 2910 3819 Deo
2943 3774 3125 3819 autem
3151 3763 3506 3835 confidimus,

1913 3860 2051 3916 hanc
2094 3856 2573 3929 reprehensionem
2617 3871 2723 3913 non
2769 3855 2999 3912 futuram
3048 3857 3201 3913 vobis
3228 3857 3502 3927 inutilem,

1911 3953 2005 4008 sed
2031 3967 2128 4007 vos
2169 3952 2241 4006 ita
2269 3950 2574 4011 mutandos.
2595 3959 2653 4004 ut
2694 3950 2746 4004 hi
2775 3964 3055 4004 sermones
3081 3949 3133 4004 in
3158 3951 3356 4005 vestris
3376 3965 3511 4005 cnn-

1904 4044 2187 4091 sumantur
2219 4036 2483 4092 encomils
2526 4043 2583 4091 et
2634 4032 2900 4090 laudibus.
2943 4033 3160 4090 Utinam
3215 4046 3509 4093 autemse-

1898 4126 2135 4183 cundum
2163 4125 2264 4181 Dei
2311 4125 2568 4196 placitum
2612 4125 2882 4193 vivamus,
2916 4132 2976 4179 ut
3023 4139 3215 4180 omnes
3241 4124 3381 4181 bona
3411 4127 3501 4182 illa

1897 4233 2318 4289 consequamur,
2348 4232 2467 4288 qua:
2490 4215 2739 4286 promisit
2766 4216 2912 4272 Deus
2952 4216 3307 4288 diligentibus
3331 4231 3420 4288 se,
3449 4218 3503 4274 in

1901 4307 2117 4365 Christo
2142 4305 2270 4363 Jesu
2301 4306 2527 4361 Domino
2570 4314 2779 4362 nostro.

1608 4518 1949 4586 BGHILIA
1995 4525 2072 4587 V.

219 4632 345 4689 Cas.
383 4634 441 4689 2.
495 4650 549 4689 v.
581 4633 672 4692 16.
712 4634 984 4707 Nusquam
1020 4639 1157 4692 enim
1194 4638 1406 4711 angelos
1439 4643 1810 4712 apprehendit,

287 4727 375 4781 sed
400 4742 571 4782 semen
596 4727 817 4782 Abralue
840 4729 1193 4799 apprehendit.
1231 4730 1317 4784 l7.
1353 4729 1503 4787 Unde
1526 4731 1695 4787 debuit
1720 4750 1812 4805 per

288 4817 459 4871 omnia
475 4818 733 4887 fratribus
761 4818 1001 4873 similari.

289 4909 339 4963 l.
382 4908 479 4963 Dd
507 4926 627 4979 ergo
651 4925 810 4981 genus
830 4910 1109 4966 humanam
1132 4922 1327 4983 quanta
1354 4915 1721 4985 muniﬁcentia.
1737 4947 1811 4959 —

223 4995 414 5054 Valens
452 4997 654 5054 Paulus
700 5000 991 5057 ostendere
1034 5003 1257 5059 multam
1299 5004 1392 5060 Dei
1421 5004 1806 5077 benignitatem

218 5096 272 5141 et
294 5090 568 5143 caritatem
598 5104 759 5159 quam
792 5087 983 5147 habuit
1022 5092 1076 5147 in
1098 5107 1271 5164 genus
1311 5094 1631 5163 humanum,
1660 5107 1809 5169 post-

217 5193 371 5248 quam
394 5179 549 5248 disit,
586 5180 723 5249 Quia
742 5198 865 5255 ergo
889 5185 1039 5254 pueri
1066 5189 1567 5244 communicauerunt
1589 5193 1736 5245 cerni
1759 5202 1808 5247 et

215 5273 482 5344 sanguini,
532 5284 583 5329 et
623 5275 735 5344 ipse
777 5276 1011 5333 similiter
1036 5280 1360 5351 participant?
1388 5283 1576 5339 eisdem
1615 5284 1803 5355 (Hebr.

213 5358 270 5415 2.
294 5364 402 5434 ιι),
434 5364 580 5422 hunc
606 5367 788 5422 locum
814 5369 1049 5441 explicat
1092 5381 1147 5427 et
1174 5376 1540 5446 persequitur,
1571 5376 1759 5435 dicens
1788 5399 1803 5437 :

218 5450 476 5528 Nusquam
510 5460 649 5514 enim
668 5462 883 5533 angelos
923 5466 1281 5534 apprehendit.
1312 5466 1391 5526 Ne
1436 5471 1583 5526 enim
1614 5471 1806 5530 leviter

215 5548 445 5605 attendas
470 5552 519 5608 ei
552 5554 699 5623 quod
729 5552 935 5609 dictum
986 5567 1087 5621 est,
1121 5574 1299 5630 neque
1334 5576 1450 5617 rem
1482 5562 1657 5620 levem
1682 5580 1804 5623 esse

211 5638 490 5709 existimes,
516 5642 667 5715 quod
696 5644 817 5714 ipse
838 5657 1053 5702 carnem
1073 5657 1311 5705 nostram
1330 5654 1668 5724 susceperit:
1695 5672 1801 5713 non

207 5732 338 5789 alita
368 5733 472 5791 hoc
498 5736 731 5793 donavit
761 5737 991 5808 angelis.
1018 5737 1141 5797 Ideo
1167 5742 1272 5798 ait:
1292 5741 1413 5799 Non
1443 5746 1576 5800 enim
1592 5749 1803 5819 angelos

200 5827 543 5898 apprehendit,
573 5826 671 5885 sed
699 5843 875 5884 semen
907 5828 1139 5887 Abralnc.
1175 5831 1315 5906 Quid
1345 5842 1423 5893 cst
1455 5836 1598 5907 quod
1636 5837 1801 5896 dicit?

1911 4644 2028 4701 Non
2058 4647 2255 4718 angeli,
2289 4647 2483 4720 inquit,
2502 4650 2868 4721 apprehendit
2893 4660 3166 4721 naturam,
3199 4654 3296 4711 sed
3331 4658 3510 4714 homi-

1912 4737 2161 4806 nis.Quid
2181 4748 2265 4795 est
2284 4750 2485 4807 autem,
2509 4741 2860 4812 Appreltendit
2872 4743 2899 4798 ἵ
2912 4742 3030 4798 Non
3047 4744 3191 4800 enim
3206 4747 3516 4817 apprehen-

1909 4830 2008 4896 dit,
2043 4831 2234 4901 inquit,
2268 4831 2415 4887 illam
2458 4834 2773 4905 angelorum
2807 4845 3078 4901 uaturam,
3100 4838 3196 4893 sed
3245 4848 3511 4895 nostrain.

1909 4919 2020 4975 Cur
2047 4929 2226 4977 autem
2259 4937 2365 4979 non
2396 4922 2553 4989 dixit,
2591 4923 2863 4995 Suscepit,
2892 4926 2988 4982 sed
3020 4941 3151 4984 usus
3180 4939 3267 4986 est
3294 4930 3396 4987 hac
3424 4932 3511 4988 di-

1909 5010 2109 5075 ctione,
2146 5014 2535 5084 Appreltendit.’
2555 5017 2599 5070 A
2634 5016 2952 5087 metaphora
2981 5033 3171 5074 eorum
3200 5020 3292 5092 qui
3326 5036 3514 5092 persc-

1909 5112 2147 5172 quuntur
2173 5119 2415 5172 aversos,
2454 5116 2509 5164 et
2532 5107 2715 5162 omnia
2745 5107 2947 5164 faciunt
2976 5119 3035 5165 ut
3061 5110 3331 5182 fugientes
3355 5128 3512 5171 cout-

1911 5193 2269 5262 prehendant,
2283 5206 2338 5253 et
2356 5198 2663 5254 resilientes
2678 5200 3111 5270 apprehendant.
3132 5203 3213 5259 Ah
3236 5204 3352 5274 ipso
3364 5208 3511 5261 enim

1909 5282 2201 5355 lugientem
2233 5287 2520 5345 humanam
2576 5300 2824 5349 naturam
2867 5304 2923 5349 et
2974 5296 3161 5365 procul
3219 5296 3512 5367 fugientem

1909 5373 2057 5443 (nam
2106 5377 2330 5435 Erantus
2373 5397 2408 5435 α
2452 5378 2592 5448 Deo,
2637 5382 2811 5454 inquit
2859 5384 3113 5451 alienati,
3166 5397 3215 5441 et
3254 5388 3363 5442 sine
3398 5386 3512 5443 Deo

1906 5465 1959 5521 in
2006 5468 2195 5523 mutulo
2239 5468 2476 5542 (Ep/tes.
2516 5470 2572 5526 2.
2620 5472 2755 5545 12),
2802 5472 2919 5543 ipse
2959 5489 3334 5548 persequutus,
3358 5494 3512 5535 com-

1906 5558 2211 5630 prehendit.
2268 5560 2517 5619 Ostendit
2585 5578 2709 5620 eum
2768 5564 2822 5620 id
2878 5566 3073 5624 iecisse
3136 5569 3252 5625 sola
3302 5580 3508 5626 motum

1890 5654 2249 5726 benignitate,
2272 5658 2519 5727 caritate,
2566 5668 2623 5715 et
2660 5676 2824 5733 quam
2856 5664 3029 5720 nostri
3058 5667 3201 5737 gerit
3236 5682 3387 5725 cura.
3423 5670 3493 5727 Ut

1888 5761 2038 5818 ergo,
2073 5746 2291 5818 quando
2320 5748 2472 5815 dicit,
2500 5747 2690 5807 Nonne
2713 5769 2888 5809 omnes
2912 5766 3032 5810 sunt
3062 5758 3489 5815 administratorii

1891 5838 2098 5909 spiritus
2124 5838 2179 5893 in
2217 5838 2552 5895 ministerium
2583 5842 2724 5898 missi
2751 5854 2959 5915 propter
2985 5862 3068 5902 eos
3098 5849 3185 5917 qui
3226 5848 3483 5905 heredita-
