4042 6436
581 354 651 408 47
1282 358 1338 414 S.
1380 356 1653 415 JOANNIS
1687 349 2155 409 CllRYSOSTOMI
2195 346 2511 405 ARCIHEP.
2549 350 3079 409 CONSTANTINOP.
3745 348 3818 405 48

592 466 687 507 tem
717 454 923 525 capiunt
946 455 1125 511 salutis
1158 456 1340 530 ('Hebr.
1380 461 1431 515 l.
1459 460 1549 532 Η)
1570 460 1594 514 ?
1619 461 1852 518 ostendit
1878 464 1927 520 ei
1950 480 2152 535 magna:

588 561 712 601 esse
739 559 886 602 cura:
911 546 1193 603 humanam
1222 558 1482 615 naturam,
1510 560 1568 606 et
1595 550 1759 607 Deum
1787 552 1903 622 ejus
1931 553 2148 607 multam

590 638 790 693 habere
837 640 1135 694 rationem:
1176 640 1242 694 ita
1281 640 1438 695 etiam
1479 640 1566 697 hic
1609 642 1838 697 ostendit
1885 643 2024 713 quod
2069 654 2152 699 est

593 731 762 785 multo
786 730 956 799 majus
980 730 1440 799 acomparatione.
1474 729 1595 785 Non
1626 732 1780 798 sitim,
1806 733 1993 803 inquit,
2040 751 2138 805 ap-

585 821 846 889 prehendit
869 820 1094 889 angelos.
1125 819 1220 874 Est
1244 821 1385 875 enim
1411 837 1594 877 revera
1614 839 1884 893 maguum,
1915 825 2147 881 admira-

591 909 697 963 bile
720 919 776 964 et
802 909 1012 977 plentun
1039 919 1275 979 stupore,
1304 912 1443 979 quod
1471 928 1588 982 qua:
1612 922 1693 969 est
1722 929 1788 969 ex
1838 915 1991 970 nobis
2022 931 2148 973 caro

582 998 765 1053 sedeat
808 998 945 1067 apud
993 1014 1238 1068 superos,
1272 1010 1326 1055 et
1367 1001 1619 1057 adoretur
1656 1002 1723 1057 ab
1758 1005 1961 1075 angelis
1982 1016 2032 1059 et
2060 1022 2149 1061 ar-

575 1088 848 1158 changelis
874 1097 927 1143 et
946 1088 1223 1158 Seraphim
1246 1098 1300 1144 et
1327 1090 1632 1147 Cherubim.
1662 1092 1774 1148 Hoc
1800 1109 1943 1164 saepe
1968 1105 2145 1152 mente

580 1194 816 1245 versans,
847 1188 1035 1248 stupeo
1066 1188 1119 1235 et
1143 1189 1316 1237 mente
1344 1181 1571 1249 excedo,
1618 1192 1673 1238 et
1717 1199 1903 1255 magna
1935 1188 2001 1241 de
2045 1201 2140 1257 ge-

574 1285 705 1323 nere
736 1268 969 1323 humano
988 1270 1287 1339 imaginor:
1317 1271 1471 1327 video
1500 1273 1641 1327 enim
1691 1289 1878 1346 magna
1919 1284 1973 1330 et
2003 1291 2139 1346 prte-

570 1360 714 1412 ctara
745 1360 982 1427 prsentia,
1014 1370 1066 1415 et
1098 1368 1333 1414 nostram
1372 1368 1615 1416 naturam
1649 1364 1758 1419 Deo
1799 1379 1918 1421 esse
1948 1380 2140 1435 magno

572 1447 768 1503 studio.
805 1449 869 1503 Et
920 1464 1022 1503 non
1051 1448 1184 1503 dixit
1231 1450 1425 1515 solum,
1474 1452 1725 1509 Homines
1751 1455 2135 1524 apprehendit;

573 1540 666 1595 sed
696 1540 879 1595 volens
904 1540 1045 1609 ipsos
1070 1540 1346 1605 extollere,
1388 1550 1441 1597 et
1476 1544 1758 1600 ostendere
1780 1546 2014 1616 ipsorum
2043 1562 2138 1618 ge-

572 1646 673 1684 nus
692 1644 811 1683 esse
838 1644 1082 1699 maguum
1113 1638 1167 1685 et
1214 1629 1604 1697 honorandum,
1632 1633 1763 1688 dicit
1792 1652 1805 1686 :
1841 1635 1946 1690 Sed
1969 1653 2137 1693 semen

569 1721 785 1775 Abrahae
826 1721 1177 1789 apprehendit.
1210 1721 1357 1777 Unde
1384 1723 1551 1777 debuit
1582 1742 1668 1791 per
1695 1727 1865 1780 omnia
1895 1728 2137 1795 fratribus

562 1812 801 1867 similari.
828 1811 965 1879 Quid
1006 1822 1109 1879 est,
1164 1811 1268 1867 Per
1314 1815 1519 1869 omnia?
1556 1814 1697 1882 Fuit,
1750 1817 1937 1888 inquit,
1984 1829 2135 1889 partu

563 1900 765 1966 editus,
787 1910 841 1956 et
864 1903 1114 1965 nutritus,
1133 1911 1184 1956 et
1209 1905 1395 1971 crevit,
1424 1914 1478 1959 et
1502 1920 1690 1975 passus
1718 1919 1799 1961 est
1818 1910 1994 1963 omnia
2017 1926 2135 1979 qua:

562 1994 819 2062 oportuit,
846 2003 901 2047 et
921 1993 1131 2047 tandem
1155 2003 1237 2048 est
1261 2003 1501 2051 mortuus
1535 2013 1548 2050 :
1583 1996 1684 2052 hoc
1710 2007 1817 2063 est,
1847 1998 1946 2053 Per
1960 2002 2130 2055 omnia

563 2080 897 2135 assimilatum
917 2098 1022 2136 esse
1041 2084 1299 2152 fratribus.
1323 2083 1453 2138 Nam
1470 2088 1719 2156 quoniam
1744 2090 1908 2143 multa
1923 2088 2133 2148 dixitde

577 2170 691 2239 ejus
721 2170 995 2239 majestate
1022 2180 1075 2227 et
1092 2186 1317 2242 superna
1337 2174 1524 2244 gloria,
1548 2176 1614 2232 de
1642 2187 1837 2234 caetero
1863 2178 2022 2234 verba
2050 2180 2127 2236 fa-

564 2263 639 2319 cit
668 2261 735 2316 de
780 2262 1202 2333 dispensatione.
1235 2264 1366 2319 Vide
1390 2275 1569 2322 autem
1612 2283 1732 2323 cum
1773 2279 1967 2340 quanta
1998 2286 2125 2341 pru-

561 2353 740 2407 dentia
769 2361 824 2406 et
851 2352 925 2417 vi,
971 2352 1237 2422 quomodo
1279 2355 1448 2423 ipsum
1474 2356 1719 2412 ostendat
1760 2373 2005 2429 magnum
2034 2360 2131 2415 ad-

583 2451 765 2505 hibere
797 2450 1031 2505 studium
1078 2460 1132 2503 ut
1172 2450 1323 2506 nobis
1363 2452 1716 2507 assimiletur:
1741 2450 1881 2521 quod
1928 2449 2139 2519 quidem

579 2548 696 2595 erat
720 2554 922 2609 magnze
948 2554 1091 2617 cura:
1116 2549 1171 2595 et
1198 2540 1561 2609 providentiae.
1591 2540 1722 2595 Nam
1760 2555 1881 2595 eum
1908 2540 2140 2595 dixisset

578 2630 842 2699 superius,
864 2630 994 2697 Quia
1012 2631 1158 2701 pueri
1170 2632 1655 2687 communicaverunt
1669 2633 1812 2686 carni
1820 2641 1867 2687 et
1886 2631 2141 2702 sanguini,

581 2728 628 2771 et
657 2719 765 2787 ipse
787 2720 1017 2774 similiter
1045 2721 1364 2791 participavit
1392 2722 1617 2786 eisdem;
1639 2721 1725 2777 hic
1751 2736 1961 2793 quoque
1988 2721 2137 2785 dicit,

581 2810 681 2864 Per
710 2812 879 2864 omnia
903 2813 1181 2866 similatum
1207 2830 1314 2867 esse
1342 2814 1601 2884 fratribus,
1652 2814 2034 2883 propemodum
2060 2812 2141 2867 di-

570 2916 705 2957 cens
729 2918 742 2957 :
767 2901 864 2970 Qui
889 2912 970 2957 est
1000 2903 1135 2959 adeo
1161 2919 1403 2975 magnus,
1433 2906 1522 2973 qui
1550 2914 1630 2959 est
1650 2904 1901 2974 splendor
1928 2903 2136 2974 gloriae,

575 2992 666 3060 qui
694 2999 778 3046 est
820 2992 1099 3049 character
1138 2994 1468 3059 substantiae,
1508 2995 1596 3062 qui
1645 2993 1768 3049 fecit
1801 2996 2015 3058 saecula,
2047 2994 2137 3064 qui

576 3080 724 3135 sedet
745 3082 812 3136 ad
832 3081 1101 3136 dexteram
1135 3082 1328 3149 Patris,
1366 3084 1411 3139 is
1431 3086 1597 3139 voluit
1624 3095 1679 3140 et
1700 3084 1929 3139 studium
1962 3084 2138 3154 posuit

574 3178 630 3222 ut
669 3168 834 3225 frater
866 3180 1049 3226 noster
1083 3172 1233 3227 ﬁeret
1277 3173 1328 3227 in
1366 3175 1641 3239 omnibus;
1682 3183 1736 3229 et
1776 3174 1899 3229 ideo
1936 3174 2138 3228 dimisit

571 3260 792 3328 angelos
818 3272 871 3315 et
901 3276 1160 3329 supernas
1184 3272 1495 3332 potestates,
1528 3271 1583 3317 et
1606 3263 1673 3318 ad
1716 3278 1813 3318 nos
1837 3260 2134 3328 descendit,

569 3358 625 3403 et
676 3364 773 3403 nos
819 3352 1190 3419 apprehendit.
1236 3354 1512 3422 Perpende
1551 3362 1726 3408 autem
1768 3371 1783 3409 :
1827 3353 1961 3407 bona
2008 3352 2138 3409 fecit

568 3439 993 3509 innumerabilia,
1044 3450 1266 3497 mortem
1310 3445 1488 3514 fregit,
1544 3460 1572 3498 a
1616 3444 1808 3499 diaboli
1857 3445 2134 3516 tyrannide

567 3543 665 3583 nos
704 3532 917 3599 eripuit,
963 3546 992 3586 a
1044 3534 1299 3587 servitute
1347 3548 1444 3587 nos
1495 3534 1913 3589 liberavitmon
1960 3534 2130 3589 solum

570 3620 899 3675 fraternitate
926 3622 1224 3685 honoravit,
1252 3624 1345 3677 sed
1376 3626 1536 3678 etiam
1563 3624 1681 3678 aliis
1727 3624 2131 3679 innumerabili.

562 3706 686 3764 bus.
717 3707 895 3764 Voluit
933 3725 1054 3767 esse
1084 3721 1265 3766 noster
1294 3712 1526 3782 pontifex
1560 3714 1697 3783 apud
1728 3714 1971 3779 Patrem;
1999 3714 2129 3769 sub-

558 3798 729 3869 jungit
754 3802 895 3855 enim
927 3822 939 3857 :
975 3801 1041 3856 Ut
1068 3803 1350 3857 misericors
1380 3804 1519 3871 ﬁeret
1534 3814 1581 3859 ct
1604 3804 1769 3872 ﬁdelis
1799 3802 2038 3875 Pontifex
2061 3806 2131 3858 ad

562 3887 748 3942 Deum.
787 3888 1095 3959 Propterea,
1141 3891 1327 3962 inquit,
1363 3907 1577 3947 carnem
1608 3902 1841 3948 nostram
1871 3893 2125 3963 suscepit,

559 3988 775 4049 propter
799 3979 1174 4052 benignitatem
1202 3983 1371 4037 solum
1398 3993 1453 4038 et
1483 3984 1844 4055 clementiam,
1875 3995 1931 4038 ut
1955 3984 2123 4039 nostri

561 4068 924 4124 misereretur.
952 4069 1067 4125 Non
1108 4081 1190 4126 est
1217 4072 1358 4125 enim
1388 4072 1488 4126 alia
1518 4071 1935 4142 dispensationis
1963 4089 2125 4130 causa

554 4171 714 4227 quam
746 4158 859 4214 haec
885 4160 998 4215 sola
1028 4180 1040 4215 :
1078 4162 1211 4216 vidit
1235 4163 1431 4233 quippe
1450 4178 1547 4218 nos
1574 4163 1721 4219 humi
1742 4165 2001 4233 abiectos,
2025 4181 2124 4235 pe-

556 4259 794 4313 reuntes,
822 4257 876 4304 et
898 4265 926 4303 a
960 4252 1146 4306 mortis
1172 4267 1457 4322 oppressos
1476 4254 1773 4324 tyrannide,
1796 4264 1849 4308 et
1874 4256 2124 4311 misertus

553 4347 657 4394 est.
688 4338 756 4394 Ut
780 4342 1153 4411 reprOpitiaret,
1184 4344 1374 4413 inquit,
1406 4344 1591 4398 delicta
1618 4346 1811 4415 populi.
1842 4346 1909 4401 Ut
1926 4349 2124 4402 miseri-

552 4444 666 4481 cors
685 4430 826 4497 ﬁeret
848 4440 893 4484 et
918 4432 1084 4498 ﬁdelis
1104 4433 1352 4503 pontifex.
1376 4432 1513 4501 Quid
1537 4444 1640 4499 est,
1674 4433 1867 4489 Fidelis
1881 4436 1907 4489 .’
1929 4435 2119 4503 Verus,

552 4530 780 4587 potens:
808 4521 1042 4590 pontifex
1066 4525 1207 4577 enim
1238 4524 1383 4578 solus
1407 4522 1577 4579 fidelis
1605 4533 1687 4579 est
1710 4522 1894 4587 Filius.
1916 4527 2003 4594 qui
2030 4542 2122 4596 po-

554 4617 661 4662 test
686 4608 914 4664 liberare
939 4625 967 4683 a
994 4612 1223 4679 peccatis
1252 4626 1367 4678 eos,
1405 4627 1628 4682 quorum
1655 4622 1741 4668 est
1767 4613 1997 4681 pontifex
2016 4616 2117 4686 (α).

550 4696 619 4752 Ut
641 4712 770 4767 ergo
792 4696 983 4752 otl‘erat
1010 4698 1241 4754 hostiam
1274 4715 1391 4768 qua:
1434 4702 1602 4770 possit
1631 4716 1727 4755 nos
1776 4702 2034 4759 mundare
2064 4714 2122 4760 et

550 4786 787 4852 expiare.
818 4795 1098 4855 propterea
1129 4789 1295 4844 factus
1316 4798 1399 4843 est
1424 4788 1605 4845 homo.
1658 4790 1941 4859 Subjunxit
1966 4808 2117 4865 ergo,

550 4874 631 4927 Ad
659 4873 836 4939 Deum,
869 4876 981 4931 sive
1004 4892 1127 4949 erga
1150 4879 1332 4935 Deum.
1370 4879 1615 4943 Eramus.
1658 4882 1846 4951 inquit,
1876 4882 1969 4938 Dei
2021 4885 2119 4940 ini-

552 4964 694 5023 mici.
720 4966 1079 5031 condemnati,
1112 4969 1309 5039 probro
1338 4980 1392 5025 et
1409 4971 1693 5041 ignominia
1721 4972 1895 5028 aﬂ‘ecti
1918 4990 1935 5026 :
1959 4989 2118 5031 nemo

550 5061 665 5107 erat
689 5054 779 5123 qui
813 5070 909 5123 pro
931 5057 1085 5112 nobis
1117 5060 1392 5113 oblaturus
1436 5070 1578 5117 esset
1600 5061 1917 5118 sacrificium
1946 5080 1959 5117 :
1988 5065 2121 5121 vidit

548 5159 651 5198 nos
676 5144 727 5199 in
755 5146 856 5201 hoc
883 5162 1002 5201 esse
1018 5157 1261 5214 statu,et
1283 5159 1365 5205 est
1386 5152 1657 5217 misertus,
1684 5168 1786 5209 non
1814 5155 1967 5211 nobis
1985 5172 2116 5212 con-

562 5228 788 5282 stituens
809 5228 1137 5296 pontificem,
1185 5224 1278 5288 sed
1319 5232 1432 5303 ipse
1461 5237 1630 5296 factus
1654 5244 1891 5311 pontifex
1934 5245 2126 5308 fidelis.

566 5315 767 5371 Deinde
815 5320 1105 5374 ostendens
1150 5324 1419 5391 quomodo
1474 5327 1678 5397 fidelis,
1711 5334 1983 5404 subjunxit
2013 5358 2026 5393 :
2060 5340 2128 5396 Ut

560 5407 912 5477 reprOpitiaret
945 5409 1125 5463 delicta
1152 5417 1345 5481 populi.
1394 5418 1481 5474 18.
1530 5418 1596 5475 1η
1647 5438 1703 5478 eo
1748 5425 1901 5492 enim,
1940 5429 1991 5483 in
2028 5446 2126 5498 qna

560 5513 737 5562 passus
765 5506 860 5561 est,
892 5498 999 5569 ipse
1026 5508 1261 5567 tentatus,
1296 5516 1471 5573 potens
1491 5521 1565 5565 est
1593 5522 1640 5567 et
1660 5513 1730 5568 eis
1755 5517 1841 5584 qui
1871 5525 2125 5576 tentantur

558 5588 814 5642 aum’liari.

623 5692 700 5755 (η)
733 5692 822 5744 llic
845 5696 1019 5757 ingens
1040 5704 1115 5747 est
1133 5697 1291 5749 hiatus
1306 5698 1353 5750 in
1378 5698 1651 5753 Colbertino
1670 5704 1862 5757 Codice.

2290 458 2344 512 2.
2361 457 2471 514 Hoc
2484 467 2565 513 est
2581 456 2730 512 valde
2743 457 2941 513 humile
2950 466 3005 513 et
3017 458 3301 527 abiectum,
3320 466 3375 512 et
3393 455 3503 512 Deo
3517 454 3816 527 indignum.

2245 547 2310 603 In
2334 566 2431 618 quo
2452 552 2583 603 enim
2609 565 2788 619 passus
2803 556 2896 614 est,
2916 548 3105 618 inquit,
3122 549 3246 617 ipss.
3268 545 3363 602 Hic
3390 544 3521 601 dicit
3547 547 3615 603 de
3634 548 3818 608 insero

2247 649 2391 692 nato.
2413 639 2479 694 Et
2505 639 2640 693 forte
2655 638 2853 693 dictum
2872 648 2955 693 est
2971 637 3037 692 ad
3050 638 3307 692 certiores
3339 634 3643 692 reddendos
3662 637 3818 693 aud]-

2245 737 2410 794 tores,
2440 737 2493 783 et
2524 737 2738 799 propter
2761 742 2947 782 eorum
2972 726 3367 782 imbecillatem.
3394 726 3505 781 Hoc
3532 734 3635 791 est,
3666 728 3818 783 venit

2250 835 2344 889 per
2371 820 2538 890 ipsam
2606 817 2986 888 experientiam
3012 831 3197 873 eorum
3234 833 3355 888 qua:
3396 818 3537 889 passi
3576 832 3811 874 sumus:

2244 925 2382 965 nunc
2407 924 2512 965 non
2532 909 2737 978 ignorat
2754 917 2963 962 nostras
2983 908 3354 977 perpessiones
3372 925 3388 962 :
3406 923 3509 963 non
3525 907 3697 963 solum
3709 908 3821 963 scit

2242 1008 2307 1080 ut
2321 1000 2478 1065 Deus,
2502 998 2765 1054 sedetiam
2787 999 3038 1079 cognovit
3058 1006 3113 1051 ut
3128 995 3286 1051 homo
3304 1012 3399 1067 per
3420 1013 3535 1054 eam
3555 1014 3658 1069 qua
3680 1013 3809 1069 pas-

2240 1104 2329 1143 sus
2349 1097 2431 1143 est
2456 1087 2837 1159 experientiam
2869 1106 2882 1141 :
2914 1086 3076 1141 multa
3108 1100 3297 1157 passus
3323 1093 3428 1153 est,
3456 1088 3558 1142 scit
3578 1088 3815 1157 cumpati

2238 1187 2291 1234 et
2315 1178 2574 1234 misereri.
2602 1178 2932 1248 Quamquam
2957 1177 3097 1231 Deus
3122 1185 3205 1232 est
3230 1176 3537 1247 impatibilis
3561 1196 3574 1231 :
3603 1176 3695 1233 sed
3725 1179 3819 1235 hic

2240 1280 2420 1324 narrat
2460 1284 2580 1340 quae
2608 1277 2732 1324 sunt
2770 1267 3185 1333 incarnationis;
3228 1269 3379 1339 quasi
3416 1268 3657 1325 diceret:
3691 1269 3815 1340 Ipsa

2238 1375 2446 1431 quoque
2474 1375 2598 1415 caro
2639 1358 2837 1414 Christi
2885 1358 3049 1413 multa
3082 1373 3235 1429 passa
3275 1367 3359 1413 est
3400 1360 3601 1429 gravia.
3654 1359 3818 1418 Novit

2238 1450 2365 1519 quid
2394 1451 2463 1504 sit
2505 1448 2744 1517 afﬂictio,
2775 1449 2922 1504 novit
2968 1447 3098 1519 quid
3131 1449 3199 1503 sit
3228 1449 3474 1533 tentatio,
3509 1464 3681 1521 neque
3710 1452 3817 1506 mi-

2238 1557 2336 1597 nus
2375 1556 2530 1611 quam
2563 1554 2661 1595 nos
2686 1540 2774 1610 qui
2819 1540 2960 1609 passi
3001 1554 3223 1605 sumus;
3271 1554 3391 1594 nam
3414 1534 3551 1611 ’ipse
3597 1555 3818 1611 quoque

2235 1642 2317 1687 est
2347 1647 2551 1701 passus.
2583 1630 2721 1698 Quid
2751 1645 2879 1700 ergo
2904 1638 3003 1695 est,
3041 1628 3228 1685 Potens
3245 1639 3317 1685 est
3346 1625 3390 1685 et
3420 1630 3482 1685 iis
3502 1632 3586 1700 qui
3608 1640 3815 1685 tentan-

2234 1735 2317 1780 tur
2340 1722 2579 1777 auxiliari
2596 1722 2620 1775 ?
2647 1720 2808 1789 Quasi
2836 1720 3041 1775 dixeris
3074 1738 3087 1773 :
3129 1718 3313 1790 Magna
3344 1720 3509 1775 animi
3534 1719 3818 1777 alacritate

2236 1826 2449 1867 manum
2500 1809 2769 1881 porriget,
2835 1807 3317 1865 commiserabitur.
3381 1807 3515 1863 Nam
3557 1809 3817 1880 quoniam

2237 1917 2483 1973 magnum
2511 1900 2780 1966 volebant,
2806 1908 2861 1955 et
2885 1899 3113 1970 amplius
3138 1897 3265 1968 quid
3295 1898 3495 1955 habere
3520 1914 3678 1969 quam
3716 1903 3815 1970 qui

2234 2004 2388 2051 erant
2416 2010 2479 2051 ex
2508 1994 2775 2065 gentibus,
2823 1990 3057 2047 ostendit
3095 2005 3189 2047 eos
3220 1992 3272 2046 in
3311 1992 3413 2048 hoc
3452 1991 3650 2049 habere
3695 2008 3819 2048 am-

2237 2086 2392 2156 plius,
2425 2085 2476 2139 in
2500 2098 2605 2154 quo
2632 2082 2764 2138 nihil
2790 2083 2928 2138 lmsit
2948 2096 3042 2138 eos
3065 2082 3154 2153 qui
3176 2090 3334 2137 erant
3356 2098 3419 2137 ex
3450 2084 3719 2153 gentibus.
3757 2082 3818 2141 In

2236 2177 2508 2249 quonam?
2535 2175 2686 2245 Quod
2717 2190 2783 2231 ex
2815 2175 2943 2246 ipsis
2965 2186 3045 2229 est
3069 2173 3233 2241 salus,
3256 2174 3394 2245 quod
3425 2175 3542 2231 illos
3580 2177 3819 2245 primum

2237 2267 2609 2339 apprehendit,
2634 2267 2774 2337 quod
2797 2282 2862 2322 ex
2904 2265 3005 2321 illis
3023 2279 3239 2322 carnem
3265 2266 3519 2335 suscepit.
3540 2265 3658 2321 Non
3676 2270 3819 2324 enim

2238 2358 2769 2431 angelos,iuquit,app
2777 2356 3118 2421 reltendit,sed
3130 2356 3519 2411 scmenAbralue
3528 2358 3823 2429 apprehen.

2237 2454 2330 2506 dit.
2342 2452 2447 2506 Per
2460 2449 2561 2505 hoc
2574 2450 2799 2504 honorat
2810 2448 2965 2503 etiam
2982 2447 3418 2518 patriarcham,et
3434 2448 3667 2505 ostendit
3683 2449 3819 2519 quid

2237 2544 2326 2610 sit,
2352 2542 2533 2598 Semen
2561 2539 2794 2596 Abraha.
2816 2540 2908 2594 Eis
2930 2553 3160 2610 namque
3183 2550 3399 2595 revocat
3418 2539 3473 2595 in
3498 2542 3820 2597 memoriam

2239 2631 2650 2704 promissionem
2676 2644 2795 2700 qua:
2825 2630 2955 2701 ipsis
2984 2627 3120 2685 facta
3146 2638 3250 2695 est,
3276 2629 3547 2687 dicentem
3581 2648 3594 2685 :
3626 2628 3744 2685 Tibi
3770 2644 3820 2687 et

2239 2723 2417 2780 semini
2446 2731 2531 2776 tuo
2568 2720 2699 2776 dabo
2726 2729 2911 2774 tenam
2935 2720 3065 2773 hanc
3098 2716 3253 2788 (Gen.
3298 2720 3386 2774 l3.
3425 2718 3534 2790 15).
3561 2720 3662 2775 Per
3708 2720 3821 2777 hoc

2241 2828 2417 2873 autem
2447 2813 2725 2869 minimum
2770 2809 3003 2865 ostendit
3030 2808 3509 2879 propinquitatem,
3559 2809 3699 2880 quod
3748 2826 3816 2867 ex

2249 2918 2357 2958 uno
2380 2904 2484 2959 sint
2504 2914 2709 2956 omnes.
2728 2899 2835 2955 Sed
2860 2898 2984 2968 quia
3010 2912 3115 2953 non
3139 2912 3328 2968 magna
3351 2906 3468 2951 erat
3494 2895 3579 2955 illa
3605 2892 3833 2963 propin-

2248 2991 2442 3061 quitas,
2472 3004 2659 3044 rursus
2684 2987 2827 3042 venit
2851 2986 2916 3041 ad
2941 3000 3083 3050 eam,
3111 2994 3166 3042 et
3193 2984 3260 3040 de
3283 2992 3482 3040 caetero
3511 2982 3838 3037 immoratur

2248 3086 2301 3136 In
2325 3079 2723 3151 dispensatione
2746 3094 2865 3149 quae
2889 3088 2969 3132 est
2994 3075 3284 3133 secundum
3300 3088 3540 3139 carnem,
3562 3083 3616 3127 et
3647 3070 3781 3127 dicit
3814 3090 3831 3127 :

2253 3168 2319 3226 Ut
2346 3170 2697 3239 repropitiaret
2718 3170 2903 3223 delicta
2946 3167 3142 3236 populi.
3171 3166 3298 3220 Erat
3326 3165 3470 3219 enim
3497 3176 3701 3233 magna
3717 3176 3833 3218 eu-

2246 3277 2322 3316 ra:
2348 3270 2403 3317 et
2430 3260 2669 3316 caritatis
2694 3259 2834 3330 quod
2863 3257 3089 3313 voluerit
3114 3256 3225 3312 lieri
3250 3256 3447 3319 homo;
3475 3267 3617 3308 nunc
3643 3261 3832 3307 autem

2251 3367 2354 3406 non
2384 3350 2485 3405 hoc
2510 3360 2592 3406 est
2618 3350 2812 3416 solum,
2837 3349 2933 3405 sed
2970 3348 3129 3403 etiam
3155 3356 3280 3401 sunt
3314 3348 3450 3400 bona
3479 3343 3827 3407 immortalia,

2244 3456 2361 3511 quae
2385 3455 2483 3512 per
2520 3440 2692 3509 ipsum
2724 3438 2878 3493 nobis
2902 3446 3026 3492 sunt
3046 3435 3301 3492 exhibita.
3334 3433 3403 3490 Ut
3439 3433 3825 3504 repropitiaret,

2240 3532 2428 3602 inquit,
2461 3529 2644 3585 delicta
2691 3529 2889 3601 populi.
2936 3528 3045 3582 Cur
3085 3541 3191 3581 non
3240 3526 3395 3591 dixit,
3441 3525 3598 3581 Orbis
3636 3532 3823 3591 terra.

2237 3624 2352 3689 sed,
2406 3621 2632 3692 Populi?
2672 3637 2794 3679 nam
2837 3621 3075 3676 omnium
3116 3617 3346 3689 portavit
3387 3627 3623 3687 peccata.
3668 3614 3822 3683 Quo-

2237 3715 2381 3769 niam
2410 3723 2535 3768 tunc
2560 3714 2628 3767 ab
2652 3728 2717 3769 eo
2742 3712 2809 3767 de
2829 3712 2960 3782 ipsis
2986 3709 3224 3766 Hebraiis
3248 3709 3411 3763 verba
3437 3706 3652 3763 fiebant.
3680 3704 3821 3780 Nam

2236 3805 2455 3875 angelus
2482 3817 2694 3874 quoque
2721 3801 2933 3857 dicebat
2961 3799 3197 3870 Josepho
3223 3817 3235 3855 :
3268 3797 3482 3853 Vocabis
3504 3813 3685 3852 uomat
3702 3798 3822 3867 eius

2233 3897 2409 3952 Iesum
2429 3898 2567 3966 :ipss
2584 3892 2921 3950 enimsalvum
2942 3894 3092 3964 faciet
3111 3888 3355 3960 populum
3372 3888 3739 3960 suum(ﬂattls.
3757 3888 3813 3943 1.

2234 3985 2345 4059 21).
2374 3987 2487 4042 Hoc
2515 3986 2656 4041 enim
2687 3982 2967 4055 oportebat
2995 3980 3222 4051 primum
3261 3979 3412 4045 ﬂeri;
3443 3987 3498 4035 et
3527 3985 3816 4049 propterea

2232 4078 2378 4132 venit
2406 4088 2461 4132 ut
2491 4075 2590 4131 hos
2616 4076 2795 4129 salvos
2838 4072 3073 4135 faceret,
3120 4080 3175 4125 et
3216 4078 3342 4126 tunc
3388 4085 3484 4141 per
3526 4068 3625 4123 hos
3663 4068 3813 4134 illos.

2229 4168 2436 4223 etiamsi
2454 4167 2779 4224 contrarium
2796 4165 3054 4222 evenerit.
3076 4162 3188 4218 Hoc
3200 4160 3426 4231 apostoli
3442 4173 3656 4230 quoque
3671 4158 3819 4215 dice-

2229 4258 2804 4315 bantabinitio:Vobis
2823 4258 3073 4313 suscitans
3116 4252 3311 4308 Filium
3353 4252 3814 4317 suum,misiteuns

2227 4350 2751 4406 benedicentemvobis
2775 4348 2909 4421 (Act.
2942 4348 2994 4405 3.
3034 4345 3129 4412 26)
3152 4362 3166 4410 ;
3192 4352 3248 4399 et
3276 4356 3484 4407 rursus,
3516 4340 3665 4395 Vobis
3694 4342 3814 4396 mis-

2225 4458 2335 4496 sum
2356 4451 2429 4497 est
2458 4440 2658 4495 verbum
2682 4440 2862 4495 salutis
2900 4438 3038 4509 (Act.
3068 4436 3155 4492 13.
3185 4433 3298 4504 26).
3337 4432 3684 4487 Nobilitatem
3712 4431 3809 4488 hic

2225 4530 2458 4586 ostendit
2478 4529 2773 4597 Judaicam,
2802 4528 2987 4583 dicens
3007 4567 3023 4591 ,
3067 4525 3146 4580 Ad
3188 4522 3445 4592 expianda
3479 4532 3685 4591 peccata
3709 4538 3811 4593 ρο-

2225 4622 2332 4691 puli
2362 4620 2550 4691 (Marc.
2578 4622 2633 4676 2.
2666 4621 2745 4693 5).
2791 4619 3009 4676 Interim
3046 4617 3123 4673 sic
3149 4616 3278 4671 dicit
3306 4630 3322 4670 :
3359 4628 3482 4669 nam
3507 4614 3649 4685 quod
3688 4614 3809 4684 ipse

2224 4714 2295 4769 sit
2323 4714 2413 4785 qui
2442 4714 2678 4768 omnium
2709 4721 2928 4783 peccata
2959 4710 3181 4774 dimisit,
3221 4706 3458 4762 ostendit
3477 4716 3532 4761 et
3560 4706 3613 4760 in
3641 4719 3807 4775 para-

2222 4806 2405 4876 lytico,
2435 4805 2619 4860 dicens
2650 4821 2666 4861 :
2704 4804 3043 4858 Dimittuntur
3072 4800 3161 4855 tibi
3191 4808 3429 4869 peccata;
3453 4807 3511 4853 et
3552 4796 3605 4851 in
3632 4795 3808 4866 bapti-

2221 4906 2394 4951 smate
2434 4895 2733 4965 discipulis,
2767 4893 2956 4949 Euntes
2980 4900 3153 4947 docete
3190 4904 3362 4944 omnes
3389 4896 3590 4957 gentes,
3636 4884 3809 4955 διψάς

2219 4996 2391 5041 sontes
2418 5002 2501 5041 eos
2537 4986 2592 5040 in
2619 4986 2823 5040 nomine
2851 4982 3025 5037 Patris
3058 4990 3107 5035 et
3133 4978 3259 5034 Filii
3287 4988 3334 5033 et
3373 4976 3602 5048 Spiritus
3638 4976 3806 5031 uncti

2222 5076 2431 5144 (Matth.
2456 5076 2511 5133 9.
2541 5076 2596 5132 5.
2632 5084 2679 5130 et
2706 5073 2798 5129 28.
2833 5071 2943 5143 19).
2972 5072 3106 5127 Cum
3135 5079 3315 5124 autem
3352 5080 3571 5121 carnem
3601 5078 3804 5135 appreo

2219 5167 2466 5223 henderit
2508 5166 2725 5233 Paulus,
2768 5164 2948 5221 omnia
2976 5160 3171 5218 deinde
3220 5158 3457 5229 loquitur
3493 5157 3699 5226 abjects
3741 5163 3803 5213 et

2224 5258 2464 5323 humilia,
2510 5255 2642 5312 nihil
2670 5257 2870 5313 veritus
2899 5272 2914 5313 :
2946 5255 3071 5311 vide
3096 5254 3242 5311 enim
3284 5252 3416 5325 quid
3461 5251 3575 5323 jam
3618 5253 3765 5310 dicat
3794 5273 3813 5311 :

2224 5352 2375 5424 (Cap.
2419 5352 2476 5423 5)
2517 5352 2567 5406 l.
2603 5350 2788 5418 Unda,
2825 5352 3008 5421 fratres
3050 5356 3244 5412 uncti,
3288 5346 3565 5403 occasionis
3598 5345 3817 5401 celestis

2222 5443 2513 5515 participes,
2546 5442 2862 5496 considerate
2898 5441 3187 5511 apostolum
3215 5447 3262 5493 et
3298 5437 3589 5509 pontiﬁcem
3604 5439 3813 5510 confa-

2220 5533 2379 5588 sionis
2399 5542 2589 5587 nostra:
2610 5530 2787 5586 Jesum
2811 5545 2830 5584 :
2853 5528 2908 5584 2.
2935 5529 3022 5595 qui
3046 5528 3215 5597 ﬁdelis
3231 5536 3305 5583 est
3323 5526 3471 5596 siqui
3493 5526 3611 5595 fecit
3633 5526 3808 5593 illum.

2222 5623 2349 5675 sicut
2388 5635 2435 5675 et
2471 5619 2673 5691 Moyses
2700 5620 2754 5674 in
2783 5620 2923 5674 omni
2947 5618 3097 5673 domo
3124 5624 3256 5685 ejus.
3287 5616 3423 5672 Eum
3453 5615 3617 5687 Moysi
3662 5630 3809 5687 pra:-

2224 5713 2492 5786 positurus
2534 5726 2628 5783 per
2679 5708 3159 5783 comparationem,
3209 5706 3276 5763 ad
3308 5706 3480 5779 legem
3518 5705 3810 5765 sacerdotii
