4042 6420
226 445 283 497 ω
1074 423 1133 478 ΙΝ
1175 419 1385 476 EPIST.
1429 416 1520 471 AD
1561 407 1809 468 IIEBM

1912 445 1921 460 .
1966 409 2117 481 car.
2146 412 2237 473 tu.
2266 415 2494 472 llOlllL.
2534 414 2594 470 γ.
3446 422 3515 477 so

218 525 423 581 deduxit
447 527 777 581 orationem
806 542 820 582 :
858 537 966 578 non
990 524 1124 577 enim
1154 524 1222 579 de
1249 524 1431 596 Moyse
1463 538 1681 594 parram
1728 523 1828 578 ha-

221 617 404 670 bebant
426 631 630 672 omnes
654 616 1005 686 Opinionem.
1041 614 1100 668 Et
1118 615 1228 684 jam
1263 615 1493 683 primum
1528 614 1711 684 drjicit
1741 628 1817 670 sc-

218 708 346 763 mias
384 708 745 764 excellentia:
800 715 1010 776 :atque
1050 706 1230 775 incipit
1282 706 1497 775 quidem
1543 721 1575 760 a
1624 721 1823 772 carne;

215 799 442 855 ascendit
465 810 661 855 autem
695 798 769 852 ad
797 796 1151 863 divinitatem,
1185 797 1274 851 ubi
1306 812 1412 851 non
1440 807 1558 851 erat
1585 797 1820 867 amplius

213 891 562 960 comparatio.
603 887 827 959 lncepit
856 889 1064 943 interim
1092 903 1121 940 a
1146 902 1311 943 carne
1362 902 1564 957 ponere
1602 888 1823 956 aequali-

212 992 385 1048 tatem,
409 993 466 1039 et
490 983 638 1039 dicit
666 998 683 1039 :
732 982 881 1037 Sicut
900 990 947 1036 et
968 980 1169 1050 Moyses
1187 980 1241 1033 in
1270 979 1409 1033 omni
1431 980 1581 1033 domo
1602 981 1730 1050 ejus.
1758 981 1825 1033 ιει

212 1090 305 1130 non
331 1076 402 1131 ab
423 1074 589 1129 initio
612 1072 864 1129 ostendit
885 1070 1283 1136 excellentiam,
1316 1086 1383 1125 ne
1412 1071 1645 1126 resiliret
1670 1070 1823 1126 audi-

212 1175 306 1233 tor,
326 1176 379 1222 et
408 1180 581 1221 aures
610 1165 870 1235 protinus
896 1162 1205 1218 obstrueret
1238 1180 1253 1217 :
1288 1176 1412 1216 nam
1443 1160 1542 1216 etsi
1576 1171 1730 1217 erant
1753 1161 1818 1215 ﬁ-

208 1256 366 1320 deles.
398 1257 454 1311 iu
485 1271 695 1313 eorum
737 1264 914 1309 tamen
936 1254 1270 1309 conscientia
1300 1252 1477 1309 adhuc
1500 1253 1657 1308 valde
1686 1254 1820 1309 resi-

207 1349 356 1405 debat
372 1348 626 1419 Παῖδες.
660 1348 768 1413 Qui
787 1356 880 1411 est,
911 1347 1101 1415 inquit,
1140 1345 1311 1413 ﬁdelis
1337 1345 1384 1399 ei
1404 1345 1489 1415 qui
1529 1345 1646 1413 fecit
1678 1362 1815 1402 cum.

207 1438 461 1507 Quidnam
493 1437 759 1495 fecerat!
785 1437 1101 1506 Apostolum
1128 1443 1184 1489 et
1207 1433 1533 1505 pontiﬁcem.
1565 1434 1705 1490 Nihil
1728 1434 1816 1491 hic

205 1532 324 1588 dicit
347 1533 417 1587 de
441 1531 722 1595 essentia,
749 1544 922 1599 neque
948 1528 1019 1584 de
1055 1527 1357 1593 divinitate,
1384 1526 1477 1581 sed
1501 1527 1714 1582 interim
1747 1526 1815 1582 de

206 1623 447 1679 humanis
474 1623 618 1679 dicit
649 1621 1023 1692 dignitatibus.
1067 1619 1219 1675 Sicut
1249 1628 1295 1673 et
1326 1617 1535 1689 Moyses
1579 1620 1632 1673 in
1676 1628 1817 1673 omni

205 1718 345 1772 domo
370 1718 485 1787 ejus
527 1731 550 1769 :
602 1714 717 1770 hoc
765 1724 867 1775 est.
914 1712 967 1767 in
1011 1712 1231 1782 populo,
1259 1720 1354 1765 aut
1384 1712 1437 1766 in
1465 1711 1687 1781 templo.
1719 1711 1816 1766 llic

204 1816 370 1861 autem
400 1807 562 1869 dicit,
603 1805 680 1858 In
706 1805 860 1857 domo
882 1804 992 1872 ejus
1019 1818 1038 1857 :
1068 1802 1293 1873 perinde
1319 1817 1383 1857 ac
1408 1802 1453 1858 si
1482 1802 1706 1867 dixeris,
1739 1803 1815 1858 De

207 1897 265 1951 iis
287 1896 375 1962 qui
408 1895 625 1951 suntin
665 1894 848 1950 domo.
877 1892 1173 1963 Tamquam
1202 1903 1522 1963 procurator
1544 1894 1812 1963 quispiam

204 1997 255 2043 et
278 1987 638 2056 dispensator
665 1986 891 2051 domus,
922 1985 1002 2039 sic
1028 1995 1144 2040 erat
1172 1984 1386 2056 Moyses
1430 1987 1647 2056 populo.
1678 1985 1811 2040 Nam

205 2076 336 2148 quod
386 2075 663 2147 populum
711 2075 796 2129 hic
825 2074 971 2129 dicat
1010 2074 1251 2140 domum,
1303 2074 1621 2143 subiunxit,
1658 2075 1816 2148 Cujus

205 2170 374 2224 demus
420 2185 611 2223 sumus
641 2182 736 2220 nos
763 2182 781 2220 :
811 2165 914 2221 hoc
933 2175 1038 2230 est,
1092 2164 1288 2219 Sumus
1341 2166 1393 2219 in
1445 2166 1562 2235 ejus
1602 2181 1815 2234 posses-

205 2260 365 2313 sione.
402 2255 626 2313 Deindc
650 2255 968 2312 excellentia
998 2254 1171 2325 major
1202 2273 1217 2309 :
1256 2255 1308 2310 5.
1364 2255 1643 2325 Amplioris
1678 2256 1813 2309 enim

206 2348 367 2417 gloria
407 2350 506 2404 iste
546 2365 663 2419 pro:
692 2350 869 2421 Moyse
912 2349 1095 2421 dignus
1139 2360 1212 2403 est
1243 2349 1464 2404 habitus.
1496 2350 1703 2405 Rursus
1740 2350 1808 2404 de

207 2452 399 2494 carne:
437 2439 657 2505 Quanto
692 2440 991 2509 ampliorem
1037 2439 1279 2495 honorent
1325 2441 1474 2495 habet
1507 2441 1687 2496 donius
1715 2441 1804 2513 qui

209 2527 463 2595 fabricauit
493 2530 671 2585 illam.

278 2618 327 2673 5.
357 2619 428 2675 Et
462 2622 587 2693 ipse
608 2632 747 2687 erat,
781 2622 974 2693 inquit,
1002 2622 1069 2678 de
1084 2622 1265 2678 domo.
1287 2624 1352 2678 Et
1387 2637 1495 2678 non
1519 2623 1806 2680 dixitzlste

210 2709 340 2764 enim
384 2724 505 2767 erat
534 2714 761 2784 quidem
799 2729 1011 2780 servus,
1066 2715 1154 2769 ille
1198 2730 1331 2769 vero
1368 2715 1661 2780 Dominus;
1710 2715 1805 2769 sed

218 2798 310 2855 hoc
338 2801 582 2860 latenter
634 2805 911 2861 indicavit.
944 2806 1000 2861 Si
1042 2806 1269 2876 populus
1297 2816 1413 2861 erat
1437 2805 1657 2872 domus,
1693 2807 1807 2875 ipse

214 2902 381 2949 autem
405 2906 531 2951 erat
561 2912 635 2952 ex
678 2899 878 2967 populo
909 2916 921 2951 :
969 2910 1022 2953 et
1052 2900 1165 2967 ipse
1206 2914 1336 2970 ergo
1365 2908 1482 2953 erat
1505 2898 1573 2953 de
1618 2899 1801 2953 domo.

216 2979 333 3037 Nam
362 2986 522 3041 nobis
549 3002 769 3058 quoque
798 3003 916 3044 mos
936 2997 1020 3045 est
1047 2991 1126 3044 sic
1150 2988 1354 3054 dicere,
1378 2988 1474 3042 llic
1503 2995 1587 3041 est
1613 3002 1679 3042 ex
1703 2986 1805 3041 do-

218 3089 299 3129 mo
338 3076 506 3133 illius.
545 3078 652 3133 Hic
680 3090 859 3134 autem
886 3080 1017 3136 dicit
1061 3081 1303 3145 domum,
1356 3093 1462 3132 non
1492 3078 1748 3148 templum
1788 3094 1802 3131 :

217 3178 313 3220 non
356 3167 504 3222 enim
562 3168 707 3225 Deus
734 3170 849 3239 ipse
880 3172 1214 3233 construxit,
1260 3169 1355 3224 sed
1388 3169 1653 3223 homines.
1703 3166 1804 3233 Qui

220 3270 338 3311 vero
377 3256 509 3314 fecit
540 3260 742 3330 ipsum,
776 3261 915 3315 Deus
937 3270 1021 3316 est
1053 3279 1066 3315 :
1098 3260 1228 3314 dicit
1250 3260 1506 3328 Moysem.
1540 3257 1673 3325 Vide
1712 3272 1807 3310 au-

220 3357 315 3402 tem
361 3351 645 3419 quomodo
697 3352 929 3408 latenter
958 3353 1219 3422 majorem
1252 3351 1485 3407 ostendit
1532 3351 1804 3405 excellen-

222 3437 358 3494 tiam.
390 3440 619 3509 Fidelis,
646 3443 837 3512 inquit,
868 3455 976 3498 erat
1001 3445 1055 3498 in
1083 3454 1186 3498 tota
1202 3445 1352 3497 domo
1377 3444 1506 3513 ejus,
1539 3457 1659 3497 cum
1692 3441 1806 3511 ipse

220 3539 350 3583 esset
374 3530 442 3585 de
471 3531 665 3596 domo,
700 3532 801 3587 hoc
826 3544 908 3589 est
952 3534 1020 3588 de
1065 3534 1284 3604 populo.
1336 3532 1591 3603 Maiorem
1646 3531 1808 3586 habet

227 3616 470 3675 honorem
523 3621 721 3677 artifex
748 3663 764 3688 ,
794 3638 952 3691 quam
997 3638 1158 3693 opera
1185 3666 1200 3688 ,
1246 3622 1341 3679 sed
1377 3633 1430 3678 et
1472 3623 1560 3692 qui
1588 3621 1805 3676 domum

225 3710 535 3774 tonstruxit,
562 3726 723 3779 quam
749 3711 960 3765 domus.
991 3713 1045 3768 4.
1078 3713 1178 3780 Qui
1200 3723 1367 3766 autem
1388 3714 1557 3767 omnia
1571 3722 1807 3783 constru-

221 3797 308 3862 sit,
330 3797 468 3854 Deus
509 3812 604 3856 est.
642 3803 802 3859 Vides
844 3805 1122 3872 quodnon
1154 3806 1299 3859 dicat
1340 3806 1406 3861 de
1453 3808 1672 3876 templo,
1712 3805 1805 3860 sed

223 3893 323 3941 toto
350 3894 593 3961 populo?
618 3894 671 3949 5.
702 3893 771 3947 Et
809 3894 1012 3965 Moyses
1052 3898 1253 3967 quidem
1280 3899 1447 3967 ﬁdelis
1492 3909 1600 3952 erat
1630 3901 1807 3953 intota

223 3974 359 4033 domo
395 3985 528 4051 ejus,
585 3993 839 4053 tamquam
882 3988 1126 4055 famulus,
1179 3990 1231 4042 in
1263 3991 1599 4043 testimonium
1633 4008 1805 4044 eorum

222 4072 560 4137 mdicendo
591 4085 755 4129 erant.
789 4078 926 4132 Ecce
956 4080 1059 4132 alia
1100 4094 1311 4149 quoque
1355 4080 1655 4135 differentia
1686 4097 1804 4151 qum

223 4166 296 4213 est
345 4175 373 4213 a
430 4162 577 4217 Filio
608 4174 661 4218 et
719 4168 907 4220 servis.
940 4166 1102 4223 Vides
1141 4170 1281 4239 quod
1335 4171 1492 4224 tacite
1542 4171 1807 4238 significat

226 4254 602 4320 proprietatem
641 4272 738 4325 pcr
780 4261 1191 4329 appellationem
1253 4262 1412 4316 Filii?
1463 4263 1516 4318 6.
1577 4264 1806 4319 Christus

224 4356 329 4396 vero
379 4355 639 4417 tamquam
671 4346 841 4404 Filius
883 4351 935 4403 in
969 4352 1119 4405 domo
1164 4369 1275 4406 sua.
1305 4352 1497 4408 Vidisti
1538 4356 1806 4424 quomodo

228 4430 507 4506 distinguat
558 4452 621 4491 ac
666 4451 881 4508 separet
911 4456 1072 4510 opera
1116 4452 1167 4496 et
1195 4443 1438 4511 Opiﬁcem
1464 4485 1479 4509 ,
1536 4446 1805 4514 quomodo

222 4536 423 4584 servum
456 4542 513 4585 et
544 4529 778 4585 Filium?
804 4542 857 4587 et
886 4533 974 4588 ille
1007 4535 1222 4603 quidem
1248 4536 1297 4589 in
1332 4552 1418 4590 res
1441 4548 1691 4605 paternas
1721 4539 1804 4591 in-

228 4619 449 4683 greditur
478 4630 541 4675 ut
564 4620 753 4689 Filius,
799 4623 887 4679 hic
932 4641 1060 4679 vero
1104 4635 1159 4679 ut
1186 4641 1394 4681 servus.
1424 4626 1579 4697 Cujus
1626 4629 1806 4683 domus

224 4720 383 4764 unus
419 4727 534 4775 nos,
561 4712 607 4765 si
630 4713 871 4781 ﬁduciam
920 4726 964 4769 et
1002 4717 1218 4786 gloriam
1244 4719 1351 4787 spei
1377 4735 1532 4787 usque
1560 4720 1628 4770 ad
1652 4721 1806 4785 ﬁnem

227 4796 411 4863 ﬁrmant
442 4805 767 4860 retineamus.
803 4808 901 4861 llic
930 4825 1113 4863 rursus
1140 4826 1235 4863 eos
1266 4811 1509 4865 hortatur
1550 4822 1606 4865 ut
1644 4812 1803 4867 forti-

232 4897 305 4942 ter
335 4894 594 4948 resistant
619 4934 635 4959 ,
667 4906 720 4950 et
751 4912 855 4951 non
897 4900 1112 4953 cadant.
1154 4901 1350 4954 Domus
1391 4904 1566 4967 enim,
1612 4903 1802 4972 inquit,

234 4979 419 5039 erimus
472 4984 598 5049 Dei,
630 4987 769 5042 sicut
796 5000 913 5044 erat
963 4991 1195 5062 Moyses,
1241 4995 1285 5047 si
1318 4994 1563 5049 fiduciam
1596 5004 1651 5050 et
1688 4997 1804 5065 spei

228 5067 589 5134 gloriationem
640 5092 809 5147 usque
862 5081 929 5134 ad
985 5080 1146 5135 ﬁurm
1198 5082 1407 5138 ﬁrmam
1458 5085 1802 5140 retineamus.

232 5156 319 5223 Qui
350 5165 544 5222 dolore
570 5168 806 5237 quidem,
840 5172 1027 5242 inquit,
1060 5174 1291 5229 afﬁcitur
1321 5177 1371 5230 in
1398 5179 1799 5244 tentationibus,

227 5256 466 5310 θιληίωο
492 5258 746 5322 concidit,
780 5277 885 5315 non
915 5262 1174 5331 gloriatur
1206 5284 1217 5318 :
1244 5269 1333 5335 qui
1360 5268 1561 5335 pudore
1588 5269 1794 5324 suﬂ‘un-

230 5339 378 5405 ditur.
435 5355 490 5399 et
519 5361 580 5401 se
625 5348 937 5417 abscondit,
990 5368 1097 5408 non
1141 5356 1303 5411 habet
1348 5357 1596 5415 ﬁduciam
1659 5380 1673 5415 :
1723 5366 1811 5433 qui

232 5440 305 5523 cst
348 5436 547 5505 tristis,
594 5454 704 5494 non
744 5442 1022 5511 gloriatur.
1080 5446 1283 5503 Deinde
1310 5463 1406 5504 eos
1457 5466 1671 5523 quoque
1696 5453 1811 5507 lau-

231 5520 338 5588 dat,
386 5527 613 5583 dicens:
646 5531 709 5586 Si
755 5532 996 5601 ﬁduciam
1024 5545 1069 5589 et
1107 5537 1458 5608 gloriationent
1506 5520 1614 5610 spei
1658 5560 1814 5611 usque

234 5613 291 5664 ad
326 5616 473 5681 ﬁnem
538 5620 740 5685 ﬁrmant
795 5625 1136 5690 retineamus;
1181 5630 1471 5686 ostendens
1526 5633 1637 5702 jam
1694 5635 1815 5689 illos

233 5704 463 5771 rupisse.
496 5705 633 5763 Fine
659 5720 841 5766 autem
870 5724 954 5768 est
988 5731 1143 5787 opus,
1175 5730 1228 5773 et
1259 5736 1365 5775 non
1396 5723 1570 5777 solum
1602 5724 1814 5795 oportet

237 5800 384 5862 stare,
415 5799 510 5855 sed
544 5801 705 5856 etiam
740 5802 953 5859 ﬁrmam
984 5819 1037 5861 et
1064 5809 1311 5865 stabilem
1341 5809 1539 5872 habere
1577 5830 1727 5885 spem
1758 5815 1810 5871 in

1911 516 2232 571 certitudine
2252 516 2394 580 ﬁdet,
2424 519 2645 573 minime
2673 517 3021 581 labefactatos
3042 535 3069 574 a
3099 517 3511 577 tenLuiouihns.

1912 610 1989 663 Ac
2018 624 2083 662 ne
2109 609 2345 674 mireris,
2372 610 2416 663 si
2442 609 2727 663 humanius
2750 610 2901 675 illud,
2930 607 3053 681 Ipse
3078 620 3296 666 tentatus
3320 612 3510 685 (Hebr.

1909 698 1965 753 2.
2002 698 2114 769 18),
2142 700 2373 754 dicatur.
2404 698 2460 755 Si
2490 702 2633 754 enim
2679 700 2749 755 de
2798 700 2958 756 Patre
2996 702 3085 771 qui
3132 717 3351 758 carnem
3403 718 3512 758 non

1911 792 2152 861 suscepit
2191 790 2323 846 dicit
2358 791 2659 861 Scriptura,
2695 791 2775 847 De
2799 794 2925 847 ctelo
2949 795 3208 863 prospexit
3237 792 3513 864 Domitius,

1910 891 1958 935 et
1988 881 2109 935 uidit
2136 898 2307 937 oumcs
2336 882 2471 951 ﬁlios
2502 882 2765 936 hominum
2796 881 2972 951 (Ptol.
3002 885 3091 940 15.
3122 883 3215 957 2);
3255 886 3361 941 hoc
3406 896 3508 953 est,

1910 974 2092 1028 oxnnia
2120 983 2307 1029 exacte
2336 983 2389 1029 ct
2417 984 2667 1029 accurate
2695 974 2918 1043 didicit;
2949 986 3003 1030 et
3030 992 3215 1033 rursus
3235 1016 3253 1046 ,
3285 976 3513 1034 Descen-

1911 1065 2254 1131 dens‘uidebo,
2283 1082 2351 1119 an
2377 1067 2659 1121 secundum
2699 1069 2974 1122 clamorem
2998 1085 3172 1124 eorum
3220 1071 3311 1140 ﬁat
3357 1070 3511 1141 (Gen.

1910 1155 2000 1211 18.
2028 1155 2162 1222 21);
2196 1166 2250 1212 et
2286 1171 2509 1225 rursus,
2555 1157 2678 1212 Non
2724 1169 2885 1230 potest
2916 1158 3054 1214 Deus
3095 1165 3232 1232 {me
3255 1162 3376 1216 vitia
3419 1161 3512 1215 lto-

1912 1249 2106 1301 minum
2153 1264 2171 1301 :
2228 1248 2527 1320 Scriptura,
2561 1250 2803 1320 inquam,
2842 1250 3031 1305 divina
3083 1252 3176 1307 ira:
3222 1253 3516 1309 ostendens

1911 1341 2334 1410 magnitudinem
2368 1366 2384 1396 ι
2417 1344 2588 1397 multo
2636 1345 2807 1413 magis
2854 1344 2923 1398 de
2968 1343 3188 1399 Christo
3213 1346 3303 1416 qui
3344 1357 3429 1401 est
3460 1346 3515 1400 in

1911 1444 2078 1484 carne
2146 1445 2336 1500 passus
2392 1431 2509 1486 haec
2548 1432 2821 1487 dicuntur.
2870 1432 3003 1487 Nam
3047 1433 3303 1502 quoniam
3360 1436 3542 1491 multi.

1913 1521 2161 1578 homines
2182 1524 2493 1578 existimant
2520 1526 2911 1594 experientiam
2935 1540 3059 1581 esse
3098 1527 3350 1583 omnibus
3378 1528 3514 1584 ﬁde-

1913 1614 2103 1671 liorem
2135 1616 2202 1669 ad
2245 1616 2635 1686 cognitionem,
2666 1618 2777 1671 vult
2804 1618 3094 1675 ostendere
3122 1634 3271 1685 eum,
3313 1622 3402 1689 qui
3433 1630 3518 1676 est

1912 1720 2125 1775 passus,
2180 1722 2342 1762 nosse
2383 1709 2511 1778 quid
2559 1709 2792 1778 patiatur
2836 1708 3068 1787 humana
3103 1722 3313 1767 natura.
3369 1712 3519 1768 Unde

1913 1800 2095 1868 fratres
2140 1802 2322 1855 sancti.
2373 1800 2554 1866 Unde,
2602 1800 2655 1855 id
2697 1812 2813 1868 est,
2866 1814 3169 1871 propterea.
3230 1802 3518 1860 Vocatianis

1913 1889 2125 1943 caelestis
2152 1891 2446 1959 participes.
2480 1890 2619 1945 Nihil
2654 1891 2739 1946 hic
2769 1894 3059 1962 quaeratis,
3090 1894 3136 1948 si
3183 1893 3314 1950 illuc
3343 1897 3519 1951 vocati

1912 1980 2082 2034 estis:
2116 1980 2223 2034 illic
2264 1993 2350 2037 est
2379 1996 2623 2048 merces,
2656 1982 2767 2037 illic
2791 1984 3178 2039 remuneratio.
3209 1984 3349 2051 Quid
3384 1996 3516 2037 vero

1913 2070 2029 2123 est?
2046 2068 2371 2124 Considerate
2391 2072 2677 2141 apostolum
2690 2081 2735 2126 et
2753 2074 3045 2142 pontiﬁcem
3073 2075 3407 2145 confessionis
3421 2092 3518 2128 no-

1912 2168 2033 2213 stra:
2050 2158 2225 2212 Jesum
2257 2159 2516 2213 Christum
2548 2177 2567 2214 :
2593 2162 2683 2232 qui
2712 2163 2880 2230 ﬁdelis
2905 2172 2977 2217 est
3017 2163 3063 2216 ei
3088 2164 3175 2233 qui
3200 2165 3317 2234 fecit
3345 2165 3517 2231 illum,

1913 2252 2045 2305 sicut
2075 2261 2121 2306 et
2154 2252 2358 2322 Moyses
2386 2253 2437 2306 in
2469 2254 2607 2307 omni
2651 2254 2802 2308 domo
2827 2256 2959 2324 ejus.
2993 2254 3130 2322 Quid
3162 2264 3267 2319 est,
3318 2256 3417 2320 Qui
3445 2267 3521 2310 est

1915 2344 2085 2413 ﬁdelis
2105 2347 2148 2399 ei
2169 2346 2256 2415 qui
2278 2346 2396 2416 fecit
2415 2346 2606 2400 illum?
2631 2346 2731 2414 Qui
2764 2347 3028 2416 providet,
3048 2348 3139 2416 qui
3163 2348 3276 2402 suis
3300 2359 3517 2416 praeest,

1915 2444 1971 2490 et
1999 2450 2106 2490 non
2136 2437 2266 2491 sinit
2295 2447 2350 2491 ut
2382 2440 2589 2494 temere
2619 2437 2862 2493 ferantur
2895 2447 2949 2492 et
2990 2446 3237 2509 agantur.
3289 2437 3436 2495 Sicut
3472 2449 3522 2493 et

1917 2525 2122 2598 Moyses
2148 2528 2200 2580 in
2246 2528 2385 2581 omni
2414 2528 2565 2581 domo
2597 2530 2729 2596 ejus.
2762 2528 2875 2584 Hoc
2908 2537 2992 2583 est
3012 2570 3026 2593 ,
3054 2526 3376 2599 Cognoscitc
3399 2528 3523 2600 quis

1917 2630 1973 2675 et
2002 2620 2304 2690 cujnsmodi
2331 2621 2401 2676 sit
2428 2621 2688 2691 pontifex,
2719 2628 2775 2675 ct
2813 2635 2919 2675 non
2955 2635 3091 2691 opus
3122 2621 3391 2676 habebitis
3416 2622 3520 2676 alia

1917 2713 2307 2777 consolatione,
2357 2728 2459 2768 nec
2512 2712 2915 2767 adhortatione.
2970 2712 3288 2782 Apostolum
3340 2721 3523 2768 autem

1918 2814 2074 2860 vocat
2103 2819 2169 2860 co
2194 2805 2335 2875 quod
2384 2808 2457 2859 stt
2484 2804 2715 2868 missus;
2747 2812 2802 2859 et
2829 2802 3139 2873 pontiﬁcem
3165 2803 3525 2860 confessionis

1919 2904 2141 2956 nostrae.
2172 2896 2275 2949 hoc
2318 2904 2435 2959 est,
2484 2894 2626 2949 ﬁdei.
2658 2894 2827 2949 Recte
2880 2893 3036 2956 dixit,
3087 2892 3235 2948 Sicut
3275 2893 3524 2964 Moyses:

1918 2992 2041 3033 nam
2069 2988 2119 3031 et
2149 2977 2275 3032 huic
2301 2980 2438 3033 sicut
2461 2980 2531 3033 illi
2569 2980 2667 3037 fuit
2695 2982 2985 3037 commissa
3020 2984 3200 3053 populi
3228 2984 3521 3054 prmlectu-

1915 3091 1973 3130 ra
2000 3084 2055 3130 et
2078 3075 2475 3132 administratio
2498 3119 2514 3145 ,
2543 3078 2638 3133 sed
2672 3079 2865 3147 major,
2898 3087 2955 3134 et
3005 3079 3056 3133 in
3086 3078 3247 3134 rebus
3297 3080 3521 3149 majori-

1914 3165 2031 3221 bus.
2065 3164 2275 3238 Moyses
2304 3169 2448 3223 enim
2480 3178 2537 3223 ut
2576 3169 2807 3225 iamnlus
2831 3180 2944 3225 erat
2970 3186 2985 3237 ;
3048 3169 3297 3226 Christus
3340 3182 3395 3227 ut
3427 3172 3520 3227 Fi-

1914 3256 2018 3313 lius
2050 3273 2065 3313 :
2100 3257 2189 3312 ille
2217 3258 2454 3323 alienos,
2489 3260 2578 3315 hic
2624 3276 2752 3315 suos
2802 3262 3045 3316 curabat.
3081 3259 3147 3314 In
3179 3263 3522 3318 testimonium

1913 3364 2086 3400 eorum
2139 3365 2253 3419 qua
2296 3350 2511 3404 dicenda
2540 3361 2705 3405 erant.
2759 3352 2894 3419 Quid
2926 3352 3099 3406 dicis?
3152 3356 3520 3411 testimonium

1913 3439 2193 3496 hominum
2244 3443 2386 3498 Deus
2431 3445 2665 3515 accipit?
2712 3445 2962 3500 Maxime.
3023 3445 3078 3502 Si
3127 3447 3270 3501 enim
3326 3449 3520 3504 cmlum

1913 3541 2142 3587 testatur
2170 3543 2223 3589 et
2251 3542 2448 3590 terram
2477 3547 2531 3590 et
2578 3538 2747 3591 colles
2766 3578 2781 3601 ,
2814 3536 3002 3592 dicens
3032 3553 3131 3608 per
3172 3538 3517 3609 prophetam,

1910 3623 2041 3677 Audi
2096 3624 2299 3692 celum,
2347 3637 2392 3680 et
2422 3629 2654 3682 ausculta
2682 3638 2838 3693 terra,
2864 3630 3105 3699 quoniam
3148 3630 3401 3688 Dominus
3441 3638 3521 3688 lo-

1910 3722 2094 3781 quutus
2124 3726 2237 3780 est;
2290 3726 2365 3784 et,
2399 3718 2581 3772 Audite
2609 3719 2789 3787 ualles,
2824 3721 3157 3791 fundamenta
3189 3734 3335 3777 teme
3362 3724 3516 3795 (faui.

1911 3805 1961 3857 1.
1994 3804 2049 3858 2.
2108 3805 2269 3860 Miclt.
2302 3808 2355 3863 6.
2389 3808 2469 3878 Ξ),
2500 3825 2752 3878 quoniam
2780 3810 3045 3881 judicium
3077 3822 3161 3867 est
3190 3814 3419 3871 Domino
3447 3817 3517 3871 ad

1917 3898 2170 3967 populum
2202 3916 2357 3956 suum
2394 3919 2408 3957 :
2439 3905 2608 3959 multo
2639 3907 2807 3976 magis
2838 3906 3104 3961 homines.
3138 3907 3277 3975 Quid
3305 3918 3416 3975 cst,
3449 3909 3519 3966 lu

1911 3993 2301 4047 testimonium?
2334 3996 2442 4051 lloc
2475 4006 2578 4065 est,
2612 4008 2668 4053 ut
2716 4000 2824 4053 sint
2853 4010 3053 4066 testes,
3084 4003 3301 4072 quando
3329 4004 3426 4074 ipsi
3458 4020 3519 4061 se

1913 4082 2250 4151 impudenter
2282 4090 2551 4155 gesserint
2585 4107 2598 4142 :
2650 4090 2900 4146 Christus
2928 4108 3058 4146 vero
3108 4104 3379 4164 tamquam
3426 4097 3515 4151 Fi—

1912 4173 2034 4228 lius.
2067 4176 2199 4230 Nam
2250 4178 2339 4233 ille
2369 4180 2585 4249 quidem
2627 4192 2779 4237 curat
2808 4183 3016 4238 alienos
3036 4226 3049 4247 ,
3091 4184 3177 4239 hic
3208 4201 3334 4240 vero
3365 4203 3512 4243 suos.

1911 4266 1979 4320 Et
2022 4269 2374 4338 gloriationent
2403 4274 2530 4341 spei.
2584 4273 2748 4330 Recte
2793 4273 2951 4341 dixit,
2998 4275 3145 4346 Spei,
3175 4278 3427 4347 quoniam
3463 4281 3513 4333 in

1908 4373 2002 4428 spe
2034 4362 2212 4415 omnia
2259 4373 2415 4417 erant
2446 4364 2609 4420 bona.
2638 4365 2733 4421 Sic
2763 4380 2943 4419 autem
2976 4382 3094 4420 eam
3126 4376 3343 4434 oportet
3383 4371 3513 4422 reti-

1912 4468 2060 4515 nere.
2113 4464 2170 4509 ut
2211 4454 2319 4522 jam
2352 4456 2650 4526 gloriemur
2678 4466 2951 4527 tamquam
2997 4460 3066 4511 ob
3115 4475 3175 4513 ea
3212 4474 3333 4530 qua:
3379 4461 3513 4514 facta

1909 4554 2053 4597 sunt.
2087 4547 2379 4616 Propterea
2409 4549 2541 4603 dicit
2560 4552 2953 4614 ,Gloriationem
2978 4552 3106 4621 spei,
3138 4561 3191 4607 et
3219 4553 3513 4623 subjungit,

1908 4635 1987 4687 Ad
2010 4636 2160 4703 linem
2193 4640 2394 4705 ﬁrmant
2425 4641 2729 4693 retineamus
2762 4657 2781 4693 :
2808 4657 2931 4695 nam
2960 4657 3055 4711 spe
3087 4642 3219 4697 salvi
3263 4641 3386 4699 facti
3419 4659 3513 4699 su-

1908 4744 2048 4782 mus.
2083 4727 2137 4782 Si
2170 4744 2300 4798 ergo
2325 4745 2422 4800 spe
2456 4731 2585 4785 salvi
2621 4730 2743 4786 facti
2790 4746 2999 4801 sumus,
3034 4744 3087 4787 ct
3132 4750 3227 4804 per
3276 4736 3513 4790 toleran-

1908 4821 2035 4873 tiam
2063 4830 2466 4890 exspcclamus,
2503 4838 2570 4877 ne
2601 4835 2824 4894 propter
2853 4838 3141 4895 praesentia
3175 4842 3411 4885 maerore
3440 4831 3517 4885 ai-

1907 4911 2170 4977 ﬁciatnur,
2224 4928 2397 4982 neque
2448 4914 2557 4982 jam
2609 4932 2916 4985 quzeramus
2966 4935 3089 4989 qure
3141 4931 3324 4991 postea
3389 4936 3518 4980 sunt

1909 5004 2188 5072 promissa.
2223 5004 2354 5075 Spes
2395 5007 2549 5072 enim,
2585 5009 2773 5079 inquit,
2798 5028 2911 5081 qua:
2935 5014 3147 5079 videtur,
3175 5033 3278 5069 non
3305 5028 3376 5071 est
3403 5038 3517 5089 spes

1908 5096 2087 5163 (Itoni.
2122 5097 2175 5151 8.
2207 5097 2324 5166 2i).
2376 5097 2506 5152 Nam
2534 5104 2788 5170 quoniam
2824 5102 2962 5159 bona
3001 5117 3128 5161 sunt
3174 5125 3387 5180 magna,
3429 5111 3519 5166 hic

1907 5200 1969 5239 ea
2021 5202 2126 5240 non
2160 5202 2445 5256 possumus
2472 5194 2721 5263 accipere
2768 5194 2817 5247 in
2850 5197 2955 5249 vita
2982 5197 3146 5266 ﬂuxa,
3177 5209 3230 5255 et
3263 5202 3316 5256 in
3355 5219 3516 5271 quam

1906 5277 2049 5332 cadit
2074 5279 2340 5337 interitus.
2380 5281 2624 5349 Quanam
2648 5300 2777 5355 ergo
2804 5285 2871 5340 de
2903 5302 3063 5343 causa
3087 5305 3147 5344 ea
3188 5293 3343 5347 nobis
3372 5309 3515 5363 pras-

1907 5368 2062 5436 dixit,
2090 5385 2210 5424 cum
2259 5372 2345 5428 hic
2373 5389 2433 5427 ea
2466 5390 2571 5430 non
2605 5378 2675 5430 sit
2717 5377 2988 5433 daturus?
3031 5378 3100 5435 Ut
3154 5384 3517 5451 promissione

1909 5470 2117 5517 recreet
2146 5464 2384 5529 animos,
2416 5477 2473 5520 ut
2524 5469 2689 5522 animi
2740 5470 3072 5526 alacritatem
3126 5474 3411 5530 conﬁrmet
3452 5493 3517 5530 ac

1908 5556 2224 5610 corroboret
2256 5557 2668 5627 pollicitatione,
2702 5571 2759 5616 ut
2790 5574 3027 5619 mentem
3066 5576 3306 5621 nostram
3339 5569 3518 5637 erigat

1908 5656 1961 5699 ct
1990 5649 2208 5702 excitet.
2250 5649 2543 5716 Pr0pterea
2576 5653 2719 5707 enim
2750 5654 2865 5707 haec
2896 5658 3075 5711 omnia
3107 5657 3244 5713 facta
3291 5668 3435 5713 sunt.

1983 5740 2036 5793 4.
2066 5738 2297 5811 [mprobi
2326 5740 2601 5810 aliquando
2630 5759 2869 5812 prospere
2896 5755 3054 5815 agunt
3081 5747 3133 5800 in
3164 5748 3260 5803 hac
3286 5750 3409 5803 uita.
3438 5778 3509 5789 --

1912 5830 1987 5888 Ne
2016 5847 2145 5905 ergo
2188 5833 2515 5888 tnrbemur:
2558 5850 2715 5891 nemo
2764 5834 2951 5893 ridens
2996 5838 3166 5893 malos
3216 5842 3352 5895 bene
3398 5854 3511 5893 rem
