4042 6424
540 456 601 515 ill
1275 453 1327 509 S.
1369 444 1643 507 .lOANNlS
1677 436 2143 502 CllRYSOSTOMl
2183 431 2495 494 ARCHIEP.
2536 436 3062 495 CONSTANTINOP.
3738 432 3817 485 εει.

560 556 709 595 suam
757 557 944 613 gerere
985 542 1351 598 conturbetur.
1397 543 1511 597 Non
1549 543 1636 598 hic
1674 553 1755 598 est
1785 560 1953 615 neque
1984 544 2130 610 vitii,

558 648 734 703 neque
761 634 971 688 virtutis
1008 636 1365 689 remuneratio
1396 654 1406 687 :
1439 635 1481 688 si
1515 636 1726 705 quando
1754 645 1929 691 autem
1961 636 2047 689 fiat
2077 646 2133 692 et

563 724 673 779 vitii
701 731 755 779 et
780 725 988 779 virtutis
1018 726 1403 789 remuneratio,
1439 740 1544 780 non
1587 735 1761 781 tamen
1794 726 1849 779 lit
1889 742 1985 797 pro
2016 742 2102 783 me

561 816 697 879 ritis,
727 816 820 871 sed
850 816 1182 871 solummodo
1212 827 1477 887 tamquam
1517 828 1701 889 gustus
1724 818 1927 887 jndicii,
1959 828 2016 874 ut
2043 820 2130 889 qui

559 908 937 962 resurrectioni
965 908 1139 962 minus
1164 909 1410 976 credunt,
1443 910 1527 964 hic
1553 925 1760 980 quoque
1787 911 2129 981 castigentur.

556 996 781 1063 Quando
796 1013 925 1067 ergo
953 996 1239 1054 viderimus
1261 1000 1575 1054 sceleratum
1598 1000 1836 1067 divitem,
1864 1017 1930 1054 ne
1953 1000 2132 1054 animo

556 1092 938 1155 concidamus;
966 1092 1177 1161 quando
1207 1093 1494 1147 viderimus
1520 1092 1715 1151 bonum
1746 1092 1883 1147 male
1923 1092 2132 1163 patien-

560 1192 668 1238 tem
690 1225 704 1247 ,
737 1200 802 1237 ne
828 1184 1211 1240 conturbemur
1241 1202 1255 1239 :
1283 1200 1404 1240 nam
1449 1186 1557 1240 illic
1595 1195 1720 1240 sunt
1746 1201 1958 1241 coronae
1979 1226 1994 1252 ,
2027 1185 2132 1241 illic

558 1275 837 1344 supplicia.
865 1276 1113 1347 Alioquin
1142 1287 1318 1333 autem
1346 1278 1458 1333 lleri
1486 1294 1592 1333 non
1622 1287 1827 1348 potest,
1853 1288 1909 1332 ut
1941 1288 1995 1334 et
2022 1294 2132 1333 ma-

557 1363 642 1417 lus
668 1364 737 1417 sit
756 1366 905 1419 omni
934 1381 999 1420 ex
1033 1376 1179 1435 parte
1219 1367 1417 1434 maius,
1452 1367 1545 1423 sed
1579 1377 1750 1436 potest
1779 1368 1894 1437 ipse
1924 1384 2135 1439 quoque

555 1452 756 1511 habere
802 1457 1196 1527 bona'aliqua;
1244 1473 1415 1528 neque
1457 1467 1512 1512 ut
1555 1462 1725 1514 bonus
1768 1460 1837 1514 sit
1882 1460 2024 1514 omni
2069 1475 2134 1515 ex

561 1558 712 1616 parte
737 1548 927 1615 bonus,
956 1549 1047 1602 sed
1079 1557 1251 1617 potest
1278 1549 1437 1604 etiam
1463 1550 1577 1619 ipse
1600 1550 1797 1605 habere
1818 1550 1990 1618 aliqua
2015 1564 2137 1619 pec-

561 1648 698 1693 cata.
732 1639 953 1706 Quando
980 1653 1106 1708 ergo
1130 1653 1245 1693 rem
1280 1653 1428 1693 suam
1458 1640 1596 1695 bene
1632 1640 1767 1710 gerit
1808 1640 2098 1695 sceleratus
2119 1680 2134 1703 ,

560 1730 695 1783 scito
738 1729 837 1783 hoc
878 1729 1097 1784 evenire
1142 1728 1194 1783 in
1239 1730 1435 1785 malum
1479 1730 1595 1800 ejus
1637 1730 1827 1799 capitis
1858 1750 1870 1787 :
1900 1738 1955 1784 ut
1994 1730 2132 1785 enim

555 1834 845 1890 paucorum
887 1819 1094 1874 illorum
1133 1819 1221 1875 hic
1261 1830 1477 1890 accepta
1523 1820 1985 1883 remuneratione,
2030 1818 2137 1873 illic

552 1912 751 1967 deinde
778 1911 1014 1982 perfecte
1049 1914 1318 1981 puniatur,
1346 1928 1407 1967 ea
1436 1913 1501 1968 de
1530 1927 1689 1968 causa
1717 1911 1804 1968 hic
1828 1911 2040 1981 accipit.
2070 1910 2139 1964 Et

555 2005 651 2059 ille
678 2014 763 2059 est
800 2004 1032 2059 maxime
1064 2004 1257 2059 beatus
1292 2005 1380 2074 qui
1426 2004 1513 2059 hic
1541 2003 1775 2074 punitur,
1803 2012 1864 2056 ut
1892 2001 2137 2056 omnibus

553 2093 818 2163 'depositis
847 2095 1077 2163 peccatis
1096 2136 1110 2158 ,
1147 2095 1397 2163 probatus
1424 2095 1549 2149 hinc
1586 2094 1773 2158 abeat,
1800 2103 1854 2147 et
1892 2108 2057 2162 purus
2086 2102 2139 2146 et

562 2178 689 2232 nulli
715 2179 883 2247 culpae
911 2178 1105 2232 amnis.
1130 2174 1196 2232 Et
1222 2178 1322 2233 hoc
1350 2193 1446 2233 nos
1466 2178 1661 2232 Paulus
1688 2192 1896 2246 quoque
1915 2175 2135 2240 docens,

560 2267 687 2322 dicit
707 2283 721 2322 :
740 2266 1016 2337 Propterea
1041 2270 1093 2322 iu
1122 2269 1254 2322 vobis
1278 2269 1423 2322 multi
1449 2270 1625 2339 aegroti
1647 2277 1691 2321 et
1712 2268 1924 2335 inﬁrmi,
1948 2277 1993 2320 et
2016 2265 2137 2320 dor-

556 2358 720 2410 miunt
742 2358 1012 2426 permulti;
1034 2369 1085 2412 et
1114 2374 1317 2420 rursus,
1342 2357 1553 2411 Tradite
1579 2357 1869 2426 huiusmodi
1888 2356 2138 2409 hominem

562 2458 775 2510 satana',
804 2449 856 2500 in
882 2448 1138 2501 interitum
1163 2449 1352 2509 carnis,
1385 2458 1439 2501 ut
1468 2448 1676 2515 spiritus
1702 2447 1869 2500 salvus
1893 2447 1955 2501 sit
1984 2446 2034 2499 in
2063 2446 2142 2498 die

562 2536 653 2589 illo
683 2537 761 2604 (1.
784 2536 902 2590 Cor.
931 2537 1021 2590 9.1.
1052 2538 1139 2592 30.
1169 2547 1215 2591 et
1244 2538 1296 2593 5.
1324 2538 1405 2606 5).
1436 2537 1501 2591 Et
1533 2537 1784 2606 propheta
1812 2534 1959 2600 dicit,
1982 2535 2139 2588 Acce-

564 2629 642 2697 pit
665 2642 865 2679 emanu
883 2627 1087 2680 Domini
1107 2627 1330 2695 duplicia
1343 2632 1553 2689 peccata
1569 2623 1724 2688 (lsai.
1740 2623 1829 2677 40.
1847 2622 1923 2692 2);
1941 2630 1998 2676 et
2016 2637 2138 2675 rur-

566 2732 663 2771 sus
688 2716 884 2778 David,
918 2714 1045 2767 Vide
1070 2714 1309 2765 inimicos
1344 2728 1481 2765 meos
1512 2714 1637 2782 quia
1656 2714 2137 2781 multiplicatith

566 2824 723 2876 super
739 2807 961 2875 capillos
982 2806 1170 2872 capitis
1191 2807 1373 2869 mei;et
1394 2804 1512 2855 odio
1535 2805 1710 2871 iniquo
1730 2804 1951 2857 oderunt
1976 2819 2076 2867 me;
2090 2810 2138 2855 et

569 2899 776 2952 dimitte
788 2900 1184 2965 omniapeccata
1205 2913 1315 2949 met.
1331 2894 1604 2967 (Psal.24.
1630 2896 1712 2949 19.
1736 2896 1820 2964 18)
1837 2903 1919 2961 ;et
1942 2909 2137 2951 rursus

571 2993 727 3051 alius.
755 2989 965 3043 Domine
994 2986 1124 3041 Deus
1154 2998 1343 3051 noster,
1373 3003 1543 3053 pacem
1574 2988 1639 3039 da
1668 2988 1809 3040 nobis
1845 3002 1861 3040 :
1887 3002 2003 3040 nam
2029 3001 2143 3039 om-

577 3087 663 3142 nia
700 3085 957 3141 reddidisti
1001 3084 1141 3137 nobis
1167 3083 1185 3150 l
1207 3080 1331 3134 lsai.
1367 3077 1454 3133 26.
1491 3078 1616 3146 12).
1647 3076 1752 3131 Sed
1783 3076 1895 3129 hinc
1928 3072 2141 3143 quidem

580 3188 702 3235 sunt
724 3175 1051 3232 ostendentis
1084 3173 1249 3226 bonos
1273 3170 1357 3223 hic
1377 3182 1562 3239 poenas
1585 3167 1728 3220 luere
1756 3180 1853 3233 pro
1871 3162 2140 3232 peccatis:

578 3269 720 3341 quod
745 3278 920 3323 autem
962 3264 1085 3319 mali
1126 3260 1335 3333 plurimi
1376 3259 1463 3312 hic
1509 3256 1827 3325 accipientes
1864 3254 2001 3307 bona
2042 3252 2147 3305 illic

580 3340 815 3429 perfecte
845 3357 1145 3425 puniantur,
1180 3351 1301 3405 audi
1347 3348 1612 3403 Abraham
1652 3346 1913 3399 dicentem
1941 3340 2093 3396 diviti
2129 3357 2143 3392 :

582 3452 831 3521 Recepisti
858 3449 986 3501 bona
1012 3456 1096 3499 tua
1121 3446 1173 3496 in
1195 3445 1297 3497 vita
1322 3451 1427 3506 tua,
1450 3449 1495 3493 et
1518 3438 1741 3490 Lazarus
1765 3434 1991 3488 similiter
2011 3430 2147 3484 mala

576 3545 593 3609 (
631 3542 757 3594 Luc.
792 3540 881 3594 16.
912 3537 981 3591 25
1011 3536 1049 3605 ).
1084 3534 1337 3602 Quaenam
1391 3530 1564 3584 bona?
1596 3527 1786 3580 Dicens
1854 3521 2144 3583 hic,Rece-

586 3634 723 3699 pisti,
754 3646 858 3685 non
889 3638 1084 3689 autem,
1114 3622 1397 3691 Accepisti,
1421 3618 1652 3675 ostendit
1677 3625 1958 3683 utrumque
1986 3612 2148 3665 fuisse

582 3724 829 3779 stl'ectum
853 3714 946 3790 pro
966 3716 1165 3781 debito,
1189 3724 1242 3768 et
1265 3714 1409 3767 illum
1434 3710 1517 3765 cui
1542 3708 1755 3763 fuerunt
1775 3721 1859 3761 res
1881 3702 2147 3765 secundae,

583 3824 639 3866 et
670 3814 809 3867 hunc
839 3811 922 3865 cui
952 3809 1223 3863 adversae:
1255 3812 1308 3859 et
1333 3802 1461 3858 dicit
1491 3819 1504 3855 :
1537 3801 1821 3868 Propterea
1853 3795 1951 3848 Hic
1977 3809 2152 3847 conso-

587 3905 820 3957 lationem
850 3901 930 3954 Itic
955 3899 1134 3967 accipit
1164 3912 1182 3951 :
1206 3895 1355 3949 vides
1380 3892 1521 3946 enim
1545 3906 1667 3945 eum
1698 3902 1816 3943 esse
1845 3886 2096 3940 mundum
2122 3898 2151 3936 a

586 3992 846 4065 peccatis;
874 4000 926 4043 tu
948 4005 1060 4043 vero
1088 3987 1346 4041 cruciaris.
1370 3984 1445 4038 Ne
1467 3996 1593 4052 ergo
1620 3980 1795 4034 tristes
1821 3978 2009 4040 simus,
2032 3989 2151 4028 cum

588 4084 875 4138 viderimus
902 4090 1206 4151 peccatores
1234 4077 1319 4131 hic
1340 4075 1493 4129 bonis
1513 4071 1652 4126 affici
1674 4088 1687 4136 ;
1712 4069 1802 4125 sed
1826 4067 2033 4138 quando
2058 4079 2152 4119 nos

585 4174 690 4242 ipsi
719 4173 852 4227 male
881 4171 1129 4241 patimur,
1160 4169 1399 4222 laetemur
1427 4183 1438 4216 :
1472 4179 1533 4219 ea
1562 4162 1700 4217 enim
1729 4175 1816 4215 res
1843 4168 1925 4213 est
1964 4170 2152 4225 pecca-

590 4277 762 4319 torum
810 4259 1090 4317 exsolutio.
1138 4258 1213 4312 Ne
1256 4268 1554 4327 quaeramus
1617 4252 1845 4321 quietem
1875 4245 2154 4303 :Cltristns

587 4358 731 4411 enim
760 4354 1097 4408 afﬂictionem
1134 4349 1373 4419 promisit
1402 4346 1513 4401 suis
1544 4342 1815 4412 discipulis
1846 4359 1857 4393 :
1886 4348 1938 4395 et
1966 4337 2156 4392 Paulus

588 4448 737 4507 dicit,
770 4445 954 4497 Omnes
976 4442 1059 4510 qui
1086 4442 1166 4511 pie
1192 4440 1359 4493 volunt
1386 4437 1546 4490 vivere
1573 4436 1625 4487 in
1655 4433 1853 4486 Christo
1876 4429 2020 4491 Jesu,
2047 4444 2158 4495 per-

590 4536 927 4607 sequutionem
959 4532 1212 4603 patientur
1245 4528 1328 4599 (2.
1365 4526 1497 4581 Tim.
1538 4526 1589 4579 5.
1625 4523 1745 4591 12).
1788 4522 1969 4575 Nullus
2008 4518 2159 4573 fortis

590 4630 788 4684 athleta
820 4629 869 4681 in
900 4624 1191 4680 certamine
1218 4620 1407 4691 quaerit
1438 4620 1643 4673 lavacra
1666 4658 1681 4681 ,
1710 4625 1763 4671 et
1799 4627 2035 4667 mensam
2067 4627 2155 4665 re-

594 4723 786 4790 pletam
820 4718 949 4771 cibis
974 4724 1027 4768 ct
1063 4714 1185 4767 vino
1216 4730 1229 4765 :
1260 4711 1364 4764 hoc
1391 4724 1495 4764 non
1538 4719 1619 4762 est
1647 4708 1860 4759 atltlette
1882 4746 1895 4768 ,
1939 4702 2029 4757 sed
2059 4702 2158 4755 viri

594 4813 768 4867 mollis
793 4820 847 4865 et
870 4806 1156 4862 eﬂeminati
1185 4823 1196 4857 :
1230 4818 1351 4857 nam
1380 4801 1575 4854 athleta
1606 4805 1803 4867 pugnat
1830 4810 1948 4851 cum
1980 4794 2160 4862 pulve—

593 4920 673 4965 re,
703 4903 844 4961 oleo,
876 4898 1051 4951 calore
1077 4894 1229 4955 radii,
1262 4908 1381 4947 cum
1416 4891 1581 4943 multo
1608 4888 1819 4953 sudore,
1850 4884 2155 4949 afﬂictione,

593 5006 647 5047 ct
688 4992 923 5063 angustia
963 4986 1285 5043 certaminis.
1333 4985 1442 5037 lloc
1484 4992 1564 5037 est
1610 4989 1817 5050 tempus
1856 4974 2158 5046 pugnandi;

596 5100 723 5156 ergo
751 5094 802 5139 et
830 5084 1046 5136 vulnera
1074 5078 1388 5147 accipiendi,
1418 5084 1471 5130 et
1498 5075 1807 5143 sanguinem
1837 5070 2161 5133 eﬂttndendi,

598 5188 651 5231 et
675 5174 907 5230 dolendi.
937 5172 1071 5226 Audi
1094 5170 1215 5239 quid
1235 5169 1376 5222 dicat
1404 5169 1587 5222 beatus
1610 5165 1800 5219 Paulus
1826 5181 1837 5216 :
1864 5162 1952 5217 Sic
1973 5178 2160 5230 pugno,

600 5284 697 5321 non
731 5277 981 5333 tamquam
1009 5278 1173 5314 aerem
1199 5260 1457 5314 verberans
1487 5259 1559 5327 (1.
1592 5255 1706 5311 Cor.
1737 5254 1787 5308 9.
1820 5254 1930 5321 26).
1975 5252 2168 5306 Existi-

602 5372 808 5411 memus
854 5363 1014 5407 totam
1048 5354 1207 5407 vitam
1248 5366 1364 5406 esse
1393 5351 1458 5404 ad
1489 5362 1756 5404 certamen
1788 5346 2158 5409 constitutam,

592 5448 647 5493 et
677 5454 961 5508 numquam
993 5452 1288 5507 quaeremus
1318 5436 1579 5506 requiem,
1610 5452 1919 5505 numquam,
1951 5435 1997 5491 si
2027 5436 2160 5490 afﬂi-

592 5545 800 5598 gamur,
830 5528 1025 5596 aliquid
1057 5527 1175 5582 novi
1204 5536 1258 5582 et
1286 5527 1442 5583 alieni
1474 5528 1625 5581 nobis
1653 5526 1909 5581 accidisse
1950 5528 2155 5595 putabi-

594 5638 709 5674 mus
737 5638 749 5673 :
775 5620 1033 5689 siquidem
1063 5636 1233 5689 neque
1263 5619 1401 5687 pugil
1428 5619 1621 5688 aliquid
1653 5619 1772 5673 novi
1797 5629 1851 5671 et
1880 5618 2036 5673 alieni
2060 5617 2158 5673 sibi

596 5720 745 5778 putat
786 5711 1038 5764 accidisse
1060 5752 1072 5773 ,
1104 5710 1314 5779 quando
1341 5720 1419 5763 cst
1462 5710 1513 5763 in
1544 5711 1851 5764 certamine.
1896 5708 2053 5763 Aliud
2083 5718 2161 5761 est

599 5813 806 5870 tempus
832 5802 1020 5871 quietis
1052 5821 1062 5854 :
1094 5818 1187 5873 per
1214 5801 1551 5857 afﬂictionem
1585 5818 1679 5858 nos
1719 5811 1925 5873 oportet
1953 5798 2158 5872 perfici.

2215 548 2434 605 Etiamsi
2467 561 2572 601 non
2601 544 2669 600 sit
2694 542 3057 615 persequutio,
3079 552 3177 593 nec
3201 535 3439 601 afﬂictio,
3457 542 3582 589 sunt
3605 540 3793 588 tamen

2215 640 2333 693 alite
2354 636 2690 700 afﬂictiones,
2718 649 2835 704 qua:
2860 631 3012 686 nobis
3038 628 3271 700 quotidie
3296 625 3580 681 accidunt:
3605 623 3649 678 si
3672 622 3797 676 haec

2216 743 2390 787 autem
2420 746 2523 785 non
2553 728 2791 789 ferimus,
2824 726 2909 780 vix
2949 725 3065 779 illas
3097 722 3391 777 tulerimus.
3423 718 3673 784 Tentatio,
3701 716 3797 771 in-

2216 823 2359 893 quit,
2392 837 2478 876 vos
2504 836 2605 874 non
2633 817 3012 888 apprehendat,
3052 814 3149 867 nisi
3188 812 3407 865 humana
3436 809 3520 880 (1.
3549 807 3669 863 Cor.
3697 807 3797 862 10.

2222 915 2333 983 15).
2358 913 2525 967 Deum
2551 926 2679 980 ergo
2704 922 2939 973 oremus,
2964 920 3030 960 ne
3052 905 3310 959 intremus
3332 904 3383 957 in
3407 900 3757 957 tentationem
3784 917 3798 953 :

2220 1004 2301 1057 sin
2342 1011 2516 1056 autem
2560 996 2931 1053 intraverimus
2957 1038 2972 1063 ,
3008 995 3126 1048 forti
3164 993 3341 1046 animo
3375 991 3625 1047 feramus.
3660 987 3801 1043 Nam

2223 1094 2349 1149 illud
2380 1092 2590 1163 quidem
2618 1100 2702 1145 est
2728 1089 2962 1143 virorum
2990 1085 3287 1154 sapientum
3314 1090 3374 1137 et
3398 1082 3803 1136 moderator'um

2223 1199 2283 1239 se
2312 1185 2362 1236 in
2395 1179 2625 1252 pericula
2657 1194 2762 1233 non
2792 1188 2994 1232 temere
3033 1172 3289 1242 injicere;
3328 1171 3430 1225 hoc
3468 1178 3643 1223 autem
3684 1167 3807 1222 for-

2226 1277 2355 1330 tium
2383 1282 2438 1328 et
2466 1269 2924 1341 philosophorum,
2959 1266 3184 1321 firmiter
3215 1272 3379 1326 stare,
3409 1261 3451 1315 si
3480 1260 3807 1315 incidamus.

2226 1366 2407 1434 Neque
2435 1378 2561 1432 ergo
2586 1375 2684 1415 nos
2712 1368 2912 1415 temere
2937 1355 3316 1427 projieiamus;
3349 1361 3430 1407 est
3457 1349 3599 1405 enim
3633 1348 3811 1402 auda-

2228 1460 2325 1515 cia:
2351 1467 2402 1513 et
2429 1452 2745 1511 temeritatis
2777 1470 2789 1505 :
2823 1465 2993 1522 neque
3019 1448 3065 1503 si
3094 1448 3371 1508 ducamur,
3398 1458 3497 1499 nos
3523 1442 3679 1497 rebus
3712 1456 3813 1495 vo-

2230 1550 2473 1604 cantibus
2498 1547 2786 1610 cedamus;
2817 1553 2900 1599 est
2924 1543 3064 1598 enim
3094 1538 3422 1602 timiditatis;
3453 1534 3547 1590 sed
3576 1534 3619 1588 si
3651 1539 3813 1587 vocet

2231 1640 2442 1710 quidem
2490 1636 2793 1707 prmdieatio
2813 1675 2827 1698 ,
2864 1650 2972 1688 non
3001 1643 3342 1691 recusemus;
3372 1626 3417 1680 si
3445 1639 3572 1680 vero
3601 1638 3708 1677 non
3738 1622 3815 1676 sit

2234 1747 2414 1797 causa,
2438 1744 2534 1784 nec
2556 1743 2685 1784 usus
2710 1726 2964 1799 postulet,
2992 1739 3089 1784 nec
3116 1722 3406 1778 necessitas
3428 1714 3815 1775 convenienter

2234 1822 2418 1891 pietati
2440 1836 2539 1875 nos
2558 1829 2732 1885 vocet,
2765 1834 2869 1873 non
2905 1828 3104 1872 temere
3132 1826 3510 1885 procurramns
3534 1825 3547 1873 ;
3578 1824 3636 1864 ea
3664 1807 3813 1862 enim

2238 1926 2323 1966 res
2348 1918 2432 1966 est
2455 1909 2740 1964 ostentatio
2757 1947 2774 1974 ,
2805 1915 2858 1961 et
2884 1906 3057 1960 inanis
3082 1920 3143 1959 ac
3167 1914 3563 1973 supervacanea
3592 1895 3818 1952 honoris

2238 2000 2511 2071 appetitio.
2554 2000 2647 2055 Sin
2693 2008 2869 2053 autem
2914 1995 3183 2067 quidpiam
3227 1994 3421 2047 factum
3469 1990 3626 2047 fuerit
3669 1987 3819 2059 quod

2242 2094 2396 2149 lzedat
2415 2095 2684 2163 pietatem,
2716 2089 2921 2145 etiamsi
2944 2094 3187 2157 oporteat
3213 2085 3358 2139 mille
3386 2091 3584 2137 mortes
3608 2079 3820 2143 subire,

2242 2187 2375 2241 nihil
2406 2200 2732 2241 recusemus.
2761 2183 2836 2237 Ne
2865 2194 3119 2251 provoces
3150 2178 3498 2240 tentationes,
3527 2175 3570 2228 si
3599 2189 3661 2227 ex
3689 2180 3824 2226 voto

2245 2277 2337 2331 tibi
2365 2275 2614 2346 procedat
2650 2275 2817 2343 pietas
2848 2287 2979 2327 :cur
3003 2281 3396 2339 supervacanea
3426 2264 3650 2320 attraltis
3681 2263 3828 2334 peri-

2249 2371 2387 2435 cula,
2416 2383 2532 2435 qum
2561 2366 2692 2421 lucri
2726 2364 2851 2418 nihil
2878 2360 3144 2417 aderunt?

2312 2424 2503 2511 5.1P'ro
2528 2450 2712 2519 pietate
2739 2442 2906 2497 omnia
2935 2436 3270 2504 suscipienda.
3298 2460 3365 2470 -—
3392 2427 3517 2483 Hmc
3542 2424 3662 2480 dico
3685 2464 3699 2486 ,
3728 2434 3828 2473 vo—

2242 2546 2358 2601 lens
2400 2554 2495 2595 vos
2530 2518 2751 2592 servare
2797 2532 2940 2600 leges
2982 2523 3213 2587 Christi,
3244 2520 3334 2591 qui
3370 2518 3522 2587 jubet
3557 2527 3711 2568 orare
3753 2525 3825 2563 ne

2242 2632 2451 2688 intretis
2480 2630 2533 2683 in
2562 2625 2909 2681 tentatiouem
2934 2660 2950 2685 ,
2991 2626 3043 2669 et
3082 2614 3230 2683 jubet
3264 2617 3478 2678 accepta
3510 2619 3666 2660 cruce
3696 2616 3825 2655 eum

2243 2726 2413 2796 sequi.
2437 2722 2564 2777 Hmc
2582 2718 2778 2786 quippe
2801 2727 2906 2767 non
2935 2717 3056 2764 sunt
3081 2702 3366 2766 contraria,
3398 2698 3491 2753 sed
3518 2694 3671 2749 valde
3692 2708 3832 2748 con-

2244 2794 2439 2886 gruunt
2461 2826 2522 2865 ac
2543 2806 2881 2863 conveniunt.
2912 2799 3041 2855 Nam
3067 2808 3119 2850 tu
3149 2794 3384 2865 quidem,
3408 2804 3525 2844 cum
3553 2797 3827 2854 tamquam

2247 2874 2401 2961 miles
2428 2901 2580 2955 fortis
2606 2908 2659 2951 te
2689 2893 2894 2966 pararis
2919 2900 2971 2944 et
3000 2883 3345 2947 instruxeris,
3377 2890 3493 2935 esto
3524 2876 3741 2931 assidue
3768 2874 3825 2927 in

2247 2996 2430 3056 armis,
2459 2990 2691 3053 sobrius,
2721 2984 2964 3054 vigilans,
2999 2979 3202 3032 hostem
3234 2985 3444 3041 semper
3470 2975 3827 3036 exspectans;

2248 3085 2387 3141 bella
2412 3091 2591 3135 autem
2620 3092 2685 3131 ne
2717 3086 2963 3144 procrees
2996 3087 3008 3121 :
3043 3066 3145 3120 hoc
3182 3064 3322 3116 enim
3356 3075 3459 3114 non
3492 3066 3572 3112 est
3602 3054 3827 3117 militis,

2249 3176 2341 3231 sed
2369 3171 2629 3229 seditiosi.
2655 3168 2747 3223 Sin
2775 3173 2950 3219 autem
2978 3170 3029 3216 te
3050 3156 3252 3213 vocarit
3275 3154 3394 3208 tuba
3422 3149 3653 3221 pietatis,
3682 3147 3831 3201 illico

2250 3263 2504 3335 egredere
2528 3301 2542 3325 ,
2572 3268 2624 3313 et
2661 3256 2889 3310 animam
2921 3249 3135 3319 despice
3155 3288 3169 3313 ,
3197 3255 3252 3300 et
3279 3258 3401 3301 cum
3440 3252 3627 3309 magna
3660 3234 3830 3289 animi

2247 3322 2837 3409 alacritate—certamina
2871 3339 3190 3410 aggredere,
3233 3331 3498 3402 perfringe
3527 3326 3694 3379 aciem
3725 3322 3832 3377 ad-

2248 3443 2646 3505 versariorum,
2694 3434 2891 3492 diaboli
2942 3432 3144 3484 vultum
3194 3421 3521 3486 conscinde,
3567 3429 3829 3487 tropaeum

2249 3536 2413 3605 erige.
2458 3531 2552 3586 Sin
2596 3539 2772 3582 autem
2819 3522 2947 3577 nihil
2990 3518 3211 3573 laadatur
3245 3516 3446 3584 pietas,
3473 3523 3647 3579 neque
3675 3505 3828 3575 quis-

2248 3594 2406 3697 quam
2438 3630 2619 3677 nostra
2645 3613 2929 3670 labefactet
2955 3610 3218 3678 dogmata,
3248 3602 3410 3672 quod,
3440 3601 3674 3668 inquam,
3704 3594 3834 3649 alti-

2252 3687 2345 3772 tiet
2376 3712 2443 3767 ad
2484 3711 2745 3769 animam,
2789 3716 2959 3771 neque
2985 3697 3271 3768 quidquam
3312 3691 3520 3761 cogatis
3559 3687 3736 3741 facere
3764 3699 3834 3738 ex

2251 3805 2319 3862 iis
2344 3776 2461 3872 quae
2487 3801 2595 3853 Deo
2621 3811 2723 3851 non
2748 3793 2977 3863 placent,
3010 3803 3078 3842 ne
3105 3792 3529 3853 supervacaneus
3569 3776 3633 3830 sit
3680 3774 3834 3827 labor

2253 3858 2395 3951 tuus.
2420 3891 2642 3962 Oportet
2667 3882 2957 3942 Christiani
2985 3881 3142 3933 vitam
3168 3889 3290 3931 esse
3317 3874 3525 3943 plenam
3549 3858 3830 3937 sanguine,

2250 3960 2527 4059 sanguine,
2558 3985 2793 4050 inquam,
2825 3992 2929 4030 non
2955 3976 3007 4026 in
3036 3966 3306 4025 fundendo
3334 3965 3525 4026 alieno,
3557 3960 3649 4015 sed
3682 3961 3733 4012 itt
3766 3971 3835 4011 eo

2250 4053 2391 4151 quod
2435 4078 2508 4131 sis
2554 4081 2768 4143 paratus
2813 4078 2957 4121 tuum
2998 4059 3293 4117 effundere.
3337 4053 3469 4109 Cum
3518 4060 3662 4105 tanta
3703 4064 3835 4119 ergo

2252 4140 2415 4225 animi
2468 4140 2738 4219 alacritate
2784 4155 3055 4227 proprium
3103 4148 3414 4217 sanguinem
3462 4140 3831 4202 eﬂ'undamus,

2250 4257 2463 4331 quando
2495 4256 2595 4308 hoc
2622 4251 2781 4305 fuerit
2808 4260 2902 4316 pro
2929 4242 3161 4302 Christo,
3187 4251 3310 4291 cum
3332 4240 3529 4303 quanta
3552 4229 3834 4298 quisquam

2254 4318 2443 4419 aquam
2470 4340 2719 4399 eﬂ‘uderit
2747 4336 2966 4407 (etenim
3001 4343 3135 4400 aqua
3162 4336 3245 4380 est
3277 4322 3490 4391 sanguis
3519 4318 3608 4389 qui
3638 4331 3838 4385 corpus

2254 4432 2619 4504 circumﬂuit),
2646 4441 2843 4486 etcum
2868 4436 3009 4480 tanta
3039 4419 3288 4475 facilitate
3313 4427 3527 4468 carnem
3551 4421 3834 4471 exuamus,

2255 4546 2375 4586 cum
2416 4499 2609 4597 quanta
2654 4530 2875 4576 vestem.
2922 4514 3034 4569 Hoc
3074 4519 3251 4565 autem
3282 4505 3384 4559 erit
3406 4545 3420 4568 ,
3452 4503 3494 4555 si
3528 4515 3633 4553 non
3666 4499 3840 4553 simus

2254 4590 2451 4692 alligati
2483 4615 2741 4687 pecuniis,
2772 4610 2816 4664 si
2848 4622 2953 4663 non
2980 4604 3314 4659 detineamur
3339 4594 3405 4648 ab
3436 4590 3659 4656 mdibus,
3686 4604 3715 4641 a
3745 4605 3841 4642 vo-

2256 4679 2499 4783 luntate:
2532 4724 2561 4763 a
2602 4702 2952 4776 pratsentibus
2992 4694 3261 4752 omnibus.
3300 4688 3355 4743 Si
3378 4684 3534 4743 enim
3570 4682 3659 4753 qui
3699 4679 3841 4735 hanc

2260 4776 2419 4857 vitam
2450 4800 2648 4868 degunt
2674 4793 2982 4853 militarem,
3014 4784 3262 4839 omnibus
3293 4776 3620 4839 renuntiant,
3652 4781 3707 4827 et
3730 4785 3839 4840 quo

2260 4896 2458 4951 bellum
2483 4887 2753 4944 vocaverit
2784 4883 2893 4937 illic
2916 4879 3109 4933 adsunt
3136 4885 3190 4929 et
3224 4874 3325 4926 iter
3353 4870 3565 4928 ineunt,
3590 4874 3643 4918 et
3671 4860 3837 4915 alacri

2257 4988 2435 5043 animo
2462 4982 2637 5036 omnia
2669 4977 2896 5031 tolerant
2927 4991 2939 5025 :
2968 4966 3133 5023 multo
3162 4964 3330 5033 magis
3358 4973 3454 5013 nos
3479 4998 3494 5022 ,
3524 4955 3610 5024 qui
3651 4965 3841 5006 smnus

2258 5077 2453 5135 Christi
2483 5073 2698 5132 milites,
2730 5069 2799 5121 ita
2828 5073 3039 5134 paratos
3067 5067 3120 5112 et
3148 5058 3433 5110 instructos
3458 5062 3577 5102 esse
3601 5050 3837 5114 Oportet,

2258 5177 2311 5224 et
2337 5169 2503 5222 aciem
2535 5172 2741 5217 struere
2779 5156 3033 5211 adversus
3071 5148 3266 5203 bellum
3302 5142 3573 5196 vitiorum.
3612 5135 3727 5190 Non
3757 5138 3841 5186 est

2258 5274 2397 5315 nunc
2437 5249 2811 5326 perst‘quutio,
2853 5254 2908 5300 et
2936 5241 3074 5297 absit
3110 5248 3167 5293 ut
3206 5237 3274 5290 sit
3316 5242 3598 5300 umquam;
3632 5223 3725 5279 sed
3757 5230 3841 5276 est

2259 5313 2401 5405 aliud
2426 5313 2641 5409 bellum,
2663 5336 2965 5409 cupiditatis
2989 5329 3351 5401 pecuniarum,
3376 5322 3577 5376 bellum
3604 5313 3835 5376 invidiaa,

2260 5441 2459 5497 bellum
2506 5406 2748 5490 aliarumv
2773 5425 2933 5482 animi
2978 5419 3453 5492 perturbationum.
3494 5410 3605 5464 lloc
3638 5406 3834 5497 bellum

2262 5487 2486 5583 nar-ralis
2509 5487 2640 5575 dicit
2663 5515 2895 5571 Paulus:
2924 5487 3040 5562 Non
3072 5516 3142 5558 est
3172 5501 3314 5556 nobis
3338 5493 3627 5552 colluctatio
3657 5487 3839 5542 adver-

2260 5578 2345 5672 sui
2363 5578 2569 5669 carnem
2597 5618 2642 5663 et
2672 5602 2965 5674 sanguinem
2995 5595 3205 5668 (Eplte's.
3238 5592 3290 5645 6.
3327 5588 3412 5643 12.
3444 5585 3557 5653 14).
3585 5581 3697 5636 Hoc
3724 5578 3840 5633 bel-

2264 5707 2372 5760 lum
2404 5716 2616 5771 semper
2659 5698 2837 5751 instat.
2882 5691 3170 5757 Propterea
3198 5681 3310 5737 vult
3341 5693 3437 5733 nos
3466 5687 3607 5729 stare
3633 5683 3834 5738 semper

2269 5762 2539 5854 armatos;
2575 5792 2717 5846 State
2756 5800 2903 5856 ergo,
2934 5778 3137 5849 inquit,
3169 5770 3409 5829 succincti
3441 5784 3457 5821 :
3484 5762 3624 5835 quod
3670 5763 3839 5829 ipsum
