4042 6406
179 400 228 452 35
976 395 1041 454 IN
1078 393 1290 453 EPlST.
1332 395 1422 450 AD
1462 390 1819 449 llEBRJ‘IOS.
1862 387 2016 447 CAP.
2057 386 2146 442 lll.
2188 384 2419 441 llOMlL.
2464 382 2554 436 \‘l.
3372 372 3441 424 3i

168 516 336 572 quoque
384 509 467 555 est
520 501 823 571 prmscntis
870 502 1124 569 temporis
1168 518 1181 554 :
1221 510 1273 555 et
1318 506 1553 556 ostendit
1598 502 1739 571 quod

167 600 365 659 oporteat
380 606 602 661 semper
630 591 862 645 armari.
882 590 1128 661 Magnum
1147 590 1289 645 enim
1309 601 1392 645 est
1417 591 1616 645 bellum
1642 607 1740 663 per

164 687 381 755 linguam,
412 698 678 753 magnum
709 698 809 752 per
835 683 1021 737 oculos
1044 700 1056 735 :
1076 682 1176 737 hoc
1200 698 1328 753 ergo
1353 684 1737 739 cohibeamus:

160 790 368 843 maguum
393 774 712 829 estbellum
742 774 1113 843 cupiditatum.
1133 774 1581 841 Proptereaillinc
1600 776 1729 830 inci-

158 868 212 933 pit
231 881 429 921 armare
452 867 695 922 militem
726 866 927 922 Christi
965 886 977 920 :
1013 867 1160 922 State
1181 868 1346 932 enim,
1369 868 1539 935 inquit
1563 911 1577 933 ,
1611 886 1729 924 suc-

156 959 270 1010 cincti
294 958 487 1011 luinbos
511 970 715 1013 vestros
734 976 753 1023 ;
772 969 827 1014 et
855 959 1149 1027 subjuuxit,
1173 957 1237 1012 In
1272 960 1494 1014 veritate.
1526 960 1725 1030 Quare,

154 1046 202 1099 In
224 1048 456 1101 ueritate?
486 1048 590 1102 Est
611 1049 761 1103 enim
793 1048 1250 1118 cupiditasillusio
1276 1060 1329 1104 et
1364 1050 1726 1117 mendacium,

154 1151 193 1190 ut
207 1139 317 1193 dicit
342 1140 544 1195 alicubi
576 1140 751 1195 David
777 1160 789 1192 :
816 1139 996 1193 Lumbi
1024 1142 1121 1194 mei
1161 1140 1355 1211 impleti
1382 1152 1501 1195 sunt
1526 1142 1729 1197 illusio-

154 1229 450 1301 aibu(Psal.
473 1233 574 1287 57.
604 1231 688 1301 8).
709 1232 825 1287 Non
842 1244 922 1287 est
950 1248 1011 1286 ea
1033 1247 1120 1287 res
1142 1234 1405 1301 voluptas,
1431 1232 1522 1287 sed
1542 1234 1732 1289 umbra

153 1322 425 1391 voluptatis.
448 1323 606 1387 Ideo,
628 1324 913 1387 Succincti,
932 1324 1121 1392 inquit,
1142 1324 1341 1377 lumbos
1368 1333 1558 1378 vestros
1584 1325 1634 1377 in
1655 1342 1729 1379 ve.

150 1414 418 1469 ritate:hoc
444 1425 554 1481 est,
591 1416 651 1470 in
669 1431 797 1471 vera
810 1406 1104 1485 voluptate,
1125 1415 1406 1483 modestia,
1424 1416 1724 1474 honestate.

201 1505 281 1558 Ira
317 1521 388 1560 est
415 1509 531 1575 [era
580 1507 823 1576 qutedam
850 1506 1154 1561 cohibenda.
1176 1536 1249 1547 -—
1280 1507 1571 1577 Propterea
1605 1508 1720 1565 hare

149 1601 326 1664 suadet,
346 1599 544 1656 videns
579 1600 789 1670 peccati
818 1599 1233 1666 absurditatem,
1255 1610 1308 1656 et
1333 1602 1519 1658 volens
1548 1602 1728 1657 omnia

149 1693 356 1746 membra
404 1702 605 1746 nostra
656 1705 781 1747 esse
839 1692 1258 1763 circumquaque
1320 1694 1523 1750 munita
1571 1712 1584 1748 :
1637 1693 1729 1747 Ira

147 1785 262 1837 enim
287 1826 303 1851 ,
335 1785 515 1854 inquit
541 1827 556 1850 ,
589 1785 787 1853 iniusta
816 1801 919 1838 non
969 1786 1060 1837 erit
1087 1786 1262 1839 insons
1291 1782 1479 1856 (Eccli.
1510 1788 1561 1841 1.
1589 1786 1680 1855 εξ)
1711 1805 1725 1842 :

147 1884 189 1927 et
214 1874 312 1929 vult
337 1891 436 1931 nos
470 1875 632 1931 indui
656 1876 822 1930 lorica
849 1884 905 1930 et
934 1886 1108 1930 scuto.
1137 1877 1219 1932 lra
1241 1877 1386 1931 enim
1409 1888 1491 1932 est
1513 1878 1621 1933 fera
1648 1878 1728 1932 la-

148 1968 229 2022 cile
269 1968 513 2023 insiliens
550 1986 566 2023 :
603 1978 661 2022 et
704 1968 853 2022 mille
891 1968 1043 2023 nobis
1094 1969 1245 2024 vallis
1271 1981 1327 2025 et
1371 1971 1541 2039 septis
1591 1985 1726 2040 opus

146 2058 229 2111 erit
246 2057 306 2111 ad
332 2073 454 2112 eam
485 2059 856 2129 superandam
882 2066 936 2113 et
955 2059 1333 2115 cohibendum.
1352 2060 1419 2115 Et
1445 2070 1726 2131 proriterea

148 2150 348 2204 maxime
401 2150 549 2204 hanc
613 2160 822 2221 partem
884 2150 1172 2206 aediﬁcavit
1235 2152 1393 2207 nobis
1458 2153 1604 2207 Deus
1656 2169 1723 2208 ex

146 2241 353 2308 ossibus,
386 2252 675 2314 tamquam
705 2260 769 2298 ex
798 2244 1121 2313 quibusdam
1154 2245 1441 2314 lapidibus,
1477 2245 1646 2301 fulcro
1674 2256 1725 2302 et

148 2332 454 2388 munimento
492 2335 545 2389 ei
574 2334 988 2404 circnmposito,
1022 2349 1089 2389 ne
1120 2332 1204 2388 his
1250 2336 1541 2405 aliquando
1579 2336 1728 2392 diru-

149 2422 233 2489 ptis
265 2433 317 2480 et
354 2425 647 2490 dissectis,
684 2434 852 2479 totum
884 2427 1177 2496 perimeret
1215 2428 1435 2483 animal.
1470 2428 1609 2500 Ignis
1640 2437 1724 2485 est

147 2516 300 2579 enim,
331 2518 550 2589 inquit,
600 2530 655 2575 et
703 2534 895 2590 magna
942 2529 1273 2591 tempestas,
1318 2530 1372 2575 et
1426 2537 1534 2576 non
1581 2520 1726 2577 aliud

156 2652 285 2661 -——.—.

1848 493 2152 565 membrum
2173 490 2311 546 hanc
2338 492 2442 545 vim
2464 490 2802 545 sustinuerit.
2837 491 3027 545 Dicunt
3061 495 3222 545 etiam
3249 492 3445 548 medici

1846 602 1908 641 ea
1957 584 2025 641 de
2067 599 2229 640 causa
2260 582 2413 639 cordi
2452 582 2786 637 snbstratmn
2832 597 2954 636 esse
3002 582 3313 651 pulmonem
3338 625 3352 648 ,
3388 594 3447 636 ut

1847 679 2023 749 ipsum
2054 691 2149 731 cor
2170 718 2183 739 ,
2214 692 2334 729 cum
2382 675 2455 728 sit
2488 674 2538 726 in
2572 673 2718 727 molli
2747 716 2762 738 ,
2794 682 3064 743 tamquam
3106 674 3158 727 in
3208 672 3443 742 aliquam

1843 770 2089 823 insiliens
2116 768 2395 838 spongiam
2424 808 2436 828 ,
2468 765 2805 836 requiescat;
2858 780 2964 819 non
3014 773 3191 819 autem
3222 766 3273 818 in
3304 767 3444 819 resi-

1842 872 1994 916 stens
2021 870 2079 916 et
2116 860 2309 915 durum
2336 868 2524 928 pectus
2545 899 2561 924 ,
2594 872 2662 913 ne
2692 855 2919 911 laedatur
2945 856 3149 924 impetu
3181 854 3439 908 saltuum.

1840 954 1987 1025 Opus
2012 965 2095 1012 est
2121 970 2250 1024 ergo
2282 953 2439 1008 nobis
2459 952 2622 1006 lorica
2644 950 2842 1016 valida,
2876 957 2932 1003 ut
2963 949 3101 1003 hanc
3130 949 3295 1002 feram
3316 962 3445 1018 per-

1841 1047 2002 1116 petua
2044 1055 2330 1102 conservet
2379 1046 2430 1098 in
2481 1045 2662 1114 quiete
2692 1060 2704 1095 :
2740 1057 2876 1111 opus
2928 1049 3013 1095 est
3048 1049 3229 1094 autem
3278 1038 3444 1111 nobis

1848 1146 2010 1197 etiam
2055 1141 2231 1214 galea.
2260 1140 2393 1195 Nam
2436 1139 2691 1209 quoniam
2724 1138 2835 1193 illic
2858 1145 2944 1193 est
2975 1135 3204 1191 facultas
3230 1134 3447 1189 ratioci-

1842 1235 2039 1299 nandi,
2073 1245 2128 1291 et
2170 1249 2236 1289 ex
2269 1234 2371 1288 hoc
2416 1240 2598 1302 potest
2641 1231 2725 1286 vel
2772 1230 3009 1294 servari,
3057 1228 3276 1301 quando
3310 1228 3447 1303 ﬁunt

1842 1341 1963 1397 qum
2007 1335 2256 1397 oportet;
2288 1326 2371 1381 vel
2423 1324 2602 1397 perire
2627 1367 2640 1389 ,
2665 1323 2881 1395 quando
2910 1337 3069 1380 secus
3103 1341 3117 1378 :
3157 1333 3446 1392 propterea

1843 1417 2035 1487 inquit,
2074 1416 2138 1471 Et
2165 1418 2366 1488 galeam
2390 1416 2594 1471 salutis.
2625 1414 2757 1470 Nam
2787 1415 3072 1470 cerebrum
3097 1413 3315 1484 quidem
3349 1426 3447 1467 na-

1844 1521 1958 1564 tura
1992 1521 2075 1565 est
2105 1509 2303 1575 molle;
2334 1520 2389 1565 et
2419 1509 2539 1563 ideo
2571 1508 2800 1575 quadam
2834 1508 2995 1563 veluti
3032 1517 3164 1561 testa
3203 1520 3440 1574 superne

1844 1604 2043 1674 tegitur
2068 1603 2329 1659 calvaria.
2364 1603 2462 1658 Est
2490 1611 2669 1657 autem
2698 1600 2854 1656 nobis
2884 1616 3046 1657 causa
3078 1600 3317 1654 omnium
3350 1599 3448 1652 ho-

1845 1713 2033 1751 norum
2067 1696 2415 1751 etmalorum
2438 1737 2452 1761 ,
2488 1696 2631 1765 quod
2675 1704 2968 1766 cognoscat
3013 1702 3063 1747 et
3112 1707 3232 1763 qum
3255 1692 3447 1761 juvant

1830 1806 1886 1847 et
1946 1807 2062 1860 qum
2099 1801 2297 1843 nocere
2334 1787 2722 1857 possuntJam
2767 1802 2895 1841 vero
2944 1785 3106 1855 pedes
3147 1800 3360 1853 quoque
3392 1792 3447 1836 ut

1839 1897 2032 1938 manus
2059 1884 2212 1938 nobis
2241 1884 2410 1938 armis
2442 1883 2681 1955 indigent
2712 1900 2727 1938 :
2758 1898 2866 1939 non
2896 1882 2984 1939 ba:
3035 1897 3225 1938 manus
3268 1896 3445 1953 neque

1842 1972 1893 2027 lii
1928 1974 2091 2043 pedes
2117 2016 2132 2038 ,
2166 1974 2260 2030 sed
2312 1974 2500 2030 rurSns
2530 1974 2695 2044 pedes
2746 1984 2802 2030 et
2852 1989 3045 2029 manus
3085 1974 3280 2029 animm
3311 1992 3323 2029 :
3359 1973 3446 2027 im

1843 2064 2059 2135 quidem
2091 2081 2211 2136 qua:
2239 2076 2456 2135 oportet
2486 2064 2843 2131 meditantes,
2874 2065 2947 2120 illi
2996 2075 3178 2120 autem
3210 2075 3268 2119 ut
3310 2075 3438 2119 cant

1843 2171 1950 2226 quo
1976 2157 2155 2213 decet.
2184 2156 2276 2213 Sic
2296 2172 2426 2227 ergo
2456 2171 2554 2211 nos
2578 2172 2877 2223 armemus,
2910 2166 2965 2212 et
2993 2155 3290 2227 poterimus
3314 2155 3386 2210 ho
3415 2184 3440 2195 —

1840 2258 1951 2303 stes
1966 2263 2247 2319 superare,
2271 2259 2325 2305 et
2346 2265 2545 2304 corona
2572 2249 2812 2305 victoriae
2841 2248 3105 2312 redimiri,
3142 2248 3194 2303 in
3225 2247 3443 2303 Christo

1836 2338 1964 2394 .lcsu
1990 2341 2217 2396 Domino
2250 2349 2461 2405 nostro,
2492 2355 2613 2394 cum
2642 2355 2749 2410 quo
2772 2334 2939 2403 Patri,
2960 2341 3228 2412 simulque
3252 2351 3443 2395 sancto

1837 2431 2061 2502 Spiritui
2088 2432 2293 2503 gloria,
2326 2440 2587 2503 potestas,
2620 2431 2827 2498 honor,
2859 2447 3002 2487 nunc
3022 2441 3075 2486 et
3102 2448 3319 2501 semper
3339 2472 3353 2495 ,
3386 2443 3440 2484 ot

1839 2521 1890 2575 in
1914 2524 2109 2577 saecula
2138 2525 2482 2581 saeculorum.
2517 2528 2712 2582 Amen.

2366 2658 2400 2665 .-

1524 2707 1873 2771 HOMILIA
1916 2710 2022 2771 Vl.

150 2852 254 2906 (Iw.
278 2857 327 2910 5.
362 2873 411 2911 v.
448 2858 505 2911 7.
541 2856 888 2925 thpmpter.
918 2853 1048 2907 sicut
1092 2854 1214 2906 dicit
1242 2852 1471 2921 Spiritus
1496 2862 1724 2920 sanctus,

212 2945 365 3013 Hodie
380 2952 425 3004 si
448 2966 621 3004 uocem
647 2950 757 3019 ejus
784 2946 1071 3011 audieritis,
1091 2945 1145 3000 8.
1176 2945 1331 2999 nolite
1344 2945 1595 2999 obdurare
1612 2961 1729 3000 cor-

208 3039 266 3091 da
304 3052 465 3095 vestra
488 3084 502 3105 ,
539 3043 669 3095 sicut
715 3041 769 3094 in
819 3038 1234 3103 exacerbatione,
1280 3037 1558 3091 secundum
1589 3037 1726 3091 diem

213 3134 489 3188 teutalionis
516 3134 569 3186 in
596 3132 796 3186 deserto
814 3172 828 3196 ,
851 3130 937 3183 ubi
977 3136 1295 3184 removerunt
1340 3143 1419 3182 me
1446 3137 1617 3196 patres
1639 3142 1727 3181 ve-

208 3226 324 3284 stri;
356 3226 696 3294 probaverunt
723 3238 818 3287 me,
848 3231 893 3275 ct
915 3221 1151 3275 viderunt
1179 3235 1335 3290 opera
1356 3235 1467 3272 mea
1490 3218 1724 3289 quadra-

215 3319 342 3384 ginta
369 3319 538 3371 annis.
564 3316 656 3371 10.
698 3313 918 3383 Propter
960 3314 1097 3384 quod
1126 3311 1351 3379 o/fensus
1390 3312 1467 3380 [ui
1509 3327 1727 3383 genera-

210 3410 321 3461 tiom'
346 3411 480 3474 huic,
509 3420 556 3463 et
589 3408 699 3461 dixi
736 3424 754 3460 :
786 3407 1002 3476 Semper
1021 3417 1193 3460 errant
1216 3405 1367 3457 corde
1392 3420 1411 3458 :
1437 3404 1534 3473 ipsi
1556 3413 1725 3456 autem

212 3518 303 3554 non
328 3511 671 3574 cognoverunt
700 3500 806 3554 vias
827 3516 985 3554 metu.
1012 3498 1098 3553 ll.
1126 3494 1193 3552 Ut
1209 3496 1385 3567 jurari
1414 3495 1466 3548 in
1488 3496 1565 3549 ira
1589 3512 1722 3561 mea,

212 3593 267 3645 Si
305 3594 581 3648 introibant
613 3594 665 3646 in
694 3593 915 3662 requiem
942 3607 1126 3644 meam.

215 3684 257 3736 t.
279 3684 404 3739 Cum
429 3686 494 3739 de
524 3699 621 3754 spe
648 3682 988 3739 disseruisset
1008 3680 1227 3741 Paulus.
1259 3690 1313 3736 et
1338 3679 1722 3751 dixissetqnod

162 3773 322 3832 Beatus
344 3780 451 3849 ejus
477 3794 669 3839 sumus,
704 3777 744 3830 si
779 3776 1023 3843 ﬁduciam
1051 3784 1097 3827 et
1126 3774 1483 3845 gloriationom
1511 3773 1621 3842 spei
1656 3773 1725 3826 ad

158 3868 283 3932 ﬁnem
305 3874 501 3939 ﬁrmam
524 3872 834 3925 retineamus
863 3884 882 3922 :
904 3866 1009 3937 iam
1038 3866 1276 3923 ostendit
1302 3866 1443 3938 quod
1473 3874 1722 3937 oporteat

158 3967 350 4027 firmiter
403 3979 752 4041 exspectare.
814 3969 974 4038 idque
1028 3968 1221 4038 probat
1281 3982 1348 4022 ex
1406 3965 1719 4035 Scripturis.

157 4060 396 4118 Atlendite
447 4072 629 4118 autem
661 4079 676 4115 :
706 4061 979 4117 difficilius
1022 4061 1164 4116 enim
1204 4059 1336 4115 illud
1365 4060 1505 4114 dixit
1542 4069 1598 4116 et
1655 4059 1721 4123 ad

155 4154 685 4225 comprehendendum
717 4152 1020 4209 obscurius.
1066 4151 1430 4221 Quamobrem
1482 4160 1721 4221 Oportet,

156 4256 255 4297 eum
300 4263 414 4316 qua:
468 4255 655 4301 nostra
712 4253 839 4299 sunt
885 4242 1213 4309 dixerimus;
1266 4253 1320 4298 et
1342 4252 1510 4297 totum
1564 4258 1723 4314 argn-

159 4348 364 4391 uteutum
387 4354 482 4393 vos
513 4338 746 4392 breviter
776 4335 1143 4400 docuerimus,
1178 4335 1248 4390 ita
1302 4333 1573 4390 deducere
1601 4349 1724 4389 ora-

159 4428 327 4484 tionem
372 4430 438 4484 ad
481 4446 543 4484 ca
576 4444 697 4499 qua:
751 4428 950 4498 scripta
1005 4437 1131 4481 sunt
1171 4444 1185 4479 :
1240 4425 1395 4481 nobis
1434 4426 1720 4481 enimnon

158 4523 360 4590 amplius
387 4522 640 4593 egebitis,
673 4520 723 4578 si
755 4535 976 4587 Scopum
1007 4530 1062 4574 et
1093 4518 1395 4573 institutum
1426 4517 1727 4573 didiceritis

158 4614 501 4680 apostolicum.
535 4612 618 4667 Ab
643 4626 708 4667 eo
747 4612 814 4667 de
841 4626 935 4679 spe
972 4610 1263 4681 agebatur,
1294 4607 1517 4679 etquod
1550 4606 1724 4663 futura

162 4716 354 4769 Sporare
401 4714 683 4773 eporteat,
738 4712 791 4757 et
823 4700 965 4773 quod
997 4701 1064 4756 iis
1108 4702 1198 4771 qui
1232 4700 1318 4755 hic
1361 4701 1728 4755 laboraverint

161 4794 476 4851 eritmeiccs
522 4797 704 4867 aliqua
735 4804 790 4848 et
834 4793 1043 4849 fructus
1085 4792 1400 4863 etrcquics.
1428 4792 1541 4848 lloc
1588 4808 1720 4864 ergo

164 4889 371 4943 ostendit
414 4904 479 4945 ex
525 4888 786 4959 propheta
823 4899 922 4942 :et
959 4886 1089 4957 quid
1131 4885 1307 4941 dicit?
1356 4884 1684 4955 Quapropter
1708 4929 1724 4954 ,

162 4981 269 5033 sicut
293 4984 408 5036 dicit
438 4982 667 5050 Spiritus
692 4992 915 5046 sanctus,
946 4980 1133 5048 Hodie,
1162 4980 1208 5035 si
1238 4996 1407 5035 vocem
1429 4981 1541 5050 ejus
1553 4982 1727 5035 audie-

164 5069 256 5123 ritis
274 5113 287 5135 ,
317 5074 463 5127 nolite
492 5073 746 5129 obdurare
768 5073 928 5128 corda
957 5083 1119 5128 uestra
1140 5115 1156 5139 ,
1186 5073 1314 5129 sicut
1360 5076 1413 5129 in
1442 5076 1720 5131 exacerba-

164 5162 293 5226 tiose,
320 5165 595 5219 secuiidum
624 5164 761 5219 diem
783 5165 1071 5220 tentatioais
1100 5164 1155 5219 in
1192 5167 1412 5233 deserto,
1440 5168 1527 5222 ubi
1555 5178 1720 5222 tenta-

163 5264 313 5309 smmt
344 5273 428 5317 sue
462 5265 633 5327 patres
676 5254 858 5321 vestri,
902 5257 1235 5317 probaverunt
1274 5274 1373 5327 me,
1402 5269 1449 5311 et
1491 5259 1723 5313 viderunt

166 5363 293 5408 spera
336 5366 443 5405 mea
492 5348 1025 5419 quadragiutuunnis.
1063 5347 1286 5420 Pr0pter
1313 5351 1452 5420 quod
1494 5350 1721 5418 offensus

167 5441 224 5502 {si
252 5441 557 5509 generationi
597 5440 717 5494 huic
740 5481 755 5505 ,
806 5448 853 5493 et
892 5440 1002 5494 dixi
1029 5456 1049 5494 :
1074 5441 1291 5507 Semper
1316 5456 1490 5499 errant
1523 5449 1676 5499 corde
1704 5462 1721 5499 :

167 5530 248 5593 ipsi
273 5544 430 5585 autem
464 5550 567 5585 non
601 5544 938 5603 cognoverunt
988 5532 1095 5588 vias
1139 5550 1293 5589 nscas.
1322 5534 1515 5603 Quibus
1545 5537 1720 5605 juraei

169 5621 209 5670 in
228 5623 294 5676 ira
319 5641 454 5687 mea,
482 5622 545 5679 Si
575 5622 851 5677 introibant
869 5622 925 5677 in
948 5624 1168 5696 requiem
1196 5641 1362 5680 meam
1427 5630 1442 5692 (
1457 5625 1601 5681 Psal.
1626 5626 1714 5683 οι.

190 5715 309 5783 -ll).
333 5718 501 5773 'Dicit
532 5726 643 5772 tres
668 5733 789 5772 esse
810 5715 1019 5788 quietos
1048 5734 1062 5771 :
1096 5732 1257 5772 unam
1280 5718 1508 5783 sabbati,
1539 5720 1590 5772 in
1612 5735 1716 5790 qua

227 5855 235 5878 '
262 5852 339 5899 ll't-
362 5852 494 5901 tjnlli.
521 5847 766 5899 bomilism
790 5848 977 5910 incipit.

433 5973 700 6033 Parnm”
762 5975 878 6032 (in.
937 5976 1127 6036 1.Χῖιί

1846 2855 1986 2911 Deus
2004 2853 2204 2924 quievit
2221 2851 2287 2905 ab
2305 2849 2560 2919 operibus
2572 2848 2685 2903 suis
2709 2866 2723 2902 ε
2743 2846 3033 2903 secundam
3052 2847 3373 2911 Palzestinaz,
3386 2848 3442 2901 in

1842 2938 2861 3017 quamingressiJudzeierantquieturi
2888 2954 2918 2993 a
2946 2937 3115 2993 multa
3142 2936 3442 2995 afﬂictione

1844 3048 1898 3093 et
1916 3036 2191 3092 laboribus
2209 3052 2222 3089 :
2243 3034 2455 3089 tertiam
2477 3075 2493 3099 ,
2524 3047 2644 3103 qua:
2672 3047 2804 3088 vere
2831 3039 2914 3085 est
2941 3031 3115 3101 quies,
3137 3046 3331 3101 nempe
3360 3046 3447 3086 re-

1842 3145 2004 3200 gnum
2018 3128 2462 3196 cmicrum,quam
2478 3124 2752 3195 assequuti
2769 3139 2895 3178 vere
2907 3124 3229 3195 quiescunta
3246 3123 3448 3179 labori-

1845 3223 1943 3277 bus
1971 3232 2025 3276 et
2050 3219 2650 3275 aﬂlictionibus.'l'rium
2668 3233 2796 3289 ergo
2820 3217 2908 3273 hic
2927 3217 3189 3273 meminit.
3212 3218 3276 3272 Et
3316 3234 3448 3289 qua-

1845 3330 1968 3370 nam
1992 3313 2059 3369 de
2076 3327 2238 3368 causa
2250 3311 2317 3367 de
2340 3327 2444 3366 una
2470 3311 2694 3381 loquens
2720 3310 2877 3364 trimn
2896 3310 3449 3366 meminit?Utosten-

1844 3410 1994 3465 deret
2017 3405 2421 3479 prophetam'de
2451 3404 2550 3460 hac
2576 3405 2741 3475 loqui.
2770 3404 2901 3459 Nam
2936 3403 3003 3457 de
3025 3404 3218 3473 prima,
3253 3404 3445 3474 inquit,

1847 3516 1951 3555 neu
1970 3500 2106 3555 dixit
2125 3497 2425 3569 :quomodo
2444 3496 2586 3551 enim
2609 3494 2677 3551 de
2706 3511 2766 3550 ea
2790 3512 2907 3565 quae
2924 3494 3021 3549 fuit
3046 3495 3209 3549 olim?
3226 3494 3319 3549 scd
3349 3510 3449 3551 nec

1845 3595 1912 3649 de
1938 3592 2175 3649 secunda
2199 3607 2320 3663 quae
2366 3590 2465 3644 fuit
2493 3590 2544 3643 in
2582 3589 2863 3643 Palzestina
2896 3587 3210 3658 :quomodo
3251 3588 3399 3644 enim
3421 3587 3448 3642 ?

1847 3687 1958 3757 ipsa
1991 3684 2134 3740 enim
2166 3684 2232 3737 ad
2264 3682 2467 3738 exitum
2494 3679 2747 3749 perducta
2788 3694 2829 3733 e,
2853 3688 2890 3732 ι.
2923 3679 3114 3734 Restat
3144 3687 3199 3733 ut
3238 3679 3351 3750 jam
3378 3681 3450 3735 sit

1850 3777 1965 3832 hare
2020 3775 2197 3831 tertia.
2256 3773 2488 3828 Necesse
2548 3780 2727 3823 autem
2772 3779 2853 3825 est
2907 3768 3186 3825 historiam
3235 3788 3452 3843 quoque

1849 3869 2161 3939 explicare,
2217 3875 2279 3920 ut
2334 3863 2705 3918 dilucidiorem
2768 3860 3053 3915 reddamus
3122 3864 3446 3918 orationem.

1846 3959 1980 4014 Nam
2046 3968 2326 4029 postquam
2402 3971 2467 4009 ex
2536 3953 2777 4025 Egypto
2830 3952 3070 4023 egressi,
3124 3955 3296 4009 multa
3364 3956 3449 4012 via

1847 4052 2130 4117 confecta,
2180 4059 2234 4106 et
2289 4050 2383 4104 Dei
2431 4050 2645 4103 virtutis
2677 4046 3163 4103 innumerabilibus
3213 4052 3452 4118 acceptis

1849 4145 2058 4201 indiciis
2079 4153 2135 4199 et
2162 4142 2214 4196 in
2238 4140 2475 4213 Egypto
2504 4150 2559 4195 et
2588 4140 2641 4193 in
2674 4140 2807 4194 mari
2830 4139 3021 4196 Rubro
3044 4149 3098 4196 et
3126 4141 3178 4196 in
3209 4141 3451 4210 deserto,

1853 4237 2146 4291 voluerunt
2178 4235 2392 4288 mittere
2422 4232 2819 4304 speculatores,
2855 4244 3102 4289 naturam
3138 4244 3297 4289 terrm
3329 4252 3456 4302 spo-

1840 4316 2115 4391 culaturros
2155 4340 2167 4370 -.
2203 4317 2278 4371 illi
2324 4327 2507 4373 autem
2552 4320 2758 4390 egressi
2812 4320 3125 4387 redierunt,
3166 4322 3445 4391 regionem

1838 4408 2054 4476 quidem
2085 4408 2419 4465 admirantes
2442 4452 2456 4475 ,
2490 4419 2545 4464 et
2570 4413 2943 4480 przcstantium
2991 4413 3265 4470 fructuum
3296 4416 3442 4471 iera-

1836 4515 1954 4555 cem
1982 4516 2103 4557 esse
2129 4500 2393 4566 dicentes,
2442 4503 2537 4557 sed
2574 4505 3071 4576 inexpugnabilium
3114 4510 3357 4565 virorum
3385 4520 3444 4566 et

1838 4590 2113 4647 fortiorum
2133 4606 2252 4646 esse
2280 4594 2553 4664 regionem
2587 4613 2602 4649 :
2636 4597 2826 4668 ingrati
2854 4608 3034 4654 autem
3065 4610 3117 4655 et
3144 4601 3292 4656 nullo
3312 4618 3445 4657 scn-

1836 4698 1899 4739 su
1933 4682 2141 4753 praediti
2172 4683 2344 4740 Judaei
2372 4728 2387 4750 ,
2418 4700 2541 4741 eum
2582 4698 2861 4757 oporteret
2904 4706 3001 4747 eos
3031 4693 3270 4762 priorum
3325 4711 3436 4750 me-

1837 4775 2064 4830 minisse
2086 4776 2176 4830 Dei
2197 4776 2609 4841 beneﬁciorum.
2631 4790 2687 4836 et
2703 4784 2973 4853 quomodo
2990 4801 3085 4841 eos
3110 4788 3442 4859 interceptos

1839 4866 1891 4921 in
1923 4866 2102 4922 medio
2136 4876 2407 4923 tantorum
2458 4869 2902 4943 ﬁla-ptumorum
2954 4880 3287 4935 exercituum
3331 4883 3445 4937 eri~

1840 4960 1952 5029 puit
2004 4974 2032 5013 a
2064 4962 2316 5030 periculis
2338 5002 2351 5024 .
2382 4972 2438 5019 et
2487 4980 2677 5021 eorum
2711 4967 2891 5025 effecit
2920 4972 3077 5040 potiri
3125 4975 3345 5044 spoliis;
3380 4993 3445 5033 ac

1838 5052 2109 5122 quomodo
2134 5070 2323 5111 rursus
2351 5056 2403 5111 in
2436 5057 2654 5114 deserto
2681 5070 2886 5131 petram
2904 5064 3063 5135 rupit,
3099 5076 3150 5122 et
3182 5082 3445 5138 aquarum

1840 5144 2061 5199 donavit
2090 5144 2480 5203 abundantiam
2505 5160 2559 5205 et
2590 5168 2785 5207 manna
2812 5157 3062 5223 praebuit,
3097 5170 3150 5214 et
3184 5160 3287 5215 alia
3312 5161 3445 5217 elle-

1839 5240 1910 5293 cit
1938 5239 2231 5307 mirabilia,
2261 5252 2320 5297 ut
2362 5244 2470 5297 Deo
2501 5246 2788 5303 crederent
2810 5249 3035 5306 :horum
3066 5252 3284 5324 quidem
3313 5256 3445 5312 nihil

1840 5331 1918 5385 eis
1942 5331 2089 5386 venit
2132 5332 2185 5386 in
2212 5343 2448 5390 mentem
2475 5376 2489 5399 ,
2523 5346 2794 5409 tamquam
2826 5340 2961 5395 nihil
2988 5345 3212 5399 omnino
3245 5348 3443 5403 factum

1839 5432 1982 5478 esset
2010 5467 2022 5487 ,
2048 5423 2143 5479 sed
2175 5426 2387 5481 attoniti
2429 5438 2482 5483 et
2514 5432 2797 5498 stupefacti
2819 5475 2833 5497 ,
2880 5434 3132 5493 volebant
3165 5440 3363 5496 reverti
3395 5443 3446 5495 in

1840 5514 2151 5589 Aigyptum,
2179 5518 2461 5578 dicentes:
2490 5520 2689 5578 Eduxit
2719 5539 2820 5579 nos
2851 5525 2954 5581 huc
2976 5527 3140 5597 Deus,
3174 5542 3229 5587 ut
3256 5549 3355 5589 nos
3378 5533 3447 5590 de

1842 5610 2023 5665 medio
2054 5611 2264 5667 tolleret
2293 5628 2416 5667 eum
2450 5613 2578 5668 [iliis
2604 5624 2659 5669 et
2688 5618 2970 5673 uxoribus.
3002 5622 3146 5679 Dens
3172 5640 3303 5698 ergo
3348 5628 3447 5682 ira-

1842 5713 2020 5760 scens.
2053 5701 2195 5771 quod
2224 5718 2413 5759 eorum
2442 5721 2563 5778 qua:
2587 5706 2722 5763 facta
2754 5709 2971 5768 fuerant
3016 5724 3123 5773 tam
3171 5720 3282 5775 cito
3304 5722 3444 5775 ami-

1843 5791 2037 5845 sissent
2068 5795 2381 5849 memoriam
2407 5840 2420 5860 ,
2448 5799 2654 5865 juravit
2696 5806 3102 5871 generationem
3148 5811 3293 5866 illam
3323 5830 3443 5883 qnze

1846 5885 1959 5936 Iuro
1991 5884 2216 5951 tlivorat,
2252 5906 2353 5942 non
2389 5890 2755 5957 ingresmam
2789 5894 2840 5949 in
2874 5900 3153 5966 requiem;
3184 5913 3233 5958 ot
3255 5920 3446 5960 oinnes

3070 6002 3103 6061 ᾖ.
