4042 6428
611 400 675 459 53
1270 414 1326 471 S.
1370 415 1642 474 JOANNIS
1680 415 2151 475 Clil’lYSOSTOSH
2194 418 2507 479 AliCiiiEi‘.
2550 422 3078 485 CONSTANTINOP.
3804 421 3881 478 5‘

599 524 869 593 perierunt
894 521 944 578 in
973 521 1207 578 deserto.
1235 521 1362 577 Nam
1388 520 1549 577 David
1569 529 1772 593 postea,
1800 532 1918 594 post
1948 523 2162 580 illorum

596 617 994 682 generationem
1024 617 1244 687 loquens
1265 656 1279 680 ,
1309 614 1517 669 dicebat
1542 656 1555 679 ,
1589 613 1757 671 Hodie
1781 617 1828 671 si
1859 632 2022 671 uocem
2054 618 2164 691 ejus

597 707 860 762 audieritis
884 747 899 771 ,
929 706 1121 777 inquit,
1154 704 1310 760 nolite
1338 705 1587 761 obdurare
1631 708 1788 762 corda
1816 718 2005 774 vestra,
2037 711 2167 764 sicut

606 800 660 849 in
707 796 1089 851 eaaeerbatione
1118 812 1136 860 ;
1165 797 1371 866 quare?
1404 812 1467 850 ne
1512 798 1696 853 eadem
1728 799 1994 868 patiamini
2042 817 2161 870 qua:

603 886 833 965 majores
882 888 1079 952 vestri,
1131 896 1185 942 ct
1229 888 1503 954 privemiui
1563 890 1743 959 requie
1798 909 1811 944 :
1861 901 2005 946 certe
2067 890 2166 945 ltnc

617 977 744 1033 dicit
768 992 834 1033 eo
860 976 998 1055 quod
1040 979 1109 1033 sit
1131 993 1256 1033 vere
1284 980 1507 1048 requies.
1557 979 1685 1033 Nam
1724 980 1768 1034 si
1813 982 2167 1050 accepissent,

604 1072 795 1141 inquit,
818 1071 1059 1141 requiem
1082 1112 1097 1135 ,
1128 1086 1357 1142 quanam
1390 1070 1457 1125 de
1484 1085 1641 1126 causa
1668 1074 1746 1127 eis
1774 1088 1959 1126 rursus
1987 1074 2110 1126 tlit‘il
2149 1092 2161 1126 :

617 1171 782 1229 Hodie
808 1170 885 1243 (a)
945 1172 988 1225 si
1041 1186 1207 1225 vocent
1256 1173 1365 1241 ejus
1409 1170 1687 1240 audieritis,
1726 1169 1881 1223 nolite
1928 1166 2177 1222 obdurare

615 1262 770 1321 corda
788 1272 970 1328 vestra,
999 1264 1128 1318 sicut
1153 1264 1203 1315 in
1230 1262 1649 1317 cxacerbatione.’

670 1354 967 1419 .Sabbatum
988 1364 1061 1409 est
1081 1355 1221 1425 regni
1250 1354 1483 1409 (telorum
1514 1364 1686 1425 typus.
1715 1384 1783 1394 —
1813 1353 2064 1419 Qutenam
2096 1357 2181 1405 est

622 1462 744 1519 “rgo
772 1448 872 1502 alia
895 1448 1104 1517 requies
1132 1463 1287 1516 quam
1318 1461 1535 1516 regnum
1566 1447 1841 1509 emiorum,
1874 1445 2024 1510 cujus
2051 1444 2182 1498 ima-

613 1555 679 1608 gn
710 1548 763 1593 et
794 1548 952 1610 typus
975 1548 1051 1592 est
1080 1538 1401 1591 sabbatum?
1431 1535 1627 1590 Deinde
1655 1577 1669 1600 ,
1712 1551 1831 1590 cum
1867 1534 2174 1588 universum

615 1652 647 1703 p
670 1634 880 1686 istiisset
905 1630 1268 1686 testimonium
1298 1632 1315 1697 (
1344 1629 1444 1684 hoc
1465 1638 1640 1683 autem
1672 1637 1791 1691 est,
1829 1626 1996 1680 Hodie
2019 1626 2062 1679 si
2093 1639 2179 1677 eo-

612 1744 716 1777 rem
748 1726 855 1795 ejus
877 1723 1158 1785 audieritis,
1182 1722 1335 1775 nolite
1361 1720 1609 1775 obdurare
1637 1720 1789 1773 corda
1818 1728 1980 1772 uestra
2003 1758 2017 1781 ,
2046 1718 2175 1771 sicut

612 1821 663 1871 in
682 1817 1055 1871 exacerbatione
1075 1856 1090 1873 .
1119 1813 1390 1867 secundum
1412 1814 1542 1866 diem
1571 1810 1857 1865 tentationis
1880 1811 1931 1864 in
1952 1809 2169 1872 deserto,

611 1910 693 1962 ubi
716 1917 1029 1964 tentarcrunt
1052 1923 1128 1959 me
1154 1916 1322 1974 patres
1348 1906 1534 1969 eestri;
1560 1907 1889 1973 probauerunt
1920 1917 1999 1954 me
2027 1910 2073 1953 et
2097 1899 2173 1953 vi-

612 2001 787 2053 derunt
812 2014 964 2067 opera
1003 2014 1110 2049 mea
1138 1996 1476 2066 quadraginta
1506 1995 1671 2047 annis.
1697 1992 1918 2062 Propter
1942 1992 2076 2062 quod
2096 1991 2173 2060 of-

611 2097 777 2160 fensus
805 2091 881 2159 fui
906 2089 1213 2159 generationi
1239 2086 1337 2150 illi,
1360 2097 1403 2140 et
1423 2087 1551 2152 dixi,
1574 2085 1785 2155 Semper
1802 2091 1974 2139 errant
1991 2084 2173 2137 corde:

605 2184 703 2249 ipsi
740 2192 903 2236 autent
940 2197 1038 2234 non
1068 2189 1401 2250 cognouerunt
1432 2180 1537 2232 vias
1564 2195 1699 2231 meas
1727 2195 1744 2242 ;
1791 2180 1970 2248 quibus
2000 2177 2175 2248 juravi

604 2276 656 2325 in
686 2274 771 2327 ira
790 2288 917 2338 mea,
950 2272 1007 2325 Si
1031 2271 1302 2324 introibunt
1321 2270 1373 2321 in
1400 2269 1617 2339 requiem
1638 2268 1830 2338 nteant)
1856 2308 1872 2333 ,
1903 2277 2027 2321 tunc
2051 2266 2180 2322 sub-

600 2363 775 2433 jnngit
830 2382 844 2415 :
888 2361 973 2417 ις.
1016 2358 1189 2413 Videte
1213 2400 1228 2424 ,
1257 2364 1460 2430 fratres,
1486 2375 1547 2413 ne
1567 2359 1699 2428 {orte
1726 2359 1790 2412 sit
1820 2360 1871 2412 in
1898 2358 2069 2425 aliquo
2095 2372 2174 2411 ve-

602 2468 758 2508 sirmn
784 2470 869 2508 cor
896 2453 1083 2506 malum
1111 2452 1480 2505 incredulitatis
1512 2450 1813 2504 discedendo
1845 2466 1876 2503 a
1902 2448 2012 2503 Deo
2041 2450 2169 2502 vivo.

603 2547 681 2599 Fx
723 2543 918 2598 duritie
961 2542 1103 2597 enim
1145 2540 1205 2595 lit
1246 2540 1589 2595 incredulitas
1625 2559 1639 2595 :
1677 2551 1732 2595 et
1775 2540 1915 2595 sicut
1950 2553 2172 2609 corpora

601 2654 718 2703 quae
748 2636 1107 2689 occalluerunt
1132 2641 1187 2687 et
1215 2632 1465 2688 duritiem
1494 2641 1879 2688 contraxerunt
1901 2671 1915 2694 ,
1947 2647 2053 2686 non
2085 2646 2174 2686 ee-

602 2734 733 2781 (inut
765 2726 1006 2781 manibus
1032 2725 1389 2781 medicorum:
1411 2726 1481 2779 ita
1506 2725 1665 2780 etiam
1698 2724 1956 2779 indurata:
1980 2725 2173 2778 anima:

601 2836 705 2873 non
733 2818 927 2873 cedunt
952 2817 1113 2872 verbo
1145 2816 1233 2871 Dei
1268 2834 1280 2870 :
1315 2825 1397 2872 est
1422 2816 1563 2871 enim
1593 2814 1882 2869 verisimile
1911 2814 2171 2885 quosdam

603 2912 707 2984 jam
733 2924 834 2963 non
867 2907 1087 2962 credere
1119 2949 1133 2969 .
1167 2916 1433 2977 tamquam
1462 2921 1567 2961 non
1591 2920 1716 2961 vera
1748 2905 1858 2959 sint
1888 2920 2004 2975 qua:
2036 2903 2169 2958 facta

602 3010 744 3055 sunt.
775 2998 1060 3068 Propterea
1086 2996 1251 3051 dicit:
1291 2995 1463 3049 Videte
1486 3012 1547 3050 ne
1571 2996 1700 3064 forte
1723 2995 1787 3049 sit
1813 2996 1863 3049 in
1888 2995 2057 3065 aliqua
2084 3010 2165 3049 ve-

598 3105 756 3148 strum
786 3108 871 3145 cor
900 3092 1089 3144 malum
1110 3089 1477 3143 incredulitatis
1505 3087 1807 3142 discedendo
1834 3105 1863 3140 a
1904 3085 2010 3142 Deo
2038 3088 2165 3143 viro.

597 3183 728 3239 Nam
755 3184 1007 3254 quoniam
1033 3195 1211 3237 sermo
1236 3180 1303 3236 de
1330 3179 1517 3234 futuris
1547 3195 1650 3233 non
1678 3189 1761 3233 est
1785 3179 1917 3231 adeo
1943 3177 2169 3233 credibi-

598 3276 682 3340 lis,
718 3286 770 3329 ut
800 3276 887 3345 qui
910 3273 1087 3329 estde
1120 3273 1420 3343 pra-teritis,
1455 3271 1533 3327 eis
1558 3269 1833 3325 historiam
1874 3278 2090 3324 revocat
2114 3270 2167 3325 in

597 3371 907 3424 memoriam
939 3408 955 3433 ,
990 3366 1039 3420 in
1066 3380 1166 3435 qua
1194 3364 1297 3419 (ide
1326 3372 1607 3434 eguerunt.
1638 3361 1768 3417 Nam
1797 3362 1839 3415 si
1864 3368 2042 3430 patres
2072 3374 2167 3415 ve-

595 3462 689 3515 stri
720 3503 735 3522 .
780 3460 989 3530 inquit,
1033 3457 1283 3527 quoniam
1316 3472 1417 3510 non
1451 3464 1802 3525 speraverant
1848 3464 1906 3507 ut
1950 3467 2169 3523 sperare

595 3557 829 3622 oportuit
851 3594 865 3615 ,
899 3551 1011 3605 Ιιωε
1036 3549 1182 3620 passi
1210 3558 1334 3602 sunt
1358 3588 1371 3609 .
1401 3548 1569 3602 multo
1599 3546 1766 3616 magis
1794 3558 1890 3599 vos
1923 3562 1937 3599 :
1971 3544 2036 3599 ad
2064 3560 2159 3600 eos

599 3653 741 3705 enim
776 3651 888 3705 lucc
914 3645 1073 3704 verba
1108 3646 1260 3702 limit.
1306 3644 1435 3700 Illud
1465 3644 1606 3701 enim
1637 3684 1650 3709 ,
1703 3642 1871 3698 Hodie
1896 3684 1913 3709 ,
1954 3642 2165 3714 inquit,

588 3759 807 3815 semper
832 3751 913 3798 est
936 3740 1189 3813 quamdiu
1217 3737 1447 3793 mundus
1471 3737 1794 3792 constiterit.
1826 3736 1913 3793 15.
1948 3735 2056 3790 Sed
2071 3735 2165 3789 ad-

596 3836 864 3890 hortantini
902 3833 1222 3904 vosmetipsos
1252 3847 1339 3901 per
1366 3829 1593 3900 singulos
1624 3827 1777 3895 dies,
1819 3828 1979 3881 donec
2020 3822 2169 3879 hodie

594 3930 994 4000 cognominatur.
1044 3925 1154 3980 lloc
1189 3932 1303 3990 est,
1338 3920 1624 3977 Edilicate
1671 3936 1763 3974 vos
1805 3920 2122 3974 alterutrum
2145 3955 2161 3986 ,

587 4020 781 4091 erigite
809 4034 904 4073 vos
937 4018 1078 4090 ipsos
1102 4057 1117 4079 ,
1147 4026 1200 4070 ut
1220 4030 1336 4071 non
1371 4013 1496 4067 iisut
1526 4010 1734 4067 eadem.
1777 4009 1845 4066 Ut
1874 4026 1973 4064 non
2004 4010 2163 4064 obdu-

598 4119 731 4163 retur
750 4110 860 4177 quis
883 4124 942 4162 ea:
967 4106 1103 4162 vobis
1127 4104 1333 4175 fallacia
1361 4101 1569 4174 peccati.

667 4200 723 4256 9.
773 4198 936 4254 Vides
976 4198 1117 4269 quod
1166 4204 1440 4267 peccatum
1490 4193 1651 4248 faciat
1694 4191 2165 4248 incredulitatem?

600 4291 729 4347 Nam
780 4299 837 4345 ut
876 4288 1219 4345 incredulitas
1250 4287 1443 4340 malam
1487 4285 1625 4354 parit
1665 4283 1863 4350 vitam,
1893 4282 1962 4337 ita
2008 4282 2165 4336 etiam

592 4398 793 4447 anima,
816 4395 938 4436 cum
961 4382 1012 4434 in
1039 4376 1368 4449 profundum
1392 4375 1653 4431 malorum
1670 4374 1903 4438 venerit,
1925 4382 2168 4425 contem-

594 4476 704 4539 nit;
734 4484 1091 4528 contemnens
1115 4482 1297 4525 autem
1319 4484 1389 4524 ne
1412 4466 1645 4522 sustinet
1668 4464 1889 4535 quidem
1917 4463 2164 4528 credere,

599 4575 657 4618 ut
682 4579 739 4619 se
761 4578 791 4617 a
819 4571 964 4617 metu
990 4561 1210 4615 liberet.
1236 4558 1496 4614 Dixerunt
1521 4557 1689 4619 enim,
1721 4554 1916 4625 inquit,
1944 4554 2059 4609 Non
2088 4571 2167 4608 ot-

596 4656 733 4708 debit
753 4652 1029 4716 Dominus,
1052 4666 1143 4705 nec
1169 4648 1421 4721 intelliget
1439 4646 1578 4703 Deus
1591 4647 1751 4703 Iacob
1775 4645 1941 4719 (Psal.
1963 4647 2050 4702 93.
2078 4645 2163 4717 7);

596 4757 651 4800 et
677 4758 889 4809 rursus,
916 4740 1079 4797 Labia
1110 4748 1291 4796 nostra
1322 4757 1354 4795 a
1380 4738 1523 4793 nobis
1545 4748 1700 4807 sunt;
1727 4739 1841 4810 quis
1869 4746 2043 4793 noster
2064 4734 2169 4791 Do-

598 4839 769 4891 minus
797 4845 871 4890 est
906 4832 1074 4906 (Psol.
1106 4832 1193 4889 11.
1220 4830 1311 4904 li)?
1340 4831 1668 4903 iterumque,
1692 4828 1797 4888 Cur
1822 4830 2051 4887 irritavit
2072 4829 2171 4884 im-

590 4929 714 5001 pius
738 4926 903 4983 Deum
929 4925 1097 5000 (Psal.
1124 4926 1209 4984 10.
1232 4925 1438 4981 ὤλεο.
1458 4922 1679 4997 Helm)?
1715 4931 1773 4979 et
1796 4936 2008 4988 rursus,
2028 4920 2171 4977 Dixit

596 5019 847 5090 insipiens
871 5018 1099 5072 in.corde
1115 5031 1246 5083 sua:
1263 5016 1378 5073 Non
1405 5027 1479 5072 est
1505 5013 1664 5071 Deus.
1692 5012 1937 5087 Corrupti
1960 5024 2100 5078 sunt,
2122 5028 2169 5067 et

599 5111 975 5167 abominabiles
994 5112 1119 5182 {acti
1144 5120 1263 5166 sunt
1286 5111 1341 5165 in
1362 5110 1547 5165 studiis
1567 5109 1674 5163 suis
1703 5106 1869 5177 (Psal.
1898 5105 1984 5161 i3.
2013 5105 2085 5175 1).
2107 5103 2172 5159 Et

596 5216 810 5268 rursus,
825 5201 939 5256 Non
953 5210 1028 5256 est
1054 5200 1317 5257 timode
1334 5212 1457 5256 ante
1472 5199 1647 5255 oculos
1662 5214 1869 5264 eorum;
1890 5208 1948 5253 et
1962 5211 2169 5251 rursus.

601 5293 863 5359 Quoniam
892 5290 1065 5350 dolose
1094 5294 1270 5364 egitin
1286 5300 1561 5364 conspectu
1586 5291 1720 5361 ejus,
1743 5298 1799 5342 ut
1826 5286 2176 5342 ineeniatini—

601 5382 853 5450 quitatem
865 5382 978 5453 ejus
991 5391 1035 5436 et
1050 5383 1214 5437 oderit
1229 5381 1397 5455 (Psal.
1419 5384 1507 5440 35.
1525 5383 1577 5441 2.
1598 5382 1653 5455 3)
1664 5382 1940 5441 .Christus
1956 5398 2173 5454 quoque

600 5474 707 5529 hoc
730 5473 797 5530 ad
814 5474 991 5545 ipsum
1012 5474 1173 5531 dicit:
1194 5473 1371 5531 Omnis
1388 5478 1478 5549 qui
1498 5474 1638 5531 male
1656 5475 1783 5546 agit,
1802 5477 1909 5530 odit
1927 5476 2112 5539 lucem,
2126 5484 2173 5527 et

607 5596 709 5633 non
738 5580 865 5633 venit
884 5576 953 5629 ad
981 5575 1140 5630 lucem
1160 5570 1178 5641 (
1198 5569 1354 5623 Joan.
1387 5569 1439 5622 3.
1469 5566 1541 5620 20
1561 5569 1600 5635 ).
1630 5564 1829 5619 Deinde
1866 5563 2131 5631 subiungit
2160 5579 2171 5615 :

611 5672 893 5738 Ρηηὶυἱρεε
920 5667 1109 5724 Christi
1135 5661 1299 5731 e/fecti
1319 5674 1509 5715 sumus.
1538 5657 1674 5725 Quid
1706 5656 1805 5711 hoc
1836 5665 1938 5721 est,
1969 5652 2176 5709 Partiri-

672 5807 742 5867 (α)
768 5803 854 5852 Hic
890 5803 1062 5861 ingens
1096 5800 1172 5846 est
1204 5792 1362 5841 hiatus
1402 5788 1449 5837 in
1483 5783 1758 5837 Colliertlno
1790 5782 2006 5844 quinque
2043 5778 2179 5842 pagi-

607 5882 791 5922 uarum.

2295 556 2382 610 pes
2408 536 2594 595 Christi
2623 534 2789 603 effecti
2814 550 2988 589 sumus
3010 535 3038 590 7
3063 533 3235 591 linunt
3268 533 3441 591 electi
3472 550 3662 592 sumus
3693 552 3794 595 nos
3817 550 3874 594 et

2294 630 2408 701 ipse
2437 644 2452 683 :
2483 627 2746 699 siquidem
2794 626 2908 696 ipse
2948 624 3165 696 quidem
3194 635 3351 697 caput
3374 668 3389 693 ,
3420 642 3517 683 nos
3545 638 3724 683 autem
3752 645 3879 685 cor-

2292 737 2411 793 pus,
2445 719 2775 785 coheredes,
2807 726 2863 772 et
2883 719 3297 786 concorporales
3344 717 3517 774 Unum
3545 733 3746 789 corpus
3770 740 3873 776 su-

2290 829 2410 872 mus
2443 827 2507 868 es
2556 825 2719 867 carne
2754 810 2869 879 ejus
2891 849 2907 875 ,
2946 808 3158 880 inquit,
3193 818 3246 864 et
3293 824 3362 865 ex
3394 810 3604 866 ossibus
3637 811 3776 883 ejus.
3810 813 3878 869 Si

2290 916 2453 961 tamen
2476 902 2678 956 initiunt
2705 900 3000 955 substantia!
3028 900 3137 969 ejus
3174 915 3331 970 usque
3358 902 3426 953 ad
3452 901 3603 967 ﬁnem
3642 903 3871 956 retinen-

2288 1014 2421 1053 mus.
2450 994 2586 1064 Quid
2613 1004 2696 1048 est
2716 1032 2731 1059 ,
2778 990 2992 1046 Initium
3017 991 3316 1046 substantia
3343 994 3497 1062 ejus?
3532 993 3717 1048 Fidem
3770 1011 3874 1063 per

2288 1101 2449 1159 quam
2477 1084 2837 1151 constitimus,
2867 1091 2922 1139 ct
2941 1081 3109 1153 geniti
3138 1095 3323 1135 sumus
3344 1119 3359 1146 ,
3385 1090 3439 1135 et
3462 1088 3519 1135 ut
3548 1080 3618 1134 ita
3646 1080 3827 1134 dicam
3857 1117 3878 1145 ,

2288 1174 2753 1232 consubstantiati.
2786 1174 2984 1228 Deinde
3011 1171 3284 1242 subjungit
3314 1187 3330 1225 :
3372 1170 3459 1226 15.
3491 1166 3631 1224 Dum
3658 1170 3878 1235 dicitur,

2295 1267 2462 1322 Hodie
2486 1268 2529 1322 si
2558 1282 2726 1321 vocem
2765 1265 2875 1336 ejus
2900 1263 3165 1319 audieritis
3192 1304 3206 1327 ,
3238 1262 3393 1317 nolite
3417 1261 3670 1316 obdurare
3708 1262 3877 1316 corda

2288 1369 2469 1424 uestra,
2500 1358 2626 1412 sicut
2656 1357 2706 1411 in
2727 1352 3127 1409 exacerbatione.
3153 1352 3278 1407 lianc
3304 1353 3520 1407 inverso
3548 1350 3742 1406 ordine
3771 1365 3878 1422 pn-

2288 1462 2485 1506 ttuntur
2512 1492 2528 1516 ,
2559 1448 2756 1505 deinde
2782 1446 3065 1516 adjicitur:
3092 1444 3242 1518 (Cap.
3270 1445 3325 1515 4)
3361 1445 3407 1497 1.
3436 1444 3727 1499 Timeamus
3754 1459 3881 1515 ergo

2287 1561 2349 1599 ne
2374 1548 2504 1615 forte
2522 1543 2700 1596 relicta
2722 1539 3086 1611 pollicitatione
3106 1536 3395 1592 introeundi
3415 1537 3468 1589 in
3487 1536 3710 1607 requiem
3734 1536 3875 1605 ejus,

2287 1637 2597 1691 existimetur
2622 1632 2807 1703 aliquis
2836 1647 2899 1685 ea:
2924 1630 3058 1684 vobis
3078 1630 3268 1683 deesse.
3293 1628 3345 1683 2.
3376 1625 3577 1682 Etenim
3608 1627 3748 1681 nobis
3778 1643 3878 1679 an-

2288 1727 2576 1781 nuntiatum
2606 1734 2677 1779 est
2698 1765 2714 1791 ,
2743 1722 3167 1794 quemadmodum
3194 1730 3240 1774 et
3287 1720 3411 1787 illis.
3456 1717 3591 1773 Dum
3634 1718 3828 1771 dicitur
3857 1759 3872 1784 ,

2291 1817 2459 1873 lloaie
2485 1818 2528 1871 si
2556 1832 2723 1870 vocem
2749 1816 2860 1885 ejus
2881 1814 3163 1868 audieritis.
3200 1811 3329 1865 illud
3361 1811 3503 1865 enim
3533 1808 3699 1863 Ilodie
3729 1823 3879 1865 scm-

2284 1926 2383 1983 per
2410 1919 2512 1965 est.
2541 1908 2742 1964 Deinde
2768 1910 2843 1960 ait
2869 1924 2883 1960 :
2918 1904 3025 1962 Sed
3043 1921 3145 1960 non
3171 1903 3359 1975 profuit
3390 1903 3495 1957 illis
3512 1917 3674 1956 sermo
3711 1904 3876 1955 audt-

2286 2013 2385 2067 tus,
2409 2018 2509 2056 non
2526 2001 2781 2054 admixtus
2800 2001 2918 2068 ﬁdei
2935 2014 3000 2053 ea;
3024 1998 3087 2053 iis
3113 2012 3227 2068 qua:
3245 1996 3547 2059 audierunt;
3574 1994 3877 2050 ostendens

2285 2093 2555 2165 quomodo
2603 2106 2707 2146 non
2753 2089 2951 2160 proluit
2997 2105 3015 2144 :
3060 2099 3341 2159 propterea
3394 2086 3536 2140 enim
3589 2101 3693 2139 non
3739 2099 3874 2155 pro-

2285 2185 2382 2239 luit
2434 2184 2554 2255 quia
2602 2182 2789 2237 deerat
2824 2179 2977 2235 ﬁdes.
3020 2177 3224 2235 Deinde
3265 2176 3450 2232 volens
3486 2191 3579 2231 eos
3621 2185 3831 2233 terrere
3855 2218 3871 2242 ,

2286 2275 2389 2330 hoc
2419 2275 2590 2344 ipsum
2630 2270 2867 2327 ostendit
2910 2285 3006 2340 per
3055 2282 3119 2326 ea
3164 2282 3286 2340 qua:
3332 2266 3483 2321 dicit.
3517 2267 3607 2322 16.
3640 2267 3875 2335 Quidam

2284 2372 2418 2421 enim
2437 2365 2699 2420 audientes
2722 2362 3167 2427 exacerbarerunt,
3195 2358 3285 2415 sed
3306 2375 3407 2412 non
3434 2374 3605 2416 omnes
3629 2361 3718 2432 qui
3739 2377 3838 2431 pro
3860 2393 3873 2400 -

2284 2459 2401 2529 fecti
2426 2467 2543 2511 sunt
2569 2472 2633 2509 ea:
2660 2453 2891 2525 Egypto
2937 2468 3027 2521 per
3066 2451 3313 2522 Moysem.
3352 2450 3438 2505 17.
3476 2450 3668 2517 Quibus
3693 2459 3870 2505 autem

2281 2552 2513 2621 infensus
2541 2548 2636 2619 fuit
2666 2546 3005 2617 quadraginta
3030 2545 3178 2598 annis
3203 2543 3229 2596 .’
3253 2543 3538 2598 uonneillis
3565 2544 3652 2614 qui
3680 2559 3869 2613 pecca-

2281 2651 2479 2707 uerunt,
2508 2654 2724 2714 quorum
2748 2637 2995 2691 cadavera
3024 2634 3250 2705 projecta
3278 2643 3395 2688 sunt
3425 2635 3478 2687 in
3506 2634 3705 2689 deserto
3723 2634 3749 2688 Ρ
3778 2634 3870 2690 18.

2286 2735 2479 2803 Quibus
2504 2742 2670 2788 autem
2701 2730 2900 2801 jurauit
2929 2743 3033 2782 non
3058 2726 3268 2782 introire
3311 2727 3363 2779 in
3406 2727 3630 2797 requiem
3658 2727 3827 2797 ipsius
3851 2769 3869 2793 ,

2285 2826 2384 2883 nisi
2411 2826 2475 2881 iis
2498 2826 2583 2898 qui
2604 2821 2853 2878 increduli
2876 2824 3081 2891 [uerunt
3101 2820 3128 2874 1
3150 2818 3234 2873 19.
3268 2816 3335 2872 Et
3366 2819 3589 2873 videmus
3606 2818 3744 2888 quod
3766 2835 3871 2873 nou

2282 2918 2533 2994 potuerint
2560 2916 2767 2971 introire
2794 2915 2848 2968 ist
2869 2912 3089 2984 requiem
3110 2912 3271 2983 ipsius
3299 2921 3505 2983 propter
3529 2912 3869 2966 incredulita-

2284 3021 2404 3066 tem.
2451 3010 2587 3065 Cum
2629 3007 2857 3061 dixisset
2899 3021 3091 3061 rursus
3138 3003 3535 3067 testimonium,
3583 3001 3873 3071 subiungit

2282 3104 2446 3161 etiam
2486 3098 3006 3168 interrogationem,
3038 3094 3182 3165 quod
3215 3094 3432 3165 quidem
3474 3093 3676 3147 claram
3705 3090 3875 3146 eﬂicit

2284 3191 2609 3248 orationem.
2646 3187 2792 3241 Dixit
2835 3187 3002 3251 enim,
3036 3186 3241 3255 inquit,
3278 3184 3447 3240 Hodie
3476 3185 3521 3237 si
3551 3198 3725 3237 vocem
3755 3181 3873 3249 ejus

2285 3283 2579 3347 audieritis,
2604 3280 2763 3335 nolite
2806 3278 3062 3334 obdurare
3092 3278 3253 3332 corda
3296 3286 3466 3331 uestra
3502 3277 3636 3330 sicut
3682 3276 3737 3329 in
3778 3291 3878 3330 er-

2285 3376 2632 3430 acerbatione.
2663 3372 3067 3439 Quorumnam,
3110 3370 3306 3440 inquit,
3339 3370 3582 3425 meminit
3610 3367 3701 3438 qui
3739 3378 3874 3421 sunt

2283 3466 2557 3523 indurati?
2588 3477 2949 3535 quarumnam
2983 3462 3073 3533 qui
3112 3477 3219 3516 non
3261 3460 3646 3517 Crediderunt?
3672 3458 3873 3513 Nonne

2282 3555 2630 3613 Iudaeorum?
2659 3553 2815 3622 Quod
2846 3564 3026 3610 autem
3061 3553 3215 3618 dicit,
3248 3561 3331 3607 est
3368 3548 3680 3618 hujusmodi
3717 3547 3873 3602 :Au-

2284 3648 2501 3703 dierunt
2526 3646 2601 3701 illi
2631 3660 2849 3717 quoque
2872 3644 3013 3699 sicut
3047 3657 3145 3697 nos
3176 3641 3448 3701 audimus.
3481 3638 3574 3693 sed
3599 3637 3732 3691 nihil
3762 3638 3876 3692 illis

2285 3738 2505 3811 profuit.
2532 3738 2610 3793 Ne
2637 3752 2768 3808 ergo
2790 3735 3113 3791 existimetis
3145 3732 3287 3804 quod
3313 3732 3553 3786 futurum
3586 3728 3657 3784 sit
3693 3739 3748 3781 ut
3777 3729 3871 3798 ju-

2287 3829 2483 3885 vemini
2533 3826 2804 3882 audiendo
2844 3823 3282 3895 praedicationem
3321 3838 3334 3873 :
3378 3839 3501 3877 nam
3540 3822 3612 3877 illi
3648 3838 3879 3893 quoque

2285 3922 2594 3985 audierunt,
2612 3918 2706 3974 sed
2736 3918 2872 3972 nihil
2901 3917 3008 3971 illis
3028 3916 3251 3987 profuit,
3277 3918 3531 3987 quoniam
3558 3931 3664 3969 non
3688 3916 3881 3970 credi-

2284 4012 2503 4069 derunt.
2522 4011 2726 4067 Cbaleh
2749 4018 2928 4065 autem
2951 4017 3005 4063 et
3021 4005 3182 4065 Jesus
3213 4008 3471 4079 quoniam
3498 4025 3605 4064 non
3631 4024 3883 4063 consen—

2295 4112 2481 4159 scruut
2501 4102 2568 4157 iis
2587 4101 2675 4173 qui
2705 4114 2811 4155 non
2832 4098 3196 4160 crediderunt,
3220 4096 3321 4150 illis
3346 4096 3557 4150 illatum
3575 4095 3895 4165 etl'ugerunt

2296 4195 2635 4267 supplicium.
2665 4192 2728 4248 Et
2749 4191 2871 4247 vide
2898 4190 3023 4262 quid
3048 4188 3368 4243 admirabile
3401 4204 3414 4241 :
3450 4202 3555 4241 non
3573 4187 3736 4253 dixit,
3760 4187 3892 4244 Non

2295 4294 2703 4349 consenserunt,
2733 4284 2847 4347 sed,
2881 4280 3001 4335 Non
3028 4279 3273 4333 commisti
3299 4289 3452 4342 sunt;
3476 4278 3580 4332 huc
3604 4288 3710 4344 est,
3744 4280 3893 4337 citra

2297 4379 2613 4435 seditionem
2644 4386 2769 4431 sunt
2799 4372 3032 4444 separati
3057 4414 3071 4437 ,
3101 4387 3228 4426 cum
3261 4370 3334 4426 illi
3360 4373 3519 4426 unius
3544 4379 3600 4425 et
3628 4370 3889 4439 ejusdem

2298 4473 2521 4527 inissent
2547 4470 2850 4526 sententiae.
2891 4466 2987 4521 Hic
3014 4465 3144 4519 mihi
3174 4462 3381 4518 videtur
3409 4462 3571 4517 etiam
3599 4462 3762 4517 tacite
3805 4465 3895 4520 in-

2295 4579 2459 4618 nitere
2498 4563 2835 4618 seditionem.
2863 4564 2916 4617 3.
2949 4562 3275 4631 Ingredintur
3300 4560 3454 4625 enim,
3486 4558 3676 4631 inquit,
3704 4557 3762 4613 in
3809 4575 3902 4613 re-

2292 4661 2459 4728 quiem
2481 4656 2567 4725 qui
2591 4656 2917 4710 credidimus.
2940 4653 3143 4709 Deinde
3165 4653 3267 4708 hoc
3293 4649 3621 4707 continuam
3646 4650 3852 4722 suh‘jtm
3868 4682 3888 4695 -

2292 4745 2367 4800 xit
2394 4767 2408 4801 :
2442 4745 2871 4814 Quemadmodum
2891 4746 3018 4799 dixit
3047 4760 3065 4799 .'
3095 4743 3425 4817 Sicutjuraei
3461 4746 3517 4797 in
3554 4744 3634 4797 ira
3672 4759 3815 4810 mea,
3845 4745 3897 4801 si

2292 4838 2561 4892 introibunt
2611 4839 2663 4893 in
2708 4839 2925 4911 requiem
2961 4852 3170 4892 meam:
3201 4847 3255 4892 et
3294 4818 3510 4907 quidem
3549 4834 3814 4906 operibus
3861 4852 3893 4887 a

2292 4929 2672 4986 constitutione
2712 4930 2897 4985 mundi
2948 4929 3280 4985 constitutis.
3330 4924 3596 4996 Quoniam
3633 4926 3891 4985 dicturus

2294 5018 2432 5075 forte
2469 5020 2731 5091 quispiam
2780 5030 2931 5084 erat,
2964 5018 3123 5089 Atqui
3168 5018 3270 5075 hoc
3314 5032 3421 5073 non
3459 5016 3727 5088 signiﬁcat
3777 5035 3889 5076 nos

2296 5112 2651 5181 ingressurus,
2684 5111 2777 5165 sed
2809 5110 2929 5166 illos
2957 5125 3061 5165 non
3091 5124 3212 5163 esse
3242 5112 3514 5180 ingressos
3546 5127 3562 5165 :
3592 5109 3719 5178 quid
3749 5125 3893 5183 ergo

2296 5205 2413 5256 facit
2437 5201 2460 5255 ἲ
2487 5200 2710 5258 interim
2744 5202 2926 5257 studet
2963 5199 3283 5266 ostendere,
3315 5199 3458 5271 quod
3506 5204 3645 5255 sicut
3676 5200 3769 5256 illa
3802 5218 3896 5259 rc-

2294 5295 2444 5364 quies
2472 5309 2577 5348 non
2601 5294 2848 5364 prohibet
2867 5293 3022 5357 aliam
3045 5292 3150 5348 dici
3176 5292 3440 5360 requiem,
3464 5293 3533 5347 ita
3563 5306 3739 5364 neque
3770 5294 3897 5351 ιιι-ο

2296 5386 2536 5455 requiem
2563 5387 2843 5441 calorum.
2871 5384 3087 5439 interim
3128 5366 3258 5453 iugo
3297 5383 3412 5438 vult
3441 5383 3735 5441 ostendere
3763 5386 3898 5441 ilius

2298 5477 2533 5545 requiem
2581 5492 2678 5531 nos
2719 5488 3036 5547 asseqnutos
3065 5492 3203 5531 esse.
3245 5474 3313 5532 Ut
3354 5475 3493 5531 scias
3528 5489 3708 5533 autent
3738 5481 3897 5549 quod

2299 5569 2399 5624 hoc
2426 5570 2567 5625 dicat
2593 5612 2607 5633 ,
2635 5570 2784 5625 addit
2811 5588 2823 5624 :
2858 5570 2911 5624 4.
2943 5567 3087 5623 Dixit
3124 5570 3258 5623 enim
3307 5569 3530 5639 quodam
3562 5568 3673 5624 loco
3705 5573 3773 5625 de
3804 5574 3894 5627 die

2295 5662 2507 5732 septima
2536 5661 2606 5715 sic
2636 5678 2656 5716 :
2682 5672 2728 5716 ct
2756 5661 2998 5731 requievit
3032 5658 3173 5716 Deus
3203 5662 3284 5714 die
3322 5663 3539 5733 septimo.
3565 5662 3627 5715 ab
3654 5665 3898 5721 erunibus

2297 5754 2534 5823 operibus
2570 5754 2720 5809 suis:
2750 5754 2803 5810 5.
2853 5764 2898 5808 et
2934 5753 2986 5808 in
3023 5753 3119 5808 isto
3154 5767 3403 5808 rursum:
3430 5752 3492 5809 Si
3518 5754 3804 5810 introibant
3844 5759 3897 5812 in

2299 5847 2516 5914 requiem
2551 5862 2729 5898 meum.
2782 5843 2941 5901 Vides
2981 5845 3249 5917 quomodo
3292 5843 3407 5902 hmo
3451 5859 3557 5898 non
3605 5846 3897 5905 nrnhilteat
