  <div class='ocr_page' id='page_1' title='image "/cluster/home/n/w/nwhite01/storage/ocr_20150623/63/uva.x030486929/066.png"; bbox 0 0 4042 6412; ppageno 0'>
   <div class='ocr_carea' id='block_1_1' title="bbox 2329 213 2352 275">
    <p class='ocr_par' dir='ltr' id='par_1_1' title="bbox 2329 213 2352 275">
     <span class='ocr_line' id='line_1_1' title="bbox 2329 213 2352 275; baseline 0 -47"><span class='ocrx_word' id='word_1_1' title='bbox 2329 213 2352 275; x_wconf 48' lang='grc' dir='ltr'><em>ί</em></span> 
     </span>
    </p>
   </div>
   <div class='ocr_carea' id='block_1_2' title="bbox 201 325 3459 401">
    <p class='ocr_par' dir='ltr' id='par_1_2' title="bbox 201 325 3459 401">
     <span class='ocr_line' id='line_1_2' title="bbox 201 325 3459 401; baseline 0.002 -5"><span class='ocrx_word' id='word_1_2' title='bbox 1002 347 1060 399; x_wconf 85' lang='lat' dir='ltr'><strong><em>I.\&#39;</em></strong></span> <span class='ocrx_word' id='word_1_3' title='bbox 1096 345 1299 401; x_wconf 73' lang='lat' dir='ltr'><strong><em>t-lPlS&#39;l‘.</em></strong></span> <span class='ocrx_word' id='word_1_4' title='bbox 1346 345 1433 398; x_wconf 67' lang='lat' dir='ltr'><strong><em>an</em></strong></span> <span class='ocrx_word' id='word_1_5' title='bbox 1473 340 1831 399; x_wconf 58' lang='lat' dir='ltr'><strong><em>nummos.</em></strong></span> <span class='ocrx_word' id='word_1_6' title='bbox 1875 333 2029 390; x_wconf 53' lang='lat' dir='ltr'><strong><em>CAP.</em></strong></span> <span class='ocrx_word' id='word_1_7' title='bbox 2075 333 2159 388; x_wconf 83' lang='lat' dir='ltr'><strong><em>IV.</em></strong></span> <span class='ocrx_word' id='word_1_8' title='bbox 2205 333 2437 388; x_wconf 68' lang='lat' dir='ltr'><strong><em>IttttltL.</em></strong></span> <span class='ocrx_word' id='word_1_9' title='bbox 2485 333 2592 388; x_wconf 80' lang='lat' dir='ltr'><strong><em>VII.</em></strong></span> <span class='ocrx_word' id='word_1_10' title='bbox 3387 325 3459 383; x_wconf 74' lang='lat'><strong>53</strong></span> 
     </span>
    </p>
   </div>
   <div class='ocr_carea' id='block_1_3' title="bbox 193 442 1768 534">
    <p class='ocr_par' dir='ltr' id='par_1_3' title="bbox 193 442 1768 534">
     <span class='ocr_line' id='line_1_3' title="bbox 193 442 1768 534; baseline 0.016 -42"><span class='ocrx_word' id='word_1_11' title='bbox 193 442 304 493; x_wconf 85' lang='lat' dir='ltr'><strong><em>illnu</em></strong></span> <span class='ocrx_word' id='word_1_12' title='bbox 329 454 438 495; x_wconf 83' lang='lat' dir='ltr'><strong><em>esse</em></strong></span> <span class='ocrx_word' id='word_1_13' title='bbox 465 457 511 495; x_wconf 64' lang='lat' dir='ltr'><strong><em>rt</em></strong></span> <span class='ocrx_word' id='word_1_14' title='bbox 526 444 721 512; x_wconf 82' lang='lat' dir='ltr'><strong><em>quiem</em></strong></span> <span class='ocrx_word' id='word_1_15' title='bbox 747 448 772 500; x_wconf 87' lang='lat'><strong>?</strong></span> <span class='ocrx_word' id='word_1_16' title='bbox 805 449 868 505; x_wconf 74' lang='grc' dir='ltr'><strong><em>ὓ.</em></strong></span> <span class='ocrx_word' id='word_1_17' title='bbox 913 451 1163 512; x_wconf 76' lang='lat' dir='ltr'><strong><em>Quoniam</em></strong></span> <span class='ocrx_word' id='word_1_18' title='bbox 1189 471 1329 524; x_wconf 78' lang='lat' dir='ltr'><strong><em>ergo,</em></strong></span> <span class='ocrx_word' id='word_1_19' title='bbox 1363 457 1556 528; x_wconf 87' lang='lat' dir='ltr'><strong><em>inquit,</em></strong></span> <span class='ocrx_word' id='word_1_20' title='bbox 1588 478 1768 534; x_wconf 82' lang='lat' dir='ltr'><strong><em>supcr-</em></strong></span> 
     </span>
    </p>
   </div>
   <div class='ocr_carea' id='block_1_4' title="bbox 187 533 1768 619">
    <p class='ocr_par' dir='ltr' id='par_1_4' title="bbox 187 533 1768 619">
     <span class='ocr_line' id='line_1_4' title="bbox 187 533 1768 619; baseline 0.016 -36"><span class='ocrx_word' id='word_1_21' title='bbox 187 543 240 585; x_wconf 73' lang='grc' dir='ltr'><em>εει</em></span> <span class='ocrx_word' id='word_1_22' title='bbox 263 533 450 587; x_wconf 84' lang='lat' dir='ltr'><strong><em>introire</em></strong></span> <span class='ocrx_word' id='word_1_23' title='bbox 475 537 744 602; x_wconf 83' lang='lat' dir='ltr'><strong><em>quosdam</em></strong></span> <span class='ocrx_word' id='word_1_24' title='bbox 769 541 831 593; x_wconf 82' lang='lat' dir='ltr'><strong><em>in</em></strong></span> <span class='ocrx_word' id='word_1_25' title='bbox 868 542 1039 609; x_wconf 81' lang='lat' dir='ltr'><strong><em>illaut,</em></strong></span> <span class='ocrx_word' id='word_1_26' title='bbox 1071 556 1118 598; x_wconf 88' lang='lat' dir='ltr'><strong><em>et</em></strong></span> <span class='ocrx_word' id='word_1_27' title='bbox 1143 546 1180 599; x_wconf 87' lang='lat' dir='ltr'><strong><em>ii</em></strong></span> <span class='ocrx_word' id='word_1_28' title='bbox 1197 548 1378 616; x_wconf 85' lang='lat' dir='ltr'><strong><em>quibus</em></strong></span> <span class='ocrx_word' id='word_1_29' title='bbox 1403 551 1656 619; x_wconf 70' lang='lat' dir='ltr'><strong><em>prioribus</em></strong></span> <span class='ocrx_word' id='word_1_30' title='bbox 1675 572 1768 610; x_wconf 87' lang='lat' dir='ltr'><strong><em>au-</em></strong></span> 
     </span>
    </p>
   </div>
   <div class='ocr_carea' id='block_1_5' title="bbox 185 625 1768 709">
    <p class='ocr_par' dir='ltr' id='par_1_5' title="bbox 185 625 1768 709">
     <span class='ocr_line' id='line_1_5' title="bbox 185 625 1768 709; baseline 0.016 -34"><span class='ocrx_word' id='word_1_31' title='bbox 185 625 522 680; x_wconf 73' lang='lat' dir='ltr'><strong><em>nuntiatumest</em></strong></span> <span class='ocrx_word' id='word_1_32' title='bbox 546 669 562 693; x_wconf 93' lang='lat'><strong><em>,</em></strong></span> <span class='ocrx_word' id='word_1_33' title='bbox 595 645 706 683; x_wconf 78' lang='lat' dir='ltr'><strong><em>non</em></strong></span> <span class='ocrx_word' id='word_1_34' title='bbox 741 632 1066 689; x_wconf 83' lang='lat' dir='ltr'><strong><em>introierunt</em></strong></span> <span class='ocrx_word' id='word_1_35' title='bbox 1091 649 1294 709; x_wconf 84' lang='lat' dir='ltr'><strong><em>propter</em></strong></span> <span class='ocrx_word' id='word_1_36' title='bbox 1322 642 1724 701; x_wconf 62' lang='lat' dir='ltr'><strong><em>incredulitatem</em></strong></span> <span class='ocrx_word' id='word_1_37' title='bbox 1751 665 1768 701; x_wconf 92' lang='lat'><em>:</em></span> 
     </span>
    </p>
   </div>
   <div class='ocr_carea' id='block_1_6' title="bbox 181 713 1765 798">
    <p class='ocr_par' dir='ltr' id='par_1_6' title="bbox 181 713 1765 798">
     <span class='ocr_line' id='line_1_6' title="bbox 181 713 1765 798; baseline 0.014 -30"><span class='ocrx_word' id='word_1_38' title='bbox 181 713 221 768; x_wconf 86' lang='lat'><strong><em>7.</em></strong></span> <span class='ocrx_word' id='word_1_39' title='bbox 243 715 405 769; x_wconf 59' lang='lat' dir='ltr'><strong><em>iterum</em></strong></span> <span class='ocrx_word' id='word_1_40' title='bbox 428 718 685 774; x_wconf 86' lang='lat' dir='ltr'><strong><em>terminat</em></strong></span> <span class='ocrx_word' id='word_1_41' title='bbox 715 723 874 776; x_wconf 78' lang='lat' dir='ltr'><strong><em>client</em></strong></span> <span class='ocrx_word' id='word_1_42' title='bbox 902 729 1171 793; x_wconf 82' lang='lat' dir='ltr'><strong><em>quamdam</em></strong></span> <span class='ocrx_word' id='word_1_43' title='bbox 1195 730 1346 784; x_wconf 80' lang='lat' dir='ltr'><strong><em>hodie</em></strong></span> <span class='ocrx_word' id='word_1_44' title='bbox 1365 774 1379 798; x_wconf 94' lang='lat'><strong><em>,</em></strong></span> <span class='ocrx_word' id='word_1_45' title='bbox 1420 736 1471 786; x_wconf 88' lang='lat' dir='ltr'><strong><em>in</em></strong></span> <span class='ocrx_word' id='word_1_46' title='bbox 1500 733 1667 788; x_wconf 86' lang='lat' dir='ltr'><strong><em>Dnrid</em></strong></span> <span class='ocrx_word' id='word_1_47' title='bbox 1691 737 1765 791; x_wconf 88' lang='lat' dir='ltr'><strong><em>di-</em></strong></span> 
     </span>
    </p>
   </div>
   <div class='ocr_carea' id='block_1_7' title="bbox 178 807 1761 894">
    <p class='ocr_par' dir='ltr' id='par_1_7' title="bbox 178 807 1761 894">
     <span class='ocr_line' id='line_1_7' title="bbox 178 807 1761 894; baseline 0.016 -37"><span class='ocrx_word' id='word_1_48' title='bbox 178 807 306 860; x_wconf 69' lang='lat' dir='ltr'><strong><em>cendo</em></strong></span> <span class='ocrx_word' id='word_1_49' title='bbox 333 826 350 862; x_wconf 91' lang='lat'><strong><em>:</em></strong></span> <span class='ocrx_word' id='word_1_50' title='bbox 377 808 505 864; x_wconf 83' lang='lat' dir='ltr'><strong><em>Post</em></strong></span> <span class='ocrx_word' id='word_1_51' title='bbox 535 823 757 868; x_wconf 83' lang='lat' dir='ltr'><strong><em>tantum</em></strong></span> <span class='ocrx_word' id='word_1_52' title='bbox 787 821 1042 887; x_wconf 85' lang='lat' dir='ltr'><strong><em>temporis</em></strong></span> <span class='ocrx_word' id='word_1_53' title='bbox 1064 862 1078 883; x_wconf 94' lang='lat'><strong><em>,</em></strong></span> <span class='ocrx_word' id='word_1_54' title='bbox 1112 822 1241 875; x_wconf 82' lang='lat' dir='ltr'><strong><em>sicut</em></strong></span> <span class='ocrx_word' id='word_1_55' title='bbox 1266 840 1425 894; x_wconf 88' lang='lat' dir='ltr'><strong><em>supra</em></strong></span> <span class='ocrx_word' id='word_1_56' title='bbox 1451 827 1644 881; x_wconf 86' lang='lat' dir='ltr'><strong><em>dictum</em></strong></span> <span class='ocrx_word' id='word_1_57' title='bbox 1670 841 1761 884; x_wconf 79' lang='lat' dir='ltr'><strong><em>est.</em></strong></span> 
     </span>
    </p>
   </div>
   <div class='ocr_carea' id='block_1_8' title="bbox 173 898 1762 991">
    <p class='ocr_par' dir='ltr' id='par_1_8' title="bbox 173 898 1762 991">
     <span class='ocr_line' id='line_1_8' title="bbox 173 898 1762 991; baseline 0.014 -38"><span class='ocrx_word' id='word_1_58' title='bbox 173 898 282 965; x_wconf 80' lang='lat' dir='ltr'><strong><em>Quid</em></strong></span> <span class='ocrx_word' id='word_1_59' title='bbox 302 911 378 955; x_wconf 67' lang='lat' dir='ltr'><strong><em>est</em></strong></span> <span class='ocrx_word' id='word_1_60' title='bbox 408 913 590 959; x_wconf 80' lang='lat' dir='ltr'><strong><em>autem</em></strong></span> <span class='ocrx_word' id='word_1_61' title='bbox 627 902 792 978; x_wconf 68' lang='lat' dir='ltr'><strong><em>quod</em></strong></span> <span class='ocrx_word' id='word_1_62' title='bbox 828 909 1001 966; x_wconf 82' lang='lat' dir='ltr'><strong><em>dicit?</em></strong></span> <span class='ocrx_word' id='word_1_63' title='bbox 1028 912 1287 979; x_wconf 88' lang='lat' dir='ltr'><strong><em>Quoniam</em></strong></span> <span class='ocrx_word' id='word_1_64' title='bbox 1315 916 1535 982; x_wconf 84' lang='lat' dir='ltr'><strong><em>debent,</em></strong></span> <span class='ocrx_word' id='word_1_65' title='bbox 1571 921 1762 991; x_wconf 92' lang='lat' dir='ltr'><strong><em>inquit,</em></strong></span> 
     </span>
    </p>
   </div>
   <div class='ocr_carea' id='block_1_9' title="bbox 174 994 1760 1078">
    <p class='ocr_par' dir='ltr' id='par_1_9' title="bbox 174 994 1760 1078">
     <span class='ocr_line' id='line_1_9' title="bbox 174 994 1760 1078; baseline 0.016 -34"><span class='ocrx_word' id='word_1_66' title='bbox 174 995 309 1063; x_wconf 79' lang='lat' dir='ltr'><strong><em>aliqui</em></strong></span> <span class='ocrx_word' id='word_1_67' title='bbox 341 994 569 1052; x_wconf 74' lang='lat' dir='ltr'><strong><em>introire</em></strong></span> <span class='ocrx_word' id='word_1_68' title='bbox 600 1000 874 1065; x_wconf 82' lang='lat' dir='ltr'><strong><em>outnino,</em></strong></span> <span class='ocrx_word' id='word_1_69' title='bbox 913 1003 989 1057; x_wconf 84' lang='lat' dir='ltr'><strong><em>illi</em></strong></span> <span class='ocrx_word' id='word_1_70' title='bbox 1037 1014 1215 1059; x_wconf 82' lang='lat' dir='ltr'><strong><em>autent</em></strong></span> <span class='ocrx_word' id='word_1_71' title='bbox 1258 1023 1365 1062; x_wconf 85' lang='lat' dir='ltr'><strong><em>non</em></strong></span> <span class='ocrx_word' id='word_1_72' title='bbox 1409 1010 1760 1078; x_wconf 81' lang='lat' dir='ltr'><strong><em>introierunt.</em></strong></span> 
     </span>
    </p>
   </div>
   <div class='ocr_carea' id='block_1_10' title="bbox 171 1089 1766 1176">
    <p class='ocr_par' dir='ltr' id='par_1_10' title="bbox 171 1089 1766 1176">
     <span class='ocr_line' id='line_1_10' title="bbox 171 1089 1766 1176; baseline 0.016 -39"><span class='ocrx_word' id='word_1_73' title='bbox 171 1101 331 1142; x_wconf 74' lang='lat' dir='ltr'><strong><em>rursus</em></strong></span> <span class='ocrx_word' id='word_1_74' title='bbox 353 1089 573 1142; x_wconf 84' lang='lat' dir='ltr'><strong><em>tertiam</em></strong></span> <span class='ocrx_word' id='word_1_75' title='bbox 607 1095 830 1146; x_wconf 80' lang='lat' dir='ltr'><strong><em>statuit</em></strong></span> <span class='ocrx_word' id='word_1_76' title='bbox 852 1097 1117 1170; x_wconf 80' lang='lat' dir='ltr'><strong><em>requiem.</em></strong></span> <span class='ocrx_word' id='word_1_77' title='bbox 1137 1097 1293 1164; x_wconf 88' lang='lat' dir='ltr'><strong><em>Quod</em></strong></span> <span class='ocrx_word' id='word_1_78' title='bbox 1317 1111 1497 1158; x_wconf 90' lang='lat' dir='ltr'><strong><em>autem</em></strong></span> <span class='ocrx_word' id='word_1_79' title='bbox 1519 1116 1766 1176; x_wconf 78' lang='lat' dir='ltr'><strong><em>Oporteat</em></strong></span> 
     </span>
    </p>
   </div>
   <div class='ocr_carea' id='block_1_11' title="bbox 170 1177 1765 1257">
    <p class='ocr_par' dir='ltr' id='par_1_11' title="bbox 170 1177 1765 1257">
     <span class='ocr_line' id='line_1_11' title="bbox 170 1177 1765 1257; baseline 0.017 -29"><span class='ocrx_word' id='word_1_80' title='bbox 170 1177 384 1242; x_wconf 81' lang='lat' dir='ltr'><strong><em>introire,</em></strong></span> <span class='ocrx_word' id='word_1_81' title='bbox 409 1189 462 1233; x_wconf 84' lang='lat' dir='ltr'><strong><em>et</em></strong></span> <span class='ocrx_word' id='word_1_82' title='bbox 486 1179 722 1252; x_wconf 76' lang='lat' dir='ltr'><strong><em>aliquos</em></strong></span> <span class='ocrx_word' id='word_1_83' title='bbox 758 1184 995 1241; x_wconf 89' lang='lat' dir='ltr'><strong><em>introire</em></strong></span> <span class='ocrx_word' id='word_1_84' title='bbox 1018 1200 1288 1257; x_wconf 71' lang='lat' dir='ltr'><strong><em>Oporteat,</em></strong></span> <span class='ocrx_word' id='word_1_85' title='bbox 1308 1194 1598 1253; x_wconf 81' lang='lat' dir='ltr'><strong><em>audiamus</em></strong></span> <span class='ocrx_word' id='word_1_86' title='bbox 1621 1201 1765 1255; x_wconf 89' lang='lat' dir='ltr'><strong><em>unde</em></strong></span> 
     </span>
    </p>
   </div>
   <div class='ocr_carea' id='block_1_12' title="bbox 168 1269 1764 1351">
    <p class='ocr_par' dir='ltr' id='par_1_12' title="bbox 168 1269 1764 1351">
     <span class='ocr_line' id='line_1_12' title="bbox 168 1269 1764 1351; baseline 0.016 -29"><span class='ocrx_word' id='word_1_87' title='bbox 168 1269 250 1323; x_wconf 83' lang='lat' dir='ltr'><strong><em>hoc</em></strong></span> <span class='ocrx_word' id='word_1_88' title='bbox 275 1272 480 1340; x_wconf 85' lang='lat' dir='ltr'><strong><em>probet.</em></strong></span> <span class='ocrx_word' id='word_1_89' title='bbox 509 1274 814 1340; x_wconf 82' lang='lat' dir='ltr'><strong><em>Quoniam</em></strong></span> <span class='ocrx_word' id='word_1_90' title='bbox 847 1286 969 1348; x_wconf 87' lang='lat' dir='ltr'><strong><em>post</em></strong></span> <span class='ocrx_word' id='word_1_91' title='bbox 997 1287 1098 1344; x_wconf 87' lang='lat' dir='ltr'><strong><em>tot,</em></strong></span> <span class='ocrx_word' id='word_1_92' title='bbox 1132 1281 1329 1351; x_wconf 91' lang='lat' dir='ltr'><strong><em>inquit,</em></strong></span> <span class='ocrx_word' id='word_1_93' title='bbox 1362 1300 1537 1344; x_wconf 86' lang='lat' dir='ltr'><strong><em>annos</em></strong></span> <span class='ocrx_word' id='word_1_94' title='bbox 1572 1306 1764 1347; x_wconf 89' lang='lat' dir='ltr'><strong><em>rursus</em></strong></span> 
     </span>
    </p>
   </div>
   <div class='ocr_carea' id='block_1_13' title="bbox 165 1361 1765 1444">
    <p class='ocr_par' dir='ltr' id='par_1_13' title="bbox 165 1361 1765 1444">
     <span class='ocr_line' id='line_1_13' title="bbox 165 1361 1765 1444; baseline 0.015 -30"><span class='ocrx_word' id='word_1_95' title='bbox 165 1361 274 1416; x_wconf 86' lang='lat' dir='ltr'><strong><em>dicit</em></strong></span> <span class='ocrx_word' id='word_1_96' title='bbox 292 1363 453 1418; x_wconf 82' lang='lat' dir='ltr'><strong><em>David</em></strong></span> <span class='ocrx_word' id='word_1_97' title='bbox 485 1384 499 1418; x_wconf 86' lang='lat'><strong>:</strong></span> <span class='ocrx_word' id='word_1_98' title='bbox 533 1370 725 1423; x_wconf 61' lang='lat' dir='ltr'><strong><em>{hdie</em></strong></span> <span class='ocrx_word' id='word_1_99' title='bbox 752 1373 808 1424; x_wconf 87' lang='lat' dir='ltr'><strong><em>si</em></strong></span> <span class='ocrx_word' id='word_1_100' title='bbox 833 1388 1004 1428; x_wconf 81' lang='lat' dir='ltr'><strong><em>vocem</em></strong></span> <span class='ocrx_word' id='word_1_101' title='bbox 1029 1373 1143 1441; x_wconf 80' lang='lat' dir='ltr'><strong><em>ejus</em></strong></span> <span class='ocrx_word' id='word_1_102' title='bbox 1171 1377 1468 1444; x_wconf 82' lang='lat' dir='ltr'><strong><em>audieritis,</em></strong></span> <span class='ocrx_word' id='word_1_103' title='bbox 1495 1383 1655 1436; x_wconf 87' lang='lat' dir='ltr'><strong><em>nolite</em></strong></span> <span class='ocrx_word' id='word_1_104' title='bbox 1675 1385 1765 1438; x_wconf 82' lang='lat' dir='ltr'><strong><em>ob-</em></strong></span> 
     </span>
    </p>
   </div>
   <div class='ocr_carea' id='block_1_14' title="bbox 161 1460 1762 1532">
    <p class='ocr_par' dir='ltr' id='par_1_14' title="bbox 161 1460 1762 1532">
     <span class='ocr_line' id='line_1_14' title="bbox 161 1460 1762 1532; baseline 0.015 -25"><span class='ocrx_word' id='word_1_105' title='bbox 161 1460 328 1512; x_wconf 79' lang='lat' dir='ltr'><strong><em>durare</em></strong></span> <span class='ocrx_word' id='word_1_106' title='bbox 347 1461 516 1512; x_wconf 83' lang='lat' dir='ltr'><strong><em>corda</em></strong></span> <span class='ocrx_word' id='word_1_107' title='bbox 541 1474 760 1527; x_wconf 77' lang='lat' dir='ltr'><strong><em>restra,</em></strong></span> <span class='ocrx_word' id='word_1_108' title='bbox 787 1465 921 1517; x_wconf 77' lang='lat' dir='ltr'><strong><em>sicut</em></strong></span> <span class='ocrx_word' id='word_1_109' title='bbox 945 1466 996 1517; x_wconf 91' lang='lat' dir='ltr'><strong><em>in</em></strong></span> <span class='ocrx_word' id='word_1_110' title='bbox 1019 1470 1416 1524; x_wconf 68' lang='lat' dir='ltr'><strong><em>exacerbatimte</em></strong></span> <span class='ocrx_word' id='word_1_111' title='bbox 1437 1473 1523 1527; x_wconf 86' lang='lat'><strong><em>:8.</em></strong></span> <span class='ocrx_word' id='word_1_112' title='bbox 1547 1475 1609 1529; x_wconf 90' lang='lat' dir='ltr'><strong><em>Si</em></strong></span> <span class='ocrx_word' id='word_1_113' title='bbox 1624 1479 1762 1532; x_wconf 87' lang='lat' dir='ltr'><strong><em>enim</em></strong></span> 
     </span>
    </p>
   </div>
   <div class='ocr_carea' id='block_1_15' title="bbox 161 1546 1767 1636">
    <p class='ocr_par' dir='ltr' id='par_1_15' title="bbox 161 1546 1767 1636">
     <span class='ocr_line' id='line_1_15' title="bbox 161 1546 1767 1636; baseline 0.015 -37"><span class='ocrx_word' id='word_1_114' title='bbox 161 1546 381 1602; x_wconf 82' lang='lat' dir='ltr'><strong><em>lesttseos</em></strong></span> <span class='ocrx_word' id='word_1_115' title='bbox 400 1551 944 1623; x_wconf 75' lang='lat' dir='ltr'><strong><em>fecissetquiescere,</em></strong></span> <span class='ocrx_word' id='word_1_116' title='bbox 960 1557 1138 1611; x_wconf 90' lang='lat' dir='ltr'><strong><em>nonde</em></strong></span> <span class='ocrx_word' id='word_1_117' title='bbox 1155 1560 1261 1613; x_wconf 84' lang='lat' dir='ltr'><strong><em>alio</em></strong></span> <span class='ocrx_word' id='word_1_118' title='bbox 1279 1561 1364 1615; x_wconf 89' lang='lat' dir='ltr'><strong><em>die</em></strong></span> <span class='ocrx_word' id='word_1_119' title='bbox 1379 1574 1564 1631; x_wconf 87' lang='lat' dir='ltr'><strong><em>postea</em></strong></span> <span class='ocrx_word' id='word_1_120' title='bbox 1587 1566 1767 1636; x_wconf 83' lang='lat' dir='ltr'><strong><em>loque-</em></strong></span> 
     </span>
    </p>
   </div>
   <div class='ocr_carea' id='block_1_16' title="bbox 158 1638 1754 1729">
    <p class='ocr_par' dir='ltr' id='par_1_16' title="bbox 158 1638 1754 1729">
     <span class='ocr_line' id='line_1_16' title="bbox 158 1638 1754 1729; baseline 0.011 -36"><span class='ocrx_word' id='word_1_121' title='bbox 158 1652 292 1694; x_wconf 78' lang='lat' dir='ltr'><strong><em>retur.</em></strong></span> <span class='ocrx_word' id='word_1_122' title='bbox 324 1638 629 1711; x_wconf 81' lang='lat' dir='ltr'><strong><em>Liquidum</em></strong></span> <span class='ocrx_word' id='word_1_123' title='bbox 675 1661 817 1716; x_wconf 74' lang='lat' dir='ltr'><strong><em>ergo</em></strong></span> <span class='ocrx_word' id='word_1_124' title='bbox 848 1657 932 1702; x_wconf 88' lang='lat' dir='ltr'><strong><em>est</em></strong></span> <span class='ocrx_word' id='word_1_125' title='bbox 970 1652 1113 1718; x_wconf 83' lang='lat' dir='ltr'><strong><em>quod</em></strong></span> <span class='ocrx_word' id='word_1_126' title='bbox 1151 1651 1264 1706; x_wconf 66' lang='lat' dir='ltr'><strong><em>btec</em></strong></span> <span class='ocrx_word' id='word_1_127' title='bbox 1296 1653 1443 1710; x_wconf 83' lang='lat' dir='ltr'><strong><em>dicat</em></strong></span> <span class='ocrx_word' id='word_1_128' title='bbox 1484 1665 1754 1729; x_wconf 79' lang='lat' dir='ltr'><strong><em>tamquam</em></strong></span> 
     </span>
    </p>
   </div>
   <div class='ocr_carea' id='block_1_17' title="bbox 158 1733 1762 1808">
    <p class='ocr_par' dir='ltr' id='par_1_17' title="bbox 158 1733 1762 1808">
     <span class='ocr_line' id='line_1_17' title="bbox 158 1733 1762 1808; baseline 0.014 -26"><span class='ocrx_word' id='word_1_129' title='bbox 158 1733 290 1786; x_wconf 87' lang='lat' dir='ltr'><strong><em>nobis</em></strong></span> <span class='ocrx_word' id='word_1_130' title='bbox 311 1740 721 1804; x_wconf 82' lang='lat' dir='ltr'><strong><em>asscquuturis</em></strong></span> <span class='ocrx_word' id='word_1_131' title='bbox 750 1740 991 1808; x_wconf 80' lang='lat' dir='ltr'><strong><em>aliquam</em></strong></span> <span class='ocrx_word' id='word_1_132' title='bbox 1021 1747 1539 1802; x_wconf 72' lang='lat' dir='ltr'><strong><em>remunerationem.</em></strong></span> <span class='ocrx_word' id='word_1_133' title='bbox 1561 1750 1614 1804; x_wconf 88' lang='lat'><strong><em>9.</em></strong></span> <span class='ocrx_word' id='word_1_134' title='bbox 1644 1749 1762 1804; x_wconf 83' lang='lat' dir='ltr'><strong><em>Ita-</em></strong></span> 
     </span>
    </p>
   </div>
   <div class='ocr_carea' id='block_1_18' title="bbox 155 1826 1761 1913">
    <p class='ocr_par' dir='ltr' id='par_1_18' title="bbox 155 1826 1761 1913">
     <span class='ocr_line' id='line_1_18' title="bbox 155 1826 1761 1913; baseline 0.016 -39"><span class='ocrx_word' id='word_1_135' title='bbox 155 1840 234 1891; x_wconf 79' lang='lat' dir='ltr'><strong><em>que</em></strong></span> <span class='ocrx_word' id='word_1_136' title='bbox 249 1826 572 1897; x_wconf 79' lang='lat' dir='ltr'><strong><em>relinquitur</em></strong></span> <span class='ocrx_word' id='word_1_137' title='bbox 589 1830 969 1886; x_wconf 87' lang='lat' dir='ltr'><strong><em>sabbatismus</em></strong></span> <span class='ocrx_word' id='word_1_138' title='bbox 987 1835 1180 1902; x_wconf 85' lang='lat' dir='ltr'><strong><em>populo</em></strong></span> <span class='ocrx_word' id='word_1_139' title='bbox 1203 1837 1315 1891; x_wconf 87' lang='lat' dir='ltr'><strong><em>Dei.</em></strong></span> <span class='ocrx_word' id='word_1_140' title='bbox 1333 1839 1514 1894; x_wconf 85' lang='lat' dir='ltr'><strong><em>Unde?</em></strong></span> <span class='ocrx_word' id='word_1_141' title='bbox 1535 1840 1607 1895; x_wconf 79' lang='lat' dir='ltr'><strong><em>Ex</em></strong></span> <span class='ocrx_word' id='word_1_142' title='bbox 1624 1858 1761 1913; x_wconf 70' lang='lat' dir='ltr'><strong><em>prte-</em></strong></span> 
     </span>
    </p>
   </div>
   <div class='ocr_carea' id='block_1_19' title="bbox 155 1917 1760 1991">
    <p class='ocr_par' dir='ltr' id='par_1_19' title="bbox 155 1917 1760 1991">
     <span class='ocr_line' id='line_1_19' title="bbox 155 1917 1760 1991; baseline 0.014 -25"><span class='ocrx_word' id='word_1_143' title='bbox 155 1925 308 1983; x_wconf 77' lang='lat' dir='ltr'><strong><em>cepto,</em></strong></span> <span class='ocrx_word' id='word_1_144' title='bbox 335 1917 524 1975; x_wconf 82' lang='lat' dir='ltr'><strong><em>Nolite</em></strong></span> <span class='ocrx_word' id='word_1_145' title='bbox 554 1922 844 1979; x_wconf 83' lang='lat' dir='ltr'><strong><em>obdurare</em></strong></span> <span class='ocrx_word' id='word_1_146' title='bbox 868 1926 1032 1979; x_wconf 80' lang='lat' dir='ltr'><strong><em>corda</em></strong></span> <span class='ocrx_word' id='word_1_147' title='bbox 1063 1929 1405 1984; x_wconf 80' lang='lat' dir='ltr'><strong><em>vestra.Nam</em></strong></span> <span class='ocrx_word' id='word_1_148' title='bbox 1430 1933 1474 1986; x_wconf 92' lang='lat' dir='ltr'><strong><em>si</em></strong></span> <span class='ocrx_word' id='word_1_149' title='bbox 1493 1948 1599 1987; x_wconf 92' lang='lat' dir='ltr'><strong><em>non</em></strong></span> <span class='ocrx_word' id='word_1_150' title='bbox 1614 1944 1760 1991; x_wconf 79' lang='lat' dir='ltr'><strong><em>esset</em></strong></span> 
     </span>
    </p>
   </div>
   <div class='ocr_carea' id='block_1_20' title="bbox 156 2007 1761 2094">
    <p class='ocr_par' dir='ltr' id='par_1_20' title="bbox 156 2007 1761 2094">
     <span class='ocr_line' id='line_1_20' title="bbox 156 2007 1761 2094; baseline 0.015 -34"><span class='ocrx_word' id='word_1_151' title='bbox 156 2007 535 2080; x_wconf 75' lang='lat' dir='ltr'><strong><em>sabbatismus,</em></strong></span> <span class='ocrx_word' id='word_1_152' title='bbox 555 2031 678 2070; x_wconf 92' lang='lat' dir='ltr'><strong><em>non</em></strong></span> <span class='ocrx_word' id='word_1_153' title='bbox 709 2018 790 2071; x_wconf 83' lang='lat' dir='ltr'><strong><em>eis</em></strong></span> <span class='ocrx_word' id='word_1_154' title='bbox 818 2019 1342 2088; x_wconf 65' lang='lat' dir='ltr'><strong><em>praecipereturmcc</em></strong></span> <span class='ocrx_word' id='word_1_155' title='bbox 1356 2023 1761 2094; x_wconf 71' lang='lat' dir='ltr'><strong><em>julwrenturne</em></strong></span> 
     </span>
    </p>
   </div>
   <div class='ocr_carea' id='block_1_21' title="bbox 164 2096 1767 2177">
    <p class='ocr_par' dir='ltr' id='par_1_21' title="bbox 164 2096 1767 2177">
     <span class='ocr_line' id='line_1_21' title="bbox 164 2096 1767 2177; baseline 0.02 -35"><span class='ocrx_word' id='word_1_156' title='bbox 164 2099 328 2146; x_wconf 81' lang='lat' dir='ltr'><strong><em>eadem</em></strong></span> <span class='ocrx_word' id='word_1_157' title='bbox 357 2096 634 2162; x_wconf 79' lang='lat' dir='ltr'><strong><em>iacerent,</em></strong></span> <span class='ocrx_word' id='word_1_158' title='bbox 653 2111 722 2155; x_wconf 87' lang='lat' dir='ltr'><strong><em>ut</em></strong></span> <span class='ocrx_word' id='word_1_159' title='bbox 742 2118 808 2157; x_wconf 91' lang='lat' dir='ltr'><strong><em>ne</em></strong></span> <span class='ocrx_word' id='word_1_160' title='bbox 830 2104 1017 2160; x_wconf 87' lang='lat' dir='ltr'><strong><em>eadem</em></strong></span> <span class='ocrx_word' id='word_1_161' title='bbox 1035 2118 1367 2177; x_wconf 83' lang='lat' dir='ltr'><strong><em>paterentur,</em></strong></span> <span class='ocrx_word' id='word_1_162' title='bbox 1389 2115 1557 2170; x_wconf 89' lang='lat' dir='ltr'><strong><em>sinon</em></strong></span> <span class='ocrx_word' id='word_1_163' title='bbox 1581 2121 1767 2174; x_wconf 84' lang='lat' dir='ltr'><strong><em>eadem</em></strong></span> 
     </span>
    </p>
   </div>
   <div class='ocr_carea' id='block_1_22' title="bbox 165 2189 1766 2277">
    <p class='ocr_par' dir='ltr' id='par_1_22' title="bbox 165 2189 1766 2277">
     <span class='ocr_line' id='line_1_22' title="bbox 165 2189 1766 2277; baseline 0.021 -43"><span class='ocrx_word' id='word_1_164' title='bbox 165 2192 324 2237; x_wconf 77' lang='lat' dir='ltr'><strong><em>essent</em></strong></span> <span class='ocrx_word' id='word_1_165' title='bbox 353 2189 594 2254; x_wconf 83' lang='lat' dir='ltr'><strong><em>passuri.</em></strong></span> <span class='ocrx_word' id='word_1_166' title='bbox 633 2190 930 2258; x_wconf 87' lang='lat' dir='ltr'><strong><em>Quomodo</em></strong></span> <span class='ocrx_word' id='word_1_167' title='bbox 959 2209 1138 2253; x_wconf 90' lang='lat' dir='ltr'><strong><em>autem</em></strong></span> <span class='ocrx_word' id='word_1_168' title='bbox 1169 2204 1357 2258; x_wconf 72' lang='lat' dir='ltr'><strong><em>eadem</em></strong></span> <span class='ocrx_word' id='word_1_169' title='bbox 1385 2219 1540 2262; x_wconf 85' lang='lat' dir='ltr'><strong><em>erant</em></strong></span> <span class='ocrx_word' id='word_1_170' title='bbox 1563 2214 1766 2277; x_wconf 76' lang='lat' dir='ltr'><strong><em>passuri</em></strong></span> 
     </span>
    </p>
   </div>
   <div class='ocr_carea' id='block_1_23' title="bbox 163 2275 1768 2371">
    <p class='ocr_par' dir='ltr' id='par_1_23' title="bbox 163 2275 1768 2371">
     <span class='ocr_line' id='line_1_23' title="bbox 163 2275 1768 2371; baseline 0.021 -45"><span class='ocrx_word' id='word_1_171' title='bbox 163 2275 238 2343; x_wconf 88' lang='lat' dir='ltr'><strong><em>qui</em></strong></span> <span class='ocrx_word' id='word_1_172' title='bbox 269 2278 525 2336; x_wconf 84' lang='lat' dir='ltr'><strong><em>tenebant</em></strong></span> <span class='ocrx_word' id='word_1_173' title='bbox 556 2282 942 2351; x_wconf 64' lang='lat' dir='ltr'><strong><em>Palaestinam,</em></strong></span> <span class='ocrx_word' id='word_1_174' title='bbox 983 2290 1028 2344; x_wconf 87' lang='lat' dir='ltr'><strong><em>si</em></strong></span> <span class='ocrx_word' id='word_1_175' title='bbox 1072 2306 1174 2345; x_wconf 88' lang='lat' dir='ltr'><strong><em>non</em></strong></span> <span class='ocrx_word' id='word_1_176' title='bbox 1203 2307 1345 2350; x_wconf 87' lang='lat' dir='ltr'><strong><em>esset</em></strong></span> <span class='ocrx_word' id='word_1_177' title='bbox 1372 2298 1474 2352; x_wconf 86' lang='lat' dir='ltr'><strong><em>alia</em></strong></span> <span class='ocrx_word' id='word_1_178' title='bbox 1503 2303 1717 2371; x_wconf 82' lang='lat' dir='ltr'><strong><em>requies</em></strong></span> <span class='ocrx_word' id='word_1_179' title='bbox 1744 2306 1768 2359; x_wconf 69' lang='grc' dir='ltr'><em>ἲ</em></span> 
     </span>
    </p>
   </div>
   <div class='ocr_carea' id='block_1_24' title="bbox 221 2365 1768 2451">
    <p class='ocr_par' dir='ltr' id='par_1_24' title="bbox 221 2365 1768 2451">
     <span class='ocr_line' id='line_1_24' title="bbox 221 2365 1768 2451; baseline 0.02 -33"><span class='ocrx_word' id='word_1_180' title='bbox 221 2365 268 2419; x_wconf 79' lang='lat'><strong><em>3.</em></strong></span> <span class='ocrx_word' id='word_1_181' title='bbox 301 2367 536 2427; x_wconf 82' lang='lat' dir='ltr'><strong><em>Pulchre</em></strong></span> <span class='ocrx_word' id='word_1_182' title='bbox 571 2385 770 2432; x_wconf 86' lang='lat' dir='ltr'><strong><em>autem</em></strong></span> <span class='ocrx_word' id='word_1_183' title='bbox 803 2381 1069 2435; x_wconf 82' lang='lat' dir='ltr'><strong><em>conclusit</em></strong></span> <span class='ocrx_word' id='word_1_184' title='bbox 1117 2388 1438 2444; x_wconf 86' lang='lat' dir='ltr'><strong><em>orationem.</em></strong></span> <span class='ocrx_word' id='word_1_185' title='bbox 1490 2392 1604 2446; x_wconf 84' lang='lat' dir='ltr'><strong><em>l\&#39;on</em></strong></span> <span class='ocrx_word' id='word_1_186' title='bbox 1632 2393 1768 2451; x_wconf 79' lang='lat' dir='ltr'><strong><em>dixit</em></strong></span> 
     </span>
    </p>
   </div>
   <div class='ocr_carea' id='block_1_25' title="bbox 164 2457 1762 2554">
    <p class='ocr_par' dir='ltr' id='par_1_25' title="bbox 164 2457 1762 2554">
     <span class='ocr_line' id='line_1_25' title="bbox 164 2457 1762 2554; baseline 0.019 -44"><span class='ocrx_word' id='word_1_187' title='bbox 164 2457 308 2518; x_wconf 78' lang='lat' dir='ltr'><strong><em>enim.</em></strong></span> <span class='ocrx_word' id='word_1_188' title='bbox 341 2460 622 2532; x_wconf 73' lang='lat' dir='ltr'><strong><em>Requies,</em></strong></span> <span class='ocrx_word' id='word_1_189' title='bbox 665 2470 796 2522; x_wconf 61' lang='grc' dir='ltr'><strong><em>εει-ιι.</em></strong></span> <span class='ocrx_word' id='word_1_190' title='bbox 833 2471 1202 2538; x_wconf 71' lang='lat' dir='ltr'><strong><em>Snibatismus.</em></strong></span> <span class='ocrx_word' id='word_1_191' title='bbox 1239 2494 1432 2535; x_wconf 91' lang='lat' dir='ltr'><strong><em>nomen</em></strong></span> <span class='ocrx_word' id='word_1_192' title='bbox 1469 2488 1762 2554; x_wconf 82' lang='lat' dir='ltr'><strong><em>preprium,</em></strong></span> 
     </span>
    </p>
   </div>
   <div class='ocr_carea' id='block_1_26' title="bbox 165 2561 1772 2638">
    <p class='ocr_par' dir='ltr' id='par_1_26' title="bbox 165 2561 1772 2638">
     <span class='ocr_line' id='line_1_26' title="bbox 165 2561 1772 2638; baseline 0.013 -30"><span class='ocrx_word' id='word_1_193' title='bbox 165 2567 208 2609; x_wconf 84' lang='lat' dir='ltr'><strong><em>et</em></strong></span> <span class='ocrx_word' id='word_1_194' title='bbox 230 2573 330 2627; x_wconf 89' lang='lat' dir='ltr'><strong><em>quo</em></strong></span> <span class='ocrx_word' id='word_1_195' title='bbox 367 2561 712 2620; x_wconf 70' lang='lat' dir='ltr'><strong><em>laztabautur</em></strong></span> <span class='ocrx_word' id='word_1_196' title='bbox 735 2608 749 2630; x_wconf 90' lang='lat'><strong><em>,</em></strong></span> <span class='ocrx_word' id='word_1_197' title='bbox 783 2579 838 2620; x_wconf 86' lang='lat' dir='ltr'><strong><em>et</em></strong></span> <span class='ocrx_word' id='word_1_198' title='bbox 873 2567 938 2618; x_wconf 79' lang='lat' dir='ltr'><strong><em>ad</em></strong></span> <span class='ocrx_word' id='word_1_199' title='bbox 983 2569 1124 2637; x_wconf 90' lang='lat' dir='ltr'><strong><em>quod</em></strong></span> <span class='ocrx_word' id='word_1_200' title='bbox 1173 2571 1498 2638; x_wconf 87' lang='lat' dir='ltr'><strong><em>currebant,</em></strong></span> <span class='ocrx_word' id='word_1_201' title='bbox 1533 2575 1772 2629; x_wconf 76' lang='lat' dir='ltr'><strong><em>sabbati-</em></strong></span> 
     </span>
    </p>
   </div>
   <div class='ocr_carea' id='block_1_27' title="bbox 170 2657 1776 2720">
    <p class='ocr_par' dir='ltr' id='par_1_27' title="bbox 170 2657 1776 2720">
     <span class='ocr_line' id='line_1_27' title="bbox 170 2657 1776 2720; baseline 0.015 -24"><span class='ocrx_word' id='word_1_202' title='bbox 170 2661 323 2700; x_wconf 87' lang='lat' dir='ltr'><strong><em>suuun</em></strong></span> <span class='ocrx_word' id='word_1_203' title='bbox 353 2667 586 2720; x_wconf 77' lang='lat' dir='ltr'><strong><em>regnum</em></strong></span> <span class='ocrx_word' id='word_1_204' title='bbox 613 2671 839 2711; x_wconf 85' lang='lat' dir='ltr'><strong><em>vocans.</em></strong></span> <span class='ocrx_word' id='word_1_205' title='bbox 860 2657 1007 2713; x_wconf 89' lang='lat' dir='ltr'><strong><em>Sicut</em></strong></span> <span class='ocrx_word' id='word_1_206' title='bbox 1030 2661 1173 2714; x_wconf 87' lang='lat' dir='ltr'><strong><em>cnim</em></strong></span> <span class='ocrx_word' id='word_1_207' title='bbox 1198 2662 1248 2715; x_wconf 93' lang='lat' dir='ltr'><strong><em>in</em></strong></span> <span class='ocrx_word' id='word_1_208' title='bbox 1266 2663 1492 2718; x_wconf 84' lang='lat' dir='ltr'><strong><em>sabbato</em></strong></span> <span class='ocrx_word' id='word_1_209' title='bbox 1511 2665 1578 2720; x_wconf 88' lang='lat' dir='ltr'><strong><em>ab</em></strong></span> <span class='ocrx_word' id='word_1_210' title='bbox 1601 2667 1776 2720; x_wconf 85' lang='lat' dir='ltr'><strong><em>omni-</em></strong></span> 
     </span>
    </p>
   </div>
   <div class='ocr_carea' id='block_1_28' title="bbox 167 2737 1769 2817">
    <p class='ocr_par' dir='ltr' id='par_1_28' title="bbox 167 2737 1769 2817">
     <span class='ocr_line' id='line_1_28' title="bbox 167 2737 1769 2817; baseline 0.016 -31"><span class='ocrx_word' id='word_1_211' title='bbox 167 2737 249 2789; x_wconf 77' lang='lat' dir='ltr'><strong><em>ints</em></strong></span> <span class='ocrx_word' id='word_1_212' title='bbox 294 2743 508 2808; x_wconf 76' lang='lat' dir='ltr'><strong><em>quidem</em></strong></span> <span class='ocrx_word' id='word_1_213' title='bbox 561 2749 731 2801; x_wconf 85' lang='lat' dir='ltr'><strong><em>malis</em></strong></span> <span class='ocrx_word' id='word_1_214' title='bbox 768 2749 922 2817; x_wconf 75' lang='lat' dir='ltr'><strong><em>juhet</em></strong></span> <span class='ocrx_word' id='word_1_215' title='bbox 963 2751 1257 2817; x_wconf 84' lang='lat' dir='ltr'><strong><em>abstinere,</em></strong></span> <span class='ocrx_word' id='word_1_216' title='bbox 1295 2753 1383 2809; x_wconf 87' lang='lat' dir='ltr'><strong><em>illa</em></strong></span> <span class='ocrx_word' id='word_1_217' title='bbox 1431 2765 1612 2810; x_wconf 90' lang='lat' dir='ltr'><strong><em>autem</em></strong></span> <span class='ocrx_word' id='word_1_218' title='bbox 1657 2759 1769 2813; x_wconf 86' lang='lat' dir='ltr'><strong><em>sola</em></strong></span> 
     </span>
    </p>
   </div>
   <div class='ocr_carea' id='block_1_29' title="bbox 169 2824 1766 2913">
    <p class='ocr_par' dir='ltr' id='par_1_29' title="bbox 169 2824 1766 2913">
     <span class='ocr_line' id='line_1_29' title="bbox 169 2824 1766 2913; baseline 0.016 -41"><span class='ocrx_word' id='word_1_219' title='bbox 169 2824 263 2875; x_wconf 77' lang='lat' dir='ltr'><strong><em>licri</em></strong></span> <span class='ocrx_word' id='word_1_220' title='bbox 293 2840 405 2894; x_wconf 64' lang='lat' dir='ltr'><strong><em>quo</em></strong></span> <span class='ocrx_word' id='word_1_221' title='bbox 442 2833 733 2897; x_wconf 81' lang='lat' dir='ltr'><strong><em>pertinent</em></strong></span> <span class='ocrx_word' id='word_1_222' title='bbox 769 2835 833 2886; x_wconf 84' lang='lat' dir='ltr'><strong><em>ad</em></strong></span> <span class='ocrx_word' id='word_1_223' title='bbox 868 2834 1072 2890; x_wconf 89' lang='lat' dir='ltr'><strong><em>cultum</em></strong></span> <span class='ocrx_word' id='word_1_224' title='bbox 1119 2837 1209 2890; x_wconf 71' lang='lat' dir='ltr'><strong><em>ltci</em></strong></span> <span class='ocrx_word' id='word_1_225' title='bbox 1233 2881 1246 2901; x_wconf 94' lang='lat'><strong><em>,</em></strong></span> <span class='ocrx_word' id='word_1_226' title='bbox 1281 2855 1398 2908; x_wconf 66' lang='lat' dir='ltr'><strong><em>qua:</em></strong></span> <span class='ocrx_word' id='word_1_227' title='bbox 1425 2841 1640 2908; x_wconf 88' lang='lat' dir='ltr'><strong><em>quidem</em></strong></span> <span class='ocrx_word' id='word_1_228' title='bbox 1669 2858 1766 2913; x_wconf 86' lang='lat' dir='ltr'><strong><em>pe-</em></strong></span> 
     </span>
    </p>
   </div>
   <div class='ocr_carea' id='block_1_30' title="bbox 167 2916 1764 3001">
    <p class='ocr_par' dir='ltr' id='par_1_30' title="bbox 167 2916 1764 3001">
     <span class='ocr_line' id='line_1_30' title="bbox 167 2916 1764 3001; baseline 0.013 -34"><span class='ocrx_word' id='word_1_229' title='bbox 167 2916 398 2982; x_wconf 58' lang='lat' dir='ltr'><strong><em>ragebant</em></strong></span> <span class='ocrx_word' id='word_1_230' title='bbox 427 2923 762 2978; x_wconf 79' lang='lat' dir='ltr'><strong><em>sacerdotes</em></strong></span> <span class='ocrx_word' id='word_1_231' title='bbox 785 2967 798 2987; x_wconf 93' lang='lat'><strong><em>,</em></strong></span> <span class='ocrx_word' id='word_1_232' title='bbox 828 2935 882 2979; x_wconf 87' lang='lat' dir='ltr'><strong><em>et</em></strong></span> <span class='ocrx_word' id='word_1_233' title='bbox 913 2943 1266 2998; x_wconf 68' lang='lat' dir='ltr'><strong><em>qumrumque</em></strong></span> <span class='ocrx_word' id='word_1_234' title='bbox 1293 2931 1480 2998; x_wconf 83' lang='lat' dir='ltr'><strong><em>juvant</em></strong></span> <span class='ocrx_word' id='word_1_235' title='bbox 1506 2934 1764 3001; x_wconf 87' lang='lat' dir='ltr'><strong><em>animam,</em></strong></span> 
     </span>
    </p>
   </div>
   <div class='ocr_carea' id='block_1_31' title="bbox 169 3007 1765 3090">
    <p class='ocr_par' dir='ltr' id='par_1_31' title="bbox 169 3007 1765 3090">
     <span class='ocr_line' id='line_1_31' title="bbox 169 3007 1765 3090; baseline 0.016 -39"><span class='ocrx_word' id='word_1_236' title='bbox 169 3013 212 3054; x_wconf 80' lang='lat' dir='ltr'><strong><em>rt</em></strong></span> <span class='ocrx_word' id='word_1_237' title='bbox 237 3007 360 3060; x_wconf 86' lang='lat' dir='ltr'><strong><em>nihil</em></strong></span> <span class='ocrx_word' id='word_1_238' title='bbox 405 3010 561 3065; x_wconf 85' lang='lat' dir='ltr'><strong><em>aliud</em></strong></span> <span class='ocrx_word' id='word_1_239' title='bbox 613 3032 624 3066; x_wconf 94' lang='lat'><strong>:</strong></span> <span class='ocrx_word' id='word_1_240' title='bbox 670 3014 738 3067; x_wconf 84' lang='lat' dir='ltr'><strong><em>ita</em></strong></span> <span class='ocrx_word' id='word_1_241' title='bbox 772 3027 900 3070; x_wconf 85' lang='lat' dir='ltr'><strong><em>tunc</em></strong></span> <span class='ocrx_word' id='word_1_242' title='bbox 926 3032 1158 3087; x_wconf 82' lang='lat' dir='ltr'><strong><em>quoque.</em></strong></span> <span class='ocrx_word' id='word_1_243' title='bbox 1211 3019 1318 3074; x_wconf 74' lang='lat' dir='ltr'><strong><em>Sed</em></strong></span> <span class='ocrx_word' id='word_1_244' title='bbox 1351 3036 1455 3075; x_wconf 88' lang='lat' dir='ltr'><strong><em>non</em></strong></span> <span class='ocrx_word' id='word_1_245' title='bbox 1485 3023 1563 3076; x_wconf 88' lang='lat' dir='ltr'><strong><em>sic</em></strong></span> <span class='ocrx_word' id='word_1_246' title='bbox 1589 3023 1765 3090; x_wconf 76' lang='lat' dir='ltr'><strong><em>dixit,</em></strong></span> 
     </span>
    </p>
   </div>
   <div class='ocr_carea' id='block_1_32' title="bbox 170 3096 1768 3182">
    <p class='ocr_par' dir='ltr' id='par_1_32' title="bbox 170 3096 1768 3182">
     <span class='ocr_line' id='line_1_32' title="bbox 170 3096 1768 3182; baseline 0.014 -37"><span class='ocrx_word' id='word_1_247' title='bbox 170 3096 247 3147; x_wconf 64' lang='lat' dir='ltr'><strong><em>sed</em></strong></span> <span class='ocrx_word' id='word_1_248' title='bbox 292 3101 462 3166; x_wconf 75' lang='lat' dir='ltr'><strong><em>quid?</em></strong></span> <span class='ocrx_word' id='word_1_249' title='bbox 509 3105 614 3161; x_wconf 67' lang='lat'><strong><em>10.</em></strong></span> <span class='ocrx_word' id='word_1_250' title='bbox 667 3106 766 3171; x_wconf 81' lang='lat' dir='ltr'><strong><em>Qui</em></strong></span> <span class='ocrx_word' id='word_1_251' title='bbox 815 3108 952 3160; x_wconf 89' lang='lat' dir='ltr'><strong><em>enim</em></strong></span> <span class='ocrx_word' id='word_1_252' title='bbox 1006 3110 1262 3180; x_wconf 81' lang='lat' dir='ltr'><strong><em>ingressus</em></strong></span> <span class='ocrx_word' id='word_1_253' title='bbox 1316 3122 1390 3166; x_wconf 82' lang='lat' dir='ltr'><strong><em>est</em></strong></span> <span class='ocrx_word' id='word_1_254' title='bbox 1438 3114 1490 3167; x_wconf 90' lang='lat' dir='ltr'><strong><em>in</em></strong></span> <span class='ocrx_word' id='word_1_255' title='bbox 1544 3117 1768 3182; x_wconf 79' lang='lat' dir='ltr'><strong><em>requiem</em></strong></span> 
     </span>
    </p>
   </div>
   <div class='ocr_carea' id='block_1_33' title="bbox 171 3192 1768 3272">
    <p class='ocr_par' dir='ltr' id='par_1_33' title="bbox 171 3192 1768 3272">
     <span class='ocr_line' id='line_1_33' title="bbox 171 3192 1768 3272; baseline 0.014 -34"><span class='ocrx_word' id='word_1_256' title='bbox 171 3192 280 3257; x_wconf 66' lang='lat' dir='ltr'><strong><em>ejus,</em></strong></span> <span class='ocrx_word' id='word_1_257' title='bbox 306 3195 454 3248; x_wconf 86' lang='lat' dir='ltr'><strong><em>etiam</em></strong></span> <span class='ocrx_word' id='word_1_258' title='bbox 482 3198 606 3267; x_wconf 84' lang='lat' dir='ltr'><strong><em>ipse</em></strong></span> <span class='ocrx_word' id='word_1_259' title='bbox 638 3203 875 3268; x_wconf 80' lang='lat' dir='ltr'><strong><em>requievit</em></strong></span> <span class='ocrx_word' id='word_1_260' title='bbox 903 3203 964 3254; x_wconf 84' lang='lat' dir='ltr'><strong><em>ob</em></strong></span> <span class='ocrx_word' id='word_1_261' title='bbox 996 3205 1227 3272; x_wconf 86' lang='lat' dir='ltr'><strong><em>operibus</em></strong></span> <span class='ocrx_word' id='word_1_262' title='bbox 1253 3206 1379 3270; x_wconf 85' lang='lat' dir='ltr'><strong><em>suis,</em></strong></span> <span class='ocrx_word' id='word_1_263' title='bbox 1411 3204 1540 3259; x_wconf 87' lang='lat' dir='ltr'><strong><em>sicut</em></strong></span> <span class='ocrx_word' id='word_1_264' title='bbox 1571 3205 1708 3260; x_wconf 87' lang='lat' dir='ltr'><strong><em>Dens</em></strong></span> <span class='ocrx_word' id='word_1_265' title='bbox 1736 3225 1768 3260; x_wconf 83' lang='grc' dir='ltr'><em>α</em></span> 
     </span>
    </p>
   </div>
   <div class='ocr_carea' id='block_1_34' title="bbox 174 3285 1768 3368">
    <p class='ocr_par' dir='ltr' id='par_1_34' title="bbox 174 3285 1768 3368">
     <span class='ocr_line' id='line_1_34' title="bbox 174 3285 1768 3368; baseline 0.014 -37"><span class='ocrx_word' id='word_1_266' title='bbox 174 3285 390 3349; x_wconf 76' lang='lat' dir='ltr'><strong><em>propriis.</em></strong></span> <span class='ocrx_word' id='word_1_267' title='bbox 421 3287 587 3344; x_wconf 86' lang='lat' dir='ltr'><strong><em>Sicut</em></strong></span> <span class='ocrx_word' id='word_1_268' title='bbox 642 3292 780 3346; x_wconf 90' lang='lat' dir='ltr'><strong><em>Deus</em></strong></span> <span class='ocrx_word' id='word_1_269' title='bbox 830 3295 1085 3362; x_wconf 75' lang='lat' dir='ltr'><strong><em>requievit</em></strong></span> <span class='ocrx_word' id='word_1_270' title='bbox 1112 3339 1125 3360; x_wconf 95' lang='lat'><strong><em>,</em></strong></span> <span class='ocrx_word' id='word_1_271' title='bbox 1161 3298 1330 3366; x_wconf 80' lang='lat' dir='ltr'><strong><em>inquit</em></strong></span> <span class='ocrx_word' id='word_1_272' title='bbox 1355 3339 1369 3362; x_wconf 92' lang='lat'><strong><em>,</em></strong></span> <span class='ocrx_word' id='word_1_273' title='bbox 1397 3298 1463 3352; x_wconf 89' lang='lat' dir='ltr'><strong><em>ab</em></strong></span> <span class='ocrx_word' id='word_1_274' title='bbox 1511 3299 1768 3368; x_wconf 76' lang='lat' dir='ltr'><strong><em>operibus</em></strong></span> 
     </span>
    </p>
   </div>
   <div class='ocr_carea' id='block_1_35' title="bbox 173 3373 1768 3461">
    <p class='ocr_par' dir='ltr' id='par_1_35' title="bbox 173 3373 1768 3461">
     <span class='ocr_line' id='line_1_35' title="bbox 173 3373 1768 3461; baseline 0.037 -41"><span class='ocrx_word' id='word_1_275' title='bbox 173 3373 284 3436; x_wconf 83' lang='lat' dir='ltr'><strong><em>suis,</em></strong></span> <span class='ocrx_word' id='word_1_276' title='bbox 314 3376 382 3431; x_wconf 88' lang='lat' dir='ltr'><strong><em>ita</em></strong></span> <span class='ocrx_word' id='word_1_277' title='bbox 407 3383 500 3450; x_wconf 88' lang='lat' dir='ltr'><strong><em>qui</em></strong></span> <span class='ocrx_word' id='word_1_278' title='bbox 535 3393 628 3437; x_wconf 86' lang='lat' dir='ltr'><strong><em>cst</em></strong></span> <span class='ocrx_word' id='word_1_279' title='bbox 654 3383 930 3452; x_wconf 68' lang='lat' dir='ltr'><strong><em>ingressus</em></strong></span> <span class='ocrx_word' id='word_1_280' title='bbox 957 3387 1010 3439; x_wconf 90' lang='lat' dir='ltr'><strong><em>in</em></strong></span> <span class='ocrx_word' id='word_1_281' title='bbox 1043 3389 1279 3455; x_wconf 67' lang='grc' dir='ltr'><strong><em>τοιμιίιειῖι</em></strong></span> <span class='ocrx_word' id='word_1_282' title='bbox 1303 3391 1437 3458; x_wconf 47' lang='lat' dir='ltr'><strong><em>“il”</em></strong></span> <span class='ocrx_word' id='word_1_283' title='bbox 1472 3389 1605 3445; x_wconf 51' lang='lat' dir='ltr'><strong><em>Nam</em></strong></span> <span class='ocrx_word' id='word_1_284' title='bbox 1633 3408 1768 3461; x_wconf 58' lang='lat' dir='ltr'><strong><em>quu‘</em></strong></span> 
     </span>
    </p>
   </div>
   <div class='ocr_carea' id='block_1_36' title="bbox 178 3465 1767 3554">
    <p class='ocr_par' dir='ltr' id='par_1_36' title="bbox 178 3465 1767 3554">
     <span class='ocr_line' id='line_1_36' title="bbox 178 3465 1767 3554; baseline 0.018 -42"><span class='ocrx_word' id='word_1_285' title='bbox 178 3465 299 3520; x_wconf 81' lang='lat' dir='ltr'><strong><em>uiam</em></strong></span> <span class='ocrx_word' id='word_1_286' title='bbox 342 3473 420 3527; x_wconf 88' lang='lat' dir='ltr'><strong><em>eis</em></strong></span> <span class='ocrx_word' id='word_1_287' title='bbox 464 3475 799 3545; x_wconf 80' lang='lat' dir='ltr'><strong><em>loquebatur</em></strong></span> <span class='ocrx_word' id='word_1_288' title='bbox 849 3478 917 3530; x_wconf 90' lang='lat' dir='ltr'><strong><em>de</em></strong></span> <span class='ocrx_word' id='word_1_289' title='bbox 959 3482 1185 3549; x_wconf 85' lang='lat' dir='ltr'><strong><em>requie,</em></strong></span> <span class='ocrx_word' id='word_1_290' title='bbox 1231 3492 1285 3536; x_wconf 84' lang='lat' dir='ltr'><strong><em>et</em></strong></span> <span class='ocrx_word' id='word_1_291' title='bbox 1329 3482 1431 3538; x_wconf 89' lang='lat' dir='ltr'><strong><em>hoc</em></strong></span> <span class='ocrx_word' id='word_1_292' title='bbox 1480 3485 1767 3554; x_wconf 84' lang='lat' dir='ltr'><strong><em>cupiebant</em></strong></span> 
     </span>
    </p>
   </div>
   <div class='ocr_carea' id='block_1_37' title="bbox 176 3556 1761 3638">
    <p class='ocr_par' dir='ltr' id='par_1_37' title="bbox 176 3556 1761 3638">
     <span class='ocr_line' id='line_1_37' title="bbox 176 3556 1761 3638; baseline 0.014 -26"><span class='ocrx_word' id='word_1_293' title='bbox 176 3556 338 3614; x_wconf 69' lang='lat' dir='ltr'><strong><em>audire</em></strong></span> <span class='ocrx_word' id='word_1_294' title='bbox 377 3565 608 3633; x_wconf 88' lang='lat' dir='ltr'><strong><em>quando</em></strong></span> <span class='ocrx_word' id='word_1_295' title='bbox 636 3578 782 3622; x_wconf 90' lang='lat' dir='ltr'><strong><em>esset</em></strong></span> <span class='ocrx_word' id='word_1_296' title='bbox 815 3572 1075 3638; x_wconf 83' lang='lat' dir='ltr'><strong><em>futurum,</em></strong></span> <span class='ocrx_word' id='word_1_297' title='bbox 1112 3573 1162 3627; x_wconf 90' lang='lat' dir='ltr'><strong><em>iu</em></strong></span> <span class='ocrx_word' id='word_1_298' title='bbox 1209 3575 1308 3630; x_wconf 87' lang='lat' dir='ltr'><strong><em>hoc</em></strong></span> <span class='ocrx_word' id='word_1_299' title='bbox 1347 3578 1610 3632; x_wconf 86' lang='lat' dir='ltr'><strong><em>conclusit</em></strong></span> <span class='ocrx_word' id='word_1_300' title='bbox 1639 3596 1761 3634; x_wconf 82' lang='lat' dir='ltr'><strong><em>ora-</em></strong></span> 
     </span>
    </p>
   </div>
   <div class='ocr_carea' id='block_1_38' title="bbox 180 3655 374 3708">
    <p class='ocr_par' dir='ltr' id='par_1_38' title="bbox 180 3655 374 3708">
     <span class='ocr_line' id='line_1_38' title="bbox 180 3655 374 3708; baseline 0.067 -13"><span class='ocrx_word' id='word_1_301' title='bbox 180 3655 374 3708; x_wconf 75' lang='lat' dir='ltr'><strong><em>tionem.</em></strong></span> 
     </span>
    </p>
   </div>
   <div class='ocr_carea' id='block_1_39' title="bbox 242 3740 1762 3826">
    <p class='ocr_par' dir='ltr' id='par_1_39' title="bbox 242 3740 1762 3826">
     <span class='ocr_line' id='line_1_39' title="bbox 242 3740 1762 3826; baseline 0.016 -32"><span class='ocrx_word' id='word_1_302' title='bbox 242 3740 360 3810; x_wconf 85' lang='lat' dir='ltr'><strong><em>Spes</em></strong></span> <span class='ocrx_word' id='word_1_303' title='bbox 403 3765 612 3820; x_wconf 81' lang='lat' dir='ltr'><strong><em>semper</em></strong></span> <span class='ocrx_word' id='word_1_304' title='bbox 659 3753 947 3822; x_wconf 80' lang='lat' dir='ltr'><strong><em>servanda,</em></strong></span> <span class='ocrx_word' id='word_1_305' title='bbox 991 3759 1238 3826; x_wconf 85' lang='lat' dir='ltr'><strong><em>quamdiu</em></strong></span> <span class='ocrx_word' id='word_1_306' title='bbox 1281 3762 1762 3821; x_wconf 81' lang='lat' dir='ltr'><strong><em>uivimus.—lllud</em></strong></span> 
     </span>
    </p>
   </div>
   <div class='ocr_carea' id='block_1_40' title="bbox 181 3841 1759 3928">
    <p class='ocr_par' dir='ltr' id='par_1_40' title="bbox 181 3841 1759 3928">
     <span class='ocr_line' id='line_1_40' title="bbox 181 3841 1759 3928; baseline 0.015 -38"><span class='ocrx_word' id='word_1_307' title='bbox 181 3846 354 3923; x_wconf 44' lang='lat' dir='ltr'><strong><em>suum,</em></strong></span> <span class='ocrx_word' id='word_1_308' title='bbox 389 3841 567 3899; x_wconf 81' lang='lat' dir='ltr'><strong><em>Hodie</em></strong></span> <span class='ocrx_word' id='word_1_309' title='bbox 589 3888 602 3910; x_wconf 92' lang='lat'><strong><em>,</em></strong></span> <span class='ocrx_word' id='word_1_310' title='bbox 635 3846 835 3903; x_wconf 89' lang='lat' dir='ltr'><strong><em>dicitur</em></strong></span> <span class='ocrx_word' id='word_1_311' title='bbox 860 3890 874 3913; x_wconf 97' lang='lat'><strong><em>,</em></strong></span> <span class='ocrx_word' id='word_1_312' title='bbox 900 3865 971 3904; x_wconf 89' lang='lat' dir='ltr'><strong><em>ne</em></strong></span> <span class='ocrx_word' id='word_1_313' title='bbox 1001 3851 1312 3922; x_wconf 84' lang='lat' dir='ltr'><strong><em>desperent.</em></strong></span> <span class='ocrx_word' id='word_1_314' title='bbox 1344 3857 1718 3913; x_wconf 73' lang='lat' dir='ltr'><strong><em>Adhortatuiui</em></strong></span> <span class='ocrx_word' id='word_1_315' title='bbox 1744 3903 1759 3928; x_wconf 93' lang='lat'><strong><em>,</em></strong></span> 
     </span>
    </p>
   </div>
   <div class='ocr_carea' id='block_1_41' title="bbox 181 3915 1758 4012">
    <p class='ocr_par' dir='ltr' id='par_1_41' title="bbox 181 3915 1758 4012">
     <span class='ocr_line' id='line_1_41' title="bbox 181 3915 1758 4012; baseline 0.023 -47"><span class='ocrx_word' id='word_1_316' title='bbox 181 3915 360 3987; x_wconf 86' lang='lat' dir='ltr'><strong><em>inquit,</em></strong></span> <span class='ocrx_word' id='word_1_317' title='bbox 389 3943 494 3984; x_wconf 81' lang='lat' dir='ltr'><strong><em>vos</em></strong></span> <span class='ocrx_word' id='word_1_318' title='bbox 539 3932 803 4000; x_wconf 86' lang='lat' dir='ltr'><strong><em>quotidie.</em></strong></span> <span class='ocrx_word' id='word_1_319' title='bbox 841 3933 1016 3990; x_wconf 91' lang='lat' dir='ltr'><strong><em>donec</em></strong></span> <span class='ocrx_word' id='word_1_320' title='bbox 1056 3915 1216 3994; x_wconf 80' lang='lat' dir='ltr'><strong><em>hodie</em></strong></span> <span class='ocrx_word' id='word_1_321' title='bbox 1256 3940 1470 3998; x_wconf 87' lang='lat' dir='ltr'><strong><em>dicitur.</em></strong></span> <span class='ocrx_word' id='word_1_322' title='bbox 1501 3943 1613 3999; x_wconf 84' lang='lat' dir='ltr'><strong><em>Hoc</em></strong></span> <span class='ocrx_word' id='word_1_323' title='bbox 1642 3915 1758 4012; x_wconf 61' lang='lat' dir='ltr'><strong><em>est:</em></strong></span> 
     </span>
    </p>
   </div>
   <div class='ocr_carea' id='block_1_42' title="bbox 181 4016 1762 4104">
    <p class='ocr_par' dir='ltr' id='par_1_42' title="bbox 181 4016 1762 4104">
     <span class='ocr_line' id='line_1_42' title="bbox 181 4016 1762 4104; baseline 0.017 -36"><span class='ocrx_word' id='word_1_324' title='bbox 181 4016 362 4073; x_wconf 67' lang='lat' dir='ltr'><strong><em>etiamsi</em></strong></span> <span class='ocrx_word' id='word_1_325' title='bbox 385 4022 518 4092; x_wconf 84' lang='lat' dir='ltr'><strong><em>quis</em></strong></span> <span class='ocrx_word' id='word_1_326' title='bbox 544 4027 872 4094; x_wconf 82' lang='lat' dir='ltr'><strong><em>peccaverit,</em></strong></span> <span class='ocrx_word' id='word_1_327' title='bbox 898 4029 1156 4099; x_wconf 85' lang='lat' dir='ltr'><strong><em>quamdiu</em></strong></span> <span class='ocrx_word' id='word_1_328' title='bbox 1185 4041 1269 4088; x_wconf 92' lang='lat' dir='ltr'><strong><em>est</em></strong></span> <span class='ocrx_word' id='word_1_329' title='bbox 1296 4034 1423 4088; x_wconf 85' lang='lat' dir='ltr'><strong><em>illud</em></strong></span> <span class='ocrx_word' id='word_1_330' title='bbox 1457 4035 1636 4104; x_wconf 89' lang='lat' dir='ltr'><strong><em>hodie,</em></strong></span> <span class='ocrx_word' id='word_1_331' title='bbox 1669 4039 1762 4094; x_wconf 85' lang='lat' dir='ltr'><strong><em>ha-</em></strong></span> 
     </span>
    </p>
   </div>
   <div class='ocr_carea' id='block_1_43' title="bbox 184 4098 1762 4203">
    <p class='ocr_par' dir='ltr' id='par_1_43' title="bbox 184 4098 1762 4203">
     <span class='ocr_line' id='line_1_43' title="bbox 184 4098 1762 4203; baseline 0.022 -49"><span class='ocrx_word' id='word_1_332' title='bbox 184 4098 254 4156; x_wconf 79' lang='lat' dir='ltr'><strong><em>bet</em></strong></span> <span class='ocrx_word' id='word_1_333' title='bbox 275 4121 439 4177; x_wconf 83' lang='lat' dir='ltr'><strong><em>spem.</em></strong></span> <span class='ocrx_word' id='word_1_334' title='bbox 479 4113 650 4170; x_wconf 85' lang='lat' dir='ltr'><strong><em>Nemo</em></strong></span> <span class='ocrx_word' id='word_1_335' title='bbox 681 4134 810 4188; x_wconf 81' lang='lat' dir='ltr'><strong><em>ergo</em></strong></span> <span class='ocrx_word' id='word_1_336' title='bbox 842 4098 1095 4190; x_wconf 81' lang='lat' dir='ltr'><strong><em>desperet</em></strong></span> <span class='ocrx_word' id='word_1_337' title='bbox 1123 4127 1376 4194; x_wconf 85' lang='lat' dir='ltr'><strong><em>quamdiu</em></strong></span> <span class='ocrx_word' id='word_1_338' title='bbox 1409 4129 1561 4185; x_wconf 91' lang='lat' dir='ltr'><strong><em>vivit.</em></strong></span> <span class='ocrx_word' id='word_1_339' title='bbox 1587 4133 1762 4203; x_wconf 74' lang='lat' dir='ltr'><strong><em>Atque</em></strong></span> 
     </span>
    </p>
   </div>
   <div class='ocr_carea' id='block_1_44' title="bbox 187 4201 1760 4285">
    <p class='ocr_par' dir='ltr' id='par_1_44' title="bbox 187 4201 1760 4285">
     <span class='ocr_line' id='line_1_44' title="bbox 187 4201 1760 4285; baseline 0.02 -37"><span class='ocrx_word' id='word_1_340' title='bbox 187 4201 386 4257; x_wconf 74' lang='lat' dir='ltr'><strong><em>maxime</em></strong></span> <span class='ocrx_word' id='word_1_341' title='bbox 412 4206 663 4275; x_wconf 83' lang='lat' dir='ltr'><strong><em>quidem,</em></strong></span> <span class='ocrx_word' id='word_1_342' title='bbox 689 4209 880 4277; x_wconf 90' lang='lat' dir='ltr'><strong><em>inquit,</em></strong></span> <span class='ocrx_word' id='word_1_343' title='bbox 907 4228 973 4267; x_wconf 90' lang='lat' dir='ltr'><strong><em>ne</em></strong></span> <span class='ocrx_word' id='word_1_344' title='bbox 997 4214 1067 4268; x_wconf 89' lang='lat' dir='ltr'><strong><em>sit</em></strong></span> <span class='ocrx_word' id='word_1_345' title='bbox 1095 4216 1308 4285; x_wconf 88' lang='lat' dir='ltr'><strong><em>quidem</em></strong></span> <span class='ocrx_word' id='word_1_346' title='bbox 1334 4235 1429 4274; x_wconf 92' lang='lat' dir='ltr'><strong><em>cor</em></strong></span> <span class='ocrx_word' id='word_1_347' title='bbox 1458 4223 1654 4278; x_wconf 88' lang='lat' dir='ltr'><strong><em>ntalum</em></strong></span> <span class='ocrx_word' id='word_1_348' title='bbox 1681 4227 1760 4280; x_wconf 91' lang='lat' dir='ltr'><strong><em>iu-</em></strong></span> 
     </span>
    </p>
   </div>
   <div class='ocr_carea' id='block_1_45' title="bbox 184 4288 1758 4384">
    <p class='ocr_par' dir='ltr' id='par_1_45' title="bbox 184 4288 1758 4384">
     <span class='ocr_line' id='line_1_45' title="bbox 184 4288 1758 4384; baseline 0.026 -51"><span class='ocrx_word' id='word_1_349' title='bbox 184 4288 492 4351; x_wconf 76' lang='lat' dir='ltr'><strong><em>trrcdulitatis</em></strong></span> <span class='ocrx_word' id='word_1_350' title='bbox 518 4315 532 4351; x_wconf 87' lang='lat'><strong>:</strong></span> <span class='ocrx_word' id='word_1_351' title='bbox 561 4300 702 4367; x_wconf 90' lang='lat' dir='ltr'><strong><em>quod</em></strong></span> <span class='ocrx_word' id='word_1_352' title='bbox 728 4302 771 4354; x_wconf 92' lang='lat' dir='ltr'><strong><em>si</em></strong></span> <span class='ocrx_word' id='word_1_353' title='bbox 801 4303 960 4358; x_wconf 87' lang='lat' dir='ltr'><strong><em>etiam</em></strong></span> <span class='ocrx_word' id='word_1_354' title='bbox 989 4305 1165 4371; x_wconf 90' lang='lat' dir='ltr'><strong><em>fuerit,</em></strong></span> <span class='ocrx_word' id='word_1_355' title='bbox 1194 4325 1352 4365; x_wconf 89' lang='lat' dir='ltr'><strong><em>nemo</em></strong></span> <span class='ocrx_word' id='word_1_356' title='bbox 1372 4312 1642 4384; x_wconf 85' lang='lat' dir='ltr'><strong><em>desperet,</em></strong></span> <span class='ocrx_word' id='word_1_357' title='bbox 1663 4319 1758 4375; x_wconf 88' lang='lat' dir='ltr'><strong><em>sed</em></strong></span> 
     </span>
    </p>
   </div>
   <div class='ocr_carea' id='block_1_46' title="bbox 183 4388 1756 4470">
    <p class='ocr_par' dir='ltr' id='par_1_46' title="bbox 183 4388 1756 4470">
     <span class='ocr_line' id='line_1_46' title="bbox 183 4388 1756 4470; baseline 0.02 -36"><span class='ocrx_word' id='word_1_358' title='bbox 183 4388 230 4428; x_wconf 70' lang='lat' dir='ltr'><strong><em>Sc</em></strong></span> <span class='ocrx_word' id='word_1_359' title='bbox 250 4393 451 4440; x_wconf 82' lang='lat' dir='ltr'><strong><em>recreet</em></strong></span> <span class='ocrx_word' id='word_1_360' title='bbox 480 4404 495 4441; x_wconf 86' lang='lat'>:</span> <span class='ocrx_word' id='word_1_361' title='bbox 524 4404 646 4441; x_wconf 89' lang='lat' dir='ltr'><strong><em>nam</em></strong></span> <span class='ocrx_word' id='word_1_362' title='bbox 678 4393 932 4456; x_wconf 83' lang='lat' dir='ltr'><strong><em>quamdiu</em></strong></span> <span class='ocrx_word' id='word_1_363' title='bbox 959 4410 1145 4452; x_wconf 90' lang='lat' dir='ltr'><strong><em>sumus</em></strong></span> <span class='ocrx_word' id='word_1_364' title='bbox 1173 4401 1222 4453; x_wconf 91' lang='lat' dir='ltr'><strong><em>in</em></strong></span> <span class='ocrx_word' id='word_1_365' title='bbox 1251 4400 1350 4456; x_wconf 89' lang='lat' dir='ltr'><strong><em>hoc</em></strong></span> <span class='ocrx_word' id='word_1_366' title='bbox 1378 4407 1598 4470; x_wconf 87' lang='lat' dir='ltr'><strong><em>mundo,</em></strong></span> <span class='ocrx_word' id='word_1_367' title='bbox 1629 4409 1756 4465; x_wconf 89' lang='lat' dir='ltr'><strong><em>illud</em></strong></span> 
     </span>
    </p>
   </div>
   <div class='ocr_carea' id='block_1_47' title="bbox 187 4464 1757 4555">
    <p class='ocr_par' dir='ltr' id='par_1_47' title="bbox 187 4464 1757 4555">
     <span class='ocr_line' id='line_1_47' title="bbox 187 4464 1757 4555; baseline 0.02 -32"><span class='ocrx_word' id='word_1_368' title='bbox 187 4464 340 4539; x_wconf 76' lang='lat' dir='ltr'><strong><em>hodie,</em></strong></span> <span class='ocrx_word' id='word_1_369' title='bbox 365 4478 530 4534; x_wconf 84' lang='lat' dir='ltr'><strong><em>habet</em></strong></span> <span class='ocrx_word' id='word_1_370' title='bbox 575 4491 806 4551; x_wconf 81' lang='lat' dir='ltr'><strong><em>tempus.</em></strong></span> <span class='ocrx_word' id='word_1_371' title='bbox 853 4485 948 4542; x_wconf 88' lang='lat' dir='ltr'><strong><em>llic</em></strong></span> <span class='ocrx_word' id='word_1_372' title='bbox 975 4499 1153 4543; x_wconf 89' lang='lat' dir='ltr'><strong><em>autem</em></strong></span> <span class='ocrx_word' id='word_1_373' title='bbox 1187 4508 1290 4547; x_wconf 91' lang='lat' dir='ltr'><strong><em>non</em></strong></span> <span class='ocrx_word' id='word_1_374' title='bbox 1323 4498 1493 4550; x_wconf 89' lang='lat' dir='ltr'><strong><em>solum</em></strong></span> <span class='ocrx_word' id='word_1_375' title='bbox 1523 4499 1651 4555; x_wconf 89' lang='lat' dir='ltr'><strong><em>dicit</em></strong></span> <span class='ocrx_word' id='word_1_376' title='bbox 1681 4504 1757 4554; x_wconf 91' lang='lat' dir='ltr'><strong><em>iu-</em></strong></span> 
     </span>
    </p>
   </div>
   <div class='ocr_carea' id='block_1_48' title="bbox 183 4565 1752 4662">
    <p class='ocr_par' dir='ltr' id='par_1_48' title="bbox 183 4565 1752 4662">
     <span class='ocr_line' id='line_1_48' title="bbox 183 4565 1752 4662; baseline 0.024 -50"><span class='ocrx_word' id='word_1_377' title='bbox 183 4565 564 4635; x_wconf 84' lang='lat' dir='ltr'><strong><em>credulitatcm.</em></strong></span> <span class='ocrx_word' id='word_1_378' title='bbox 605 4574 698 4628; x_wconf 89' lang='lat' dir='ltr'><strong><em>sed</em></strong></span> <span class='ocrx_word' id='word_1_379' title='bbox 755 4578 916 4630; x_wconf 90' lang='lat' dir='ltr'><strong><em>etiam</em></strong></span> <span class='ocrx_word' id='word_1_380' title='bbox 966 4588 1442 4643; x_wconf 87' lang='lat' dir='ltr'><strong><em>murmurationes.</em></strong></span> <span class='ocrx_word' id='word_1_381' title='bbox 1502 4592 1752 4662; x_wconf 86' lang='lat' dir='ltr'><strong><em>Quorum,</em></strong></span> 
     </span>
    </p>
   </div>
   <div class='ocr_carea' id='block_1_49' title="bbox 189 4654 1751 4761">
    <p class='ocr_par' dir='ltr' id='par_1_49' title="bbox 189 4654 1751 4761">
     <span class='ocr_line' id='line_1_49' title="bbox 189 4654 1751 4761; baseline 0.025 -52"><span class='ocrx_word' id='word_1_382' title='bbox 189 4654 347 4761; x_wconf 50' lang='lat' dir='ltr'><strong><em>inquit,</em></strong></span> <span class='ocrx_word' id='word_1_383' title='bbox 367 4666 620 4719; x_wconf 80' lang='lat' dir='ltr'><strong><em>cadavera</em></strong></span> <span class='ocrx_word' id='word_1_384' title='bbox 643 4680 896 4737; x_wconf 87' lang='lat' dir='ltr'><strong><em>prostrata</em></strong></span> <span class='ocrx_word' id='word_1_385' title='bbox 915 4683 1031 4725; x_wconf 84' lang='lat' dir='ltr'><strong><em>sunt</em></strong></span> <span class='ocrx_word' id='word_1_386' title='bbox 1054 4675 1105 4728; x_wconf 87' lang='lat' dir='ltr'><strong><em>in</em></strong></span> <span class='ocrx_word' id='word_1_387' title='bbox 1127 4676 1321 4733; x_wconf 84' lang='lat' dir='ltr'><strong><em>deserto</em></strong></span> <span class='ocrx_word' id='word_1_388' title='bbox 1345 4681 1532 4748; x_wconf 85' lang='lat' dir='ltr'><strong><em>(Hebr.</em></strong></span> <span class='ocrx_word' id='word_1_389' title='bbox 1561 4690 1613 4742; x_wconf 81' lang='grc'><strong><em>5.</em></strong></span> <span class='ocrx_word' id='word_1_390' title='bbox 1639 4690 1751 4761; x_wconf 81' lang='grc'><strong><em>17).</em></strong></span> 
     </span>
    </p>
   </div>
   <div class='ocr_carea' id='block_1_50' title="bbox 189 4735 1756 4840">
    <p class='ocr_par' dir='ltr' id='par_1_50' title="bbox 189 4735 1756 4840">
     <span class='ocr_line' id='line_1_50' title="bbox 189 4735 1756 4840; baseline 0.027 -50"><span class='ocrx_word' id='word_1_391' title='bbox 189 4735 358 4800; x_wconf 80' lang='lat' dir='ltr'><strong><em>Deinde</em></strong></span> <span class='ocrx_word' id='word_1_392' title='bbox 388 4766 456 4802; x_wconf 91' lang='lat' dir='ltr'><strong><em>ne</em></strong></span> <span class='ocrx_word' id='word_1_393' title='bbox 485 4752 607 4816; x_wconf 87' lang='lat' dir='ltr'><strong><em>quis</em></strong></span> <span class='ocrx_word' id='word_1_394' title='bbox 631 4735 905 4810; x_wconf 60' lang='lat' dir='ltr'><strong><em>existimet</em></strong></span> <span class='ocrx_word' id='word_1_395' title='bbox 930 4759 1071 4826; x_wconf 88' lang='lat' dir='ltr'><strong><em>quod</em></strong></span> <span class='ocrx_word' id='word_1_396' title='bbox 1101 4764 1439 4820; x_wconf 85' lang='lat' dir='ltr'><strong><em>solummodo</em></strong></span> <span class='ocrx_word' id='word_1_397' title='bbox 1463 4735 1756 4840; x_wconf 69' lang='lat' dir='ltr'><strong><em>privaliittir</em></strong></span> 
     </span>
    </p>
   </div>
   <div class='ocr_carea' id='block_1_51' title="bbox 189 4840 1753 4925">
    <p class='ocr_par' dir='ltr' id='par_1_51' title="bbox 189 4840 1753 4925">
     <span class='ocr_line' id='line_1_51' title="bbox 189 4840 1753 4925; baseline 0.025 -39"><span class='ocrx_word' id='word_1_398' title='bbox 189 4840 359 4904; x_wconf 66' lang='lat' dir='ltr'><strong><em>requie,</em></strong></span> <span class='ocrx_word' id='word_1_399' title='bbox 390 4845 666 4915; x_wconf 76' lang='lat' dir='ltr'><strong><em>sulijuugit</em></strong></span> <span class='ocrx_word' id='word_1_400' title='bbox 697 4841 859 4901; x_wconf 79' lang='lat' dir='ltr'><strong><em>etiam</em></strong></span> <span class='ocrx_word' id='word_1_401' title='bbox 891 4853 1235 4922; x_wconf 88' lang='lat' dir='ltr'><strong><em>supplicium,</em></strong></span> <span class='ocrx_word' id='word_1_402' title='bbox 1263 4861 1450 4918; x_wconf 86' lang='lat' dir='ltr'><strong><em>dicens</em></strong></span> <span class='ocrx_word' id='word_1_403' title='bbox 1482 4885 1493 4916; x_wconf 92' lang='lat'><strong>:</strong></span> <span class='ocrx_word' id='word_1_404' title='bbox 1532 4869 1621 4923; x_wconf 72' lang='lat'><strong><em>19..</em></strong></span> <span class='ocrx_word' id='word_1_405' title='bbox 1667 4871 1753 4925; x_wconf 71' lang='grc' dir='ltr'><strong><em>γε.</em></strong></span> 
     </span>
    </p>
   </div>
   <div class='ocr_carea' id='block_1_52' title="bbox 187 4936 1753 5022">
    <p class='ocr_par' dir='ltr' id='par_1_52' title="bbox 187 4936 1753 5022">
     <span class='ocr_line' id='line_1_52' title="bbox 187 4936 1753 5022; baseline 0.026 -41"><span class='ocrx_word' id='word_1_406' title='bbox 187 4937 256 4975; x_wconf 72' lang='lat' dir='ltr'><strong><em>m</em></strong></span> <span class='ocrx_word' id='word_1_407' title='bbox 285 4936 412 4986; x_wconf 85' lang='lat' dir='ltr'><strong><em>enim</em></strong></span> <span class='ocrx_word' id='word_1_408' title='bbox 443 4945 512 4989; x_wconf 85' lang='lat' dir='ltr'><strong><em>est</em></strong></span> <span class='ocrx_word' id='word_1_409' title='bbox 540 4953 703 4990; x_wconf 87' lang='lat' dir='ltr'><strong><em>sermo</em></strong></span> <span class='ocrx_word' id='word_1_410' title='bbox 735 4937 830 4992; x_wconf 84' lang='lat' dir='ltr'><strong><em>Dei</em></strong></span> <span class='ocrx_word' id='word_1_411' title='bbox 857 4949 902 4993; x_wconf 90' lang='lat' dir='ltr'><strong><em>et</em></strong></span> <span class='ocrx_word' id='word_1_412' title='bbox 935 4943 1127 5013; x_wconf 65' lang='lat' dir='ltr'><strong><em>efﬁcax,</em></strong></span> <span class='ocrx_word' id='word_1_413' title='bbox 1163 4959 1208 5002; x_wconf 87' lang='lat' dir='ltr'><strong><em>et</em></strong></span> <span class='ocrx_word' id='word_1_414' title='bbox 1233 4958 1591 5022; x_wconf 84' lang='lat' dir='ltr'><strong><em>penetrobilior</em></strong></span> <span class='ocrx_word' id='word_1_415' title='bbox 1615 4969 1753 5021; x_wconf 86' lang='lat' dir='ltr'><strong><em>omni</em></strong></span> 
     </span>
    </p>
   </div>
   <div class='ocr_carea' id='block_1_53' title="bbox 187 5017 1750 5115">
    <p class='ocr_par' dir='ltr' id='par_1_53' title="bbox 187 5017 1750 5115">
     <span class='ocr_line' id='line_1_53' title="bbox 187 5017 1750 5115; baseline 0.031 -49"><span class='ocrx_word' id='word_1_416' title='bbox 187 5017 328 5080; x_wconf 83' lang='lat' dir='ltr'><strong><em>gladio</em></strong></span> <span class='ocrx_word' id='word_1_417' title='bbox 383 5027 634 5098; x_wconf 79' lang='lat' dir='ltr'><strong><em>ancipiti,</em></strong></span> <span class='ocrx_word' id='word_1_418' title='bbox 686 5039 731 5084; x_wconf 92' lang='lat' dir='ltr'><strong><em>et</em></strong></span> <span class='ocrx_word' id='word_1_419' title='bbox 781 5035 1070 5105; x_wconf 79' lang='lat' dir='ltr'><strong><em>pertingens</em></strong></span> <span class='ocrx_word' id='word_1_420' title='bbox 1125 5017 1286 5112; x_wconf 82' lang='lat' dir='ltr'><strong><em>usque</em></strong></span> <span class='ocrx_word' id='word_1_421' title='bbox 1333 5049 1402 5101; x_wconf 87' lang='lat' dir='ltr'><strong><em>ad</em></strong></span> <span class='ocrx_word' id='word_1_422' title='bbox 1456 5051 1750 5115; x_wconf 86' lang='lat' dir='ltr'><strong><em>divisionem</em></strong></span> 
     </span>
    </p>
   </div>
   <div class='ocr_carea' id='block_1_54' title="bbox 191 5121 1750 5220">
    <p class='ocr_par' dir='ltr' id='par_1_54' title="bbox 191 5121 1750 5220">
     <span class='ocr_line' id='line_1_54' title="bbox 191 5121 1750 5220; baseline 0.023 -50"><span class='ocrx_word' id='word_1_423' title='bbox 191 5121 343 5178; x_wconf 66' lang='lat' dir='ltr'><strong><em>auium:</em></strong></span> <span class='ocrx_word' id='word_1_424' title='bbox 367 5143 428 5180; x_wconf 87' lang='lat' dir='ltr'><strong><em>ac</em></strong></span> <span class='ocrx_word' id='word_1_425' title='bbox 454 5131 668 5194; x_wconf 84' lang='lat' dir='ltr'><strong><em>spiritus</em></strong></span> <span class='ocrx_word' id='word_1_426' title='bbox 696 5176 710 5197; x_wconf 98' lang='lat'><strong><em>,</em></strong></span> <span class='ocrx_word' id='word_1_427' title='bbox 741 5151 1043 5208; x_wconf 75' lang='lat' dir='ltr'><strong><em>compagurr.</em></strong></span> <span class='ocrx_word' id='word_1_428' title='bbox 1064 5153 1264 5210; x_wconf 85' lang='lat' dir='ltr'><strong><em>quoque</em></strong></span> <span class='ocrx_word' id='word_1_429' title='bbox 1289 5160 1352 5196; x_wconf 88' lang='lat' dir='ltr'><strong><em>ac</em></strong></span> <span class='ocrx_word' id='word_1_430' title='bbox 1377 5146 1750 5220; x_wconf 87' lang='lat' dir='ltr'><strong><em>medullarum,</em></strong></span> 
     </span>
    </p>
   </div>
   <div class='ocr_carea' id='block_1_55' title="bbox 185 5217 1755 5296">
    <p class='ocr_par' dir='ltr' id='par_1_55' title="bbox 185 5217 1755 5296">
     <span class='ocr_line' id='line_1_55' title="bbox 185 5217 1755 5296; baseline 0.023 -35"><span class='ocrx_word' id='word_1_431' title='bbox 185 5224 220 5264; x_wconf 88' lang='lat' dir='ltr'><strong><em>et</em></strong></span> <span class='ocrx_word' id='word_1_432' title='bbox 243 5217 473 5274; x_wconf 78' lang='lat' dir='ltr'><strong><em>discretor</em></strong></span> <span class='ocrx_word' id='word_1_433' title='bbox 499 5224 866 5290; x_wconf 80' lang='lat' dir='ltr'><strong><em>cogitationum</em></strong></span> <span class='ocrx_word' id='word_1_434' title='bbox 897 5238 940 5280; x_wconf 88' lang='lat' dir='ltr'><strong><em>et</em></strong></span> <span class='ocrx_word' id='word_1_435' title='bbox 965 5229 1300 5287; x_wconf 88' lang='lat' dir='ltr'><strong><em>intentionum</em></strong></span> <span class='ocrx_word' id='word_1_436' title='bbox 1329 5237 1520 5292; x_wconf 87' lang='lat' dir='ltr'><strong><em>cordis.</em></strong></span> <span class='ocrx_word' id='word_1_437' title='bbox 1551 5240 1647 5295; x_wconf 78' lang='lat' dir='ltr'><strong><em>llic</em></strong></span> <span class='ocrx_word' id='word_1_438' title='bbox 1679 5245 1755 5296; x_wconf 83' lang='lat' dir='ltr'><strong><em>lo-</em></strong></span> 
     </span>
    </p>
   </div>
   <div class='ocr_carea' id='block_1_56' title="bbox 183 5304 1749 5403">
    <p class='ocr_par' dir='ltr' id='par_1_56' title="bbox 183 5304 1749 5403">
     <span class='ocr_line' id='line_1_56' title="bbox 183 5304 1749 5403; baseline 0.02 -49"><span class='ocrx_word' id='word_1_439' title='bbox 183 5304 332 5369; x_wconf 85' lang='lat' dir='ltr'><strong><em>quitur</em></strong></span> <span class='ocrx_word' id='word_1_440' title='bbox 361 5310 428 5365; x_wconf 87' lang='lat' dir='ltr'><strong><em>de</em></strong></span> <span class='ocrx_word' id='word_1_441' title='bbox 457 5314 710 5383; x_wconf 76' lang='lat' dir='ltr'><strong><em>geheuna</em></strong></span> <span class='ocrx_word' id='word_1_442' title='bbox 742 5327 797 5371; x_wconf 85' lang='lat' dir='ltr'><strong><em>et</em></strong></span> <span class='ocrx_word' id='word_1_443' title='bbox 826 5318 894 5373; x_wconf 86' lang='lat' dir='ltr'><strong><em>de</em></strong></span> <span class='ocrx_word' id='word_1_444' title='bbox 923 5325 1213 5391; x_wconf 85' lang='lat' dir='ltr'><strong><em>supplicio.</em></strong></span> <span class='ocrx_word' id='word_1_445' title='bbox 1247 5327 1494 5385; x_wconf 80' lang='lat' dir='ltr'><strong><em>Pervadit</em></strong></span> <span class='ocrx_word' id='word_1_446' title='bbox 1515 5373 1526 5391; x_wconf 93' lang='lat'><strong><em>.</em></strong></span> <span class='ocrx_word' id='word_1_447' title='bbox 1559 5336 1749 5403; x_wconf 87' lang='lat' dir='ltr'><strong><em>inquit,</em></strong></span> 
     </span>
    </p>
   </div>
   <div class='ocr_carea' id='block_1_57' title="bbox 184 5393 1750 5481">
    <p class='ocr_par' dir='ltr' id='par_1_57' title="bbox 184 5393 1750 5481">
     <span class='ocr_line' id='line_1_57' title="bbox 184 5393 1750 5481; baseline 0.02 -31"><span class='ocrx_word' id='word_1_448' title='bbox 184 5393 224 5447; x_wconf 79' lang='lat' dir='ltr'><strong><em>in</em></strong></span> <span class='ocrx_word' id='word_1_449' title='bbox 242 5405 436 5456; x_wconf 80' lang='lat' dir='ltr'><strong><em>occulta</em></strong></span> <span class='ocrx_word' id='word_1_450' title='bbox 466 5407 650 5460; x_wconf 89' lang='lat' dir='ltr'><strong><em>cordis</em></strong></span> <span class='ocrx_word' id='word_1_451' title='bbox 679 5412 873 5474; x_wconf 89' lang='lat' dir='ltr'><strong><em>nostri,</em></strong></span> <span class='ocrx_word' id='word_1_452' title='bbox 901 5421 954 5466; x_wconf 91' lang='lat' dir='ltr'><strong><em>ct</em></strong></span> <span class='ocrx_word' id='word_1_453' title='bbox 979 5414 1213 5471; x_wconf 88' lang='lat' dir='ltr'><strong><em>dissecat</em></strong></span> <span class='ocrx_word' id='word_1_454' title='bbox 1238 5421 1498 5477; x_wconf 87' lang='lat' dir='ltr'><strong><em>animam.</em></strong></span> <span class='ocrx_word' id='word_1_455' title='bbox 1526 5423 1621 5480; x_wconf 84' lang='lat' dir='ltr'><strong><em>Hic</em></strong></span> <span class='ocrx_word' id='word_1_456' title='bbox 1647 5445 1750 5481; x_wconf 80' lang='lat' dir='ltr'><strong><em>non</em></strong></span> 
     </span>
    </p>
   </div>
   <div class='ocr_carea' id='block_1_58' title="bbox 182 5499 1752 5587">
    <p class='ocr_par' dir='ltr' id='par_1_58' title="bbox 182 5499 1752 5587">
     <span class='ocr_line' id='line_1_58' title="bbox 182 5499 1752 5587; baseline 0.018 -42"><span class='ocrx_word' id='word_1_457' title='bbox 182 5499 258 5554; x_wconf 75' lang='lat' dir='ltr'><strong><em>est,</em></strong></span> <span class='ocrx_word' id='word_1_458' title='bbox 287 5499 527 5551; x_wconf 88' lang='lat' dir='ltr'><strong><em>membra</em></strong></span> <span class='ocrx_word' id='word_1_459' title='bbox 561 5514 686 5555; x_wconf 82' lang='lat' dir='ltr'><strong><em>esse</em></strong></span> <span class='ocrx_word' id='word_1_460' title='bbox 717 5513 1004 5573; x_wconf 87' lang='lat' dir='ltr'><strong><em>prostrata,</em></strong></span> <span class='ocrx_word' id='word_1_461' title='bbox 1037 5524 1212 5575; x_wconf 86' lang='lat' dir='ltr'><strong><em>neque</em></strong></span> <span class='ocrx_word' id='word_1_462' title='bbox 1247 5522 1388 5568; x_wconf 88' lang='lat' dir='ltr'><strong><em>terra</em></strong></span> <span class='ocrx_word' id='word_1_463' title='bbox 1421 5531 1542 5572; x_wconf 84' lang='lat' dir='ltr'><strong><em>esse</em></strong></span> <span class='ocrx_word' id='word_1_464' title='bbox 1574 5521 1752 5587; x_wconf 62' lang='lat' dir='ltr'><strong><em>priva-</em></strong></span> 
     </span>
    </p>
   </div>
   <div class='ocr_carea' id='block_1_59' title="bbox 192 5589 1750 5670">
    <p class='ocr_par' dir='ltr' id='par_1_59' title="bbox 192 5589 1750 5670">
     <span class='ocr_line' id='line_1_59' title="bbox 192 5589 1750 5670; baseline 0.022 -37"><span class='ocrx_word' id='word_1_465' title='bbox 192 5589 270 5650; x_wconf 85' lang='lat' dir='ltr'><strong><em>tos,</em></strong></span> <span class='ocrx_word' id='word_1_466' title='bbox 302 5590 443 5648; x_wconf 85' lang='lat' dir='ltr'><strong><em>sicut</em></strong></span> <span class='ocrx_word' id='word_1_467' title='bbox 475 5592 604 5656; x_wconf 91' lang='lat' dir='ltr'><strong><em>illic,</em></strong></span> <span class='ocrx_word' id='word_1_468' title='bbox 634 5595 728 5648; x_wconf 88' lang='lat' dir='ltr'><strong><em>sed</em></strong></span> <span class='ocrx_word' id='word_1_469' title='bbox 761 5612 927 5666; x_wconf 78' lang='lat' dir='ltr'><strong><em>regno</em></strong></span> <span class='ocrx_word' id='word_1_470' title='bbox 958 5601 1214 5656; x_wconf 67' lang='lat' dir='ltr'><strong><em>actorum</em></strong></span> <span class='ocrx_word' id='word_1_471' title='bbox 1239 5647 1252 5670; x_wconf 91' lang='lat'><strong><em>,</em></strong></span> <span class='ocrx_word' id='word_1_472' title='bbox 1287 5619 1340 5661; x_wconf 86' lang='lat' dir='ltr'><strong><em>et</em></strong></span> <span class='ocrx_word' id='word_1_473' title='bbox 1377 5619 1592 5664; x_wconf 64' lang='lat' dir='ltr'><strong><em>aeterna:</em></strong></span> <span class='ocrx_word' id='word_1_474' title='bbox 1621 5614 1750 5668; x_wconf 87' lang='lat' dir='ltr'><strong><em>tradi</em></strong></span> 
     </span>
    </p>
   </div>
   <div class='ocr_carea' id='block_1_60' title="bbox 183 5679 1754 5769">
    <p class='ocr_par' dir='ltr' id='par_1_60' title="bbox 183 5679 1754 5769">
     <span class='ocr_line' id='line_1_60' title="bbox 183 5679 1754 5769; baseline 0.019 -39"><span class='ocrx_word' id='word_1_475' title='bbox 183 5679 429 5747; x_wconf 66' lang='lat' dir='ltr'><strong><em>gcbcnuaz,</em></strong></span> <span class='ocrx_word' id='word_1_476' title='bbox 455 5695 511 5738; x_wconf 89' lang='lat' dir='ltr'><strong><em>et</em></strong></span> <span class='ocrx_word' id='word_1_477' title='bbox 530 5685 824 5742; x_wconf 87' lang='lat' dir='ltr'><strong><em>immortali</em></strong></span> <span class='ocrx_word' id='word_1_478' title='bbox 853 5707 1021 5759; x_wconf 71' lang='lat' dir='ltr'><strong><em>poena:</em></strong></span> <span class='ocrx_word' id='word_1_479' title='bbox 1043 5711 1106 5749; x_wconf 86' lang='lat' dir='ltr'><strong><em>ac</em></strong></span> <span class='ocrx_word' id='word_1_480' title='bbox 1129 5714 1206 5767; x_wconf 61' lang='lat' dir='ltr'><strong><em>sui</em></strong></span> <span class='ocrx_word' id='word_1_481' title='bbox 1231 5701 1409 5769; x_wconf 87' lang='lat' dir='ltr'><strong><em>plicio.</em></strong></span> <span class='ocrx_word' id='word_1_482' title='bbox 1438 5703 1546 5758; x_wconf 87' lang='lat' dir='ltr'><strong><em>Sed</em></strong></span> <span class='ocrx_word' id='word_1_483' title='bbox 1566 5707 1754 5759; x_wconf 78' lang='lat' dir='ltr'><strong><em>(ul/wr-</em></strong></span> 
     </span>
    </p>
   </div>
   <div class='ocr_carea' id='block_1_61' title="bbox 183 5773 1748 5863">
    <p class='ocr_par' dir='ltr' id='par_1_61' title="bbox 183 5773 1748 5863">
     <span class='ocr_line' id='line_1_61' title="bbox 183 5773 1748 5863; baseline 0.023 -44"><span class='ocrx_word' id='word_1_484' title='bbox 183 5773 327 5826; x_wconf 71' lang='lat' dir='ltr'><strong><em>lonini</em></strong></span> <span class='ocrx_word' id='word_1_485' title='bbox 352 5775 683 5845; x_wconf 73' lang='lat' dir='ltr'><strong><em>vosmetipsos</em></strong></span> <span class='ocrx_word' id='word_1_486' title='bbox 713 5779 910 5863; x_wconf 64' lang='lat' dir='ltr'><strong><em>(Hebr.</em></strong></span> <span class='ocrx_word' id='word_1_487' title='bbox 954 5787 1005 5842; x_wconf 78' lang='lat'><strong><em>5.</em></strong></span> <span class='ocrx_word' id='word_1_488' title='bbox 1061 5788 1182 5860; x_wconf 84' lang='lat' dir='ltr'><strong><em>l5).</em></strong></span> <span class='ocrx_word' id='word_1_489' title='bbox 1223 5793 1352 5851; x_wconf 73' lang='lat' dir='ltr'><strong><em>Vide</em></strong></span> <span class='ocrx_word' id='word_1_490' title='bbox 1386 5801 1748 5854; x_wconf 66' lang='lat' dir='ltr'><strong><em>mansuctudi</em></strong></span> 
     </span>
    </p>
   </div>
   <div class='ocr_carea' id='block_1_62' title="bbox 1865 435 3468 510">
    <p class='ocr_par' dir='ltr' id='par_1_62' title="bbox 1865 435 3468 510">
     <span class='ocr_line' id='line_1_62' title="bbox 1865 435 3468 510; baseline 0.007 -21"><span class='ocrx_word' id='word_1_491' title='bbox 1865 451 1987 489; x_wconf 77' lang='lat' dir='ltr'><strong><em>nem</em></strong></span> <span class='ocrx_word' id='word_1_492' title='bbox 2018 445 2072 491; x_wconf 88' lang='lat' dir='ltr'><strong><em>et</em></strong></span> <span class='ocrx_word' id='word_1_493' title='bbox 2092 437 2390 492; x_wconf 81' lang='lat' dir='ltr'><strong><em>leuitatem.</em></strong></span> <span class='ocrx_word' id='word_1_494' title='bbox 2414 435 2526 490; x_wconf 71' lang='lat' dir='ltr'><strong><em>Non</em></strong></span> <span class='ocrx_word' id='word_1_495' title='bbox 2550 435 2706 504; x_wconf 71' lang='lat' dir='ltr'><strong><em>dixit,</em></strong></span> <span class='ocrx_word' id='word_1_496' title='bbox 2734 438 3029 510; x_wconf 78' lang='lat' dir='ltr'><strong><em>[pert-pate,</em></strong></span> <span class='ocrx_word' id='word_1_497' title='bbox 3060 441 3175 508; x_wconf 86' lang='lat' dir='ltr'><strong><em>sed,</em></strong></span> <span class='ocrx_word' id='word_1_498' title='bbox 3205 444 3468 500; x_wconf 69' lang='lat' dir='ltr'><strong><em>Adhorta-</em></strong></span> 
     </span>
    </p>
   </div>
   <div class='ocr_carea' id='block_1_63' title="bbox 1865 526 3465 606">
    <p class='ocr_par' dir='ltr' id='par_1_63' title="bbox 1865 526 3465 606">
     <span class='ocr_line' id='line_1_63' title="bbox 1865 526 3465 606; baseline 0.007 -25"><span class='ocrx_word' id='word_1_499' title='bbox 1865 529 2009 581; x_wconf 82' lang='lat' dir='ltr'><strong><em>mini.</em></strong></span> <span class='ocrx_word' id='word_1_500' title='bbox 2042 526 2115 583; x_wconf 86' lang='lat' dir='ltr'><strong><em>Ita</em></strong></span> <span class='ocrx_word' id='word_1_501' title='bbox 2157 543 2255 582; x_wconf 92' lang='lat' dir='ltr'><strong><em>nos</em></strong></span> <span class='ocrx_word' id='word_1_502' title='bbox 2299 536 2512 598; x_wconf 87' lang='lat' dir='ltr'><strong><em>oportet</em></strong></span> <span class='ocrx_word' id='word_1_503' title='bbox 2555 544 2747 598; x_wconf 77' lang='lat' dir='ltr'><strong><em>gerere</em></strong></span> <span class='ocrx_word' id='word_1_504' title='bbox 2790 530 2842 586; x_wconf 89' lang='lat' dir='ltr'><strong><em>in</em></strong></span> <span class='ocrx_word' id='word_1_505' title='bbox 2881 547 2977 588; x_wconf 87' lang='lat' dir='ltr'><strong><em>eos</em></strong></span> <span class='ocrx_word' id='word_1_506' title='bbox 3016 533 3106 603; x_wconf 90' lang='lat' dir='ltr'><strong><em>qui</em></strong></span> <span class='ocrx_word' id='word_1_507' title='bbox 3151 548 3465 606; x_wconf 79' lang='lat' dir='ltr'><strong><em>premuntur</em></strong></span> 
     </span>
    </p>
   </div>
   <div class='ocr_carea' id='block_1_64' title="bbox 1866 621 3464 684">
    <p class='ocr_par' dir='ltr' id='par_1_64' title="bbox 1866 621 3464 684">
     <span class='ocr_line' id='line_1_64' title="bbox 1866 621 3464 684; baseline 0.003 -9"><span class='ocrx_word' id='word_1_508' title='bbox 1866 622 2171 677; x_wconf 78' lang='lat' dir='ltr'><strong><em>afﬂictione.</em></strong></span> <span class='ocrx_word' id='word_1_509' title='bbox 2197 621 2309 676; x_wconf 85' lang='lat' dir='ltr'><strong><em>[loc</em></strong></span> <span class='ocrx_word' id='word_1_510' title='bbox 2329 622 2492 676; x_wconf 87' lang='lat' dir='ltr'><strong><em>etiam</em></strong></span> <span class='ocrx_word' id='word_1_511' title='bbox 2515 621 2644 677; x_wconf 84' lang='lat' dir='ltr'><strong><em>dicit</em></strong></span> <span class='ocrx_word' id='word_1_512' title='bbox 2665 623 2910 680; x_wconf 88' lang='lat' dir='ltr'><strong><em>scribens</em></strong></span> <span class='ocrx_word' id='word_1_513' title='bbox 2931 625 2998 680; x_wconf 85' lang='lat' dir='ltr'><strong><em>ad</em></strong></span> <span class='ocrx_word' id='word_1_514' title='bbox 3021 625 3464 684; x_wconf 82' lang='lat' dir='ltr'><strong><em>Thessalonicen-</em></strong></span> 
     </span>
    </p>
   </div>
   <div class='ocr_carea' id='block_1_65' title="bbox 1865 715 3465 786">
    <p class='ocr_par' dir='ltr' id='par_1_65' title="bbox 1865 715 3465 786">
     <span class='ocr_line' id='line_1_65' title="bbox 1865 715 3465 786; baseline 0.003 -16"><span class='ocrx_word' id='word_1_515' title='bbox 1865 729 1987 770; x_wconf 86' lang='lat' dir='ltr'><strong><em>ses:</em></strong></span> <span class='ocrx_word' id='word_1_516' title='bbox 2015 715 2288 770; x_wconf 73' lang='lat' dir='ltr'><strong><em>Adutonete</em></strong></span> <span class='ocrx_word' id='word_1_517' title='bbox 2326 715 2594 784; x_wconf 85' lang='lat' dir='ltr'><strong><em>inquietos.</em></strong></span> <span class='ocrx_word' id='word_1_518' title='bbox 2621 715 2995 772; x_wconf 78' lang='lat' dir='ltr'><strong><em>l’ttsillauimcs</em></strong></span> <span class='ocrx_word' id='word_1_519' title='bbox 3016 729 3192 773; x_wconf 82' lang='lat' dir='ltr'><strong><em>autem</em></strong></span> <span class='ocrx_word' id='word_1_520' title='bbox 3227 735 3334 775; x_wconf 87' lang='lat' dir='ltr'><strong><em>non</em></strong></span> <span class='ocrx_word' id='word_1_521' title='bbox 3367 723 3465 786; x_wconf 76' lang='lat' dir='ltr'><strong><em>sic,</em></strong></span> 
     </span>
    </p>
   </div>
   <div class='ocr_carea' id='block_1_66' title="bbox 1866 798 3466 881">
    <p class='ocr_par' dir='ltr' id='par_1_66' title="bbox 1866 798 3466 881">
     <span class='ocr_line' id='line_1_66' title="bbox 1866 798 3466 881; baseline 0.001 -19"><span class='ocrx_word' id='word_1_522' title='bbox 1866 809 1959 864; x_wconf 85' lang='lat' dir='ltr'><strong><em>sed</em></strong></span> <span class='ocrx_word' id='word_1_523' title='bbox 1992 808 2158 879; x_wconf 81' lang='lat' dir='ltr'><strong><em>quid?</em></strong></span> <span class='ocrx_word' id='word_1_524' title='bbox 2210 798 2561 862; x_wconf 82' lang='lat' dir='ltr'><strong><em>(&#39;onsolamini</em></strong></span> <span class='ocrx_word' id='word_1_525' title='bbox 2609 805 3000 876; x_wconf 79' lang='lat' dir='ltr'><strong><em>pusillanimes,</em></strong></span> <span class='ocrx_word' id='word_1_526' title='bbox 3047 809 3291 880; x_wconf 85' lang='lat' dir='ltr'><strong><em>suscipite</em></strong></span> <span class='ocrx_word' id='word_1_527' title='bbox 3315 812 3466 881; x_wconf 77' lang='lat' dir='ltr'><strong><em>inﬁr-</em></strong></span> 
     </span>
    </p>
   </div>
   <div class='ocr_carea' id='block_1_67' title="bbox 1867 901 3546 979">
    <p class='ocr_par' dir='ltr' id='par_1_67' title="bbox 1867 901 3546 979">
     <span class='ocr_line' id='line_1_67' title="bbox 1867 901 3546 979; baseline 0.005 -25"><span class='ocrx_word' id='word_1_528' title='bbox 1867 919 1995 964; x_wconf 72' lang='lat' dir='ltr'><strong><em>utos.</em></strong></span> <span class='ocrx_word' id='word_1_529' title='bbox 2019 903 2266 970; x_wconf 78' lang='lat' dir='ltr'><strong><em>patientes</em></strong></span> <span class='ocrx_word' id='word_1_530' title='bbox 2291 910 2446 956; x_wconf 88' lang='lat' dir='ltr'><strong><em>estote</em></strong></span> <span class='ocrx_word' id='word_1_531' title='bbox 2471 901 2541 955; x_wconf 90' lang='lat' dir='ltr'><strong><em>ad</em></strong></span> <span class='ocrx_word' id='word_1_532' title='bbox 2565 918 2740 957; x_wconf 84' lang='lat' dir='ltr'><strong><em>omnes</em></strong></span> <span class='ocrx_word' id='word_1_533' title='bbox 2764 901 2855 975; x_wconf 77' lang='grc'><strong><em>(1.</em></strong></span> <span class='ocrx_word' id='word_1_534' title='bbox 2886 903 3061 958; x_wconf 87' lang='lat' dir='ltr'><strong><em>Thess.</em></strong></span> <span class='ocrx_word' id='word_1_535' title='bbox 3089 906 3142 960; x_wconf 82' lang='grc'><strong><em>5.</em></strong></span> <span class='ocrx_word' id='word_1_536' title='bbox 3173 907 3239 961; x_wconf 70' lang='lat' dir='ltr'><strong>ﬂ</strong></span> <span class='ocrx_word' id='word_1_537' title='bbox 3263 907 3303 977; x_wconf 93' lang='lat'><strong><em>).</em></strong></span> <span class='ocrx_word' id='word_1_538' title='bbox 3328 906 3467 973; x_wconf 71' lang='lat' dir='ltr'><strong><em>Quid</em></strong></span> <span class='ocrx_word' id='word_1_539' title='bbox 3543 977 3546 979; x_wconf 5' lang='grc' dir='ltr'><em>ἓ</em></span> 
     </span>
    </p>
   </div>
   <div class='ocr_carea' id='block_1_68' title="bbox 1868 993 3467 1066">
    <p class='ocr_par' dir='ltr' id='par_1_68' title="bbox 1868 993 3467 1066">
     <span class='ocr_line' id='line_1_68' title="bbox 1868 993 3467 1066; baseline 0.004 -18"><span class='ocrx_word' id='word_1_540' title='bbox 1868 1009 1970 1058; x_wconf 80' lang='lat' dir='ltr'><strong><em>est,</em></strong></span> <span class='ocrx_word' id='word_1_541' title='bbox 1989 993 2384 1050; x_wconf 83' lang='lat' dir='ltr'><strong><em>Consolamini?</em></strong></span> <span class='ocrx_word' id='word_1_542' title='bbox 2413 993 2526 1049; x_wconf 75' lang='lat' dir='ltr'><strong><em>Hoc</em></strong></span> <span class='ocrx_word' id='word_1_543' title='bbox 2553 1004 2658 1059; x_wconf 85' lang='lat' dir='ltr'><strong><em>est,</em></strong></span> <span class='ocrx_word' id='word_1_544' title='bbox 2685 1010 2752 1051; x_wconf 87' lang='lat' dir='ltr'><strong><em>ne</em></strong></span> <span class='ocrx_word' id='word_1_545' title='bbox 2777 995 3082 1066; x_wconf 86' lang='lat' dir='ltr'><strong><em>despcretis</em></strong></span> <span class='ocrx_word' id='word_1_546' title='bbox 3101 1013 3209 1064; x_wconf 21' lang='lat' dir='ltr'><strong><em>;.ne</em></strong></span> <span class='ocrx_word' id='word_1_547' title='bbox 3229 999 3467 1054; x_wconf 85' lang='lat' dir='ltr'><strong><em>animum</em></strong></span> 
     </span>
    </p>
   </div>
   <div class='ocr_carea' id='block_1_69' title="bbox 1867 1085 3464 1163">
    <p class='ocr_par' dir='ltr' id='par_1_69' title="bbox 1867 1085 3464 1163">
     <span class='ocr_line' id='line_1_69' title="bbox 1867 1085 3464 1163; baseline 0.004 -22"><span class='ocrx_word' id='word_1_548' title='bbox 1867 1085 2251 1156; x_wconf 68' lang='lat' dir='ltr'><strong><em>desliondeatis</em></strong></span> <span class='ocrx_word' id='word_1_549' title='bbox 2278 1103 2292 1139; x_wconf 89' lang='lat'><strong>:</strong></span> <span class='ocrx_word' id='word_1_550' title='bbox 2326 1101 2450 1141; x_wconf 87' lang='lat' dir='ltr'><strong><em>nam</em></strong></span> <span class='ocrx_word' id='word_1_551' title='bbox 2484 1087 2575 1157; x_wconf 88' lang='lat' dir='ltr'><strong><em>qui</em></strong></span> <span class='ocrx_word' id='word_1_552' title='bbox 2608 1103 2714 1143; x_wconf 92' lang='lat' dir='ltr'><strong><em>non</em></strong></span> <span class='ocrx_word' id='word_1_553' title='bbox 2739 1088 3054 1145; x_wconf 82' lang='lat' dir='ltr'><strong><em>consolatur</em></strong></span> <span class='ocrx_word' id='word_1_554' title='bbox 3079 1106 3202 1147; x_wconf 89' lang='lat' dir='ltr'><strong><em>eum</em></strong></span> <span class='ocrx_word' id='word_1_555' title='bbox 3229 1093 3318 1162; x_wconf 89' lang='lat' dir='ltr'><strong><em>qui</em></strong></span> <span class='ocrx_word' id='word_1_556' title='bbox 3349 1108 3464 1163; x_wconf 85' lang='lat' dir='ltr'><strong><em>pre-</em></strong></span> 
     </span>
    </p>
   </div>
   <div class='ocr_carea' id='block_1_70' title="bbox 1870 1175 3468 1243">
    <p class='ocr_par' dir='ltr' id='par_1_70' title="bbox 1870 1175 3468 1243">
     <span class='ocr_line' id='line_1_70' title="bbox 1870 1175 3468 1243; baseline 0.005 -13"><span class='ocrx_word' id='word_1_557' title='bbox 1870 1179 2031 1231; x_wconf 80' lang='lat' dir='ltr'><strong><em>mitur</em></strong></span> <span class='ocrx_word' id='word_1_558' title='bbox 2055 1175 2366 1243; x_wconf 85' lang='lat' dir='ltr'><strong><em>amictione,</em></strong></span> <span class='ocrx_word' id='word_1_559' title='bbox 2391 1194 2514 1232; x_wconf 90' lang='lat' dir='ltr'><strong><em>eum</em></strong></span> <span class='ocrx_word' id='word_1_560' title='bbox 2543 1177 2719 1234; x_wconf 88' lang='lat' dir='ltr'><strong><em>reddit</em></strong></span> <span class='ocrx_word' id='word_1_561' title='bbox 2747 1178 3042 1236; x_wconf 86' lang='lat' dir='ltr'><strong><em>duriorem.</em></strong></span> <span class='ocrx_word' id='word_1_562' title='bbox 3067 1180 3139 1238; x_wconf 90' lang='lat' dir='ltr'><strong><em>Ut</em></strong></span> <span class='ocrx_word' id='word_1_563' title='bbox 3166 1199 3272 1238; x_wconf 89' lang='lat' dir='ltr'><strong><em>non</em></strong></span> <span class='ocrx_word' id='word_1_564' title='bbox 3298 1183 3468 1240; x_wconf 87' lang='lat' dir='ltr'><strong><em>obdo-</em></strong></span> 
     </span>
    </p>
   </div>
   <div class='ocr_carea' id='block_1_71' title="bbox 1871 1269 3470 1345">
    <p class='ocr_par' dir='ltr' id='par_1_71' title="bbox 1871 1269 3470 1345">
     <span class='ocr_line' id='line_1_71' title="bbox 1871 1269 3470 1345; baseline 0.011 -30"><span class='ocrx_word' id='word_1_565' title='bbox 1871 1281 2042 1333; x_wconf 73' lang='lat' dir='ltr'><strong><em>retur,</em></strong></span> <span class='ocrx_word' id='word_1_566' title='bbox 2075 1269 2272 1341; x_wconf 81' lang='lat' dir='ltr'><strong><em>inquit,</em></strong></span> <span class='ocrx_word' id='word_1_567' title='bbox 2299 1271 2420 1340; x_wconf 90' lang='lat' dir='ltr'><strong><em>quis</em></strong></span> <span class='ocrx_word' id='word_1_568' title='bbox 2448 1286 2510 1325; x_wconf 84' lang='lat' dir='ltr'><strong><em>es</em></strong></span> <span class='ocrx_word' id='word_1_569' title='bbox 2542 1272 2693 1327; x_wconf 89' lang='lat' dir='ltr'><strong><em>vobis</em></strong></span> <span class='ocrx_word' id='word_1_570' title='bbox 2720 1270 2933 1328; x_wconf 76' lang='lat' dir='ltr'><strong><em>fallacia</em></strong></span> <span class='ocrx_word' id='word_1_571' title='bbox 2963 1276 3186 1345; x_wconf 62' lang='lat' dir='ltr'><strong><em>peccati.</em></strong></span> <span class='ocrx_word' id='word_1_572' title='bbox 3212 1278 3319 1331; x_wconf 82' lang='lat' dir='ltr'><strong><em>Aut</em></strong></span> <span class='ocrx_word' id='word_1_573' title='bbox 3341 1277 3470 1333; x_wconf 88' lang='lat' dir='ltr'><strong><em>dicit</em></strong></span> 
     </span>
    </p>
   </div>
   <div class='ocr_carea' id='block_1_72' title="bbox 1869 1361 3470 1439">
    <p class='ocr_par' dir='ltr' id='par_1_72' title="bbox 1869 1361 3470 1439">
     <span class='ocr_line' id='line_1_72' title="bbox 1869 1361 3470 1439; baseline 0.005 -22"><span class='ocrx_word' id='word_1_574' title='bbox 1869 1363 2130 1417; x_wconf 73' lang='lat' dir='ltr'><strong><em>lallaeiam</em></strong></span> <span class='ocrx_word' id='word_1_575' title='bbox 2160 1363 2358 1416; x_wconf 84' lang='lat' dir='ltr'><strong><em>diaboli</em></strong></span> <span class='ocrx_word' id='word_1_576' title='bbox 2393 1381 2405 1416; x_wconf 93' lang='lat'><strong>:</strong></span> <span class='ocrx_word' id='word_1_577' title='bbox 2440 1361 2686 1434; x_wconf 87' lang='lat' dir='ltr'><strong><em>deceptio</em></strong></span> <span class='ocrx_word' id='word_1_578' title='bbox 2709 1364 2854 1420; x_wconf 91' lang='lat' dir='ltr'><strong><em>enim</em></strong></span> <span class='ocrx_word' id='word_1_579' title='bbox 2879 1375 2961 1420; x_wconf 88' lang='lat' dir='ltr'><strong><em>est</em></strong></span> <span class='ocrx_word' id='word_1_580' title='bbox 2991 1365 3124 1422; x_wconf 87' lang='lat' dir='ltr'><strong><em>nihil</em></strong></span> <span class='ocrx_word' id='word_1_581' title='bbox 3155 1376 3470 1439; x_wconf 78' lang='lat' dir='ltr'><strong><em>exspectare</em></strong></span> 
     </span>
    </p>
   </div>
   <div class='ocr_carea' id='block_1_73' title="bbox 1868 1455 3472 1518">
    <p class='ocr_par' dir='ltr' id='par_1_73' title="bbox 1868 1455 3472 1518">
     <span class='ocr_line' id='line_1_73' title="bbox 1868 1455 3472 1518; baseline 0.004 -8"><span class='ocrx_word' id='word_1_582' title='bbox 1868 1457 1936 1510; x_wconf 86' lang='lat' dir='ltr'><strong><em>de</em></strong></span> <span class='ocrx_word' id='word_1_583' title='bbox 1965 1455 2156 1508; x_wconf 82' lang='lat' dir='ltr'><strong><em>futuris</em></strong></span> <span class='ocrx_word' id='word_1_584' title='bbox 2179 1497 2192 1518; x_wconf 90' lang='lat'><strong><em>,</em></strong></span> <span class='ocrx_word' id='word_1_585' title='bbox 2227 1457 2546 1511; x_wconf 79' lang='lat' dir='ltr'><strong><em>existimare</em></strong></span> <span class='ocrx_word' id='word_1_586' title='bbox 2585 1474 2692 1511; x_wconf 90' lang='lat' dir='ltr'><strong><em>non</em></strong></span> <span class='ocrx_word' id='word_1_587' title='bbox 2732 1472 2854 1514; x_wconf 86' lang='lat' dir='ltr'><strong><em>esse</em></strong></span> <span class='ocrx_word' id='word_1_588' title='bbox 2898 1458 3227 1515; x_wconf 88' lang='lat' dir='ltr'><strong><em>reddendam</em></strong></span> <span class='ocrx_word' id='word_1_589' title='bbox 3257 1477 3286 1516; x_wconf 89' lang='lat' dir='ltr'><strong><em>a</em></strong></span> <span class='ocrx_word' id='word_1_590' title='bbox 3318 1460 3472 1517; x_wconf 85' lang='lat' dir='ltr'><strong><em>nobis</em></strong></span> 
     </span>
    </p>
   </div>
   <div class='ocr_carea' id='block_1_74' title="bbox 1871 1548 3471 1621">
    <p class='ocr_par' dir='ltr' id='par_1_74' title="bbox 1871 1548 3471 1621">
     <span class='ocr_line' id='line_1_74' title="bbox 1871 1548 3471 1621; baseline 0.005 -21"><span class='ocrx_word' id='word_1_591' title='bbox 1871 1548 2133 1601; x_wconf 77' lang='lat' dir='ltr'><strong><em>rationem</em></strong></span> <span class='ocrx_word' id='word_1_592' title='bbox 2161 1587 2176 1610; x_wconf 91' lang='lat'><strong><em>,</em></strong></span> <span class='ocrx_word' id='word_1_593' title='bbox 2213 1556 2267 1601; x_wconf 92' lang='lat' dir='ltr'><strong><em>et</em></strong></span> <span class='ocrx_word' id='word_1_594' title='bbox 2298 1562 2486 1601; x_wconf 90' lang='lat' dir='ltr'><strong><em>eorum</em></strong></span> <span class='ocrx_word' id='word_1_595' title='bbox 2519 1564 2639 1618; x_wconf 72' lang='lat' dir='ltr'><strong><em>qua:</em></strong></span> <span class='ocrx_word' id='word_1_596' title='bbox 2669 1548 2757 1604; x_wconf 89' lang='lat' dir='ltr'><strong><em>hic</em></strong></span> <span class='ocrx_word' id='word_1_597' title='bbox 2785 1567 2812 1601; x_wconf 88' lang='lat' dir='ltr'><strong><em>a</em></strong></span> <span class='ocrx_word' id='word_1_598' title='bbox 2844 1549 2999 1605; x_wconf 90' lang='lat' dir='ltr'><strong><em>nobis</em></strong></span> <span class='ocrx_word' id='word_1_599' title='bbox 3026 1562 3176 1621; x_wconf 78' lang='lat' dir='ltr'><strong><em>gesta</em></strong></span> <span class='ocrx_word' id='word_1_600' title='bbox 3206 1560 3336 1608; x_wconf 88' lang='lat' dir='ltr'><strong><em>sunt</em></strong></span> <span class='ocrx_word' id='word_1_601' title='bbox 3364 1568 3471 1609; x_wconf 92' lang='lat' dir='ltr'><strong><em>non</em></strong></span> 
     </span>
    </p>
   </div>
   <div class='ocr_carea' id='block_1_75' title="bbox 1868 1639 3472 1707">
    <p class='ocr_par' dir='ltr' id='par_1_75' title="bbox 1868 1639 3472 1707">
     <span class='ocr_line' id='line_1_75' title="bbox 1868 1639 3472 1707; baseline 0.006 -17"><span class='ocrx_word' id='word_1_602' title='bbox 1868 1648 2092 1692; x_wconf 71' lang='lat' dir='ltr'><strong><em>daturos</em></strong></span> <span class='ocrx_word' id='word_1_603' title='bbox 2142 1652 2364 1707; x_wconf 75' lang='lat' dir='ltr'><strong><em>punias,</em></strong></span> <span class='ocrx_word' id='word_1_604' title='bbox 2417 1655 2516 1694; x_wconf 89' lang='lat' dir='ltr'><strong><em>uec</em></strong></span> <span class='ocrx_word' id='word_1_605' title='bbox 2564 1639 2794 1694; x_wconf 86' lang='lat' dir='ltr'><strong><em>futuram</em></strong></span> <span class='ocrx_word' id='word_1_606' title='bbox 2853 1644 3328 1699; x_wconf 79' lang='lat' dir='ltr'><strong><em>resurrecuoncm.</em></strong></span> <span class='ocrx_word' id='word_1_607' title='bbox 3372 1651 3472 1702; x_wconf 75' lang='lat' dir='ltr'><strong><em>Aut</em></strong></span> 
     </span>
    </p>
   </div>
   <div class='ocr_carea' id='block_1_76' title="bbox 1870 1729 3472 1807">
    <p class='ocr_par' dir='ltr' id='par_1_76' title="bbox 1870 1729 3472 1807">
     <span class='ocr_line' id='line_1_76' title="bbox 1870 1729 3472 1807; baseline 0.006 -23"><span class='ocrx_word' id='word_1_608' title='bbox 1870 1732 2055 1794; x_wconf 81' lang='lat' dir='ltr'><strong><em>aliter,</em></strong></span> <span class='ocrx_word' id='word_1_609' title='bbox 2089 1729 2334 1800; x_wconf 83' lang='lat' dir='ltr'><strong><em>deccptio</em></strong></span> <span class='ocrx_word' id='word_1_610' title='bbox 2363 1740 2442 1786; x_wconf 90' lang='lat' dir='ltr'><strong><em>cst</em></strong></span> <span class='ocrx_word' id='word_1_611' title='bbox 2468 1732 2600 1787; x_wconf 86' lang='lat' dir='ltr'><strong><em>nihil</em></strong></span> <span class='ocrx_word' id='word_1_612' title='bbox 2628 1733 2818 1790; x_wconf 82' lang='lat' dir='ltr'><strong><em>dolere</em></strong></span> <span class='ocrx_word' id='word_1_613' title='bbox 2839 1777 2854 1802; x_wconf 93' lang='lat'><strong><em>,</em></strong></span> <span class='ocrx_word' id='word_1_614' title='bbox 2883 1745 2976 1790; x_wconf 91' lang='lat' dir='ltr'><strong><em>aut</em></strong></span> <span class='ocrx_word' id='word_1_615' title='bbox 2997 1735 3310 1807; x_wconf 85' lang='lat' dir='ltr'><strong><em>desperatio</em></strong></span> <span class='ocrx_word' id='word_1_616' title='bbox 3343 1757 3356 1792; x_wconf 90' lang='lat'>:</span> <span class='ocrx_word' id='word_1_617' title='bbox 3390 1739 3472 1794; x_wconf 86' lang='lat' dir='ltr'><strong><em>di-</em></strong></span> 
     </span>
    </p>
   </div>
   <div class='ocr_carea' id='block_1_77' title="bbox 1870 1821 3481 1896">
    <p class='ocr_par' dir='ltr' id='par_1_77' title="bbox 1870 1821 3481 1896">
     <span class='ocr_line' id='line_1_77' title="bbox 1870 1821 3481 1896; baseline 0.006 -22"><span class='ocrx_word' id='word_1_618' title='bbox 1870 1837 1995 1874; x_wconf 82' lang='lat' dir='ltr'><strong><em>cere</em></strong></span> <span class='ocrx_word' id='word_1_619' title='bbox 2021 1822 2187 1882; x_wconf 76' lang='lat' dir='ltr'><strong><em>onim,</em></strong></span> <span class='ocrx_word' id='word_1_620' title='bbox 2224 1821 2358 1888; x_wconf 83' lang='lat' dir='ltr'><strong><em>Quid</em></strong></span> <span class='ocrx_word' id='word_1_621' title='bbox 2391 1823 2552 1877; x_wconf 81' lang='lat' dir='ltr'><strong><em>vero?</em></strong></span> <span class='ocrx_word' id='word_1_622' title='bbox 2584 1825 2753 1879; x_wconf 88' lang='lat' dir='ltr'><strong><em>semel</em></strong></span> <span class='ocrx_word' id='word_1_623' title='bbox 2785 1826 3026 1896; x_wconf 87' lang='lat' dir='ltr'><strong><em>peccavi,</em></strong></span> <span class='ocrx_word' id='word_1_624' title='bbox 3051 1829 3196 1883; x_wconf 89' lang='lat' dir='ltr'><strong><em>nulla</em></strong></span> <span class='ocrx_word' id='word_1_625' title='bbox 3229 1839 3313 1885; x_wconf 88' lang='lat' dir='ltr'><strong><em>est</em></strong></span> <span class='ocrx_word' id='word_1_626' title='bbox 3342 1831 3481 1894; x_wconf 27' lang='lat' dir='ltr'><strong><em>mihi,</em></strong></span> 
     </span>
    </p>
   </div>
   <div class='ocr_carea' id='block_1_78' title="bbox 1873 1916 3473 1994">
    <p class='ocr_par' dir='ltr' id='par_1_78' title="bbox 1873 1916 3473 1994">
     <span class='ocr_line' id='line_1_78' title="bbox 1873 1916 3473 1994; baseline 0.006 -27"><span class='ocrx_word' id='word_1_627' title='bbox 1873 1930 1999 1983; x_wconf 82' lang='lat' dir='ltr'><strong><em>spes</em></strong></span> <span class='ocrx_word' id='word_1_628' title='bbox 2025 1931 2110 1968; x_wconf 82' lang='lat' dir='ltr'><strong><em>tlte</em></strong></span> <span class='ocrx_word' id='word_1_629' title='bbox 2139 1916 2446 1984; x_wconf 85' lang='lat' dir='ltr'><strong><em>recreandi,</em></strong></span> <span class='ocrx_word' id='word_1_630' title='bbox 2467 1927 2550 1971; x_wconf 89' lang='lat' dir='ltr'><strong><em>est</em></strong></span> <span class='ocrx_word' id='word_1_631' title='bbox 2575 1918 2843 1988; x_wconf 78' lang='lat' dir='ltr'><strong><em>dereptiu.</em></strong></span> <span class='ocrx_word' id='word_1_632' title='bbox 2876 1920 3077 1977; x_wconf 88' lang='lat' dir='ltr'><strong><em>Deinde</em></strong></span> <span class='ocrx_word' id='word_1_633' title='bbox 3102 1924 3182 1978; x_wconf 89' lang='lat' dir='ltr'><strong><em>eis</em></strong></span> <span class='ocrx_word' id='word_1_634' title='bbox 3205 1939 3354 1994; x_wconf 88' lang='lat' dir='ltr'><strong><em>spem</em></strong></span> <span class='ocrx_word' id='word_1_635' title='bbox 3382 1927 3473 1978; x_wconf 82' lang='lat' dir='ltr'><strong><em>im-</em></strong></span> 
     </span>
    </p>
   </div>
   <div class='ocr_carea' id='block_1_79' title="bbox 1872 2007 3473 2088">
    <p class='ocr_par' dir='ltr' id='par_1_79' title="bbox 1872 2007 3473 2088">
     <span class='ocr_line' id='line_1_79' title="bbox 1872 2007 3473 2088; baseline 0.007 -28"><span class='ocrx_word' id='word_1_636' title='bbox 1872 2007 2052 2069; x_wconf 89' lang='lat' dir='ltr'><strong><em>tnittit,</em></strong></span> <span class='ocrx_word' id='word_1_637' title='bbox 2085 2008 2271 2061; x_wconf 87' lang='lat' dir='ltr'><strong><em>dicens</em></strong></span> <span class='ocrx_word' id='word_1_638' title='bbox 2303 2026 2315 2060; x_wconf 93' lang='lat'>:</span> <span class='ocrx_word' id='word_1_639' title='bbox 2355 2007 2639 2080; x_wconf 84' lang='lat' dir='ltr'><strong><em>Participes</em></strong></span> <span class='ocrx_word' id='word_1_640' title='bbox 2671 2010 2860 2067; x_wconf 79' lang='lat' dir='ltr'><strong><em>Christi</em></strong></span> <span class='ocrx_word' id='word_1_641' title='bbox 2885 2013 3054 2081; x_wconf 71' lang='lat' dir='ltr'><strong><em>effecti</em></strong></span> <span class='ocrx_word' id='word_1_642' title='bbox 3073 2033 3250 2071; x_wconf 86' lang='lat' dir='ltr'><strong><em>smnus</em></strong></span> <span class='ocrx_word' id='word_1_643' title='bbox 3279 2017 3296 2088; x_wconf 91' lang='lat'>(</span> <span class='ocrx_word' id='word_1_644' title='bbox 3320 2017 3473 2072; x_wconf 74' lang='lat' dir='ltr'><strong><em>Hebr.</em></strong></span> 
     </span>
    </p>
   </div>
   <div class='ocr_carea' id='block_1_80' title="bbox 1873 2099 3474 2175">
    <p class='ocr_par' dir='ltr' id='par_1_80' title="bbox 1873 2099 3474 2175">
     <span class='ocr_line' id='line_1_80' title="bbox 1873 2099 3474 2175; baseline 0.008 -23"><span class='ocrx_word' id='word_1_645' title='bbox 1873 2099 1926 2152; x_wconf 80' lang='grc'><strong>5.</strong></span> <span class='ocrx_word' id='word_1_646' title='bbox 1961 2099 2027 2152; x_wconf 75' lang='grc' dir='ltr'>Η</span> <span class='ocrx_word' id='word_1_647' title='bbox 2054 2100 2104 2163; x_wconf 90' lang='grc'>);</span> <span class='ocrx_word' id='word_1_648' title='bbox 2135 2101 2525 2169; x_wconf 79' lang='lat' dir='ltr'><strong><em>propemodum</em></strong></span> <span class='ocrx_word' id='word_1_649' title='bbox 2573 2104 2761 2159; x_wconf 86' lang='lat' dir='ltr'><strong><em>dicens</em></strong></span> <span class='ocrx_word' id='word_1_650' title='bbox 2793 2123 2804 2158; x_wconf 88' lang='lat'><strong>:</strong></span> <span class='ocrx_word' id='word_1_651' title='bbox 2838 2106 2939 2175; x_wconf 84' lang='lat' dir='ltr'><strong><em>Qui</em></strong></span> <span class='ocrx_word' id='word_1_652' title='bbox 2989 2125 3086 2164; x_wconf 87' lang='lat' dir='ltr'><strong><em>nos</em></strong></span> <span class='ocrx_word' id='word_1_653' title='bbox 3135 2111 3204 2162; x_wconf 83' lang='lat' dir='ltr'><strong><em>ita</em></strong></span> <span class='ocrx_word' id='word_1_654' title='bbox 3251 2109 3436 2165; x_wconf 70' lang='lat' dir='ltr'><strong><em>dilexi:</em></strong></span> <span class='ocrx_word' id='word_1_655' title='bbox 3463 2153 3474 2174; x_wconf 86' lang='lat'>.</span> 
     </span>
    </p>
   </div>
   <div class='ocr_carea' id='block_1_81' title="bbox 1871 2189 3473 2270">
    <p class='ocr_par' dir='ltr' id='par_1_81' title="bbox 1871 2189 3473 2270">
     <span class='ocr_line' id='line_1_81' title="bbox 1871 2189 3473 2270; baseline 0.006 -28"><span class='ocrx_word' id='word_1_656' title='bbox 1871 2189 1962 2258; x_wconf 85' lang='lat' dir='ltr'><strong><em>qui</em></strong></span> <span class='ocrx_word' id='word_1_657' title='bbox 1993 2206 2091 2243; x_wconf 85' lang='lat' dir='ltr'><strong><em>nos</em></strong></span> <span class='ocrx_word' id='word_1_658' title='bbox 2120 2191 2252 2244; x_wconf 85' lang='lat' dir='ltr'><strong><em>tanti</em></strong></span> <span class='ocrx_word' id='word_1_659' title='bbox 2283 2192 2406 2246; x_wconf 86' lang='lat' dir='ltr'><strong><em>fecit</em></strong></span> <span class='ocrx_word' id='word_1_660' title='bbox 2429 2203 2485 2246; x_wconf 90' lang='lat' dir='ltr'><strong><em>ut</em></strong></span> <span class='ocrx_word' id='word_1_661' title='bbox 2509 2208 2659 2248; x_wconf 88' lang='lat' dir='ltr'><strong><em>suum</em></strong></span> <span class='ocrx_word' id='word_1_662' title='bbox 2686 2211 2883 2266; x_wconf 83' lang='lat' dir='ltr'><strong><em>corpus</em></strong></span> <span class='ocrx_word' id='word_1_663' title='bbox 2907 2198 3134 2263; x_wconf 84' lang='lat' dir='ltr'><strong><em>faceret,</em></strong></span> <span class='ocrx_word' id='word_1_664' title='bbox 3162 2216 3266 2254; x_wconf 90' lang='lat' dir='ltr'><strong><em>non</em></strong></span> <span class='ocrx_word' id='word_1_665' title='bbox 3298 2200 3473 2270; x_wconf 68' lang='lat' dir='ltr'><strong><em>despi-</em></strong></span> 
     </span>
    </p>
   </div>
   <div class='ocr_carea' id='block_1_82' title="bbox 1874 2279 3472 2366">
    <p class='ocr_par' dir='ltr' id='par_1_82' title="bbox 1874 2279 3472 2366">
     <span class='ocr_line' id='line_1_82' title="bbox 1874 2279 3472 2366; baseline 0.011 -35"><span class='ocrx_word' id='word_1_666' title='bbox 1874 2279 1979 2331; x_wconf 89' lang='lat' dir='ltr'><strong><em>ciet</em></strong></span> <span class='ocrx_word' id='word_1_667' title='bbox 2010 2289 2315 2347; x_wconf 71' lang='lat' dir='ltr'><strong><em>pereuntes.</em></strong></span> <span class='ocrx_word' id='word_1_668' title='bbox 2343 2280 2677 2352; x_wconf 81' lang='lat' dir='ltr'><strong><em>Cogitemus,</em></strong></span> <span class='ocrx_word' id='word_1_669' title='bbox 2704 2286 2897 2358; x_wconf 87' lang='lat' dir='ltr'><strong><em>inquit,</em></strong></span> <span class='ocrx_word' id='word_1_670' title='bbox 2924 2292 3244 2362; x_wconf 81' lang='lat' dir='ltr'><strong><em>quibusnam</em></strong></span> <span class='ocrx_word' id='word_1_671' title='bbox 3273 2293 3472 2366; x_wconf 74' lang='lat' dir='ltr'><strong><em>dignati</em></strong></span> 
     </span>
    </p>
   </div>
   <div class='ocr_carea' id='block_1_83' title="bbox 1873 2376 3475 2457">
    <p class='ocr_par' dir='ltr' id='par_1_83' title="bbox 1873 2376 3475 2457">
     <span class='ocr_line' id='line_1_83' title="bbox 1873 2376 3475 2457; baseline 0.01 -33"><span class='ocrx_word' id='word_1_672' title='bbox 1873 2385 2059 2425; x_wconf 82' lang='lat' dir='ltr'><strong><em>sumus</em></strong></span> <span class='ocrx_word' id='word_1_673' title='bbox 2088 2390 2101 2426; x_wconf 93' lang='lat'><strong>:</strong></span> <span class='ocrx_word' id='word_1_674' title='bbox 2133 2390 2229 2429; x_wconf 85' lang='lat' dir='ltr'><strong><em>nos</em></strong></span> <span class='ocrx_word' id='word_1_675' title='bbox 2257 2385 2308 2429; x_wconf 86' lang='lat' dir='ltr'><strong><em>et</em></strong></span> <span class='ocrx_word' id='word_1_676' title='bbox 2333 2376 2582 2433; x_wconf 88' lang='lat' dir='ltr'><strong><em>Christus</em></strong></span> <span class='ocrx_word' id='word_1_677' title='bbox 2610 2397 2773 2436; x_wconf 89' lang='lat' dir='ltr'><strong><em>unum</em></strong></span> <span class='ocrx_word' id='word_1_678' title='bbox 2797 2397 3005 2441; x_wconf 89' lang='lat' dir='ltr'><strong><em>sumus.</em></strong></span> <span class='ocrx_word' id='word_1_679' title='bbox 3032 2385 3113 2442; x_wconf 84' lang='lat' dir='ltr'><strong><em>Ne</em></strong></span> <span class='ocrx_word' id='word_1_680' title='bbox 3134 2402 3265 2457; x_wconf 75' lang='lat' dir='ltr'><strong><em>ergo</em></strong></span> <span class='ocrx_word' id='word_1_681' title='bbox 3289 2387 3342 2444; x_wconf 89' lang='lat' dir='ltr'><strong><em>ei</em></strong></span> <span class='ocrx_word' id='word_1_682' title='bbox 3365 2404 3475 2442; x_wconf 82' lang='lat' dir='ltr'><strong><em>non</em></strong></span> 
     </span>
    </p>
   </div>
   <div class='ocr_carea' id='block_1_84' title="bbox 1872 2463 3472 2549">
    <p class='ocr_par' dir='ltr' id='par_1_84' title="bbox 1872 2463 3472 2549">
     <span class='ocr_line' id='line_1_84' title="bbox 1872 2463 3472 2549; baseline 0.011 -31"><span class='ocrx_word' id='word_1_683' title='bbox 1872 2463 2174 2520; x_wconf 79' lang='lat' dir='ltr'><strong><em>credamus.</em></strong></span> <span class='ocrx_word' id='word_1_684' title='bbox 2222 2467 2284 2520; x_wconf 84' lang='lat' dir='ltr'><strong><em>Et</em></strong></span> <span class='ocrx_word' id='word_1_685' title='bbox 2321 2485 2508 2526; x_wconf 88' lang='lat' dir='ltr'><strong><em>rursus</em></strong></span> <span class='ocrx_word' id='word_1_686' title='bbox 2538 2475 2696 2528; x_wconf 91' lang='lat' dir='ltr'><strong><em>tacite</em></strong></span> <span class='ocrx_word' id='word_1_687' title='bbox 2723 2475 2991 2545; x_wconf 79' lang='lat' dir='ltr'><strong><em>signiﬁcat</em></strong></span> <span class='ocrx_word' id='word_1_688' title='bbox 3017 2478 3151 2533; x_wconf 87' lang='lat' dir='ltr'><strong><em>illud</em></strong></span> <span class='ocrx_word' id='word_1_689' title='bbox 3178 2478 3321 2549; x_wconf 87' lang='lat' dir='ltr'><strong><em>quod</em></strong></span> <span class='ocrx_word' id='word_1_690' title='bbox 3347 2480 3472 2535; x_wconf 83' lang='lat' dir='ltr'><strong><em>alibi</em></strong></span> 
     </span>
    </p>
   </div>
   <div class='ocr_carea' id='block_1_85' title="bbox 1873 2553 3475 2644">
    <p class='ocr_par' dir='ltr' id='par_1_85' title="bbox 1873 2553 3475 2644">
     <span class='ocr_line' id='line_1_85' title="bbox 1873 2553 3475 2644; baseline 0.012 -36"><span class='ocrx_word' id='word_1_691' title='bbox 1873 2553 2072 2610; x_wconf 87' lang='lat' dir='ltr'><strong><em>dictum</em></strong></span> <span class='ocrx_word' id='word_1_692' title='bbox 2101 2567 2205 2622; x_wconf 87' lang='lat' dir='ltr'><strong><em>est,</em></strong></span> <span class='ocrx_word' id='word_1_693' title='bbox 2232 2558 2292 2614; x_wconf 86' lang='lat' dir='ltr'><strong><em>Si</em></strong></span> <span class='ocrx_word' id='word_1_694' title='bbox 2320 2563 2646 2628; x_wconf 82' lang='lat' dir='ltr'><strong><em>sustinemus,</em></strong></span> <span class='ocrx_word' id='word_1_695' title='bbox 2681 2577 2725 2620; x_wconf 92' lang='lat' dir='ltr'><strong><em>et</em></strong></span> <span class='ocrx_word' id='word_1_696' title='bbox 2753 2570 3172 2639; x_wconf 81' lang='lat' dir='ltr'><strong><em>conregnabimus</em></strong></span> <span class='ocrx_word' id='word_1_697' title='bbox 3203 2570 3297 2644; x_wconf 72' lang='grc'><strong>(2.</strong></span> <span class='ocrx_word' id='word_1_698' title='bbox 3332 2569 3475 2627; x_wconf 85' lang='lat' dir='ltr'><strong><em>Tim.</em></strong></span> 
     </span>
    </p>
   </div>
   <div class='ocr_carea' id='block_1_86' title="bbox 1871 2648 3477 2733">
    <p class='ocr_par' dir='ltr' id='par_1_86' title="bbox 1871 2648 3477 2733">
     <span class='ocr_line' id='line_1_86' title="bbox 1871 2648 3477 2733; baseline 0.011 -33"><span class='ocrx_word' id='word_1_699' title='bbox 1871 2648 1924 2701; x_wconf 73' lang='grc'><strong><em>2.</em></strong></span> <span class='ocrx_word' id='word_1_700' title='bbox 1961 2648 2086 2722; x_wconf 69' lang='grc'><strong><em>12).</em></strong></span> <span class='ocrx_word' id='word_1_701' title='bbox 2115 2650 2227 2707; x_wconf 83' lang='lat' dir='ltr'><strong><em>Hoc</em></strong></span> <span class='ocrx_word' id='word_1_702' title='bbox 2249 2655 2393 2708; x_wconf 89' lang='lat' dir='ltr'><strong><em>enim</em></strong></span> <span class='ocrx_word' id='word_1_703' title='bbox 2417 2665 2520 2720; x_wconf 90' lang='lat' dir='ltr'><strong><em>est,</em></strong></span> <span class='ocrx_word' id='word_1_704' title='bbox 2549 2654 2698 2711; x_wconf 79' lang='lat' dir='ltr'><strong><em>Facti</em></strong></span> <span class='ocrx_word' id='word_1_705' title='bbox 2721 2675 2895 2714; x_wconf 84' lang='lat' dir='ltr'><strong><em>sumus</em></strong></span> <span class='ocrx_word' id='word_1_706' title='bbox 2920 2662 3235 2733; x_wconf 88' lang='lat' dir='ltr'><strong><em>participes:</em></strong></span> <span class='ocrx_word' id='word_1_707' title='bbox 3260 2679 3477 2718; x_wconf 82' lang='lat' dir='ltr'><strong><em>eorum—</em></strong></span> 
     </span>
    </p>
   </div>
   <div class='ocr_carea' id='block_1_87' title="bbox 1870 2739 3476 2820">
    <p class='ocr_par' dir='ltr' id='par_1_87' title="bbox 1870 2739 3476 2820">
     <span class='ocr_line' id='line_1_87' title="bbox 1870 2739 3476 2820; baseline 0.011 -27"><span class='ocrx_word' id='word_1_708' title='bbox 1870 2739 1993 2794; x_wconf 87' lang='lat' dir='ltr'><strong><em>dem</em></strong></span> <span class='ocrx_word' id='word_1_709' title='bbox 2023 2757 2208 2798; x_wconf 81' lang='lat' dir='ltr'><strong><em>sumus</em></strong></span> <span class='ocrx_word' id='word_1_710' title='bbox 2239 2747 2547 2816; x_wconf 86' lang='lat' dir='ltr'><strong><em>participes,</em></strong></span> <span class='ocrx_word' id='word_1_711' title='bbox 2578 2766 2808 2820; x_wconf 86' lang='lat' dir='ltr'><strong><em>quorum</em></strong></span> <span class='ocrx_word' id='word_1_712' title='bbox 2841 2766 2921 2806; x_wconf 84' lang='lat' dir='ltr'><strong><em>est</em></strong></span> <span class='ocrx_word' id='word_1_713' title='bbox 2953 2751 3221 2809; x_wconf 90' lang='lat' dir='ltr'><strong><em>Christus.</em></strong></span> <span class='ocrx_word' id='word_1_714' title='bbox 3257 2756 3476 2810; x_wconf 68' lang='lat' dir='ltr'><strong><em>Adiutr-</em></strong></span> 
     </span>
    </p>
   </div>
   <div class='ocr_carea' id='block_1_88' title="bbox 1874 2834 3476 2917">
    <p class='ocr_par' dir='ltr' id='par_1_88' title="bbox 1874 2834 3476 2917">
     <span class='ocr_line' id='line_1_88' title="bbox 1874 2834 3476 2917; baseline 0.012 -33"><span class='ocrx_word' id='word_1_715' title='bbox 1874 2841 2014 2885; x_wconf 85' lang='lat' dir='ltr'><strong><em>tatus</em></strong></span> <span class='ocrx_word' id='word_1_716' title='bbox 2045 2844 2128 2888; x_wconf 88' lang='lat' dir='ltr'><strong><em>est</em></strong></span> <span class='ocrx_word' id='word_1_717' title='bbox 2155 2834 2223 2889; x_wconf 81' lang='lat' dir='ltr'><strong><em>ab</em></strong></span> <span class='ocrx_word' id='word_1_718' title='bbox 2257 2837 2319 2890; x_wconf 90' lang='lat' dir='ltr'><strong><em>iis</em></strong></span> <span class='ocrx_word' id='word_1_719' title='bbox 2355 2845 2492 2907; x_wconf 61' lang='lat' dir='ltr'><strong><em>quas&quot;</em></strong></span> <span class='ocrx_word' id='word_1_720' title='bbox 2516 2852 2642 2894; x_wconf 84' lang='lat' dir='ltr'><strong><em>sont</em></strong></span> <span class='ocrx_word' id='word_1_721' title='bbox 2690 2842 2828 2896; x_wconf 85' lang='lat' dir='ltr'><strong><em>bona</em></strong></span> <span class='ocrx_word' id='word_1_722' title='bbox 2863 2853 2918 2898; x_wconf 87' lang='lat' dir='ltr'><strong><em>et</em></strong></span> <span class='ocrx_word' id='word_1_723' title='bbox 2960 2846 3107 2898; x_wconf 83' lang='lat' dir='ltr'><strong><em>utilia</em></strong></span> <span class='ocrx_word' id='word_1_724' title='bbox 3143 2866 3156 2901; x_wconf 90' lang='lat'>:</span> <span class='ocrx_word' id='word_1_725' title='bbox 3189 2845 3476 2917; x_wconf 65' lang='lat' dir='ltr'><strong><em>Panic-ipes</em></strong></span> 
     </span>
    </p>
   </div>
   <div class='ocr_carea' id='block_1_89' title="bbox 1873 2925 3477 2996">
    <p class='ocr_par' dir='ltr' id='par_1_89' title="bbox 1873 2925 3477 2996">
     <span class='ocr_line' id='line_1_89' title="bbox 1873 2925 3477 2996; baseline 0.01 -22"><span class='ocrx_word' id='word_1_726' title='bbox 1873 2925 2019 2984; x_wconf 86' lang='lat' dir='ltr'><strong><em>enim,</em></strong></span> <span class='ocrx_word' id='word_1_727' title='bbox 2056 2925 2247 2996; x_wconf 82' lang='lat' dir='ltr'><strong><em>inquit,</em></strong></span> <span class='ocrx_word' id='word_1_728' title='bbox 2281 2944 2457 2982; x_wconf 88' lang='lat' dir='ltr'><strong><em>sumus</em></strong></span> <span class='ocrx_word' id='word_1_729' title='bbox 2488 2928 2701 2984; x_wconf 82' lang='lat' dir='ltr'><strong><em>Christi.</em></strong></span> <span class='ocrx_word' id='word_1_730' title='bbox 2735 2933 2937 2988; x_wconf 83' lang='lat' dir='ltr'><strong><em>Deinde</em></strong></span> <span class='ocrx_word' id='word_1_731' title='bbox 2969 2951 3154 2990; x_wconf 82' lang='lat' dir='ltr'><strong><em>rursus</em></strong></span> <span class='ocrx_word' id='word_1_732' title='bbox 3177 2953 3205 2991; x_wconf 88' lang='lat' dir='ltr'><strong><em>a</em></strong></span> <span class='ocrx_word' id='word_1_733' title='bbox 3232 2939 3477 2991; x_wconf 73' lang='lat' dir='ltr'><strong><em>tristibus</em></strong></span> 
     </span>
    </p>
   </div>
   <div class='ocr_carea' id='block_1_90' title="bbox 1870 3017 3477 3101">
    <p class='ocr_par' dir='ltr' id='par_1_90' title="bbox 1870 3017 3477 3101">
     <span class='ocr_line' id='line_1_90' title="bbox 1870 3017 3477 3101; baseline 0.012 -33"><span class='ocrx_word' id='word_1_734' title='bbox 1870 3026 1924 3068; x_wconf 88' lang='lat' dir='ltr'><strong><em>et</em></strong></span> <span class='ocrx_word' id='word_1_735' title='bbox 1962 3017 2204 3072; x_wconf 87' lang='lat' dir='ltr'><strong><em>molestis</em></strong></span> <span class='ocrx_word' id='word_1_736' title='bbox 2239 3039 2250 3074; x_wconf 92' lang='lat'>:</span> <span class='ocrx_word' id='word_1_737' title='bbox 2289 3019 2577 3077; x_wconf 84' lang='lat' dir='ltr'><strong><em>Timeamus</em></strong></span> <span class='ocrx_word' id='word_1_738' title='bbox 2623 3043 2685 3078; x_wconf 87' lang='lat' dir='ltr'><strong><em>ne</em></strong></span> <span class='ocrx_word' id='word_1_739' title='bbox 2723 3027 2857 3095; x_wconf 85' lang='lat' dir='ltr'><strong><em>{orte</em></strong></span> <span class='ocrx_word' id='word_1_740' title='bbox 2898 3030 3072 3083; x_wconf 85' lang='lat' dir='ltr'><strong><em>relicta</em></strong></span> <span class='ocrx_word' id='word_1_741' title='bbox 3108 3029 3477 3101; x_wconf 76' lang='lat' dir='ltr'><strong><em>pollicitatione</em></strong></span> 
     </span>
    </p>
   </div>
   <div class='ocr_carea' id='block_1_91' title="bbox 1871 3106 3477 3192">
    <p class='ocr_par' dir='ltr' id='par_1_91' title="bbox 1871 3106 3477 3192">
     <span class='ocr_line' id='line_1_91' title="bbox 1871 3106 3477 3192; baseline 0.014 -35"><span class='ocrx_word' id='word_1_742' title='bbox 1871 3106 2162 3162; x_wconf 81' lang='lat' dir='ltr'><strong><em>introeundi</em></strong></span> <span class='ocrx_word' id='word_1_743' title='bbox 2189 3112 2239 3164; x_wconf 89' lang='lat' dir='ltr'><strong><em>in</em></strong></span> <span class='ocrx_word' id='word_1_744' title='bbox 2271 3115 2489 3185; x_wconf 80' lang='lat' dir='ltr'><strong><em>requiem</em></strong></span> <span class='ocrx_word' id='word_1_745' title='bbox 2517 3117 2625 3186; x_wconf 82' lang='lat' dir='ltr'><strong><em>ejus</em></strong></span> <span class='ocrx_word' id='word_1_746' title='bbox 2647 3160 2661 3181; x_wconf 97' lang='lat'><strong><em>,</em></strong></span> <span class='ocrx_word' id='word_1_747' title='bbox 2692 3120 3007 3173; x_wconf 67' lang='lat' dir='ltr'><strong><em>existimetur</em></strong></span> <span class='ocrx_word' id='word_1_748' title='bbox 3034 3123 3218 3192; x_wconf 74' lang='lat' dir='ltr'><strong><em>aliquis</em></strong></span> <span class='ocrx_word' id='word_1_749' title='bbox 3245 3142 3307 3179; x_wconf 74' lang='lat' dir='ltr'><strong><em>ea:</em></strong></span> <span class='ocrx_word' id='word_1_750' title='bbox 3334 3125 3477 3180; x_wconf 57' lang='lat' dir='ltr'><strong><em>nobis</em></strong></span> 
     </span>
    </p>
   </div>
   <div class='ocr_carea' id='block_1_92' title="bbox 1870 3199 3472 3285">
    <p class='ocr_par' dir='ltr' id='par_1_92' title="bbox 1870 3199 3472 3285">
     <span class='ocr_line' id='line_1_92' title="bbox 1870 3199 3472 3285; baseline 0.014 -35"><span class='ocrx_word' id='word_1_751' title='bbox 1870 3199 2057 3253; x_wconf 61' lang='lat' dir='ltr'><strong><em>deesse.</em></strong></span> <span class='ocrx_word' id='word_1_752' title='bbox 2089 3202 2220 3256; x_wconf 82' lang='lat' dir='ltr'><strong><em>Illud</em></strong></span> <span class='ocrx_word' id='word_1_753' title='bbox 2251 3203 2392 3259; x_wconf 83' lang='lat' dir='ltr'><strong><em>enim</em></strong></span> <span class='ocrx_word' id='word_1_754' title='bbox 2426 3218 2508 3262; x_wconf 66' lang='lat' dir='ltr'><strong><em>est</em></strong></span> <span class='ocrx_word' id='word_1_755' title='bbox 2537 3212 2899 3279; x_wconf 75' lang='lat' dir='ltr'><strong><em>pt&#39;t‘SpiCttlltll,</em></strong></span> <span class='ocrx_word' id='word_1_756' title='bbox 2929 3223 2980 3268; x_wconf 85' lang='lat' dir='ltr'><strong><em>et</em></strong></span> <span class='ocrx_word' id='word_1_757' title='bbox 3011 3215 3078 3270; x_wconf 89' lang='lat' dir='ltr'><strong><em>de</em></strong></span> <span class='ocrx_word' id='word_1_758' title='bbox 3108 3232 3214 3285; x_wconf 89' lang='lat' dir='ltr'><strong><em>quo</em></strong></span> <span class='ocrx_word' id='word_1_759' title='bbox 3241 3229 3472 3273; x_wconf 77' lang='lat' dir='ltr'><strong><em>constat.</em></strong></span> 
     </span>
    </p>
   </div>
   <div class='ocr_carea' id='block_1_93' title="bbox 1875 3286 3477 3380">
    <p class='ocr_par' dir='ltr' id='par_1_93' title="bbox 1875 3286 3477 3380">
     <span class='ocr_line' id='line_1_93' title="bbox 1875 3286 3477 3380; baseline 0.015 -40"><span class='ocrx_word' id='word_1_760' title='bbox 1875 3286 2223 3347; x_wconf 75' lang='lat' dir='ltr'><strong><em>Probarerunt</em></strong></span> <span class='ocrx_word' id='word_1_761' title='bbox 2270 3313 2369 3363; x_wconf 88' lang='lat' dir='ltr'><strong><em>me,</em></strong></span> <span class='ocrx_word' id='word_1_762' title='bbox 2404 3307 2448 3351; x_wconf 87' lang='lat' dir='ltr'><strong><em>et</em></strong></span> <span class='ocrx_word' id='word_1_763' title='bbox 2500 3299 2729 3354; x_wconf 84' lang='lat' dir='ltr'><strong><em>viderunt</em></strong></span> <span class='ocrx_word' id='word_1_764' title='bbox 2779 3320 2939 3372; x_wconf 80' lang='lat' dir='ltr'><strong><em>opera</em></strong></span> <span class='ocrx_word' id='word_1_765' title='bbox 2980 3322 3090 3359; x_wconf 83' lang='lat' dir='ltr'><strong><em>mea</em></strong></span> <span class='ocrx_word' id='word_1_766' title='bbox 3133 3308 3477 3380; x_wconf 85' lang='lat' dir='ltr'><strong><em>quadraginta</em></strong></span> 
     </span>
    </p>
   </div>
   <div class='ocr_carea' id='block_1_94' title="bbox 1868 3385 3476 3471">
    <p class='ocr_par' dir='ltr' id='par_1_94' title="bbox 1868 3385 3476 3471">
     <span class='ocr_line' id='line_1_94' title="bbox 1868 3385 3476 3471; baseline 0.014 -36"><span class='ocrx_word' id='word_1_767' title='bbox 1868 3385 2036 3438; x_wconf 85' lang='lat' dir='ltr'><strong><em>annis.</em></strong></span> <span class='ocrx_word' id='word_1_768' title='bbox 2068 3385 2256 3455; x_wconf 81' lang='lat' dir='ltr'><strong><em>Viden,</em></strong></span> <span class='ocrx_word' id='word_1_769' title='bbox 2282 3390 2422 3459; x_wconf 88' lang='lat' dir='ltr'><strong><em>quod</em></strong></span> <span class='ocrx_word' id='word_1_770' title='bbox 2458 3408 2562 3447; x_wconf 87' lang='lat' dir='ltr'><strong><em>non</em></strong></span> <span class='ocrx_word' id='word_1_771' title='bbox 2593 3405 2836 3465; x_wconf 86' lang='lat' dir='ltr'><strong><em>oporteat</em></strong></span> <span class='ocrx_word' id='word_1_772' title='bbox 2863 3414 2890 3450; x_wconf 68' lang='grc' dir='ltr'><strong><em>ει</em></strong></span> <span class='ocrx_word' id='word_1_773' title='bbox 2929 3398 3037 3454; x_wconf 90' lang='lat' dir='ltr'><strong><em>Deo</em></strong></span> <span class='ocrx_word' id='word_1_774' title='bbox 3065 3402 3281 3471; x_wconf 77' lang='lat' dir='ltr'><strong><em>exigere</em></strong></span> <span class='ocrx_word' id='word_1_775' title='bbox 3307 3405 3476 3458; x_wconf 82' lang='lat' dir='ltr'><strong><em>ratio-</em></strong></span> 
     </span>
    </p>
   </div>
   <div class='ocr_carea' id='block_1_95' title="bbox 1870 3479 3476 3558">
    <p class='ocr_par' dir='ltr' id='par_1_95' title="bbox 1870 3479 3476 3558">
     <span class='ocr_line' id='line_1_95' title="bbox 1870 3479 3476 3558; baseline 0.015 -30"><span class='ocrx_word' id='word_1_776' title='bbox 1870 3492 1991 3530; x_wconf 91' lang='lat' dir='ltr'><strong><em>nem</em></strong></span> <span class='ocrx_word' id='word_1_777' title='bbox 2019 3521 2032 3542; x_wconf 90' lang='lat'><strong><em>,</em></strong></span> <span class='ocrx_word' id='word_1_778' title='bbox 2063 3479 2156 3534; x_wconf 88' lang='lat' dir='ltr'><strong><em>sed</em></strong></span> <span class='ocrx_word' id='word_1_779' title='bbox 2185 3482 2299 3537; x_wconf 79' lang='lat' dir='ltr'><strong><em>sive</em></strong></span> <span class='ocrx_word' id='word_1_780' title='bbox 2330 3498 2428 3537; x_wconf 87' lang='lat' dir='ltr'><strong><em>nos</em></strong></span> <span class='ocrx_word' id='word_1_781' title='bbox 2458 3485 2743 3554; x_wconf 88' lang='lat' dir='ltr'><strong><em>defendat,</em></strong></span> <span class='ocrx_word' id='word_1_782' title='bbox 2779 3491 2894 3545; x_wconf 87' lang='lat' dir='ltr'><strong><em>sive</em></strong></span> <span class='ocrx_word' id='word_1_783' title='bbox 2941 3507 3049 3546; x_wconf 90' lang='lat' dir='ltr'><strong><em>non</em></strong></span> <span class='ocrx_word' id='word_1_784' title='bbox 3073 3533 3086 3558; x_wconf 94' lang='lat'><strong><em>,</em></strong></span> <span class='ocrx_word' id='word_1_785' title='bbox 3121 3495 3170 3549; x_wconf 93' lang='lat' dir='ltr'><strong><em>ei</em></strong></span> <span class='ocrx_word' id='word_1_786' title='bbox 3208 3497 3476 3554; x_wconf 85' lang='lat' dir='ltr'><strong><em>credere?</em></strong></span> 
     </span>
    </p>
   </div>
   <div class='ocr_carea' id='block_1_96' title="bbox 1869 3574 3472 3650">
    <p class='ocr_par' dir='ltr' id='par_1_96' title="bbox 1869 3574 3472 3650">
     <span class='ocr_line' id='line_1_96' title="bbox 1869 3574 3472 3650; baseline 0.017 -30"><span class='ocrx_word' id='word_1_787' title='bbox 1869 3584 2011 3623; x_wconf 90' lang='lat' dir='ltr'><strong><em>nunc</em></strong></span> <span class='ocrx_word' id='word_1_788' title='bbox 2055 3574 2198 3626; x_wconf 89' lang='lat' dir='ltr'><strong><em>enim</em></strong></span> <span class='ocrx_word' id='word_1_789' title='bbox 2245 3588 2341 3628; x_wconf 87' lang='lat' dir='ltr'><strong><em>eos</em></strong></span> <span class='ocrx_word' id='word_1_790' title='bbox 2389 3575 2692 3649; x_wconf 82' lang='lat' dir='ltr'><strong><em>insimulat,</em></strong></span> <span class='ocrx_word' id='word_1_791' title='bbox 2727 3581 2869 3650; x_wconf 90' lang='lat' dir='ltr'><strong><em>quod</em></strong></span> <span class='ocrx_word' id='word_1_792' title='bbox 2916 3584 3081 3639; x_wconf 88' lang='lat' dir='ltr'><strong><em>Deum</em></strong></span> <span class='ocrx_word' id='word_1_793' title='bbox 3126 3591 3472 3648; x_wconf 88' lang='lat' dir='ltr'><strong><em>tentaverint.</em></strong></span> 
     </span>
    </p>
   </div>
   <div class='ocr_carea' id='block_1_97' title="bbox 1869 3661 3474 3754">
    <p class='ocr_par' dir='ltr' id='par_1_97' title="bbox 1869 3661 3474 3754">
     <span class='ocr_line' id='line_1_97' title="bbox 1869 3661 3474 3754; baseline 0.018 -40"><span class='ocrx_word' id='word_1_794' title='bbox 1869 3661 2000 3716; x_wconf 82' lang='lat' dir='ltr'><strong><em>Nam</em></strong></span> <span class='ocrx_word' id='word_1_795' title='bbox 2028 3666 2118 3735; x_wconf 92' lang='lat' dir='ltr'><strong><em>qui</em></strong></span> <span class='ocrx_word' id='word_1_796' title='bbox 2143 3668 2256 3722; x_wconf 91' lang='lat' dir='ltr'><strong><em>vult</em></strong></span> <span class='ocrx_word' id='word_1_797' title='bbox 2278 3671 2523 3741; x_wconf 88' lang='lat' dir='ltr'><strong><em>accipere</em></strong></span> <span class='ocrx_word' id='word_1_798' title='bbox 2548 3676 2892 3743; x_wconf 85' lang='lat' dir='ltr'><strong><em>probationes</em></strong></span> <span class='ocrx_word' id='word_1_799' title='bbox 2915 3680 3033 3750; x_wconf 85' lang='lat' dir='ltr'><strong><em>ejus</em></strong></span> <span class='ocrx_word' id='word_1_800' title='bbox 3055 3689 3148 3737; x_wconf 85' lang='lat' dir='ltr'><strong><em>a‘ut</em></strong></span> <span class='ocrx_word' id='word_1_801' title='bbox 3172 3667 3474 3754; x_wconf 86' lang='lat' dir='ltr'><strong><em>potestatis,</em></strong></span> 
     </span>
    </p>
   </div>
   <div class='ocr_carea' id='block_1_98' title="bbox 1867 3760 3476 3840">
    <p class='ocr_par' dir='ltr' id='par_1_98' title="bbox 1867 3760 3476 3840">
     <span class='ocr_line' id='line_1_98' title="bbox 1867 3760 3476 3840; baseline 0.02 -33"><span class='ocrx_word' id='word_1_802' title='bbox 1867 3766 1958 3809; x_wconf 88' lang='lat' dir='ltr'><strong><em>aut</em></strong></span> <span class='ocrx_word' id='word_1_803' title='bbox 1989 3760 2360 3830; x_wconf 66' lang='lat' dir='ltr'><strong><em>providentiae,</em></strong></span> <span class='ocrx_word' id='word_1_804' title='bbox 2397 3775 2489 3819; x_wconf 90' lang='lat' dir='ltr'><strong><em>aut</em></strong></span> <span class='ocrx_word' id='word_1_805' title='bbox 2515 3782 2659 3822; x_wconf 69' lang='lat' dir='ltr'><strong><em>cura:</em></strong></span> <span class='ocrx_word' id='word_1_806' title='bbox 2681 3811 2694 3832; x_wconf 93' lang='lat'><strong><em>,</em></strong></span> <span class='ocrx_word' id='word_1_807' title='bbox 2727 3771 2964 3825; x_wconf 87' lang='lat' dir='ltr'><strong><em>nondum</em></strong></span> <span class='ocrx_word' id='word_1_808' title='bbox 2995 3775 3171 3830; x_wconf 90' lang='lat' dir='ltr'><strong><em>credit</em></strong></span> <span class='ocrx_word' id='word_1_809' title='bbox 3200 3793 3322 3832; x_wconf 90' lang='lat' dir='ltr'><strong><em>eum</em></strong></span> <span class='ocrx_word' id='word_1_810' title='bbox 3352 3796 3476 3840; x_wconf 74' lang='lat' dir='ltr'><strong><em>esse</em></strong></span> 
     </span>
    </p>
   </div>
   <div class='ocr_carea' id='block_1_99' title="bbox 1869 3855 3471 3932">
    <p class='ocr_par' dir='ltr' id='par_1_99' title="bbox 1869 3855 3471 3932">
     <span class='ocr_line' id='line_1_99' title="bbox 1869 3855 3471 3932; baseline 0.019 -37"><span class='ocrx_word' id='word_1_811' title='bbox 1869 3855 2142 3913; x_wconf 88' lang='lat' dir='ltr'><strong><em>potentem</em></strong></span> <span class='ocrx_word' id='word_1_812' title='bbox 2173 3891 2186 3914; x_wconf 88' lang='lat'><strong><em>,</em></strong></span> <span class='ocrx_word' id='word_1_813' title='bbox 2222 3867 2320 3907; x_wconf 90' lang='lat' dir='ltr'><strong><em>nec</em></strong></span> <span class='ocrx_word' id='word_1_814' title='bbox 2350 3856 2401 3908; x_wconf 93' lang='lat' dir='ltr'><strong><em>in</em></strong></span> <span class='ocrx_word' id='word_1_815' title='bbox 2435 3856 2682 3913; x_wconf 87' lang='lat' dir='ltr'><strong><em>homines</em></strong></span> <span class='ocrx_word' id='word_1_816' title='bbox 2716 3859 3007 3932; x_wconf 84' lang='lat' dir='ltr'><strong><em>benignum</em></strong></span> <span class='ocrx_word' id='word_1_817' title='bbox 3040 3877 3094 3921; x_wconf 89' lang='lat' dir='ltr'><strong><em>et</em></strong></span> <span class='ocrx_word' id='word_1_818' title='bbox 3125 3867 3471 3926; x_wconf 87' lang='lat' dir='ltr'><strong><em>clementem.</em></strong></span> 
     </span>
    </p>
   </div>
   <div class='ocr_carea' id='block_1_100' title="bbox 1870 3939 3475 4028">
    <p class='ocr_par' dir='ltr' id='par_1_100' title="bbox 1870 3939 3475 4028">
     <span class='ocr_line' id='line_1_100' title="bbox 1870 3939 3475 4028; baseline 0.02 -37"><span class='ocrx_word' id='word_1_819' title='bbox 1870 3939 1984 3994; x_wconf 88' lang='lat' dir='ltr'><strong><em>lloc</em></strong></span> <span class='ocrx_word' id='word_1_820' title='bbox 2014 3944 2172 3997; x_wconf 89' lang='lat' dir='ltr'><strong><em>etiam</em></strong></span> <span class='ocrx_word' id='word_1_821' title='bbox 2210 3944 2276 3999; x_wconf 90' lang='lat' dir='ltr'><strong><em>ad</em></strong></span> <span class='ocrx_word' id='word_1_822' title='bbox 2310 3946 2410 4002; x_wconf 91' lang='lat' dir='ltr'><strong><em>hos</em></strong></span> <span class='ocrx_word' id='word_1_823' title='bbox 2439 3950 2682 4006; x_wconf 83' lang='lat' dir='ltr'><strong><em>scribens</em></strong></span> <span class='ocrx_word' id='word_1_824' title='bbox 2711 3955 3016 4012; x_wconf 88' lang='lat' dir='ltr'><strong><em>subindicat</em></strong></span> <span class='ocrx_word' id='word_1_825' title='bbox 3041 4003 3055 4025; x_wconf 96' lang='lat'><strong><em>,</em></strong></span> <span class='ocrx_word' id='word_1_826' title='bbox 3083 3961 3194 4028; x_wconf 81' lang='lat' dir='ltr'><strong><em>jam</em></strong></span> <span class='ocrx_word' id='word_1_827' title='bbox 3233 3963 3475 4023; x_wconf 78' lang='lat' dir='ltr'><strong><em>volentes</em></strong></span> 
     </span>
    </p>
   </div>
   <div class='ocr_carea' id='block_1_101' title="bbox 1870 4033 3474 4126">
    <p class='ocr_par' dir='ltr' id='par_1_101' title="bbox 1870 4033 3474 4126">
     <span class='ocr_line' id='line_1_101' title="bbox 1870 4033 3474 4126; baseline 0.017 -40"><span class='ocrx_word' id='word_1_828' title='bbox 1870 4033 2096 4090; x_wconf 80' lang='lat' dir='ltr'><strong><em>fortasse</em></strong></span> <span class='ocrx_word' id='word_1_829' title='bbox 2117 4037 2231 4107; x_wconf 83' lang='lat' dir='ltr'><strong><em>ejus</em></strong></span> <span class='ocrx_word' id='word_1_830' title='bbox 2252 4042 2558 4110; x_wconf 86' lang='lat' dir='ltr'><strong><em>potestatis,</em></strong></span> <span class='ocrx_word' id='word_1_831' title='bbox 2575 4062 2825 4118; x_wconf 71' lang='lat' dir='ltr'><strong><em>cumque</em></strong></span> <span class='ocrx_word' id='word_1_832' title='bbox 2847 4065 2910 4104; x_wconf 91' lang='lat' dir='ltr'><strong><em>ac</em></strong></span> <span class='ocrx_word' id='word_1_833' title='bbox 2937 4054 3288 4120; x_wconf 73' lang='lat' dir='ltr'><strong><em>providentia:</em></strong></span> <span class='ocrx_word' id='word_1_834' title='bbox 3311 4074 3474 4126; x_wconf 89' lang='lat' dir='ltr'><strong><em>quam</em></strong></span> 
     </span>
    </p>
   </div>
   <div class='ocr_carea' id='block_1_102' title="bbox 1867 4131 3474 4221">
    <p class='ocr_par' dir='ltr' id='par_1_102' title="bbox 1867 4131 3474 4221">
     <span class='ocr_line' id='line_1_102' title="bbox 1867 4131 3474 4221; baseline 0.019 -41"><span class='ocrx_word' id='word_1_835' title='bbox 1867 4141 2054 4180; x_wconf 87' lang='lat' dir='ltr'><strong><em>eorum</em></strong></span> <span class='ocrx_word' id='word_1_836' title='bbox 2091 4131 2226 4197; x_wconf 81' lang='lat' dir='ltr'><strong><em>gerit</em></strong></span> <span class='ocrx_word' id='word_1_837' title='bbox 2259 4135 2711 4193; x_wconf 77' lang='lat' dir='ltr'><strong><em>exanimationem</em></strong></span> <span class='ocrx_word' id='word_1_838' title='bbox 2742 4151 2795 4194; x_wconf 91' lang='lat' dir='ltr'><strong><em>et</em></strong></span> <span class='ocrx_word' id='word_1_839' title='bbox 2827 4143 3197 4211; x_wconf 80' lang='lat' dir='ltr'><strong><em>probationem</em></strong></span> <span class='ocrx_word' id='word_1_840' title='bbox 3229 4151 3474 4221; x_wconf 80' lang='lat' dir='ltr'><strong><em>accipere</em></strong></span> 
     </span>
    </p>
   </div>
   <div class='ocr_carea' id='block_1_103' title="bbox 1871 4217 3474 4313">
    <p class='ocr_par' dir='ltr' id='par_1_103' title="bbox 1871 4217 3474 4313">
     <span class='ocr_line' id='line_1_103' title="bbox 1871 4217 3474 4313; baseline 0.018 -43"><span class='ocrx_word' id='word_1_841' title='bbox 1871 4217 1921 4270; x_wconf 89' lang='lat' dir='ltr'><strong><em>in</em></strong></span> <span class='ocrx_word' id='word_1_842' title='bbox 1956 4221 2360 4277; x_wconf 85' lang='lat' dir='ltr'><strong><em>teutationibus.</em></strong></span> <span class='ocrx_word' id='word_1_843' title='bbox 2395 4226 2554 4282; x_wconf 71' lang='lat' dir='ltr'><strong><em>Vides</em></strong></span> <span class='ocrx_word' id='word_1_844' title='bbox 2584 4231 2725 4298; x_wconf 85' lang='lat' dir='ltr'><strong><em>quod</em></strong></span> <span class='ocrx_word' id='word_1_845' title='bbox 2759 4248 2823 4287; x_wconf 77' lang='lat' dir='ltr'><strong><em>ex</em></strong></span> <span class='ocrx_word' id='word_1_846' title='bbox 2856 4234 3229 4294; x_wconf 86' lang='lat' dir='ltr'><strong><em>incredulitate</em></strong></span> <span class='ocrx_word' id='word_1_847' title='bbox 3258 4217 3474 4313; x_wconf 80' lang='lat' dir='ltr'><strong><em>semper</em></strong></span> 
     </span>
    </p>
   </div>
   <div class='ocr_carea' id='block_1_104' title="bbox 1870 4314 3473 4403">
    <p class='ocr_par' dir='ltr' id='par_1_104' title="bbox 1870 4314 3473 4403">
     <span class='ocr_line' id='line_1_104' title="bbox 1870 4314 3473 4403; baseline 0.016 -37"><span class='ocrx_word' id='word_1_848' title='bbox 1870 4322 1952 4367; x_wconf 85' lang='lat' dir='ltr'><strong><em>est</em></strong></span> <span class='ocrx_word' id='word_1_849' title='bbox 1986 4314 2212 4370; x_wconf 87' lang='lat' dir='ltr'><strong><em>irritatio</em></strong></span> <span class='ocrx_word' id='word_1_850' title='bbox 2240 4328 2294 4372; x_wconf 89' lang='lat' dir='ltr'><strong><em>et</em></strong></span> <span class='ocrx_word' id='word_1_851' title='bbox 2324 4319 2391 4374; x_wconf 86' lang='lat' dir='ltr'><strong><em>ad</em></strong></span> <span class='ocrx_word' id='word_1_852' title='bbox 2418 4321 2551 4375; x_wconf 81' lang='lat' dir='ltr'><strong><em>iram</em></strong></span> <span class='ocrx_word' id='word_1_853' title='bbox 2599 4329 2948 4393; x_wconf 83' lang='lat' dir='ltr'><strong><em>provocatio?</em></strong></span> <span class='ocrx_word' id='word_1_854' title='bbox 2983 4330 3120 4398; x_wconf 87' lang='lat' dir='ltr'><strong><em>Quid</em></strong></span> <span class='ocrx_word' id='word_1_855' title='bbox 3150 4349 3276 4403; x_wconf 80' lang='lat' dir='ltr'><strong><em>ergo</em></strong></span> <span class='ocrx_word' id='word_1_856' title='bbox 3302 4322 3473 4392; x_wconf 84' lang='lat' dir='ltr'><strong><em>dicit?</em></strong></span> 
     </span>
    </p>
   </div>
   <div class='ocr_carea' id='block_1_105' title="bbox 1870 4403 3470 4491">
    <p class='ocr_par' dir='ltr' id='par_1_105' title="bbox 1870 4403 3470 4491">
     <span class='ocr_line' id='line_1_105' title="bbox 1870 4403 3470 4491; baseline 0.018 -34"><span class='ocrx_word' id='word_1_857' title='bbox 1870 4403 2051 4477; x_wconf 82' lang='lat' dir='ltr'><strong><em>Itaque</em></strong></span> <span class='ocrx_word' id='word_1_858' title='bbox 2078 4409 2380 4480; x_wconf 88' lang='lat' dir='ltr'><strong><em>relinquitur</em></strong></span> <span class='ocrx_word' id='word_1_859' title='bbox 2404 4415 2738 4473; x_wconf 85' lang='lat' dir='ltr'><strong><em>sabbatismus</em></strong></span> <span class='ocrx_word' id='word_1_860' title='bbox 2767 4423 2955 4491; x_wconf 84' lang='lat' dir='ltr'><strong><em>papula</em></strong></span> <span class='ocrx_word' id='word_1_861' title='bbox 2991 4425 3102 4477; x_wconf 83' lang='lat' dir='ltr'><strong><em>Dei.</em></strong></span> <span class='ocrx_word' id='word_1_862' title='bbox 3134 4424 3264 4480; x_wconf 75' lang='lat' dir='ltr'><strong><em>Vide</em></strong></span> <span class='ocrx_word' id='word_1_863' title='bbox 3290 4439 3470 4485; x_wconf 88' lang='lat' dir='ltr'><strong><em>autem</em></strong></span> 
     </span>
    </p>
   </div>
   <div class='ocr_carea' id='block_1_106' title="bbox 1870 4500 3471 4584">
    <p class='ocr_par' dir='ltr' id='par_1_106' title="bbox 1870 4500 3471 4584">
     <span class='ocr_line' id='line_1_106' title="bbox 1870 4500 3471 4584; baseline 0.021 -35"><span class='ocrx_word' id='word_1_864' title='bbox 1870 4500 2143 4567; x_wconf 85' lang='lat' dir='ltr'><strong><em>quomodo</em></strong></span> <span class='ocrx_word' id='word_1_865' title='bbox 2176 4513 2339 4558; x_wconf 87' lang='lat' dir='ltr'><strong><em>totam</em></strong></span> <span class='ocrx_word' id='word_1_866' title='bbox 2373 4509 2677 4565; x_wconf 86' lang='lat' dir='ltr'><strong><em>orationem</em></strong></span> <span class='ocrx_word' id='word_1_867' title='bbox 2719 4527 3054 4584; x_wconf 85' lang='lat' dir='ltr'><strong><em>perspectam</em></strong></span> <span class='ocrx_word' id='word_1_868' title='bbox 3101 4522 3471 4582; x_wconf 83' lang='lat' dir='ltr'><strong><em>ratiociuaudo</em></strong></span> 
     </span>
    </p>
   </div>
   <div class='ocr_carea' id='block_1_107' title="bbox 1875 4592 3469 4685">
    <p class='ocr_par' dir='ltr' id='par_1_107' title="bbox 1875 4592 3469 4685">
     <span class='ocr_line' id='line_1_107' title="bbox 1875 4592 3469 4685; baseline 0.018 -40"><span class='ocrx_word' id='word_1_869' title='bbox 1875 4592 2112 4662; x_wconf 80' lang='lat' dir='ltr'><strong><em>Collegit.</em></strong></span> <span class='ocrx_word' id='word_1_870' title='bbox 2151 4594 2378 4663; x_wconf 86' lang='lat' dir='ltr'><strong><em>Juravit,</em></strong></span> <span class='ocrx_word' id='word_1_871' title='bbox 2407 4601 2596 4671; x_wconf 85' lang='lat' dir='ltr'><strong><em>inquit,</em></strong></span> <span class='ocrx_word' id='word_1_872' title='bbox 2628 4608 2916 4675; x_wconf 87' lang='lat' dir='ltr'><strong><em>prioribus,</em></strong></span> <span class='ocrx_word' id='word_1_873' title='bbox 2942 4627 3038 4665; x_wconf 87' lang='lat' dir='ltr'><strong><em>eos</em></strong></span> <span class='ocrx_word' id='word_1_874' title='bbox 3065 4629 3168 4666; x_wconf 91' lang='lat' dir='ltr'><strong><em>non</em></strong></span> <span class='ocrx_word' id='word_1_875' title='bbox 3198 4615 3469 4685; x_wconf 76' lang='lat' dir='ltr'><strong><em>ingressu-</em></strong></span> 
     </span>
    </p>
   </div>
   <div class='ocr_carea' id='block_1_108' title="bbox 1873 4687 3470 4781">
    <p class='ocr_par' dir='ltr' id='par_1_108' title="bbox 1873 4687 3470 4781">
     <span class='ocr_line' id='line_1_108' title="bbox 1873 4687 3470 4781; baseline 0.019 -44"><span class='ocrx_word' id='word_1_876' title='bbox 1873 4700 1962 4738; x_wconf 90' lang='lat' dir='ltr'><strong><em>ros</em></strong></span> <span class='ocrx_word' id='word_1_877' title='bbox 1992 4687 2042 4740; x_wconf 90' lang='lat' dir='ltr'><strong><em>in</em></strong></span> <span class='ocrx_word' id='word_1_878' title='bbox 2075 4691 2334 4760; x_wconf 87' lang='lat' dir='ltr'><strong><em>requiem,</em></strong></span> <span class='ocrx_word' id='word_1_879' title='bbox 2363 4705 2417 4748; x_wconf 91' lang='lat' dir='ltr'><strong><em>et</em></strong></span> <span class='ocrx_word' id='word_1_880' title='bbox 2446 4712 2553 4750; x_wconf 92' lang='lat' dir='ltr'><strong><em>non</em></strong></span> <span class='ocrx_word' id='word_1_881' title='bbox 2586 4699 2812 4769; x_wconf 86' lang='lat' dir='ltr'><strong><em>ingressi</em></strong></span> <span class='ocrx_word' id='word_1_882' title='bbox 2842 4715 2989 4758; x_wconf 80' lang='lat' dir='ltr'><strong><em>sntit.</em></strong></span> <span class='ocrx_word' id='word_1_883' title='bbox 3025 4707 3227 4763; x_wconf 84' lang='lat' dir='ltr'><strong><em>Deinde</em></strong></span> <span class='ocrx_word' id='word_1_884' title='bbox 3256 4721 3371 4781; x_wconf 49' lang='lat' dir='ltr'><strong><em>post</em></strong></span> <span class='ocrx_word' id='word_1_885' title='bbox 3401 4713 3470 4767; x_wconf 87' lang='lat' dir='ltr'><strong><em>il-</em></strong></span> 
     </span>
    </p>
   </div>
   <div class='ocr_carea' id='block_1_109' title="bbox 1875 4777 3473 4867">
    <p class='ocr_par' dir='ltr' id='par_1_109' title="bbox 1875 4777 3473 4867">
     <span class='ocr_line' id='line_1_109' title="bbox 1875 4777 3473 4867; baseline 0.02 -38"><span class='ocrx_word' id='word_1_886' title='bbox 1875 4777 1955 4833; x_wconf 87' lang='lat' dir='ltr'><strong><em>los</em></strong></span> <span class='ocrx_word' id='word_1_887' title='bbox 1986 4779 2146 4851; x_wconf 81' lang='lat' dir='ltr'><strong><em>longo</em></strong></span> <span class='ocrx_word' id='word_1_888' title='bbox 2176 4791 2418 4853; x_wconf 85' lang='lat' dir='ltr'><strong><em>tempore</em></strong></span> <span class='ocrx_word' id='word_1_889' title='bbox 2454 4788 2679 4859; x_wconf 85' lang='lat' dir='ltr'><strong><em>loquens</em></strong></span> <span class='ocrx_word' id='word_1_890' title='bbox 2711 4808 2831 4848; x_wconf 92' lang='lat' dir='ltr'><strong><em>cum</em></strong></span> <span class='ocrx_word' id='word_1_891' title='bbox 2859 4793 3080 4862; x_wconf 71' lang='lat' dir='ltr'><strong><em>inda-is,</em></strong></span> <span class='ocrx_word' id='word_1_892' title='bbox 3115 4777 3269 4867; x_wconf 62' lang='lat' dir='ltr'><strong><em>dicit,</em></strong></span> <span class='ocrx_word' id='word_1_893' title='bbox 3298 4802 3473 4861; x_wconf 78' lang='lat' dir='ltr'><strong><em>Nolite</em></strong></span> 
     </span>
    </p>
   </div>
   <div class='ocr_carea' id='block_1_110' title="bbox 1869 4870 3468 4969">
    <p class='ocr_par' dir='ltr' id='par_1_110' title="bbox 1869 4870 3468 4969">
     <span class='ocr_line' id='line_1_110' title="bbox 1869 4870 3468 4969; baseline 0.022 -48"><span class='ocrx_word' id='word_1_894' title='bbox 1869 4870 2113 4926; x_wconf 84' lang='lat' dir='ltr'><strong><em>indurare</em></strong></span> <span class='ocrx_word' id='word_1_895' title='bbox 2135 4877 2290 4929; x_wconf 80' lang='lat' dir='ltr'><strong><em>corda</em></strong></span> <span class='ocrx_word' id='word_1_896' title='bbox 2319 4891 2503 4944; x_wconf 75' lang='lat' dir='ltr'><strong><em>vestra,</em></strong></span> <span class='ocrx_word' id='word_1_897' title='bbox 2528 4885 2657 4938; x_wconf 87' lang='lat' dir='ltr'><strong><em>sicut</em></strong></span> <span class='ocrx_word' id='word_1_898' title='bbox 2686 4897 2854 4955; x_wconf 84' lang='lat' dir='ltr'><strong><em>patres</em></strong></span> <span class='ocrx_word' id='word_1_899' title='bbox 2883 4895 3052 4948; x_wconf 79' lang='lat' dir='ltr'><strong><em>vestri.</em></strong></span> <span class='ocrx_word' id='word_1_900' title='bbox 3081 4893 3230 4950; x_wconf 88' lang='lat' dir='ltr'><strong><em>Unde</em></strong></span> <span class='ocrx_word' id='word_1_901' title='bbox 3258 4902 3468 4969; x_wconf 88' lang='lat' dir='ltr'><strong><em>perspi-</em></strong></span> 
     </span>
    </p>
   </div>
   <div class='ocr_carea' id='block_1_111' title="bbox 1869 4967 3470 5047">
    <p class='ocr_par' dir='ltr' id='par_1_111' title="bbox 1869 4967 3470 5047">
     <span class='ocr_line' id='line_1_111' title="bbox 1869 4967 3470 5047; baseline 0.02 -32"><span class='ocrx_word' id='word_1_902' title='bbox 1869 4975 2024 5016; x_wconf 89' lang='lat' dir='ltr'><strong><em>cuum</em></strong></span> <span class='ocrx_word' id='word_1_903' title='bbox 2051 4975 2132 5018; x_wconf 89' lang='lat' dir='ltr'><strong><em>est</em></strong></span> <span class='ocrx_word' id='word_1_904' title='bbox 2157 4967 2297 5036; x_wconf 88' lang='lat' dir='ltr'><strong><em>quod</em></strong></span> <span class='ocrx_word' id='word_1_905' title='bbox 2322 4971 2388 5023; x_wconf 83' lang='lat' dir='ltr'><strong><em>sit</em></strong></span> <span class='ocrx_word' id='word_1_906' title='bbox 2418 4973 2517 5026; x_wconf 81' lang='lat' dir='ltr'><strong><em>alia</em></strong></span> <span class='ocrx_word' id='word_1_907' title='bbox 2549 4977 2781 5045; x_wconf 82' lang='lat' dir='ltr'><strong><em>requies.</em></strong></span> <span class='ocrx_word' id='word_1_908' title='bbox 2811 4979 2940 5033; x_wconf 78' lang='lat' dir='ltr'><strong><em>Nam</em></strong></span> <span class='ocrx_word' id='word_1_909' title='bbox 2965 4982 3031 5036; x_wconf 89' lang='lat' dir='ltr'><strong><em>de</em></strong></span> <span class='ocrx_word' id='word_1_910' title='bbox 3057 4985 3334 5044; x_wconf 59' lang='lat' dir='ltr'><strong><em>Palestina</em></strong></span> <span class='ocrx_word' id='word_1_911' title='bbox 3361 4967 3470 5047; x_wconf 82' lang='lat' dir='ltr'><strong><em>non</em></strong></span> 
     </span>
    </p>
   </div>
   <div class='ocr_carea' id='block_1_112' title="bbox 1870 5061 3469 5150">
    <p class='ocr_par' dir='ltr' id='par_1_112' title="bbox 1870 5061 3469 5150">
     <span class='ocr_line' id='line_1_112' title="bbox 1870 5061 3469 5150; baseline 0.019 -43"><span class='ocrx_word' id='word_1_912' title='bbox 1870 5071 2154 5124; x_wconf 76' lang='lat' dir='ltr'><strong><em>possumus</em></strong></span> <span class='ocrx_word' id='word_1_913' title='bbox 2179 5061 2392 5125; x_wconf 65' lang='lat' dir='ltr'><strong><em>dicere:</em></strong></span> <span class='ocrx_word' id='word_1_914' title='bbox 2421 5081 2538 5120; x_wconf 90' lang='lat' dir='ltr'><strong><em>eam</em></strong></span> <span class='ocrx_word' id='word_1_915' title='bbox 2567 5071 2763 5140; x_wconf 80' lang='lat' dir='ltr'><strong><em>quippe</em></strong></span> <span class='ocrx_word' id='word_1_916' title='bbox 2793 5073 3060 5130; x_wconf 79' lang='lat' dir='ltr'><strong><em>habebant</em></strong></span> <span class='ocrx_word' id='word_1_917' title='bbox 3099 5097 3109 5130; x_wconf 93' lang='lat'><strong>:</strong></span> <span class='ocrx_word' id='word_1_918' title='bbox 3143 5079 3209 5131; x_wconf 85' lang='lat' dir='ltr'><strong><em>de</em></strong></span> <span class='ocrx_word' id='word_1_919' title='bbox 3237 5086 3469 5150; x_wconf 75' lang='lat' dir='ltr'><strong><em>septimo</em></strong></span> 
     </span>
    </p>
   </div>
   <div class='ocr_carea' id='block_1_113' title="bbox 1866 5155 3467 5245">
    <p class='ocr_par' dir='ltr' id='par_1_113' title="bbox 1866 5155 3467 5245">
     <span class='ocr_line' id='line_1_113' title="bbox 1866 5155 3467 5245; baseline 0.014 -36"><span class='ocrx_word' id='word_1_920' title='bbox 1866 5155 1953 5209; x_wconf 91' lang='lat' dir='ltr'><strong><em>die</em></strong></span> <span class='ocrx_word' id='word_1_921' title='bbox 1983 5167 2165 5212; x_wconf 87' lang='lat' dir='ltr'><strong><em>autem</em></strong></span> <span class='ocrx_word' id='word_1_922' title='bbox 2197 5158 2299 5212; x_wconf 80' lang='lat' dir='ltr'><strong><em>diei</em></strong></span> <span class='ocrx_word' id='word_1_923' title='bbox 2331 5176 2437 5214; x_wconf 90' lang='lat' dir='ltr'><strong><em>non</em></strong></span> <span class='ocrx_word' id='word_1_924' title='bbox 2469 5172 2671 5230; x_wconf 85' lang='lat' dir='ltr'><strong><em>potest;</em></strong></span> <span class='ocrx_word' id='word_1_925' title='bbox 2717 5180 2823 5219; x_wconf 85' lang='lat' dir='ltr'><strong><em>non</em></strong></span> <span class='ocrx_word' id='word_1_926' title='bbox 2854 5168 2996 5223; x_wconf 88' lang='lat' dir='ltr'><strong><em>enim</em></strong></span> <span class='ocrx_word' id='word_1_927' title='bbox 3025 5169 3092 5225; x_wconf 90' lang='lat' dir='ltr'><strong><em>de</em></strong></span> <span class='ocrx_word' id='word_1_928' title='bbox 3118 5188 3182 5226; x_wconf 90' lang='lat' dir='ltr'><strong><em>eo</em></strong></span> <span class='ocrx_word' id='word_1_929' title='bbox 3211 5175 3467 5245; x_wconf 77' lang='lat' dir='ltr'><strong><em>loqueba-</em></strong></span> 
     </span>
    </p>
   </div>
   <div class='ocr_carea' id='block_1_114' title="bbox 1869 5251 3467 5336">
    <p class='ocr_par' dir='ltr' id='par_1_114' title="bbox 1869 5251 3467 5336">
     <span class='ocr_line' id='line_1_114' title="bbox 1869 5251 3467 5336; baseline 0.017 -35"><span class='ocrx_word' id='word_1_930' title='bbox 1869 5256 1986 5310; x_wconf 89' lang='lat' dir='ltr'><strong><em>tur,</em></strong></span> <span class='ocrx_word' id='word_1_931' title='bbox 2022 5251 2111 5318; x_wconf 90' lang='lat' dir='ltr'><strong><em>qui</em></strong></span> <span class='ocrx_word' id='word_1_932' title='bbox 2140 5251 2264 5304; x_wconf 90' lang='lat' dir='ltr'><strong><em>olim</em></strong></span> <span class='ocrx_word' id='word_1_933' title='bbox 2297 5253 2414 5308; x_wconf 79' lang='lat' dir='ltr'><strong><em>fuit.</em></strong></span> <span class='ocrx_word' id='word_1_934' title='bbox 2449 5256 2625 5311; x_wconf 86' lang='lat' dir='ltr'><strong><em>Aliam</em></strong></span> <span class='ocrx_word' id='word_1_935' title='bbox 2669 5274 2797 5330; x_wconf 80' lang='lat' dir='ltr'><strong><em>ergo</em></strong></span> <span class='ocrx_word' id='word_1_936' title='bbox 2842 5261 3044 5329; x_wconf 88' lang='lat' dir='ltr'><strong><em>inmtit,</em></strong></span> <span class='ocrx_word' id='word_1_937' title='bbox 3080 5279 3197 5336; x_wconf 70' lang='lat' dir='ltr'><strong><em>qua:</em></strong></span> <span class='ocrx_word' id='word_1_938' title='bbox 3230 5284 3354 5326; x_wconf 82' lang='lat' dir='ltr'><strong><em>vere</em></strong></span> <span class='ocrx_word' id='word_1_939' title='bbox 3387 5284 3467 5328; x_wconf 81' lang='lat' dir='ltr'><strong><em>est</em></strong></span> 
     </span>
    </p>
   </div>
   <div class='ocr_carea' id='block_1_115' title="bbox 1870 5341 2101 5410">
    <p class='ocr_par' dir='ltr' id='par_1_115' title="bbox 1870 5341 2101 5410">
     <span class='ocr_line' id='line_1_115' title="bbox 1870 5341 2101 5410; baseline 0.009 -18"><span class='ocrx_word' id='word_1_940' title='bbox 1870 5341 2101 5410; x_wconf 85' lang='lat' dir='ltr'><strong><em>requies.</em></strong></span> 
     </span>
    </p>
   </div>
   <div class='ocr_carea' id='block_1_116' title="bbox 1940 5435 3464 5511">
    <p class='ocr_par' dir='ltr' id='par_1_116' title="bbox 1940 5435 3464 5511">
     <span class='ocr_line' id='line_1_116' title="bbox 1940 5435 3464 5511; baseline 0.015 -24"><span class='ocrx_word' id='word_1_941' title='bbox 1940 5436 1989 5487; x_wconf 73' lang='grc'><strong><em>4.</em></strong></span> <span class='ocrx_word' id='word_1_942' title='bbox 2028 5435 2188 5506; x_wconf 80' lang='lat' dir='ltr'><strong><em>Regni</em></strong></span> <span class='ocrx_word' id='word_1_943' title='bbox 2213 5441 2455 5493; x_wconf 67' lang='lat' dir='ltr'><strong><em>(telorum</em></strong></span> <span class='ocrx_word' id='word_1_944' title='bbox 2484 5442 2722 5511; x_wconf 78' lang='lat' dir='ltr'><strong><em>felicitas.</em></strong></span> <span class='ocrx_word' id='word_1_945' title='bbox 2745 5476 2815 5486; x_wconf 83' lang='lat'><strong><em>-—</em></strong></span> <span class='ocrx_word' id='word_1_946' title='bbox 2839 5447 3042 5504; x_wconf 76' lang='lat' dir='ltr'><strong><em>Revera</em></strong></span> <span class='ocrx_word' id='word_1_947' title='bbox 3088 5453 3230 5506; x_wconf 87' lang='lat' dir='ltr'><strong><em>enim</em></strong></span> <span class='ocrx_word' id='word_1_948' title='bbox 3263 5465 3345 5509; x_wconf 90' lang='lat' dir='ltr'><strong><em>est</em></strong></span> <span class='ocrx_word' id='word_1_949' title='bbox 3380 5457 3464 5511; x_wconf 80' lang='lat' dir='ltr'><strong><em>illa</em></strong></span> 
     </span>
    </p>
   </div>
   <div class='ocr_carea' id='block_1_117' title="bbox 1870 5527 3463 5612">
    <p class='ocr_par' dir='ltr' id='par_1_117' title="bbox 1870 5527 3463 5612">
     <span class='ocr_line' id='line_1_117' title="bbox 1870 5527 3463 5612; baseline 0.017 -38"><span class='ocrx_word' id='word_1_950' title='bbox 1870 5527 2085 5592; x_wconf 83' lang='lat' dir='ltr'><strong><em>requies</em></strong></span> <span class='ocrx_word' id='word_1_951' title='bbox 2107 5569 2120 5591; x_wconf 90' lang='lat'><strong><em>,</em></strong></span> <span class='ocrx_word' id='word_1_952' title='bbox 2157 5529 2243 5582; x_wconf 87' lang='lat' dir='ltr'><strong><em>ubi</em></strong></span> <span class='ocrx_word' id='word_1_953' title='bbox 2274 5530 2480 5601; x_wconf 80' lang='lat' dir='ltr'><strong><em>aufugit</em></strong></span> <span class='ocrx_word' id='word_1_954' title='bbox 2507 5534 2664 5588; x_wconf 88' lang='lat' dir='ltr'><strong><em>dolor</em></strong></span> <span class='ocrx_word' id='word_1_955' title='bbox 2687 5577 2700 5601; x_wconf 91' lang='lat'><strong><em>,</em></strong></span> <span class='ocrx_word' id='word_1_956' title='bbox 2735 5537 2946 5591; x_wconf 86' lang='lat' dir='ltr'><strong><em>tristitia</em></strong></span> <span class='ocrx_word' id='word_1_957' title='bbox 2978 5549 3032 5594; x_wconf 89' lang='lat' dir='ltr'><strong><em>et</em></strong></span> <span class='ocrx_word' id='word_1_958' title='bbox 3059 5546 3324 5612; x_wconf 77' lang='lat' dir='ltr'><strong><em>gemitus;</em></strong></span> <span class='ocrx_word' id='word_1_959' title='bbox 3379 5553 3463 5601; x_wconf 58' lang='lat' dir='ltr'><strong><em>nisi</em></strong></span> 
     </span>
    </p>
   </div>
   <div class='ocr_carea' id='block_1_118' title="bbox 1871 5629 3467 5713">
    <p class='ocr_par' dir='ltr' id='par_1_118' title="bbox 1871 5629 3467 5713">
     <span class='ocr_line' id='line_1_118' title="bbox 1871 5629 3467 5713; baseline 0.018 -46"><span class='ocrx_word' id='word_1_960' title='bbox 1871 5631 2043 5686; x_wconf 83' lang='lat' dir='ltr'><strong><em>neque</em></strong></span> <span class='ocrx_word' id='word_1_961' title='bbox 2077 5635 2249 5687; x_wconf 69' lang='grc' dir='ltr'><strong><em>θυι-ω,</em></strong></span> <span class='ocrx_word' id='word_1_962' title='bbox 2308 5640 2480 5694; x_wconf 88' lang='lat' dir='ltr'><strong><em>neque</em></strong></span> <span class='ocrx_word' id='word_1_963' title='bbox 2533 5629 2779 5694; x_wconf 86' lang='lat' dir='ltr'><strong><em>labores,</em></strong></span> <span class='ocrx_word' id='word_1_964' title='bbox 2829 5648 3003 5701; x_wconf 87' lang='lat' dir='ltr'><strong><em>neque</em></strong></span> <span class='ocrx_word' id='word_1_965' title='bbox 3045 5651 3247 5707; x_wconf 80' lang='lat' dir='ltr'><strong><em>angor,</em></strong></span> <span class='ocrx_word' id='word_1_966' title='bbox 3295 5659 3467 5713; x_wconf 67' lang='lat' dir='ltr'><strong><em>neque</em></strong></span> 
     </span>
    </p>
   </div>
   <div class='ocr_carea' id='block_1_119' title="bbox 1872 5713 3463 5792">
    <p class='ocr_par' dir='ltr' id='par_1_119' title="bbox 1872 5713 3463 5792">
     <span class='ocr_line' id='line_1_119' title="bbox 1872 5713 3463 5792; baseline 0.017 -32"><span class='ocrx_word' id='word_1_967' title='bbox 1872 5718 2045 5763; x_wconf 84' lang='lat' dir='ltr'><strong><em>metus</em></strong></span> <span class='ocrx_word' id='word_1_968' title='bbox 2075 5713 2308 5768; x_wconf 87' lang='lat' dir='ltr'><strong><em>animam</em></strong></span> <span class='ocrx_word' id='word_1_969' title='bbox 2343 5717 2643 5787; x_wconf 89' lang='lat' dir='ltr'><strong><em>percelleus</em></strong></span> <span class='ocrx_word' id='word_1_970' title='bbox 2674 5731 2727 5776; x_wconf 92' lang='lat' dir='ltr'><strong><em>et</em></strong></span> <span class='ocrx_word' id='word_1_971' title='bbox 2758 5724 3033 5792; x_wconf 79' lang='lat' dir='ltr'><strong><em>quatiens,</em></strong></span> <span class='ocrx_word' id='word_1_972' title='bbox 3067 5730 3159 5784; x_wconf 89' lang='lat' dir='ltr'><strong><em>sed</em></strong></span> <span class='ocrx_word' id='word_1_973' title='bbox 3191 5733 3338 5784; x_wconf 70' lang='grc' dir='ltr'>ευιυδ</span> <span class='ocrx_word' id='word_1_974' title='bbox 3377 5735 3463 5787; x_wconf 54' lang='lat' dir='ltr'><strong><em>lxi</em></strong></span> 
     </span>
    </p>
   </div>
   <div class='ocr_carea' id='block_1_120' title="bbox 1872 5801 3465 5891">
    <p class='ocr_par' dir='ltr' id='par_1_120' title="bbox 1872 5801 3465 5891">
     <span class='ocr_line' id='line_1_120' title="bbox 1872 5801 3465 5891; baseline 0.013 -35"><span class='ocrx_word' id='word_1_975' title='bbox 1872 5811 2044 5859; x_wconf 87' lang='lat' dir='ltr'><strong><em>metus</em></strong></span> <span class='ocrx_word' id='word_1_976' title='bbox 2074 5801 2263 5876; x_wconf 84' lang='lat' dir='ltr'><strong><em>plenus</em></strong></span> <span class='ocrx_word' id='word_1_977' title='bbox 2297 5810 2588 5879; x_wconf 76' lang='lat' dir='ltr'><strong><em>voluptate.</em></strong></span> <span class='ocrx_word' id='word_1_978' title='bbox 2615 5812 2726 5869; x_wconf 75' lang='lat' dir='ltr'><strong><em>Non</em></strong></span> <span class='ocrx_word' id='word_1_979' title='bbox 2754 5816 2860 5872; x_wconf 81' lang='lat' dir='ltr'><strong><em>illic</em></strong></span> <span class='ocrx_word' id='word_1_980' title='bbox 2889 5802 3159 5891; x_wconf 70' lang='lat' dir='ltr'><strong><em>audietur,</em></strong></span> <span class='ocrx_word' id='word_1_981' title='bbox 3193 5822 3252 5875; x_wconf 87' lang='lat' dir='ltr'><strong><em>ln</em></strong></span> <span class='ocrx_word' id='word_1_982' title='bbox 3282 5831 3465 5876; x_wconf 59' lang='lat' dir='ltr'><strong><em>suum:</em></strong></span> 
     </span>
    </p>
   </div>
  </div>
