4042 6420
186 384 230 437 δι
994 347 1055 403 ΙΝ
1093 349 1308 407 EPiST.
1352 349 1442 404 AD
1484 348 1854 407 ilEBRxEOS.
1894 352 2051 410 CAP.
2092 356 2180 411 IV.
2223 356 2459 416 HOMIL.
2510 359 2617 418 Vii.
3372 374 3442 427 ϐξ

186 478 228 523 at
265 465 357 522 illic
397 466 710 523 baleamus
760 478 1038 534 mentem,
1081 486 1251 542 spem,
1276 476 1761 543 exspectationem,

184 578 234 614 ne
256 560 487 614 similiter
516 560 881 617 exeidamus.
914 562 1042 617 Nam
1067 564 1207 633 quod
1233 566 1567 630 excidemus,
1596 568 1765 638 signi-

182 652 279 706 ficat
302 653 607 722 exemplum
643 672 657 708 :
700 653 781 708 Ut
811 672 872 708 ne
896 658 946 709 in
968 656 1212 726 idipsum,
1249 658 1437 728 inquit.
1471 660 1672 717 Deinde
1694 677 1761 718 ne

178 745 387 809 audiens,
418 744 483 796 In
512 745 792 815 idipsum,
816 748 1087 802 existimes
1112 749 1249 804 idem
1269 765 1390 806 essc
1410 753 1756 821 supplicium,

178 833 273 888 audi
316 835 436 905 quid
490 836 809 905 subjuugat
843 857 857 893 :
899 836 1051 893 Vivus
1092 850 1165 893 est
1208 841 1341 894 enim
1382 859 1547 897 sermo
1594 844 1685 898 Dei
1717 828 1770 899 cl

176 927 337 993 circa.
375 929 772 996 pettett'abilior
793 931 927 983 omni
946 932 1118 1002 gladio
1135 934 1370 1002 ancipiti,
1396 949 1444 989 et
1472 939 1763 1007 pertingens

175 1032 299 1084 usque
331 1019 396 1069 ad
431 1018 763 1073 divisionem
789 1023 972 1075 animm
998 1033 1043 1076 et
1072 1025 1279 1089 spiritus
1307 1067 1320 1087 ,
1362 1042 1762 1099 compagnmqne

172 1119 207 1159 et
238 1107 577 1163 medullarum
602 1153 616 1174 ,
670 1122 728 1165 et
777 1114 1019 1168 discrelor
1046 1118 1410 1186 cogitationum
1439 1122 1625 1175 cordis.
1663 1123 1759 1193 llic

171 1214 350 1269 quoque
376 1204 631 1257 ostendit
670 1207 819 1275 quod
843 1207 931 1260 illa
955 1208 1117 1262 etiam
1140 1210 1265 1264 ferit
1296 1212 1408 1282 ipse
1439 1213 1533 1269 Dei
1554 1230 1758 1283 sermo,

170 1303 211 1345 et
233 1291 385 1357 vivit,
421 1310 527 1349 nec
560 1299 881 1353 exstinctus
911 1309 1010 1353 est.
1060 1300 1140 1356 Ne
1164 1317 1297 1373 ergo
1325 1308 1578 1374 quoniam
1609 1309 1759 1363 andi-

172 1383 269 1437 visti
307 1400 629 1443 sermonem
655 1433 671 1453 ,
726 1390 775 1443 id
816 1392 1156 1446 solummodo
1195 1396 1383 1453 audias
1413 1418 1425 1451 :
1454 1410 1535 1453 est
1578 1402 1757 1469 enim,

169 1475 332 1546 inquit,
361 1482 781 1546 penetrabilior
803 1484 1002 1553 gladio.
1030 1483 1163 1540 Vide
1186 1490 1457 1556 quomodo
1485 1505 1544 1546 se
1569 1493 1761 1547 demit-

170 1578 258 1631 tat,
286 1580 336 1623 et
380 1571 509 1627 hinc
558 1576 857 1630 considera
898 1592 1126 1646 quanam
1171 1579 1238 1634 de
1280 1596 1439 1637 causa
1488 1600 1622 1655 opus
1668 1587 1761 1642 fuit

167 1664 303 1717 etiam
349 1666 647 1736 prophetis
698 1681 755 1724 ut
782 1670 1020 1726 dicerent
1058 1672 1328 1742 gladium,
1360 1689 1415 1731 et
1455 1693 1637 1734 arcum
1660 1722 1675 1746 ,
1707 1690 1763 1737 et

169 1754 535 1826 rhomphreain.
578 1759 717 1815 Nisi
741 1764 987 1831 conversi,
1021 1764 1214 1835 inquit,
1248 1769 1481 1838 fueritis,
1530 1771 1759 1841 gladium

168 1862 290 1900 suum
315 1850 538 1903 vibrabit
558 1892 576 1918 ,
610 1869 798 1906 arcum
823 1871 973 1908 suum
1015 1858 1263 1925 tetendit,
1296 1870 1343 1912 et
1373 1862 1573 1929 paravit
1612 1864 1758 1918 illum

169 1939 316 2008 (Pint.
348 1943 399 1996 7.
434 1943 558 2012 15).
595 1945 739 1999 Nam
768 1948 813 2001 si
843 1963 982 2001 nunc
1009 1990 1024 2015 ,
1073 1959 1194 2017 post
1224 1960 1429 2006 tantum
1472 1963 1681 2026 tempus
1706 1966 1762 2013 et

168 2037 685 2092 consummationem
707 2079 722 2103 ,
760 2053 866 2092 non
895 2050 1070 2108 potest
1096 2043 1314 2096 nomine
1340 2047 1609 2102 sermonis
1638 2057 1759 2102 tan-

170 2136 261 2178 tum
284 2136 516 2193 terrere,
553 2131 661 2185 sed
688 2130 772 2185 his
794 2132 953 2186 etiam
982 2133 1161 2188 verbis
1190 2134 1416 2207 indiget,
1451 2146 1507 2192 nt
1534 2154 1756 2211 compa~

170 2218 366 2274 rationis
386 2222 665 2276 ostendat
686 2224 1154 2291 exsuperationcm
1181 2246 1193 2280 :
1226 2229 1398 2283 multo
1420 2232 1586 2301 magis
1609 2245 1756 2287 tunc.

174 2306 448 2382 Pertingens
472 2330 646 2383 usque
674 2315 743 2368 ad
768 2316 1063 2369 divisionem
1088 2319 1274 2373 animm
1299 2331 1345 2374 et
1368 2324 1596 2392 spiritus.
1620 2327 1755 2393 Quid

173 2400 256 2455 hoc
294 2407 414 2458 est?
457 2406 811 2479 Significavit
856 2410 1055 2479 aliquid
1088 2412 1398 2468 terribilius
1430 2434 1442 2469 :
1475 2427 1567 2470 aut
1606 2422 1745 2488 quod

174 2504 390 2571 Spiritum
417 2507 620 2561 dividit
653 2512 721 2561 ab
743 2493 922 2563 anima
953 2528 966 2563 :
994 2518 1086 2563 aut
1115 2510 1257 2578 quod
1291 2511 1450 2563 etiam
1484 2510 1594 2578 ipsa
1627 2523 1750 2578 per-

176 2597 297 2650 vadit
322 2600 650 2669 incorporea
676 2643 689 2665 ,
723 2617 830 2655 non
861 2602 1313 2671 quemadmodum
1345 2602 1552 2672 gladius
1578 2602 1751 2655 solum

178 2700 394 2753 corpora.
440 2689 546 2746 llic
579 2692 820 2746 ostendit
857 2693 997 2761 quod
1042 2703 1097 2747 et
1141 2695 1320 2748 anima
1369 2694 1621 2763 puniatur
1652 2735 1667 2759 ,
1700 2704 1755 2748 et

180 2776 295 2842 quod
324 2796 440 2847 qua:
468 2793 604 2835 sunt
636 2784 823 2836 intima
853 2791 1141 2848 scrutetur,
1176 2795 1346 2837 totum
1381 2786 1593 2854 penitus
1624 2800 1748 2855 pcr—

182 2867 355 2925 vadens
381 2873 689 2930 hominem.
736 2874 801 2928 Et
842 2874 1090 2930 discretor
1118 2879 1480 2947 cogitationum
1511 2889 1555 2931 et
1584 2878 1753 2931 inten-

182 2955 347 3012 tionum
382 2967 584 3018 cordis.
622 2964 688 3018 Et
720 2983 821 3018 non
863 2977 935 3020 est
980 2967 1087 3019 ulla
1126 2976 1360 3020 creatura
1399 2968 1662 3022 invisibilis
1703 2970 1754 3021 in

184 3062 421 3115 conspccltt
451 3057 589 3121 eius.
629 3057 725 3109 llic
768 3070 861 3110 eos
904 3058 1135 3111 maxime
1165 3058 1377 3111 terruit.
1424 3058 1540 3111 Non
1573 3058 1751 3123 enim,

184 3136 217 3188 si
244 3140 424 3210 adhuc,
455 3146 654 3218 inquit,
698 3149 750 3201 in
786 3147 887 3203 ﬁde
914 3150 1090 3215 statis,
1120 3149 1215 3203 sed
1247 3166 1351 3204 non
1381 3166 1502 3205 cum
1532 3160 1677 3204 certa
1703 3160 1757 3205 et

189 3230 315 3293 l'lmla
366 3241 758 3305 persuasione,
800 3240 1088 3294 conlidatis
1119 3260 1130 3293 :
1167 3243 1280 3310 ipse
1324 3241 1589 3310 judicabit
1631 3259 1753 3313 qua:

186 3334 287 3376 sinit
321 3328 369 3379 in
395 3333 562 3387 corde
598 3356 610 3388 :
644 3349 710 3388 eo
737 3334 879 3387 enim
907 3335 1149 3403 pervadit
1184 3346 1237 3389 et
1267 3337 1492 3404 puniens
1524 3346 1580 3391 et
1622 3353 1756 3391 exa-

191 3415 386 3472 tiimans.
418 3421 488 3476 Et
535 3426 667 3493 quid
704 3425 846 3488 dico,
884 3426 1091 3495 inquit,
1139 3426 1205 3479 de
1250 3426 1603 3483 hominibus?
1631 3442 1753 3481 nam

189 3507 268 3557 tisi
316 3510 457 3567 dicas
482 3518 711 3586 angelos
755 3525 810 3571 et
846 3516 1196 3587 archangelos
1224 3559 1239 3585 ,
1278 3527 1334 3573 et
1367 3518 1658 3573 Cherubim
1700 3528 1755 3574 et

192 3594 475 3671 Seraphin],
526 3616 587 3662 et
631 3622 1031 3677 quamcumque
1076 3618 1418 3675 creaturam,
1454 3610 1633 3665 omnia
1677 3612 1751 3664 illi

191 3690 319 3742 oculo
343 3706 461 3749 sunt
490 3706 679 3766 aperta
703 3739 718 3765 ,
756 3698 934 3753 omnia
977 3698 1121 3752 clara
1168 3708 1221 3754 et
1263 3700 1545 3755 manifesta
1568 3743 1584 3768 ,
1618 3702 1750 3755 nihil

194 3787 259 3831 est
296 3786 427 3850 quod
470 3790 652 3857 possit
696 3804 821 3843 eum
872 3789 1085 3845 latere:
1120 3790 1306 3843 Omnia
1354 3801 1471 3845 sunt
1517 3792 1658 3845 nuda
1704 3803 1749 3847 et

193 3884 336 3932 αρσια
362 3882 517 3934 oculis
550 3882 688 3949 ejus,
723 3882 791 3935 ad
820 3899 965 3951 quem
990 3882 1133 3935 nobis
1159 3900 1323 3937 sermo
1348 3885 1387 3936 ί.
1422 3886 1622 3953 Aperta
1652 3900 1748 3940 au-

193 3970 279 4017 tem
301 3967 471 4027 Graec
504 3974 706 4027 dicitur
730 3982 1160 4045 τετραχηλισμένα,
1195 3974 1247 4029 id
1279 3986 1383 4042 est,
1414 3977 1745 4046 resupinata,

194 4068 215 4103 τι
240 4063 533 4130 metaphora
567 4065 788 4133 pellium
814 4082 932 4135 quae
963 4067 1318 4122 extrahuntur
1342 4083 1371 4121 a
1400 4069 1652 4123 victimis.
1682 4069 1751 4125 Ut

195 4148 310 4202 enim
338 4158 549 4224 quando
577 4158 844 4228 quispiam
879 4159 985 4213 illis
1012 4160 1266 4230 jugulatis
1297 4162 1491 4231 pellem
1522 4178 1551 4216 a
1581 4179 1748 4219 carne

196 4240 493 4315 abstraxerit,
546 4251 728 4305 omnia
774 4267 893 4321 quae
939 4262 1065 4305 sunt
1113 4253 1255 4308 intus
1308 4256 1519 4324 aperit,
1548 4265 1602 4311 et
1645 4272 1748 4311 no—

196 4335 294 4387 stris
329 4342 489 4397 oculis
531 4342 711 4397 reddit
750 4342 1027 4397 manifesta
1060 4362 1073 4397 :
1106 4344 1176 4399 ita
1225 4348 1384 4401 etiam
1437 4349 1548 4403 Deo
1602 4350 1746 4404 clara

198 4430 236 4472 ει
287 4432 549 4487 manifesta
639 4435 907 4503 preposita
969 4444 1094 4489 sunt
1143 4437 1343 4491 omnia.
1425 4438 1504 4492 Tu
1567 4451 1745 4495 autem

198 4513 296 4599 mihi
318 4525 592 4578 considera
634 4525 904 4593 quomodo
932 4527 1205 4594 corporeis
1235 4543 1448 4598 semper
1477 4546 1611 4599 opus
1648 4531 1746 4584 ha-

201 4598 267 4655 bet
301 4607 611 4683 imaginibus
645 4631 658 4665 :
690 4614 831 4683 quod
874 4615 1088 4684 quidem
1140 4625 1255 4670 erat
1289 4598 1593 4673 auditorum
1644 4622 1746 4674 im-

199 4690 483 4759 becillilatis.
527 4705 661 4760 Nam
710 4707 849 4775 quod
892 4718 1071 4761 essent
1120 4709 1413 4774 imbecilli,
1460 4712 1737 4779 ostendit,

202 4786 342 4848 dicens
369 4814 467 4853 eos
497 4814 619 4853 esse
651 4800 893 4864 hebetes,
926 4810 981 4853 ut
1015 4803 1099 4871 qui
1139 4818 1275 4871 Opus
1307 4804 1539 4860 habeant
1572 4807 1742 4875 lacte,

200 4894 279 4934 Mm
312 4891 479 4945 solido
522 4892 665 4945 cibo.
713 4888 896 4945 Omnia
940 4905 1055 4946 sunt
1097 4896 1235 4948 nuda
1278 4906 1325 4949 et
1375 4909 1551 4968 aperta
1581 4902 1743 4957 oculis

202 4972 299 5035 (ἰαὶ,
326 4985 381 5033 ad
413 4999 559 5050 quem
588 4982 731 5036 nobis
760 4993 828 5037 est
856 5001 1038 5037 sermo.
1069 4985 1206 5051 Quid
1246 5004 1373 5042 vero
1399 4999 1516 5057 est,
1566 4990 1632 5046 In
1657 4993 1739 5045 id-

201 5062 326 5126 ipttun
358 5074 730 5126 incredulitatis
773 5075 1107 5143 exemplum?
1150 5076 1217 5132 Ut
1267 5078 1312 5132 si
1354 5082 1473 5149 quis
1518 5097 1735 5137 causam

204 5169 405 5219 'i‘h'trcns
433 5166 594 5231 dicat,
633 5166 742 5219 Cur
770 5185 872 5220 non
908 5168 1153 5224 viderunt
1192 5172 1265 5226 illi
1300 5177 1541 5227 terram?
1573 5179 1741 5234 Acce-

206 5259 346 5312 h‘mnt
388 5260 601 5313 arrham
640 5259 731 5313 Dei
767 5261 1019 5327 potentia:
1041 5302 1056 5326 ,
1085 5273 1284 5318 etcum
1324 5277 1601 5335 oporteret
1628 5286 1745 5325 cre-

201 5356 317 5423 “vis,
346 5367 532 5419 terrori
575 5367 745 5435 magis
776 5367 1051 5433 cedentes,
1082 5381 1135 5424 et
1160 5372 1300 5424 nulla
1324 5372 1390 5426 de
1420 5372 1529 5426 Deo
1552 5390 1736 5443 magna

200 5455 476 5512 apprehensa
501 5459 735 5517 visione.
764 5460 1046 5527 pusillique
1068 5472 1117 5513 et
1143 5463 1332 5531 abjecti
1354 5464 1513 5516 annui
1540 5462 1736 5528 effeCIi,

202 5542 440 5601 l‘cricrunt.
488 5551 674 5606 Potest
715 5552 882 5605 etiam
928 5553 1123 5621 aliquid
1169 5555 1313 5609 aliud
1359 5557 1501 5621 dici,
1545 5566 1739 5624 netnrc

202 5636 299 5689 lIllud
320 5656 434 5695 cum
479 5642 580 5696 via:
620 5642 893 5709 majorem
938 5654 1138 5711 partem
1177 5645 1572 5711 confecissent;
1617 5661 1739 5700 cum

254 5786 263 5807 '
285 5785 384 5842 (ina-
407 5788 715 5850 ιιτςροιιίιιιιιι.
744 5783 811 5830 ab
836 5781 992 5850 initio.
1017 5784 1185 5833 omissa
1210 5796 1317 5837 sunt
1344 5788 1391 5837 in
1413 5786 1648 5847 ὕψει-1,,
1676 5790 1756 5849 (μή

212 5845 522 5911 “quentibus
548 5847 811 5901 bnmtliaur
839 5845 952 5905 ἱππ-ιι
972 5846 1021 5893 it.

1859 477 2040 525 essent
2070 469 2135 523 ad
2160 472 2303 540 ipsas
2327 480 2541 540 portas,
2573 473 2623 525 in
2655 472 2773 541 ipso
2799 480 2976 541 portu,
3009 481 3134 526 sunt
3160 472 3450 527 submersi.

1847 556 1866 613 l
1925 578 1971 616 κε
1991 562 2059 617 de
2078 562 2231 617 vobis
2252 578 2472 633 quoque
2496 563 2680 631 timeo,
2702 563 2897 634 inquit.
2929 563 3041 619 lloc
3060 574 3162 628 est,
3194 564 3258 618 In
3284 566 3450 635 ipsum

1857 652 2145 723 excinplunt
2169 655 2560 717 incredulitatis.
2591 655 2723 709 Nam
2751 656 2894 726 quod
2922 656 3023 725 ipsi
3051 672 3268 726 quoque
3286 660 3451 711 multa

1859 747 1999 816 passi
2038 747 2162 809 sint,
2194 748 2299 800 illis
2330 759 2512 817 postea
2545 747 2644 801 fert
2679 748 3065 811 testimonium,
3091 748 3277 804 dicens
3307 768 3320 802 :
3354 748 3452 801 Re-

1858 840 2204 891 memoramini
2222 840 2465 910 pristinos
2487 840 2614 906 dies,
2643 841 2696 894 in
2712 842 2894 912 quibus
2915 842 3191 896 illuminati
3212 858 3454 913 magnum

1857 941 2111 984 certamen
2139 933 2455 986 sustinuistis
2481 934 2777 1002 passionum
2810 932 2995 1005 (Hebr.
3028 935 3116 990 10.
3142 935 3256 1005 32).
3283 935 3454 990 Nemo

1858 1039 1985 1093 ergo
2016 1026 2085 1079 sit
2116 1026 2296 1094 pusilli
2328 1038 2383 1081 et
2412 1026 2607 1095 abjccti
2641 1027 2847 1094 animi,
2880 1043 3057 1099 neque
3102 1029 3154 1083 in
3201 1028 3305 1084 fine
3333 1030 3454 1083 aui-

1860 1132 2004 1171 mum
2044 1117 2387 1187 despondens
2415 1119 2685 1173 concidat.
2722 1118 2860 1175 Sunt
2889 1120 3033 1175 enim
3056 1164 3070 1189 ,
3102 1132 3228 1176 sunt
3267 1122 3355 1193 qui
3399 1122 3451 1176 in

1859 1208 2121 1279 principio
2149 1208 2367 1279 quidem
2401 1221 2649 1279 prompto
2670 1220 2724 1264 ct
2755 1211 2919 1265 alacri
2948 1214 3131 1267 animo
3156 1213 3452 1268 certamina

1857 1301 2257 1371 aggrediuntur,
2292 1313 2475 1370 postea
2504 1312 2681 1356 autem
2718 1304 2811 1357 toti
2854 1319 3040 1373 parum
3090 1305 3334 1360 nolentes
3358 1306 3454 1360 ad-

1853 1393 2041 1462 jicere,
2078 1402 2245 1447 totum
2278 1394 2646 1463 perdiderunt.
2694 1390 3216 1466 Sufficiunt,'inqnit
3238 1438 3251 1461 ,
3280 1399 3453 1463 majo—

1858 1501 1945 1540 res
1980 1484 2043 1539 ad
2077 1501 2170 1540 vos
2202 1485 2529 1540 erudiendos
2559 1501 2626 1541 ne
2657 1487 2707 1540 in
2737 1486 2924 1543 eadem
2960 1488 3242 1554 incidatis,
3278 1504 3452 1560 neque

1856 1575 2043 1632 eadem
2073 1578 2349 1645 patiamini
2376 1594 2494 1647 qua!
2521 1578 2665 1648 passi
2692 1588 2839 1632 sunt.
2876 1579 2988 1634 lloc
3017 1589 3103 1635 est
3125 1621 3141 1645 ,
3189 1578 3257 1634 In
3286 1583 3453 1651 ipsum

1856 1669 2227 1723 incredulitatis
2274 1670 2579 1740 exemplum.
2654 1670 2735 1725 Ne
2789 1671 3185 1746 dissolvamur,
3240 1674 3449 1742 inquit,

1856 1773 1910 1820 ct
1942 1779 2264 1819 enervemur
2297 1782 2311 1819 :
2340 1764 2482 1833 quod
2523 1764 2683 1820 etiam
2725 1764 2856 1821 dicit
2900 1766 2952 1819 in
2998 1766 3144 1832 line,
3194 1766 3454 1822 Remissas

1857 1872 2039 1911 manus
2082 1865 2127 1910 et
2170 1873 2335 1926 genua
2374 1856 2540 1911 soluta
2583 1856 2801 1925 erigite(
2830 1854 2988 1910 Hebr.
3021 1856 3109 1911 1‘2.
3139 1857 3261 1927 ιε).
3296 1856 3364 1913 Ut
3392 1876 3453 1912 ns

1855 1949 1909 2002 in
1950 1947 2203 2015 idipsum,
2251 1947 2441 2016 inquit,
2487 1947 2599 2015 quis
2639 1946 2828 1999 incidat
2869 1948 3240 2001 incredulitatis
3280 1965 3449 2001 excin-

1858 2040 2000 2111 plum
2028 2057 2046 2094 :
2078 2039 2179 2093 hoc
2209 2041 2352 2092 enim
2378 2049 2461 2094 est
2486 2054 2679 2093 revera
2704 2040 2918 2093 cadere.
2951 2039 3152 2094 Deinde
3176 2081 3190 2103 ,
3234 2055 3301 2094 ne
3328 2054 3450 2094 cum

1855 2133 2100 2187 audisses
2121 2132 2260 2202 quod
2285 2132 2404 2201 quis
2432 2134 2483 2184 in
2514 2132 2744 2200 idipstnn
2769 2132 3074 2200 exemplum
3106 2131 3280 2194 cadat,
3304 2148 3455 2186 eam-

1856 2224 1979 2280 dem
2006 2235 2230 2278 mortem
2263 2226 2540 2278 existimes
2571 2239 2729 2293 quam
2762 2224 2834 2275 illi
2866 2224 3140 2284 obierunt.
3174 2224 3293 2277 vide
3325 2224 3451 2291 quid

1856 2317 1998 2371 dicat
2034 2334 2045 2369 :
2089 2314 2241 2369 Vivus
2270 2326 2343 2369 est
2375 2318 2506 2368 enim
2548 2332 2714 2369 sermo
2742 2314 2840 2368 Dei
2882 2324 2928 2367 et
2970 2315 3171 2383 efﬁcax,
3205 2324 3251 2367 et
3295 2330 3451 2384 pene-

1859 2408 2091 2463 trabilior
2111 2410 2245 2461 omni
2271 2408 2446 2478 gladio
2474 2408 2704 2477 ancipiti.
2728 2405 2929 2475 Quovis
2955 2406 3097 2459 enim
3129 2404 3306 2475 gladio
3331 2420 3453 2474 gra-

1858 2505 1975 2555 vius
2009 2501 2060 2554 in
2097 2516 2280 2553 eorum
2324 2499 2531 2551 animas
2567 2496 2723 2551 irruit
2757 2510 2937 2549 sermo
2967 2537 2980 2561 ,
3026 2511 3216 2565 graves
3270 2497 3453 2566 plagas

1860 2595 2101 2651 inferens
2126 2635 2139 2656 ,
2176 2592 2468 2660 letalesque
2503 2590 2593 2643 dat
2630 2589 2921 2653 rectiones.
2952 2588 3138 2659 Neque
3169 2604 3299 2643 vero
3320 2604 3453 2658 opus

1859 2688 1943 2744 est
1975 2699 2030 2741 nt
2056 2702 2240 2741 eorum
2265 2685 2497 2738 adducat
2528 2683 3068 2747 demonstrationem,
3102 2698 3277 2753 neque
3308 2692 3452 2738 utea

1860 2783 2053 2855 probet
2085 2797 2147 2834 ac
2192 2779 2505 2840 Confirmet,
2536 2793 2657 2831 cum
2702 2775 2838 2830 adeo
2882 2778 3216 2830 manifestam
3260 2776 3456 2830 habeat

1863 2872 2233 2928 narrationem
2264 2870 2362 2941 (η).
2392 2869 2522 2922 Nam
2546 2868 2837 2938 quodnam,
2868 2866 3079 2937 inquit,
3110 2868 3308 2922 beflnm
3336 2869 3455 2922 illos

1877 2969 2142 3043 perdidit?
2163 2970 2281 3037 quis
2302 2966 2508 3036 gladius
2533 2966 2555 3018 ?
2581 2979 2755 3017 annon
2790 2964 2948 3033 plane
2976 2976 3071 3015 sua
3100 2973 3291 3029 sponte
3316 2960 3461 3013 ceci-

1873 3062 2108 3115 derunt?
2154 3057 2229 3114 Ne
2261 3073 2390 3127 ergo
2411 3100 2425 3123 ,
2459 3056 2714 3126 quoniam
2759 3070 2865 3109 non
2897 3052 3087 3108 eadem
3125 3060 3310 3104 suinus
3343 3065 3464 3119 pcr-

1875 3153 2049 3223 pessi,
2090 3152 2258 3205 simus
2297 3149 2472 3203 securi
2509 3145 2813 3217 :qnamdiu
2855 3144 3049 3199 dicitur
3089 3142 3291 3221 hodie,
3335 3141 3467 3197 licet

1874 3242 2024 3296 nobis
2067 3240 2298 3295 recreari
2341 3249 2397 3293 et
2437 3238 2610 3292 relici.
2662 3235 2767 3291 Sed
2815 3250 2937 3289 cum
2983 3236 3098 3288 hare
3134 3232 3359 3296 dixerit,
3393 3245 3464 3285 ne

1873 3332 2149 3387 audientes
2179 3347 2299 3401 qua:
2327 3340 2452 3401 sunt
2500 3329 2725 3393 animm,
2765 3326 2938 3396 ignavi
2971 3325 3080 3379 sint
3106 3334 3161 3379 et
3182 3321 3461 3385 socordes,

1869 3426 2016 3479 addit
2057 3424 2220 3479 etiam
2256 3438 2375 3492 quze
2410 3394 2538 3475 sunt
2578 3420 2821 3490 corporis
2845 3460 2861 3485 ,
2906 3418 3019 3472 haec
3044 3416 3374 3472 declarans:
3406 3424 3465 3468 ut

1870 3533 1989 3571 cum
2032 3532 2127 3570 rex
2154 3515 2345 3583 aliquis
2380 3514 2653 3581 principes
2677 3526 2803 3565 suos
2827 3551 2841 3575 ,
2866 3509 2953 3579 qui
2998 3524 3186 3579 magna
3215 3508 3461 3575 qumdattt

1872 3619 2087 3679 peccata
2114 3608 2469 3668 admiserunt,
2496 3607 2724 3674 primum
2744 3604 2920 3674 privat
2944 3600 3154 3667 militia,
3175 3601 3462 3670 ablataque

1869 3702 2082 3771 cingulo
2107 3711 2160 3754 et
2190 3700 2513 3754 auctoritate
2541 3707 2593 3751 et
2629 3712 2874 3766 przecone
2900 3694 3135 3749 adducto
3158 3735 3174 3761 ,
3209 3704 3335 3747 tunc
3367 3710 3463 3762 pu-

1871 3796 1947 3848 nit
1980 3812 1992 3847 :
2025 3793 2095 3845 ita
2146 3792 2232 3845 hic
2272 3806 2491 3860 quoque
2533 3789 2659 3842 facit
2701 3789 2912 3858 gladios
2950 3787 3205 3856 Spiritus.
3258 3786 3462 3840 Deinde

1868 3884 2161 3940 terribilius
2186 3883 2421 3952 loquitur
2445 3883 2510 3935 de
2535 3881 2667 3934 Filio
2698 3899 2711 3934 :
2741 3880 2819 3933 Ad
2840 3896 2983 3949 quem
3008 3878 3149 3932 nobis
3172 3888 3243 3932 est
3270 3896 3457 3943 sermo,

1868 3977 2057 4047 inquit.
2094 3974 2147 4029 Id
2175 3984 2277 4039 est,
2314 3973 2415 4043 Ipsi
2441 3974 2700 4027 debemus
2732 3972 2960 4026 reddere
2984 3971 3248 4025 rationem
3272 3987 3460 4027 eorum

1866 4086 1983 4139 qua:
2029 4067 2311 4137 gessimus.
2346 4067 2530 4133 Itaque
2577 4080 2645 4118 nc
2689 4064 2977 4130 cudamus,
3011 4077 3187 4131 neque
3221 4064 3458 4115 animum

1864 4158 2316 4229 despondeamus.
2365 4156 2652 4211 Sufﬁciunt
2700 4155 2916 4225 quidem
2973 4157 3137 4210 etiam
3191 4156 3279 4210 illa
3337 4173 3460 4224 qua:

1865 4250 2003 4306 dicta
2036 4262 2160 4305 sunt
2187 4252 2251 4305 ad
2283 4265 2382 4304 nos
2409 4236 2737 4303 erudiendos
2767 4264 2781 4302 :
2814 4248 2889 4303 illi
2921 4264 3050 4304 vero
3076 4264 3181 4303 n0n
3205 4250 3337 4303 satis
3371 4249 3457 4301 illa

1864 4353 2008 4409 sunt,
2026 4344 2122 4398 sed
2144 4344 2260 4397 hmc
2282 4342 2491 4413 adjicit:
2512 4342 2599 4396 14.
2626 4340 2889 4394 Habemus
2917 4352 3085 4394 autem
3105 4342 3253 4395 etiam
3279 4346 3421 4407 ponti
3438 4371 3455 4379 -

1864 4440 2007 4506 ﬁcum
2051 4454 2292 4507 magnum
2340 4435 2425 4507 qui
2480 4435 2756 4503 penetravit
2807 4436 2979 4501 ca'los,
3023 4431 3204 4488 Jesum
3259 4432 3461 4488 Filium

1868 4531 1979 4586 Dei.

1932 4626 1985 4678 2.
2027 4623 2177 4691 Quod
2206 4623 2347 4677 enim
2387 4630 2671 4690 propterea
2714 4619 2763 4675 id
2806 4619 3084 4689 adjecerit,
3131 4617 3406 4687 subiunxit
3441 4639 3454 4672 ;

1864 4718 1952 4772 15.
1988 4716 2108 4769 Non
2140 4717 2271 4769 enim
2302 4715 2542 4768 habemus
2571 4714 2861 4783 pontificem
2890 4715 2973 4779 qui
2995 4729 3097 4767 non
3128 4714 3287 4783 possit
3310 4728 3453 4765 com-

1861 4812 1967 4879 pati
2014 4810 2397 4877 inﬁrmitatibus
2441 4809 2645 4861 nostris.
2700 4807 2991 4875 Propterea
3039 4807 3249 4861 dicebat
3292 4823 3457 4876 snpe-

1862 4906 1970 4957 rius
2000 4921 2011 4951 τ
2046 4902 2112 4954 1η
2142 4919 2220 4967 eo,
2255 4903 2305 4953 in
2334 4918 2429 4971 quo
2462 4918 2639 4972 passus
2668 4910 2737 4953 est
2768 4900 2877 4968 ipse
2904 4908 2951 4953 et
2993 4906 3233 4965 tentatus,
3279 4910 3455 4967 potens

1860 5006 1931 5049 cst
1963 4996 2031 5047 eis
2054 4996 2137 5065 qni
2167 5005 2421 5046 tentantur
2444 4992 2706 5045 auxiliari.
2744 4991 2873 5045 Vide
2902 5007 3031 5062 ergo
3058 4991 3329 5063 quomodo
3355 4992 3458 5049 hoc

1863 5089 2032 5157 ipsum
2066 5087 2149 5140 hic
2175 5100 2385 5155 quoque
2414 5084 2556 5137 facit.
2584 5083 2733 5149 Quod
2766 5093 2944 5137 autem
2974 5084 3104 5137 dicit
3152 5092 3236 5139 est
3271 5084 3459 5153 hujus-

1862 5182 2000 5235 tnodi
2034 5198 2045 5233 :
2080 5180 2356 5244 L‘atndem,
2393 5178 2581 5246 inquit,
2629 5192 2785 5247 quam
2830 5192 2929 5229 nos
2978 5177 3116 5229 viam
3156 5177 3295 5242 iniit,
3348 5179 3458 5232 imo

1860 5292 1989 5330 vero
2027 5274 2396 5341 asperiorem;
2442 5288 2563 5324 nam
2600 5271 2839 5323 omnium
2875 5286 3053 5323 rerum
3096 5270 3455 5325 humanarum

1860 5365 2493 5435 accepitexperientiam.
2531 5364 2747 5416 Dixerat
2793 5363 2919 5426 illic,
2968 5360 3090 5415 Non
3121 5373 3192 5414 est
3224 5377 3457 5417 creatura

1858 5461 2120 5514 invisibilis
2156 5461 2207 5511 in
2247 5468 2519 5525 conspectu
2551 5458 2681 5525 ejus,
2715 5454 3051 5508 divinitatem
3083 5457 3453 5511 Subindit-aus.

1863 5553 2061 5606 Deinde
2117 5560 2392 5620 postquam
2448 5550 2621 5619 attigit
2676 5564 2929 5613 carnem,
2983 5548 3221 5615 quttitur
3268 5565 3456 5603 rursus

1860 5644 2177 5699 Subinissius
2225 5653 2278 5697 et
2327 5642 2579 5696 humilius
2629 5660 2640 5694 :
2693 5638 2946 5692 Habentes
2994 5656 3110 5709 ergo
3160 5640 3454 5707 ponti/irem

1928 5792 1999 5851 (η)
2024 5790 2152 5839 llinc
2178 5790 2227 5836 in
2250 5788 2545 5842 Collwrtino,
2570 5791 2650 5848 qui
2680 5786 2800 5850 legit
2829 5786 3106 5848 terribilem,
3138 5790 3258 5850 itm),
3302 5793 3453 5843 nurni-

1866 5860 2051 5916 t'cstum,
2078 5865 2280 5913 magnus
2304 5858 2377 5900 est
2403 5851 2574 5898 hiatus.
