4042 6414
604 498 839 556 magnum
873 482 959 551 qui
997 475 1266 549 penetrauit
1306 472 1453 526 calas
1489 484 1505 521 :
1543 476 1596 521 ct
1637 464 1893 556 majorem
1936 456 2169 514 ostendit

602 554 806 637 curaui,
840 589 906 629 eo
931 574 1071 643 quod
1098 584 1191 625 eos
1221 577 1485 633 tamquam
1526 573 1654 614 sitos
1688 554 1939 612 defendat
1962 561 2016 608 et
2039 564 2169 643 Apro-

605 680 764 738 tegat,
797 682 894 721 nec
920 641 1045 717 velit
1082 672 1135 716 ut
1176 658 1270 729 ipsi
1297 654 1505 710 cadant.
1533 650 1665 705 Nam
1694 647 1905 719 Moyses
1928 641 2164 715 quidem,

602 736 794 837 inquit,
824 779 927 819 non
957 763 1224 830 ingressus
1252 762 1333 809 est
1359 752 1411 805 in
1450 747 1711 837 requiem,
1746 744 1858 837 ipse
1883 736 2168 837 autem‘est

600 826 871 928 ingressus
900 871 913 908 :
942 861 995 907 et
1017 826 1307 919 quomodo,
1332 856 1432 912 ego
1459 839 1661 928 dicam.
1678 832 1828 928 Quod
1855 840 2033 885 autem
2055 826 2169 928 γοα

601 919 855 1015 titisquam
897 938 1158 1013 posuerit,
1194 950 1298 989 non
1330 941 1412 988 est
1448 925 1803 984 admirabile:
1837 935 1957 975 nam
1987 919 2071 973 vel
2100 930 2169 972 ne

601 1037 876 1091 rideantur
904 1030 1145 1086 invenire
1176 1024 1561 1082 defensionem,
1591 1019 1760 1087 ipsum
1792 1027 1893 1067 una
1921 1022 2168 1078 compre-

603 1124 821 1184 hendit;
855 1119 937 1176 vel
982 1134 1049 1174 ne
1090 1117 1260 1171 virum
1309 1112 1576 1181 videretur
1613 1117 1886 1167 accusare,
1919 1098 2022 1154 hoc
2062 1111 2169 1152 non

601 1216 734 1271 dixit
760 1220 965 1283 aperte.
1008 1209 1137 1264 Nam
1166 1206 1233 1269 si,
1279 1217 1399 1259 cum
1442 1197 1573 1255 nihil
1618 1197 1804 1250 horum
1837 1186 2167 1283 dictuni_sit,

604 1307 717 1360 lucc
738 1278 1084 1373 objicicbant,
1115 1297 1374 1359 dicentes,
1412 1291 1529 1359 Ipse
1566 1287 1701 1343 dixit
1728 1284 1989 1373 adversus
2019 1278 2168 1373 μοι·

602 1411 715 1452 sem
756 1371 820 1450 et:
852 1393 1105 1448 adversus
1156 1389 1322 1457 legem
1354 1401 1369 1442 :
1398 1381 1565 1439 multo
1608 1379 1796 1449 magis,
1840 1373 1887 1430 si
1924 1371 2167 1438 dixisset,

603 1490 719 1546 Non
744 1499 823 1545 est
849 1486 1127 1543 Palu-siina
1148 1524 1162 1546 .
1194 1479 1285 1536 sed
1313 1477 1521 1541 ctelum,
1556 1474 1638 1527 his
1664 1470 1862 1539 majora
1886 1465 2172 1521 dixissent.

601 1584 704 1641 Sed
734 1598 835 1638 non
866 1581 1167 1636 universum
1202 1573 1384 1628 tribuit
1412 1565 1695 1630 sacerdoti,
1728 1560 1822 1618 sed
1863 1558 2020 1613 etiam
2052 1570 2172 1627 quas

603 1695 633 1732 a
665 1677 816 1733 nobis
858 1680 981 1729 sunt
1026 1663 1325 1739 prmstanda
1369 1656 1612 1728 requirit,
1657 1650 2049 1709 confessionem
2090 1646 2170 1699 iu-

604 1784 782 1839 quatu.
841 1762 1090 1818 Habentes
1144 1758 1308 1816 enim.
1357 1750 1548 1822 inquit.
1590 1745 1880 1839 potum—cent
1911 1753 2169 1811 magnum,

604 1833 690 1927 qui
734 1854 1005 1927 penetravit
1049 1850 1221 1913 culos,
1276 1844 1455 1900 Jesum
1506 1839 1697 1893 Filium
1749 1833 1867 1927 Dei,
1919 1842 2172 1927 teneamus

606 1917 987 2019 confessionem.
1038 1941 1329 2009 Quamnam
1379 1932 1505 1988 dicit
1550 1921 1979 2019 confessionem?
2021 1917 2173 2019 Quod

607 2040 676 2093 sit
706 2010 1045 2093 resurrectio,
1078 2028 1216 2100 quod
1241 2028 1309 2080 sit
1340 2020 1717 2083 remuneratio,
1738 2013 1880 2086 quod
1907 2012 2043 2067 bona
2066 2010 2175 2064 sint

608 2124 1025 2187 innumerabilia,
1057 2118 1196 2190 quod
1225 2116 1468 2171 Christus
1493 2114 1563 2167 sit
1592 2113 1748 2173 Deus,
1777 2105 1917 2178 quod
1946 2105 2015 2159 sit
2040 2102 2175 2158 fides

608 2228 749 2276 recta
780 2236 793 2271 :
826 2215 939 2270 bzcc
966 2210 1335 2271 couﬂtuguur,
1366 2208 1480 2261 hare
1510 2213 1799 2259 teneamus.
1824 2196 1974 2267 Quod
1995 2203 2173 2251 autem

607 2312 723 2365 haec
747 2323 870 2364 vera
908 2304 1034 2371 sint,
1062 2312 1145 2359 est
1184 2300 1518 2371 perspicuum
1550 2312 1616 2351 cx
1656 2309 1721 2349 co
1749 2293 1893 2363 quod
1934 2292 2078 2345 intus
2106 2288 2177 2344 sit

608 2401 865 2475 pontifex.
908 2399 1048 2469 Ergo
1089 2394 1229 2468 quod
1261 2408 1366 2448 non
1412 2390 1725 2453 excidimus,
1770 2383 2120 2475 confiteantur
2158 2398 2174 2475 ξ

607 2470 815 2548 etiamsi
846 2504 930 2545 res
960 2502 1064 2543 non
1103 2484 1308 2548 adsint,
1357 2496 1453 2537 nos
1497 2488 1671 2534 tamen
1708 2474 2054 2531 conﬂtcamur
2081 2490 2094 2526 :
2125 2470 2174 2527 si

609 2581 769 2637 modo
793 2579 1056 2641 adessent,
1087 2574 1275 2629 falsum
1317 2578 1477 2626 esset.
1522 2567 1877 2635 Quamobrem
1907 2562 2008 2618 hoc
2032 2576 2169 2631 quo-

609 2688 712 2742 que
760 2686 943 2725 verum
990 2676 1074 2721 est
1119 2662 1260 2733 quod
1309 2660 1665 2715 differantur:
1699 2655 1895 2710 ctenim
1942 2650 2176 2723 pontifex

612 2773 793 2817 noster
830 2768 913 2817 cst
950 2770 1170 2828 magnus
1200 2774 1214 2809 :
1251 2752 1370 2807 Non
1413 2752 1545 2805 enim
1583 2750 1820 2802 habemus
1857 2745 2176 2815 pontiﬁcem,

610 2856 695 2917 qui
720 2868 820 2906 non
852 2850 1003 2917 possit
1031 2846 1251 2909 compati
1289 2841 1659 2912 inﬁrmitatibus
1698 2838 1899 2892 nostris.
1930 2835 2045 2891 Non
2075 2843 2176 2898 est,

616 2943 800 3013 inquit,
831 2940 919 3010 qui
948 2954 1034 2993 res
1062 2946 1273 2991 nostras
1304 2935 1530 3004 ignoret,
1558 2931 1696 2985 sicut
1724 2926 1873 2982 multi
1907 2925 2179 2996 pontifices

611 3038 700 3108 qui
752 3035 992 3089 nesciunt
1038 3046 1131 3085 eos
1168 3030 1256 3099 qui
1300 3028 1408 3081 sint
1454 3026 1505 3079 in
1553 3020 1952 3085 afﬂictionibus,
2004 3032 2181 3085 neque

614 3127 866 3198 quidnam
909 3124 977 3178 sit
1016 3120 1254 3177 afﬂictio.
1304 3117 1432 3172 Nam
1478 3114 1615 3185 apud
1661 3112 1904 3167 homines
1932 3110 2042 3163 fieri
2074 3124 2179 3163 non

616 3229 790 3291 potest
820 3227 875 3271 ut
900 3216 1038 3285 ejus,
1070 3214 1157 3283 qui
1202 3212 1356 3265 malis
1383 3218 1624 3272 vexatur,
1668 3204 1807 3259 norit
1847 3201 2178 3257 vexationem

615 3314 661 3366 is
688 3310 775 3381 qui
807 3324 909 3363 non
940 3304 1069 3361 fecit
1107 3301 1425 3373 periculum,
1456 3306 1509 3352 ct
1537 3312 1639 3351 non
1680 3292 1887 3350 transiit
1926 3307 2020 3361 per
2058 3305 2181 3346 scn-

613 3398 1001 3460 sibilia.0mnia
1016 3397 1156 3452 enim
1178 3392 1620 3449 sustinuituoster
1638 3385 1899 3459 pontifex:
1920 3398 2040 3439 nam
2060 3397 2184 3452 pro-

617 3505 796 3566 pterea
828 3490 1052 3561 primum
1082 3484 1349 3546 sustinuit,
1381 3491 1433 3538 et
1460 3491 1583 3535 tunc
1611 3478 1871 3541 ascendit,
1908 3483 1965 3529 ut
2006 3480 2186 3544 posset

617 3565 1003 3642 commiserari.
1055 3578 1319 3633 Tentatum
1349 3585 1514 3628 autem
1546 3589 1633 3642 per
1662 3570 1830 3624 omnia
1877 3583 1966 3639 pro
2008 3565 2189 3621 simili-

619 3677 792 3731 tudine
815 3673 996 3742 absque
1021 3678 1244 3741 peccato.
1278 3666 1407 3720 Vide
1428 3662 1695 3734 quomodo
1722 3662 1879 3715 etiam
1907 3672 2062 3727 supra
2091 3669 2186 3726 po-

625 3778 752 3835 suit.
783 3772 979 3834 Simile,
1012 3778 1066 3825 et
1091 3767 1197 3834 hic,
1233 3764 1336 3821 Pro
1362 3762 1712 3819 similitudine.
1742 3759 1849 3813 iloc
1876 3766 1978 3821 est,
2008 3770 2192 3826 passus

622 3876 707 3921 est
736 3863 1223 3934 pcrsequutionem,
1268 3857 1363 3910 fuit
1401 3862 1713 3923 consputus,
1741 3859 2040 3911 accusatus,
2071 3847 2200 3902 irri-

626 3973 739 4021 sus,
792 3953 1073 4011 calumniis
1120 3950 1405 4020 appetitus,
1461 3947 1685 4015 ejectus,
1735 3951 2008 4013 postremo
2054 3939 2200 3996 cruci

626 4052 838 4105 affixus.
872 4046 975 4101 Pro
1020 4043 1346 4099 similitudine
1388 4038 1571 4109 absque
1621 4047 1844 4107 peccato.
1902 4034 1997 4089 Hic
2039 4033 2197 4087 etiam

627 4141 769 4195 aliud
802 4140 1120 4201 subindicat,
1157 4150 1344 4204 nempe
1369 4133 1510 4203 quod
1545 4131 1655 4184 ﬂeri
1684 4138 1877 4198 potest,
1910 4137 1963 4181 ut
2004 4126 2090 4196 qui
2119 4134 2203 4180 est

630 4233 681 4285 in
713 4229 1107 4291 afﬂictionibus,
1139 4241 1229 4282 eas
1259 4223 1489 4295 perferat
1512 4223 1710 4291 absque
1740 4230 1973 4288 peccato.
1997 4219 2190 4286 Quam-

630 4322 813 4375 obrem
845 4321 1002 4374 etiam
1031 4317 1239 4388 quando
1268 4316 1415 4377 dicit,
1444 4312 1506 4367 In
1529 4313 1856 4368 similitudine
1881 4312 2065 4374 carnis,
2096 4323 2201 4363 non

630 4413 734 4467 hoc
758 4412 905 4475 dicit,
934 4408 1074 4479 quod
1110 4407 1372 4478 acceperit
1417 4406 1593 4459 carnis
1634 4403 2059 4463 similitudinem,
2104 4400 2201 4454 sed

631 4519 867 4558 carnem.
908 4502 1013 4555 Cur
1042 4516 1170 4570 ergo
1211 4499 1361 4563 dixit,
1410 4496 1476 4550 In
1527 4494 1899 4549 similitudine?
1940 4493 2200 4558 Quoniam

632 4594 764 4648 dixit
795 4593 861 4647 de
904 4608 1063 4649 carne
1108 4590 1403 4661 peccatrice
1438 4607 1449 4641 :
1484 4600 1596 4643 erat
1640 4587 1780 4641 enim
1816 4596 2011 4639 nostrae
2048 4584 2201 4639 simi-

633 4686 717 4739 lis.
769 4684 898 4738 Nam
950 4692 1133 4736 natura
1188 4681 1399 4750 quidem
1448 4688 1564 4733 erat
1612 4678 1796 4731 eadem
1838 4694 1955 4746 qnze
1997 4685 2201 4743 nostra,

635 4785 851 4846 peccato
881 4784 1056 4827 autem
1086 4785 1413 4840 nequaquam
1446 4768 1649 4822 vadem.
1686 4768 1767 4823 l6.
1799 4768 2049 4821 Adeamus
2090 4782 2205 4837 ergo

633 4884 747 4921 cum
778 4866 961 4933 fiducia
992 4865 1057 4916 ad
1085 4864 1321 4915 thronum
1358 4862 1538 4933 gratia:
1564 4864 1691 4932 ejus,
1726 4870 1776 4913 ut
1807 4860 2205 4913 misericordiam

632 4972 1009 5025 consequamur,
1043 4965 1090 5008 et
1118 4955 1330 5025 gratiam
1358 4952 1665 5005 inveniamus
1703 4954 1755 5004 in
1790 4952 1979 5005 auxilio
2019 4968 2207 5023 appor-

633 5062 774 5103 tuno.
807 5048 1099 5115 Quemnam
1127 5048 1254 5101 dicit
1282 5048 1531 5100 thronum
1562 5047 1787 5114 gratim?
1813 5046 2085 5101 Tltronum
2116 5063 2204 5101 re-

635 5144 796 5210 gium,
846 5140 910 5195 de
955 5156 1061 5209 quo
1105 5139 1275 5193 dicit:
1310 5138 1452 5193 Dixit
1494 5137 1739 5192 Dominus
1786 5138 2000 5194 Domino
2050 5156 2159 5195 meo
2188 5156 2207 5195 :

637 5234 770 5288 Sede
793 5250 823 5285 a
851 5233 1041 5285 dextris
1072 5231 1215 5294 meis,
1256 5231 1413 5283 donec
1458 5245 1641 5298 ponam
1681 5230 1909 5284 inimicos
1949 5240 2057 5285 tuos
2095 5248 2209 5285 sca-

638 5326 821 5378 bcllum
852 5324 1033 5392 pedum
1068 5334 1266 5376 tuorum
1304 5320 1476 5390 (Psal.
1509 5320 1625 5374 l09.
1660 5321 1737 5387 f).
1775 5322 1851 5373 Ac
1894 5323 1935 5374 si
1979 5324 2201 5389 diceret,

636 5418 906 5471 Adeamus
930 5430 1049 5469 cum
1080 5415 1291 5478 fiducia,
1323 5412 1573 5483 queniam
1608 5412 1863 5467 iubemus
1898 5416 2205 5484 pontificem

639 5511 764 5563 milli
809 5518 1028 5577 peccato
1059 5508 1269 5561 aflinem
1294 5548 1307 5572 ,
1344 5507 1432 5577 qui
1477 5508 1747 5589 superarit
1775 5507 1956 5561 orbem
2004 5519 2158 5562 terrm
2194 5528 2207 5563 :

637 5602 885 5668 Conﬁdite
914 5601 1073 5665 cnim,
1121 5601 1306 5670 inquit,
1340 5616 1428 5670 ego
1473 5602 1565 5653 vici
1612 5600 1853 5653 mundum
1894 5600 2072 5669 (.Iorm.
2121 5602 2208 5656 lii.

639 5694 755 5754 55).
782 5691 890 5745 Iloc
919 5692 1058 5746 enim
1083 5700 1186 5758 est,
1217 5692 1393 5745 omnia
1421 5705 1540 5745 esse
1571 5707 1805 5761 passum,
1834 5693 2085 5747 mundum
2118 5709 2213 5749 au-

644 5796 748 5840 tem
778 5797 895 5838 esse
924 5798 949 5833 :I
982 5791 1217 5853 peccato.
1245 5782 1378 5850 Etsi,
1416 5782 1605 5851 inquit,
1631 5797 1725 5839 nos
1752 5800 1931 5840 sumus
1957 5785 2056 5840 sub
2085 5801 2209 5856 pce-

1340 380 1399 435 S.
1438 372 1710 433 JOANNIS
1747 353 2212 423 CHRYSOSTOMI
2245 348 2556 435 AﬂClllEl’.
2598 341 3108 403 CONSTANTINOP

3813 337 3900 396 οι

2290 440 2431 497 cato,
2451 432 2629 500 etipsc
2643 438 2822 485 tamen
2843 445 2946 485 non
2960 440 3037 484 est
3064 439 3281 501 peccato
3294 422 3582 496 obnoxius,
3601 441 3893 503 quomodo

2278 538 2595 596 accedamus
2643 555 2767 597 cum
2817 539 3057 597 ﬂduciat
3114 540 3265 597 Nunc
3309 548 3392 597 est
3448 539 3605 596 sedes
3657 540 3879 610 gratim,

2290 647 2394 687 non
2416 631 2571 687 sedes
2591 633 2801 703 judicii.

2353 725 2704 782 Misericordia
2742 726 2836 781 Dei
2862 726 3053 782 donum
3082 724 3494 797 regale.—ldeo
3532 722 3880 789 Accedamus,

2282 816 2471 889 inquit,
2499 834 2616 872 cum
2640 816 2851 887 ﬁducia,
2894 827 2949 871 ut
2974 817 3283 888 accipiamus
3310 816 3707 872 misericordiam
3736 830 3875 883 qun-

2279 907 2377 963 lem
2400 909 2690 976 qrucrimus.
2733 908 3107 963 Muniticeutitc
3134 909 3277 963 enim
3306 922 3394 963 res
3418 915 3521 974 est,
3546 906 3746 960 donum
3783 920 3867 958 re-

2279 1000 2413 1072 gale.
2441 999 2506 1055 Et
2520 1001 2736 1073 gratiam
2760 1001 3071 1054 inveniamus
3096 1000 3147 1053 in
3168 1000 3361 1055 auxilio
3388 1008 3693 1069 opportuno.
3721 995 3886 1050 Bene

2272 1092 2426 1158 dicit,
2474 1092 2543 1149 In
2582 1093 2777 1149 auxilio
2803 1104 3109 1164 opportuno.
3137 1092 3193 1151 Si
3224 1107 3384 1158 nunc,
3418 1092 3609 1162 inquit,
3641 1090 3880 1155 aduris.

2279 1185 2509 1255 accipies
2554 1195 2605 1242 et
2658 1187 2883 1257 gratiam
2939 1196 2994 1241 et
3044 1184 3505 1251 misericordiam;
3556 1193 3879 1255 opportunae

2282 1293 2510 1347 namque
2555 1277 2765 1334 accedis
2808 1296 2822 1331 :
2864 1280 2946 1334 siu
2996 1287 3175 1334 autem
3225 1288 3353 1334 tunc
3390 1275 3610 1339 adieris,
3657 1290 3879 1348 nequa-

2280 1384 2479 1440 quam;
2526 1372 2863 1441 importunus
2901 1371 3043 1426 enim
3087 1380 3167 1427 est
3202 1380 3329 1425 tunc
3370 1369 3588 1432 aditus;
3636 1382 3743 1423 non
3786 1375 3887 1423 est

2280 1461 2423 1515 enim
2454 1470 2578 1517 tunc
2608 1461 2837 1517 thronus
2869 1462 3073 1533 gratim.
3116 1461 3362 1532 ansque
3408 1459 3550 1515 enim
3590 1471 3671 1515 est
3708 1457 3885 1513 sedes

2278 1553 2484 1623 gratim,
2513 1568 2789 1624 quousque
2821 1553 2975 1609 sedet
3014 1553 3124 1608 Rex
3166 1551 3303 1608 dans
3343 1553 3569 1623 gratiam
3603 1570 3617 1610 :
3650 1550 3883 1622 quando

2280 1654 2459 1700 autem
2488 1654 2570 1701 est
2594 1647 3006 1711 consummatio,
3034 1655 3160 1701 tunc
3185 1646 3449 1701 excitatur
3476 1644 3542 1699 ad
3560 1645 3822 1716 judicium
3860 1660 3878 1699 :

2282 1734 2516 1808 Exsurge
2543 1739 2709 1803 enim,
2744 1738 2935 1809 inquit,
2964 1735 3122 1806 Deus,
3148 1737 3323 1807 iudica
3352 1750 3542 1793 terram
3570 1736 3744 1809 (Psaf.
3774 1738 3879 1792 st.

2284 1828 2381 1899 8).
2415 1828 2569 1884 Aliud
2596 1830 2759 1885 etiam
2790 1830 3073 1886 dicendum
3109 1839 3210 1885 est.
3233 1831 3508 1896 Adeamus,
3538 1831 3731 1901 inquit,
3751 1846 3881 1884 am

2284 1921 2510 1991 ﬁducia;
2538 1922 2589 1976 id
2615 1930 2719 1987 est,
2748 1921 2948 1977 nullius
2976 1923 3053 1979 rei
3096 1923 3255 1979 mala:
3294 1923 3451 1979 nobis
3493 1925 3714 1989 conscii,
3760 1938 3878 1977 non

2280 2014 2589 2069 dubitantes
2620 2028 2635 2067 :
2666 2030 2789 2069 nam
2811 2015 2900 2085 qui
2931 2024 3015 2071 est
3038 2015 3325 2083 ejusmodi,
3360 2031 3464 2071 non
3494 2023 3669 2087 potest
3708 2029 3879 2069 acce-

2281 2106 2408 2162 dere
2437 2122 2559 2161 cum
2590 2105 2803 2162 ﬂducia.
2836 2105 2960 2162 Ideo
2999 2107 3123 2162 alibi
3164 2123 3377 2180 quoque
3417 2106 3587 2162 dicit:
3619 2106 3882 2177 Tempore

2282 2210 2567 2272 opportuno
2593 2199 2830 2254 exaudiri
2856 2209 2923 2264 te,
2956 2208 3003 2254 et
3032 2201 3085 2255 in
3114 2200 3197 2254 die
3223 2200 3403 2255 salutis
3428 2200 3607 2268 adjuri
3633 2208 3681 2254 te
3709 2197 3850 2269 (lsa.

2282 2295 2369 2350 ιθ.
2405 2292 2483 2365 8).
2530 2292 2661 2349 Nam
2692 2293 2832 2364 quod
2880 2310 3021 2348 nunc
3061 2310 3273 2365 quoque
3316 2296 3402 2365 qui
3450 2305 3564 2365 post
3597 2295 3881 2350 lavacrum

2284 2395 2528 2457 peccant,
2574 2386 2850 2440 inveniant
2896 2386 3286 2455 pmniteutiam,
3318 2396 3399 2442 cst
3429 2386 3630 2457 gratim.
3662 2385 3739 2441 Nc
3775 2401 3882 2441 au-

2287 2488 2391 2535 tem
2419 2478 2645 2533 audiens
2675 2479 3003 2547 pontificem,
3036 2478 3313 2533 existimes
3338 2493 3462 2534 eum
3488 2486 3649 2539 stare.
3688 2458 3882 2532 statiin

2283 2568 2429 2627 ducit
2456 2569 2523 2624 ad
2548 2569 2731 2624 sedem
2761 2585 2775 2622 :
2810 2568 3061 2624 sacerdos
3086 2578 3266 2629 autem
3291 2584 3396 2624 non
3425 2568 3597 2636 sedet,
3623 2568 3714 2624 sed
3739 2578 3880 2623 stat.

2286 2660 2449 2718 Vides
2475 2661 2750 2734 quoniam,
2781 2660 2923 2732 quod
2951 2660 3119 2716 factus
3143 2662 3213 2717 sit
3243 2661 3501 2732 pontifex,
3532 2675 3636 2715 non
3669 2672 3747 2715 est
3776 2675 3881 2713 na-

2298 2770 2449 2825 turas,
2500 2762 2592 2816 sed
2636 2764 2820 2829 gratiae
2865 2776 2918 2818 et
2964 2764 3304 2818 demissiouis
3351 2773 3405 2815 et
3448 2759 3884 2815 exinanitiouis?

2298 2851 2408 2907 Hoc
2433 2854 2587 2908 nobis
2614 2869 2823 2925 quoque
2862 2867 3218 2927 oppertunum
3250 2867 3330 2909 est
3362 2855 3561 2919 dicere,
3604 2854 3886 2909 Adeamus

2296 2957 2417 3023 cum
2450 2942 2640 2998 fiducia
2671 2953 2915 3015 petentes
2945 2964 2958 3000 :
2992 2947 3163 3000 solum
3193 2946 3349 3000 fidem
3380 2945 3687 3006 offeramus,
3711 2953 3766 2998 et
3786 2944 3888 2998 dat

2295 3034 2495 3091 omnia.
2524 3033 2676 3090 Nunc
2700 3046 2789 3091 est
2814 3046 3023 3106 tempus
3060 3036 3207 3101 doni,
3240 3053 3395 3092 uento
3422 3036 3489 3092 de
3518 3052 3575 3091 se
3600 3034 3882 3105 desperet.

2297 3124 2445 3178 Tunc
2471 3134 2551 3180 est
2580 3135 2786 3195 tempus
2813 3126 3222 3198 desperationis,
3247 3128 3462 3198 quando
3482 3127 3693 3182 clausus
3716 3125 3888 3183 fuerit

2299 3215 2582 3285 thalamus,
2612 3216 2823 3288 quando
2854 3217 2965 3273 Rex
2996 3217 3155 3274 fuerit
3196 3219 3469 3289 ingressus
3506 3218 3571 3273 ad
3616 3218 3887 3274 videndos

2298 3321 2391 3361 eos
2428 3308 2518 3377 qui
2558 3308 2896 3375 accumbunt,
2944 3311 3156 3379 quando
3198 3311 3349 3365 sinus
3390 3308 3705 3380 patriarcha:
3747 3319 3889 3363 sunt

2299 3400 2565 3467 accepturi
2609 3416 2704 3455 eos
2740 3403 2827 3471 qui
2884 3403 2947 3455 iis
2991 3410 3116 3455 sunt
3162 3401 3411 3472 diguaudi
3454 3420 3467 3456 :
3512 3415 3654 3456 nunc
3696 3409 3885 3456 autem

2302 3492 2533 3545 nomium
2570 3510 2582 3546 :
2615 3492 2788 3547 adhuc
2813 3495 2953 3547 enim
2997 3493 3241 3547 consistit
3269 3493 3554 3558 theatrum,
3586 3491 3764 3547 adhuc
3792 3494 3885 3546 iu-

2298 3594 2401 3638 stat
2430 3596 2720 3650 certamen,
2750 3586 2925 3641 adhuc
2956 3589 3147 3655 pendet
3179 3587 3479 3657 prtemium.

2368 3678 2425 3731 3.
2465 3677 2800 3732 Festinemus
2826 3693 2953 3748 ergo
2984 3695 2995 3730 :
3029 3678 3228 3733 Paulus
3253 3678 3393 3733 enim
3419 3678 3569 3741 dicit,
3596 3676 3685 3731 Sic
3702 3694 3884 3743 curro,

2302 3786 2398 3822 non
2425 3771 2572 3835 quasi
2600 3771 2651 3823 in
2672 3770 2917 3823 incertum
2944 3771 3019 3843 (i.
3052 3768 3171 3824 Cor.
3200 3770 3253 3824 9.
3281 3770 3395 3840 96).
3422 3768 3590 3825 Cursu
3618 3786 3752 3838 opus
3773 3783 3888 3837 est,

2302 3877 2473 3931 coque
2499 3861 2819 3917 vehementi.
2852 3862 2952 3941 Qui
2981 3862 3171 3925 currit,
3202 3861 3407 3916 nullum
3435 3860 3578 3915 videt
3601 3875 3668 3916 ex
3699 3862 3890 3915 enmi-

2305 3954 2417 4018 Iuts,
2448 3955 2655 4009 etiamsi
2696 3955 3020 4026 ingrediatur
3055 3970 3153 4026 per
3182 3965 3355 4025 prata,
3398 3953 3608 4009 etiamsi
3643 3968 3736 4023 per
3764 3953 3890 4009 ioca

2300 4044 2445 4099 arida
2475 4054 2528 4100 ct
2557 4061 2745 4115 aspera
2777 4063 2790 4098 :
2822 4047 2909 4115 qui
2959 4047 3148 4111 currit,
3179 4061 3286 4101 non
3329 4046 3519 4115 aspicit
3553 4045 3621 4100 ad
3666 4055 3891 4113 specta-

2304 4149 2463 4199 tores,
2492 4136 2585 4191 sed
2616 4136 2681 4191 ad
2715 4137 2987 4207 prmmium
3015 4154 3028 4202 ;
3063 4137 3270 4191 etiamsi
3303 4136 3410 4191 siut
3433 4134 3646 4201 divites,
3687 4136 3888 4191 etiam-

2302 4229 2344 4282 si
2394 4244 2672 4298 pauperes,
2727 4230 2935 4284 etiamsi
2988 4230 3107 4297 quis
3149 4229 3388 4291 irrideat,
3426 4228 3633 4283 etiamsi
3680 4228 3888 4296 laudet;

2304 4320 2509 4373 etiamsi
2537 4321 2855 4376 contumelia
2886 4320 3097 4383 officiat,
3129 4320 3335 4374 etiamsi
3360 4319 3621 4389 lapidibus
3646 4332 3885 4389 appetat,

2305 4412 2512 4466 etiamsi
2537 4412 2752 4466 domum
2776 4414 3010 4483 diripiat,
3039 4412 3247 4467 etiamsi
3272 4412 3464 4467 viderit
3491 4412 3649 4477 ﬂlios,
3673 4415 3889 4469 etiamsi

2306 4518 2549 4569 uxorem,
2581 4505 2788 4561 etiamsi
2820 4506 3115 4577 quodlibet,
3147 4521 3250 4561 non
3274 4507 3563 4572 avertitur;
3588 4506 3638 4561 iu
3671 4506 3773 4561 hoc
3798 4522 3894 4561 so-

2306 4595 2412 4651 lum
2441 4606 2604 4651 estut
2639 4608 2839 4662 currat,
2871 4606 2928 4652 ut
2965 4599 3237 4667 pra-mium
3276 4596 3521 4667 accipiat.
3561 4598 3659 4665 Qui
3695 4600 3889 4663 currit,

2306 4704 2563 4757 nusquam
2611 4700 2710 4743 stat
2749 4708 2761 4743 :
2794 4706 2913 4743 nam
2962 4692 3003 4743 si
3054 4691 3135 4744 vel
3187 4706 3369 4757 parum
3422 4691 3602 4759 segnis
3634 4691 3785 4745 fuerit
3832 4704 3892 4746 et

2305 4780 2480 4845 deses,
2509 4789 2675 4834 totum
2706 4781 2907 4850 perdet.
2931 4781 3029 4849 Qui
3054 4782 3239 4843 currit,
3286 4796 3389 4834 non
3416 4781 3588 4845 solum
3627 4782 3754 4833 nihil
3796 4797 3889 4836 re-

2308 4874 2465 4926 mittit
2502 4883 2625 4927 ante
2668 4872 2849 4935 fiuem,
2895 4872 2989 4927 sed
3019 4873 3182 4927 etiam
3214 4880 3339 4926 tunc
3383 4874 3614 4926 maxime
3663 4888 3883 4926 cursum

2307 4964 2548 5018 intendit.
2597 4963 2709 5019 Iioc
2748 4980 2777 5017 a
2822 4979 2906 5018 me
2928 4963 3122 5017 dictqu
3146 4972 3225 5017 est
3256 4963 3321 5016 ad
3350 4978 3442 5016 eos
3466 4963 3552 5031 qui
3585 4961 3787 5024 dicunt,
3830 4964 3886 5017 lu

2303 5060 2576 5128 juventutc
2603 5074 2702 5112 nos
2737 5057 3091 5119 exercuimus,
3121 5058 3172 5109 in
3205 5056 3484 5125 juventutc
3501 5054 3883 5124 jejunavimus,

2311 5168 2450 5207 nunc
2476 5149 2873 5205 consenuimus.
2917 5148 3069 5203 Nunc
3113 5148 3342 5202 maxime
3384 5156 3596 5215 oportet
3632 5149 3884 5216 pietatem

2311 5244 2605 5299 intendere.
2649 5242 2725 5297 Ne
2766 5241 2893 5294 mihi
2943 5254 3225 5295 enumeres
3271 5254 3389 5307 qua:
3434 5239 3559 5292 olim
3587 5248 3699 5291 ate
3743 5249 3885 5293 recto

2310 5346 2431 5391 sunt
2460 5346 2605 5405 gvsta
2632 5352 2646 5399 ;
2682 5350 2821 5388 nunc
2850 5344 2899 5387 te
2927 5332 3103 5401 pra-bc
3129 5333 3380 5401 juvenem
3410 5332 3797 5401 ﬂorentemque
3834 5344 3887 5386 et

2310 5440 2577 5493 vegetum.
2608 5427 2737 5481 Nam
2768 5427 2996 5479 maxime
3021 5425 3235 5494 quidem
3263 5425 3350 5493 qui
3380 5423 3716 5491 corporalem
3750 5426 3887 5479 hunc

2311 5524 2477 5575 Currit
2514 5536 2751 5585 Cursum,
2798 5530 3073 5589 pestquam
3124 5534 3246 5575 eum
3288 5516 3702 5588 apprehenderit
3744 5520 3885 5573 cani-

2314 5614 2433 5677 ties,
2474 5628 2577 5665 nou
2617 5622 2792 5682 potest
2838 5627 2987 5682 :cque
3033 5626 3251 5667 currere
3296 5629 3310 5666 :
3353 5626 3475 5666 nam
3521 5610 3776 5682 quidquid
3805 5622 3883 5669 est

2313 5707 2641 5773 certaminis,
2667 5714 2751 5761 est
2779 5707 2829 5759 in
2858 5720 3102 5775 corpore.

2382 5810 2537 5866 Senes
2568 5820 2619 5865 ut
2640 5812 2849 5881 juvenes
2880 5826 3077 5865 currere
3104 5807 3277 5861 debent
3307 5808 3357 5859 in
3391 5806 3467 5859 riu
3494 5801 3690 5859 salutis.
3712 5830 3778 5843 --
3809 5803 3877 5856 Ttt
