4042 6410
145 433 200 482 εἰει
1033 434 1093 488 ιΝ
1136 432 1349 489 EPIST.
1395 431 1483 485 Al)
1524 425 1884 483 illiilli/EOS.
1926 424 2077 479 CAP.
2122 422 2210 477 iV.
2253 420 2488 477 IIOMIL.
2533 417 2639 473 VII.
3359 426 3427 477 ﬁli

138 545 294 586 autem
325 548 576 603 quanam
615 536 690 590 de
718 549 877 591 causa
900 549 1110 591 cursum
1136 535 1365 590 minuis?
1391 536 1565 590 anima
1590 538 1731 590 enim

1836 546 2087 613 pilorum,
2122 554 2365 611 magnam
2396 536 2487 591 tibi
2516 533 2660 589 dedit
2692 529 3098 602 prterogativam
3130 544 3143 580 :
3188 539 3281 578 cur
3306 538 3430 593 pro-

142 622 210 674 hic
239 640 371 691 opus
394 635 502 687 est,
537 628 732 680 anima
755 625 979 680 excitata
1007 634 1063 680 et
1090 635 1270 681 erecta
1303 642 1315 677 :
1346 626 1521 679 anima
1553 636 1733 681 autem

1866 639 1920 689 is
1942 633 2233 689 honorem?
2254 627 2529 698 Quomodo
2556 635 2608 680 te
2630 622 2964 678 reverebitnr
2988 618 3224 688 juvenis,
3250 629 3428 685 quan-

138 716 408 770 roboratur
428 718 482 771 in
518 728 851 783 senectute;
880 718 985 773 imo
1016 728 1144 773 tunc
1175 719 1405 773 maxime
1428 720 1589 789 viget,
1611 729 1732 774 tun.

138 808 370 861 exsultat.
391 810 559 864 Sicut
584 810 735 864 enim
769 825 981 881 corpus,
1017 809 1266 881 quamdiu
1284 812 1497 880 quidem
1522 819 1733 864 tenetur

136 897 361 955 febribus
413 901 757 971 crebrisque
804 912 856 955 et
902 901 1004 955 sibi
1044 900 1278 956 invicem
1323 900 1736 957 succedentibus

137 992 344 1055 morbis,
398 994 636 1046 etimnsi
683 993 754 1047 sit
796 991 933 1047 forte
978 1000 1035 1046 ct
1086 992 1401 1057 robustum,
1440 1002 1733 1047 esttamen

136 1079 417 1147 afflictum;
473 1092 770 1152 postquam
820 1093 996 1137 autem
1041 1080 1205 1136 fuerit
1238 1082 1520 1137 liberatum
1548 1083 1615 1135 ab
1648 1084 1732 1135 illa

136 1172 441 1237 obsidione,
497 1188 637 1225 snas
689 1174 828 1227 vires
874 1182 1199 1242 recuperat:
1234 1173 1304 1226 ita
1348 1173 1509 1226 etiam
1554 1173 1732 1225 anima

138 1262 393 1319 febricitat
446 1267 502 1316 in
551 1265 872 1334 jnventute,
922 1277 976 1319 et
1004 1281 1122 1320 eam
1150 1265 1383 1320 maxime
1416 1276 1554 1321 tenet
1583 1280 1735 1317 amor

133 1358 302 1425 gloria:
330 1368 387 1411 ct
417 1359 752 1413 deliciarum
782 1368 834 1413 ct
860 1358 933 1413 rei
952 1374 1196 1413 venerea:
1219 1368 1273 1412 et
1292 1359 1520 1412 aliorum
1539 1358 1734 1411 multo-

138 1464 239 1503 rnm
278 1450 632 1513 alTectuum;
663 1467 783 1505 cum
812 1451 1091 1504 advenerit
1120 1461 1297 1504 autem
1324 1458 1606 1515 senectus,
1669 1463 1731 1501 ea

135 1539 344 1609 expellit
394 1540 521 1595 lucc
560 1543 739 1595 omnia
772 1558 893 1611 qua:
923 1549 1047 1593 sunt
1072 1541 1316 1610 corporis
1338 1580 1352 1603 ,
1386 1540 1577 1607 partim
1622 1538 1740 1607 qui-

138 1629 246 1683 dent
273 1644 397 1683 cum
434 1640 695 1700 tempore
717 1672 732 1697 ,
768 1632 957 1699 partim
990 1640 1168 1685 autem
1201 1647 1295 1699 per
1322 1630 1733 1699 philosophiam.

140 1719 407 1779 Iutensum
440 1724 601 1778 enim
634 1725 797 1778 robur
826 1723 1069 1791 corporis
1108 1723 1415 1792 deprimens
1441 1733 1689 1782 senectus
1720 1762 1734 1786 ,

142 1829 201 1868 ne
240 1814 325 1869 bis
358 1815 602 1884 quidem
636 1816 899 1869 volentem
930 1814 1003 1868 uti
1032 1814 1154 1867 sinit
1186 1816 1417 1868 animam
1442 1830 1455 1876 ;
1481 1812 1573 1866 sed
1605 1824 1738 1865 latit-

142 1926 290 1976 quam
314 1927 491 1965 omne
526 1928 701 1982 genus
729 1910 975 1966 hostibus
1004 1911 1359 1986 compressis.
1387 1926 1504 1963 eam
1535 1909 1737 1963 consti-

144 2003 233 2053 tuit
274 2003 324 2054 in
372 2003 505 2057 loco
555 2018 690 2071 puro
721 2018 750 2055 a
797 2004 1139 2064 tumultibus,
1190 2012 1241 2055 et
1290 2018 1535 2071 magnam
1576 2001 1741 2055 eflieit

142 2092 616 2161 tranquillitatem,
642 2104 695 2147 et
723 2092 980 2163 majorem
1018 2094 1172 2146 all‘crt
1212 2094 1479 2147 timorem.
1511 2092 1564 2147 Si
1594 2093 1735 2146 enim

145 2186 316 2239 nullus
341 2185 493 2240 alius
516 2226 536 2252 ,
567 2195 625 2241 at
652 2201 810 2242 senes
846 2186 1063 2258 quidem
1083 2194 1228 2241 certe
1264 2196 1458 2239 norunt
1482 2200 1541 2240 se
1570 2185 1739 2248 mori-

147 2287 306 2341 turos,
351 2287 409 2332 et
440 2278 609 2331 morti
666 2278 889 2332 omnino
942 2293 1064 2333 esse
1123 2277 1467 2348 propinquos.
1519 2277 1742 2343 Quando

150 2368 298 2433 igitur
316 2387 443 2441 qua:
473 2373 546 2425 ad
596 2371 732 2426 hanc
764 2373 925 2425 vitam
972 2372 1244 2442 pertinent
1295 2374 1550 2427 recedunt
1590 2372 1710 2440 cupi

153 2463 338 2517 ditates
383 2478 453 2518 ac
516 2463 789 2527 libidines,
848 2462 1027 2517 subito
1072 2474 1251 2517 autem
1307 2464 1505 2533 ingruit
1550 2478 1742 2530 exspe-

150 2555 303 2606 etatio
359 2554 610 2623 jndicii.
676 2556 1042 2625 pervicaciam
1114 2556 1305 2608 anima:
1370 2554 1614 2608 molliens
1684 2563 1738 2608 et

151 2645 612 2713 inobedicntiam,
661 2662 838 2701 annon
884 2646 941 2700 ﬁt
992 2647 1244 2701 attentior
1304 2647 1346 2701 si
1396 2647 1555 2700 velit?
1607 2647 1739 2713 Quid

150 2751 269 2789 vero
294 2779 308 2801 ,
344 2739 573 2807 inquit,
603 2738 742 2808 quod
792 2738 1034 2791 videmus
1080 2752 1237 2792 senes
1274 2737 1561 2807 juvenibus
1592 2741 1737 2791 dete-

154 2827 359 2883 riores?
406 2829 695 2885 Summam
739 2830 868 2884 mibi
914 2830 1050 2884 dicis
1090 2830 1202 2881 vitii
1233 2828 1695 2899 exsuperationcm
1730 2846 1742 2881 :

155 2934 267 2971 nam
307 2930 365 2975 et
404 2920 647 2974 furiosos
679 2920 924 2974 videmus
978 2919 1125 2973 nullo
1176 2919 1485 2988 impellente
1528 2934 1585 2973 sc
1616 2918 1744 2973 dare

156 3010 483 3080 pnecipitcs.
538 3009 762 3076 Quando
802 3025 935 3081 ergo
990 3009 1074 3064 vel
1126 3025 1293 3063 senex
1349 3009 1558 3063 laborat
1604 3024 1742 3062 mor-

159 3100 231 3153 bis
254 3102 525 3169 juvcnum
549 3144 562 3165 ,
611 3101 660 3155 id
692 3116 959 3155 summum
989 3110 1070 3154 est
1096 3100 1283 3153 vitium
1313 3118 1327 3154 :
1360 3114 1458 3153 nec
1487 3099 1747 3168 injuvcn-

159 3200 262 3245 tute
296 3193 564 3261 quidem,
614 3193 702 3261 qui
736 3201 820 3246 est
856 3190 1166 3260 hujusmodi
1187 3231 1202 3256 ,
1233 3190 1629 3244 excusationem
1660 3189 1752 3242 ba—

162 3279 325 3336 buerit
356 3302 371 3337 :
407 3299 523 3336 non
569 3290 746 3352 potest
786 3282 929 3337 enim
970 3281 1190 3347 dicere,
1237 3280 1437 3334 Delicta
1472 3282 1751 3350 juvemutis

164 3391 279 3429 mea:
303 3387 350 3431 et
378 3379 703 3448 ignorantia:
730 3393 865 3430 meas
892 3392 955 3430 ne
983 3375 1269 3429 memineris
1314 3372 1501 3445 (Psal.
1534 3374 1627 3428 ει.
1660 3374 1750 3442 7).

163 3472 285 3528 Nam
330 3478 423 3543 qui
479 3485 659 3527 manet
700 3474 837 3527 idem
882 3473 933 3523 in
978 3479 1285 3531 senectute,
1322 3467 1559 3521 ostendit
1614 3465 1757 3534 quod

160 3566 315 3621 etiam
347 3569 402 3621 in
430 3568 718 3637 jnventute
748 3580 851 3619 non
878 3571 1095 3633 propter
1122 3559 1537 3631 ignorationem,
1572 3573 1750 3625 neque

167 3667 377 3727 propter
436 3656 804 3727 imperitiam,
849 3669 1022 3724 neque
1068 3660 1289 3723 propter
1327 3658 1542 3705 :ctatem
1593 3648 1753 3703 fuerit

170 3746 453 3812 ejusmodi,
501 3747 595 3802 sed
640 3755 860 3817 propter
901 3744 1228 3799 socordiam.
1270 3742 1365 3796 ille
1391 3742 1537 3797 enim
1573 3747 1752 3809 potest

169 3834 359 3901 dicere,
395 3836 598 3890 Delicta
618 3838 900 3905 juventutis
943 3850 1066 3887 mete
1091 3843 1136 3887 et
1178 3831 1496 3903 ignorantias
1524 3846 1661 3883 meas
1690 3844 1753 3882 ne

168 3930 472 3995 mmineris,
511 3929 599 3995 qui
633 3928 894 3998 facitque:
925 3929 1039 3981 seni
1070 3927 1417 3990 conveniunt,
1452 3925 1540 3995 qui
1577 3932 1750 3975 mnta-

171 4028 248 4073 tur
268 4022 319 4075 in
350 4029 633 4076 senectute
658 4038 672 4075 :
697 4020 739 4074 si
772 4030 949 4073 autem
982 4019 1143 4073 etiam
1173 4018 1223 4071 in
1253 4025 1535 4071 senectute
1560 4014 1747 4069 eadem

171 4110 393 4166 admittit
429 4110 625 4181 probra
655 4122 709 4165 ct
729 4110 993 4164 dedecora
1016 4149 1031 4173 ,
1081 4107 1352 4178 quomodo
1386 4122 1480 4176 par
1510 4115 1591 4159 est
1620 4114 1676 4158 nt
1708 4104 1751 4159 is

173 4206 473 4261 nominetur
500 4221 690 4265 senex,
720 4205 809 4272 qui
845 4219 910 4258 ne
934 4212 1145 4257 mtatem
1174 4200 1387 4272 quidem
1420 4207 1697 4254 reveretur
1727 4197 1750 4250 ?

173 4293 294 4349 Nam
323 4302 415 4367 qui
447 4296 615 4361 dicit,
664 4294 866 4348 Delicta
884 4294 1169 4364 jurentutis
1203 4309 1326 4346 mete
1357 4301 1402 4345 et
1438 4292 1753 4362 ignorantia:

181 4403 304 4443 mm
332 4407 395 4443 ne
414 4390 724 4451 memineris,
753 4388 867 4442 bace
897 4386 1059 4453 dicit,
1090 4398 1360 4456 tamquam
1391 4385 1446 4440 in
1470 4394 1752 4440 senectute

175 4489 229 4531 se
256 4489 401 4533 recte
430 4493 648 4549 gerens.

248 4567 378 4623 Vitia
406 4586 583 4623 senum
608 4578 831 4638 tempore
872 4566 1240 4638 Cftrysostomi.
1270 4598 1342 4608 —
1370 4567 1448 4623 Ne
1474 4582 1602 4637 ergo
1625 4580 1752 4637 pro-

178 4667 289 4726 pter
311 4677 398 4728 ea,
428 4677 551 4714 nua:
582 4661 713 4714 fiunt
742 4662 792 4715 in
823 4668 1119 4727 senectute,
1140 4662 1369 4730 teipsum
1395 4662 1571 4730 prives
1592 4660 1754 4715 etiam

180 4754 321 4806 venia
350 4763 695 4822 peccatorum
719 4794 733 4815 ,
762 4767 881 4821 qnze
906 4752 1171 4807 admisisti
1204 4753 1255 4806 in
1279 4752 1583 4821 juventute.
1609 4751 1758 4819 Quo-

185 4844 333 4897 modo
364 4846 508 4900 cnim
541 4845 591 4899 id
625 4860 729 4898 non
770 4854 852 4899 est
890 4844 1180 4900 absurdum
1216 4857 1271 4901 et
1316 4845 1469 4915 pejus
1512 4861 1669 4915 quam
1703 4854 1761 4899 ut

185 4944 452 4990 mercatur
495 4936 755 4990 veniam?
793 4950 958 4991 senex
1002 4935 1184 4991 ebrius
1213 4946 1317 5003 est,
1368 4938 1519 4992 sedet
1546 4938 1597 4991 in
1627 4951 1758 4993 cau-

187 5028 355 5092 ponis,
397 5043 558 5083 senex
599 5036 852 5098 properat
880 5028 948 5083 ad
978 5044 1239 5098 equorum
1266 5029 1621 5096 curriculum,
1668 5045 1757 5083 sc-

186 5133 278 5173 ncx
302 5122 549 5175 ascendit
585 5122 635 5174 in
687 5121 986 5187 theatrum,
1036 5132 1307 5192 tamquam
1357 5137 1490 5192 puer
1533 5137 1761 5178 currens

183 5222 293 5263 cum
339 5212 518 5281 vulgo.
554 5210 693 5265 Vere
728 5221 810 5266 est
846 5212 1019 5283 pudor
1059 5223 1110 5267 et
1143 5228 1229 5267 res
1262 5212 1516 5279 ridicula,
1556 5213 1760 5268 extrin-

188 5315 335 5357 δίδως
367 5302 582 5371 quidem
614 5304 798 5357 ornari
830 5304 1046 5371 canitie,
1082 5305 1401 5358 intrinsecus
1423 5313 1600 5358 autem
1632 5318 1760 5359 scn-

186 5408 290 5446 ςωη
322 5394 517 5449 habere
548 5394 723 5464 pueri.
758 5396 823 5450 Et
851 5398 897 5451 si
928 5398 1191 5468 quispiam
1224 5396 1438 5466 juvenis
1476 5411 1599 5453 cum
1631 5412 1762 5453 con-

186 5485 390 5540 ttnnelia
418 5486 656 5542 aﬂecerit
677 5529 691 5553 ,
726 5489 907 5542 statim
939 5490 1122 5557 objicit
1150 5504 1336 5544 canos.
1366 5488 1446 5543 Tu
1490 5504 1584 5543 ros
1611 5490 1757 5559 prior

188 5589 420 5633 reverere
474 5596 487 5631 :
536 5578 580 5633 si
632 5586 689 5632 tu
735 5588 915 5632 autem
945 5588 1061 5632 tuos
1088 5596 1193 5631 non
1224 5579 1523 5633 reverearis
1548 5621 1562 5643 ,
1594 5579 1757 5649 idque

186 5681 294 5719 rwn
342 5669 418 5723 sis
463 5684 630 5724 senex
654 5711 667 5733 ,
717 5669 991 5738 quomodo
1020 5685 1229 5738 a-quunt
1254 5684 1442 5724 censes
1472 5671 1761 5739 ntjnvcnis

191 5764 297 5810 tuos
325 5759 672 5813 revereatur?
700 5758 817 5812 Non
850 5760 1113 5815 reVereris
1154 5775 1350 5824 cauos,
1389 5760 1483 5815 scd
1509 5776 1603 5814 cos
1637 5776 1757 5828 pro-

192 5846 275 5897 liro
301 5859 351 5903 et
389 5849 657 5906 dedecore
685 5848 878 5903 amcis.
922 5850 1066 5907 Dens
1109 5862 1161 5906 te
1199 5850 1483 5906 honoravit
1528 5850 1761 5905 candore

1838 728 1908 783 do
1935 744 1992 781 es
2021 741 2089 781 eo
2115 725 2272 791 longe
2300 719 2602 791 prolervior
2628 727 2679 772 et
2712 707 3261 769 lascivior?Canities
3284 703 3432 761 enim

1843 831 1968 876 tunc
1992 829 2076 875 est
2100 815 2393 873 reverenda
2418 856 2433 881 ,
2483 809 2699 884 quando
2726 806 2836 877 agit
2861 820 2982 875 qua:
3012 810 3139 857 sunt
3165 799 3381 853 canitiei
3414 813 3429 851 :

1841 911 2054 983 quando
2082 921 2262 964 autem
2288 906 2397 976 agit
2418 921 2537 974 qua:
2561 910 2689 956 sunt
2718 901 2996 968 jnvenum,
3022 894 3193 963 magis
3222 893 3325 946 erit
3359 890 3433 943 ri-

1843 1006 2027 1061 dicula.
2066 1017 2223 1072 quam
2266 1000 2510 1066 juvenes.
2554 992 2840 1064 Quomodo
2871 1005 2999 1059 ergo
3031 985 3277 1057 poteritis
3320 984 3439 1035 lnee

1844 1092 2394 1162 suadercjuvcuibns,
2425 1104 2518 1141 vos
2562 1100 2722 1141 senes
2758 1080 3033 1137 temulenti
3066 1078 3136 1132 ob
3168 1074 3437 1131 immode-

1846 1188 2045 1245 stiam?
2070 1186 2187 1241 Non
2215 1199 2373 1239 senes
2400 1194 2663 1237 accusans
2696 1178 2812 1231 lucc
2844 1175 2967 1229 dico
2991 1214 3004 1238 ,
3037 1171 3196 1235 absit,
3234 1166 3330 1224 sed
3353 1167 3441 1236 ju-

1851 1294 2037 1333 venes.
2067 1276 2198 1331 Nam
2225 1274 2313 1345 qui
2348 1273 2463 1326 lucc
2490 1279 2673 1340 agunt,
2702 1262 3005 1325 etiamsiad
3032 1276 3228 1315 annum
3259 1266 3444 1313 cente-

1850 1373 2041 1425 simum
2073 1367 2433 1438 pervenerint,
2461 1362 2589 1417 mibi
2613 1370 2734 1414 sunt
2753 1358 3012 1428 juvenes:
3038 1352 3443 1422 sicutjuvenes,

1851 1463 2059 1517 etiamsi
2090 1462 2195 1514 sint
2228 1457 2373 1527 parvi
2405 1454 2578 1525 pueri,
2610 1455 2716 1505 sint
2758 1460 2937 1502 autem
2968 1445 3196 1503 modesti
3223 1452 3279 1499 et
3306 1452 3442 1497 tem-

1855 1562 2126 1624 perantes,
2151 1558 2279 1603 sunt
2309 1548 2561 1601 meliores
2591 1543 2829 1598 senibus.
2858 1538 2969 1594 Nec
2996 1552 3173 1593 meum
3195 1544 3276 1590 est
3305 1534 3445 1602 quod

1858 1645 2071 1707 dicitur,
2122 1641 2215 1695 sed
2260 1640 2398 1692 hanc
2446 1649 2657 1705 quoque
2698 1632 3078 1687 discretionem
3114 1628 3259 1681 novit
3299 1623 3445 1680 Scri—

1859 1746 2011 1806 ptura
2048 1752 2060 1787 :
2095 1726 2340 1787 Senectus
2369 1726 2689 1789 venerabilis,
2723 1722 3047 1789 inquit,'non
3078 1719 3316 1771 diuturno
3338 1757 3352 1781 ,
3402 1724 3450 1767 et

1858 1841 1981 1881 mtas
2009 1822 2274 1879 senectutis
2306 1822 2405 1872 vita
2433 1818 2764 1871 immaculata
2790 1812 2947 1883 (Βίῳ.
2974 1813 3026 1867 ι.
3051 1808 3130 1881 9).

1850 1916 1853 1917 ⁷
1931 1920 1983 1972 4.
2030 1917 2131 1983 Qui
2178 1916 2241 1968 sit
2272 1914 2434 1967 honor
2462 1907 2752 1963 senectutis.
2778 1935 2849 1946 —
2877 1903 3056 1963 Canos
3086 1902 3230 1957 enim
3277 1898 3451 1953 bono-

1862 2024 2072 2071 ramus,
2122 2021 2225 2059 non
2259 2006 2381 2072 quia
2412 2002 2590 2056 albutn
2624 1998 2860 2053 colorem
2899 1995 3052 2065 nigro
3080 1992 3453 2062 praeferimus,

1863 2102 1955 2156 sed
1987 2101 2107 2169 quia
2137 2108 2220 2152 est
2247 2096 2456 2165 signum
2486 2094 2608 2145 vita:
2640 2106 2758 2159 qua:
2789 2104 2853 2142 ex
2890 2087 3088 2140 virtute
3135 2083 3311 2153 agitur
3334 2122 3350 2147 ,
3403 2090 3459 2133 et

1864 2209 1984 2248 cum
2020 2191 2282 2251 videmus,
2326 2188 2566 2239 internos
2596 2195 2763 2236 cauos
2790 2195 2854 2233 ex
2884 2193 2949 2231 eo
2981 2175 3301 2244 conjicimus
3336 2175 3456 2227 :sin

1865 2294 2042 2338 autem
2071 2296 2133 2333 ea
2155 2288 2345 2349 gerunt
2371 2292 2490 2345 qua:
2518 2272 2732 2329 canitiei
2759 2279 2884 2324 sunt
2908 2267 3199 2329 c0ntraria,
3224 2272 3460 2335 propter-

1865 2392 1929 2432 ea
1976 2374 2145 2443 magis
2188 2372 2323 2424 linnt
2349 2367 2583 2423 ridiculi.
2628 2364 2760 2419 Nam
2791 2371 2845 2418 et
2878 2374 3059 2431 regem
3092 2350 3419 2414 lionoratnus
3441 2397 3461 2422 ,

1866 2475 1922 2522 et
1950 2476 2263 2536 purpuram,
2295 2470 2349 2514 et
2379 2457 2648 2520 diadema,
2678 2453 2931 2524 quoniam
2964 2460 3089 2504 sunt
3113 2448 3264 2518 signa
3288 2448 3461 2517 impe-

1872 2560 1935 2614 rii
1974 2577 1985 2611 :
2016 2556 2110 2611 sed
2150 2556 2193 2608 si
2229 2568 2351 2608 cum
2382 2550 2675 2605 viderimus
2704 2562 2825 2601 cum
2860 2557 3093 2614 purpura
3120 2542 3381 2611 conspui,
3434 2556 3462 2592 a

1870 2649 2191 2709 satellitibus
2218 2643 2546 2707 conculcari,
2571 2638 2842 2702 sull'ocari,
2872 2638 2925 2690 in
2949 2650 3221 2689 carcerem
3246 2633 3462 2701 conjici,

1871 2742 2102 2811 discerpi
2125 2754 2188 2793 ac
2205 2736 2455 2799 convelli,
2488 2730 2747 2802 numquid
2775 2728 3144 2783 revercbimur
3170 2738 3469 2795 purpuram

1873 2841 1966 2887 aut
1993 2829 2271 2891 diadema,
2323 2840 2423 2879 nec
2466 2823 2627 2878 etiam
2680 2820 2854 2888 ipsum
2886 2815 3125 2871 habitum
3155 2814 3468 2884 ili-plorabi-

1876 2922 2034 2979 mus?
2071 2920 2150 2976 Ne
2175 2919 2312 2974 velis
2337 2931 2466 2985 ergo
2494 2911 2749 2967 honorari
2776 2920 2997 2979 propter
3018 2908 3273 2962 canitiem
3296 2947 3311 2969 ,
3347 2922 3467 2957 rum

1876 3034 1933 3079 tu
1961 3026 2074 3093 ipse
2120 3021 2169 3076 ei
2212 3018 2377 3073 facias
2420 3015 2668 3082 injuriain
2717 3025 2729 3061 :
2782 3023 2903 3061 nant
2930 3011 3039 3074 ipsa
3069 3016 3283 3071 quoque
3312 2999 3379 3052 de
3415 3008 3467 3050 te

1873 3088 2031 3169 debet
2054 3124 2241 3181 pinnas
2260 3120 2499 3171 sumere,
2526 3101 2667 3173 quod
2693 3098 2935 3154 habitum
2963 3095 3097 3149 adeo
3127 3088 3468 3161 splendidum

1871 3216 1921 3260 et
1948 3199 2239 3274 pretiosum
2275 3198 2471 3267 probro
2502 3193 2725 3247 afficias.
2761 3188 2876 3243 Non
2911 3186 3025 3239 hanc
3060 3192 3246 3237 contra
3278 3193 3471 3234 omnes

1871 3296 2101 3351 dicimus
2124 3334 2138 3359 ,
2177 3306 2277 3345 nec
2307 3288 2552 3343 absolute
2579 3300 2608 3336 a
2637 3298 2722 3336 me
2752 3278 2914 3334 verba
2946 3277 3081 3330 fiunt
3102 3272 3361 3328 adversus
3383 3284 3472 3323 se-

1872 3394 2173 3442 nectutem;
2205 3397 2312 3435 non
2340 3395 2457 3433 sunt
2490 3376 2624 3431 adeo
2648 3375 2900 3434 insanus;
2925 3366 3018 3422 sed
3040 3361 3472 3429 adversusjuvc-

1874 3478 2034 3531 nilcm
2090 3474 2346 3536 animam,
2402 3484 2520 3539 qua:
2565 3464 2833 3521 dedecore
2879 3459 3047 3513 aflicit
3087 3462 3422 3513 senectutem
3453 3469 3471 3505 :

1872 3584 2047 3638 neque
2075 3566 2141 3621 de
2170 3567 2233 3619 iis
2263 3563 2350 3632 qui
2374 3565 2773 3616 consenuerunt
2800 3553 2917 3607 iure
2942 3551 3188 3605 dolentes
3214 3545 3467 3603 dicimus.

1872 3660 1967 3716 sed
1995 3660 2063 3714 de
2098 3658 2160 3711 iis
2186 3656 2272 3724 qui
2306 3652 2558 3708 canitiem
2587 3647 2941 3703 dedecorant.
2993 3641 3169 3696 Senex
3201 3638 3347 3693 enim
3386 3644 3472 3690 est

1875 3766 1986 3815 rex,
2019 3750 2060 3803 si
2093 3747 2249 3809 velit,
2274 3754 2329 3798 et
2358 3760 2423 3798 eo
2451 3742 2540 3812 qui
2569 3747 2653 3794 est
2677 3736 2898 3791 indutus
2922 3745 3154 3803 purpura
3184 3728 3355 3798 magis
3378 3741 3467 3782 re-

1872 3842 2026 3914 galis,
2047 3840 2090 3895 si
2123 3840 2347 3908 imperet
2369 3834 2527 3887 animi
2556 3824 3067 3902 perturbationibus,
3092 3830 3147 3876 et
3171 3821 3299 3874 vitia
3328 3828 3469 3874 tam-

1873 3909 2032 4003 quam
2067 3928 2329 3983 satellites
2358 3924 2457 3979 sibi
2490 3920 2743 3990 subjiciat
2775 3935 2789 3971 :
2821 3917 2902 3970 sin
2927 3925 3108 3968 autem
3144 3909 3385 3965 trahatur
3414 3917 3472 3963 et

1872 4001 1907 4078 a
1931 4021 2057 4076 sede
2085 4019 2386 4089 dejiciatur,
2420 4024 2475 4070 et
2506 4011 2769 4084 pecunizn,
2802 4006 3024 4072 amoris,
3054 4004 3240 4075 gloriae
3270 4001 3467 4067 inanis,

1872 4125 1927 4172 et
1969 4116 2155 4170 fucata:
2200 4109 2480 4183 elegantia:
2529 4104 2955 4170 deliciaruntque
2995 4106 3049 4154 et
3091 4094 3370 4151 ebrietatis
3414 4101 3473 4149 et

1874 4209 1968 4263 ira“:
1994 4216 2048 4262 et
2073 4205 2148 4261 rei
2178 4217 2425 4258 venerea:
2456 4198 2545 4252 fiat
2578 4210 2768 4251 servus
2790 4234 2804 4255 .
2830 4201 2886 4247 et
2911 4191 3053 4259 pilos
3082 4188 3283 4242 infuect
3311 4186 3466 4248 oleo,

1874 4306 1930 4353 et
1952 4297 2205 4352 ostendat
2236 4302 2449 4348 aetatem
2474 4306 2501 4341 a
2534 4289 2708 4341 libero
2739 4283 2905 4339 animi
2938 4280 3164 4335 arbitrio
3187 4284 3467 4330 contume-

1876 4390 1947 4444 lia
1973 4388 2217 4444 all‘ectam
2237 4428 2251 4450 ,
2287 4398 2394 4452 quo
2424 4396 2531 4436 non
2563 4378 2721 4433 fuerit
2752 4376 2797 4430 is
2826 4374 3020 4443 dignus
3060 4369 3324 4440 supplicio
3346 4365 3469 4437 (a)?

1874 4480 1979 4535 Sed
2008 4494 2123 4543 vos,
2163 4479 2416 4546 juvenes,
2451 4487 2516 4526 ne
2552 4471 2671 4525 sitis
2702 4468 2835 4522 tales
2870 4483 2883 4519 :
2918 4477 3093 4535 neque
3137 4461 3281 4516 enim
3318 4459 3470 4511 vobis

1876 4570 2168 4643 ignoscitur
2218 4568 2261 4621 si
2309 4564 2565 4635 peccatis.
2612 4556 3009 4628 Quamobrem?
3049 4552 3314 4622 Quoniam
3341 4550 3471 4604 licet

1875 4642 1997 4719 ease
2028 4676 2210 4717 senem
2246 4662 2296 4713 in
2323 4659 2604 4727 jnvcntute
2635 4672 2649 4719 ;
2700 4667 2765 4706 ac
2808 4652 2948 4705 sicut
2994 4656 3116 4703 sunt
3146 4646 3374 4717 juvenes
3414 4642 3469 4698 in

1873 4762 2150 4811 senectute
2172 4792 2186 4816 ,
2222 4752 2289 4805 ita
2319 4760 2371 4805 et
2402 4759 2611 4804 contra.
2646 4745 2797 4800 Sicut
2830 4742 2975 4796 enim
3006 4739 3113 4793 illic
3153 4738 3290 4807 pilus
3315 4734 3469 4791 deni-

1876 4850 2032 4902 liatus
2064 4846 2330 4900 neminem
2360 4851 2577 4907 servat,
2622 4840 2700 4893 sic
2744 4852 2845 4891 nec
2884 4834 2973 4889 ltic
3000 4834 3151 4903 niger
3198 4830 3471 4886 neminem

1876 4938 2115 5009 impedit.
2162 4935 2292 4990 Nam
2332 4934 2434 4990 etsi
2468 4933 2584 4987 tunc
2611 4945 2732 5001 qure
2763 4927 2872 4983 dixi
2900 4940 3091 4982 senem
3122 4923 3359 4979 reddunt
3388 4922 3472 4976 in-

1874 5032 2239 5089 bonestiorem
2269 5028 2437 5083 multo
2463 5026 2633 5093 magis
2660 5037 2817 5093 quam
2841 5020 3093 5090 juvenem
3118 5034 3133 5083 ;
3166 5016 3259 5071 sed
3294 5027 3473 5070 tamen

1876 5141 1977 5181 nec
2018 5123 2229 5195 juvenis
2275 5122 2411 5176 liber
2454 5129 2535 5173 est
2572 5133 2599 5169 a
2648 5113 3097 5185 reprehensione.
3129 5110 3261 5165 Nam
3287 5110 3473 5179 juveni

1876 5230 2002 5274 tunc
2039 5218 2213 5273 solum
2259 5213 2434 5268 danda
2468 5221 2552 5267 est
2585 5210 2763 5275 venia,
2793 5206 3011 5278 quando
3043 5216 3268 5259 vocatur
3294 5205 3360 5259 ad
3392 5222 3478 5260 re-

1876 5328 1993 5366 rum
2018 5308 2561 5368 administrationem,
2594 5319 2715 5359 cum
2746 5302 2814 5355 sit
2843 5301 3143 5371 imperitus,
3178 5314 3299 5354 eum
3342 5310 3477 5355 tem-

1876 5418 2008 5474 pore
2055 5419 2189 5472 opus
2254 5400 2450 5453 habeat
2496 5406 2551 5451 et
2600 5394 2933 5465 experientia
2983 5411 2996 5449 :
3035 5392 3251 5463 quando
3296 5402 3477 5446 autent

1875 5504 2087 5563 Oportet
2135 5489 2421 5545 ostendere
2473 5488 2779 5541 virilitatem
2826 5482 3235 5553 temperantiae,
3274 5497 3478 5549 nequa-

1876 5603 2035 5657 quam
2056 5628 2070 5652 ,
2103 5602 2278 5655 neque
2305 5582 2519 5652 quando
2543 5589 2759 5650 oportet
2786 5577 3027 5648 pecuniis
3056 5578 3341 5645 imperare.
3381 5575 3480 5630 Est

1876 5681 2017 5735 enim
2048 5678 2133 5733 ubi
2160 5676 2374 5748 juvenis
2404 5674 2575 5743 magis
2621 5670 3037 5741 reprelienditur
3078 5682 3239 5739 quam
3282 5682 3473 5723 senex.

1880 5773 2008 5827 Nam
2037 5789 2197 5827 senex
2224 5769 2443 5840 quidem
2477 5766 2643 5821 multa
2676 5779 2813 5835 opus
2844 5764 3004 5817 habet
3032 5761 3329 5825 curatione,
3354 5775 3478 5816 cum

1928 5884 1999 5945 (α)
2026 5884 2079 5931 ῐ.ι
2104 5886 2208 5932 lucc
2233 5882 2382 5931 verba
2408 5880 2587 5930 desinit
2613 5880 2716 5928 lure
2752 5877 2949 5929 ltornilia
2973 5880 3021 5929 in
3046 5877 3181 5931 Colb.
