4042 6416
599 458 667 512 67

625 562 745 602 eum
799 544 1120 600 imbecillum
1169 541 1358 597 reddat
1402 548 1649 594 senectus
1700 555 1714 591 :
1754 536 1964 606 juvenis
2007 546 2165 589 auten

614 654 732 694 cum
760 636 943 707 possit,
975 635 1018 689 si
1051 634 1196 697 velit,
1241 632 1337 688 sibi
1374 629 1644 694 sufﬁcere,
1692 643 1976 699 quamnatn
2032 642 2172 681 asse-

612 752 801 812 quetur
843 739 1109 801 veniam,
1138 734 1352 807 quando
1376 734 1544 805 magis
1572 733 1710 803 rapit
1755 743 1913 798 quam
1966 738 2128 780 senex

605 832 816 904 quando
854 839 1089 899 accepta:
1133 826 1303 898 magis
1342 834 1424 882 est
1468 838 1672 879 memor
1700 818 1928 891 injuriae,
1957 813 2170 886 quando

603 924 850 993 despicit,
895 918 1111 991 quando
1154 932 1261 972 non
1309 916 1476 986 magis
1520 912 1755 969 deictidit
1779 923 1937 981 quam
1963 919 2165 962 senex.

603 1015 815 1085 quando
846 1014 1009 1068 multa
1042 1010 1281 1081 loquitur
1308 1008 1626 1079 importune,
1656 1002 1870 1074 quando
1892 1008 2169 1054 contume-

604 1106 674 1160 lia
697 1104 881 1168 afilcit,
912 1101 1123 1173 quando
1152 1098 1431 1156 maledicto
1456 1095 1675 1168 appetit,
1704 1090 1918 1164 quando
1939 1085 2169 1144 inebria-

604 1197 734 1252 tur?
766 1196 820 1253 Si
856 1179 1038 1250 autem
1064 1194 1115 1248 in
1157 1189 1504 1260 temperantia
1546 1197 1599 1242 et
1626 1174 1949 1241 continentia
1978 1177 2164 1235 existi-

603 1298 711 1343 mat
739 1304 796 1342 se
826 1302 930 1341 nou
964 1299 1119 1355 posse
1148 1281 1499 1353 reprehendi,
1545 1278 1666 1333 vide
1694 1292 1814 1333 eum
1845 1274 1931 1329 hic
1958 1283 2168 1343 quoque

602 1380 764 1434 multa
794 1379 988 1435 habere
1014 1376 1337 1445 adjuineuta,
1356 1375 1410 1428 ‘si
1439 1373 1585 1429 velit.
1616 1370 1745 1425 Nam
1776 1368 1876 1424 etsi
1903 1364 2169 1436 cupiditas

601 1481 655 1524 et
683 1471 845 1525 libido
867 1470 915 1525 ei
938 1466 1103 1539 magis
1127 1478 1209 1523 est
1238 1467 1459 1521 molesta
1487 1481 1645 1535 quam
1673 1464 1809 1525 seni,
1839 1470 1965 1515 sunt
1990 1468 2167 1513 tamen

584 1563 764 1615 multa
795 1578 913 1631 qurc
942 1547 1174 1630 potuerit
1207 1558 1372 1629 magis
1404 1556 1577 1612 facere
1603 1572 1759 1626 quam
1791 1569 1951 1609 senex
1973 1593 1988 1617 ,
2023 1562 2076 1605 et
2106 1551 2167 1606 ll-

603 1652 702 1703 lam
737 1652 1002 1705 inmutare
1046 1650 1288 1703 bestiam.
1331 1648 1584 1713 Qua'uam
1612 1661 1673 1701 ea
1705 1644 1860 1699 sunt?
1897 1642 2166 1707 Laborcs,

600 1744 873 1807 lectiones,
902 1742 1202 1813 pervigilia,
1235 1741 1455 1809 jejunis.

676 1835 748 1888 De
773 1834 1120 1887 monacltt's.—
1139 1831 1246 1888 Cur
1270 1842 1443 1886 autem
1472 1832 1583 1885 lucc
1604 1829 1758 1885 nobis
1783 1828 1917 1883 dicis
1942 1826 2029 1898 qui
2055 1840 2160 1879 non

601 1938 786 1978 sumus
819 1922 1108 1977 monachi?
1141 1922 1264 1977 llaec
1286 1922 1411 1976 mihi
1439 1922 1614 1976 dicis?
1643 1920 1730 1975 dic
1756 1920 1919 1974 Paulo
1945 1959 1958 1981 ,
1991 1932 2165 1987 quau-

600 2013 669 2066 do
690 2013 819 2067 dicit
845 2031 859 2068 :
905 2012 1176 2084 Vigilantes
1198 2012 1247 2065 in
1278 2011 1414 2065 omni
1441 2010 1681 2080 patientia
1709 2017 1754 2062 et
1792 2007 2021 2061 oratione
2042 2003 2165 2077 (Co-

598 2109 718 2160 toss.
742 2107 791 2159 ι.
820 2104 877 2175 2)
908 2121 920 2157 :
947 2104 1160 2174 quando
1186 2103 1335 2169 dicit,
1362 2102 1541 2157 Carnis
1571 2117 1748 2155 curam
1775 2116 1837 2153 ne
1869 2098 2085 2167 feceritis
2111 2096 2162 2149 in

596 2195 1010 2265 concupiscentiis
1041 2193 1215 2267 (Rom.
1244 2194 1325 2249 i3.
1358 2194 1469 2263 ιι).
1516 2192 1632 2247 Non
1661 2191 1803 2247 enim
1835 2189 1950 2243 hinc
1991 2188 2163 2242 solum

598 2288 813 2358 scripsit
844 2286 1138 2353 monachis,
1163 2287 1255 2342 sed
1278 2286 1525 2342 omnibus
1554 2285 1641 2355 qui
1673 2292 1795 2337 sunt
1836 2284 1889 2337 in
1916 2280 2162 2335 urbibus.

600 2379 713 2432 Non
734 2378 891 2433 debet
914 2378 1056 2433 enim
1097 2377 1397 2433 mundanus
1428 2394 1521 2431 seu
1544 2374 1814 2431 swcularis
1834 2373 1953 2444 plus
1972 2372 2167 2427 habere

598 2484 755 2535 quam
795 2467 1108 2533 monachus,
1156 2468 1255 2523 nisi
1282 2469 1333 2521 in
1365 2468 1462 2522 hoc
1491 2468 1685 2527 solum,
1733 2464 1872 2536 quod
1898 2463 2168 2518 cohabitat

593 2575 719 2615 cum
739 2575 935 2615 uxore:
961 2559 1045 2614 hic
1069 2558 1226 2614 datur
1241 2560 1288 2613 ci
1312 2560 1485 2623 venia,
1512 2560 1561 2611 in
1585 2558 1899 2613 aliisautem
1924 2554 2163 2618 minime,

598 2649 690 2705 sed
720 2650 897 2704 omnia
914 2664 1033 2704 eum
1049 2660 1259 2719 oportet
1278 2648 1451 2705 facere
1482 2664 1630 2717 mque
1646 2661 1803 2717 atque
1824 2647 2164 2701 monachum.

599 2741 714 2795 iam
730 2756 860 2797 vero
874 2751 925 2795 et
948 2740 1299 2796 beatitudines
1317 2756 1433 2809 qua:
1449 2756 1477 2792 a
1494 2738 1873 2794 Cbristodictte
1889 2746 2034 2803 sunt,
2059 2751 2163 2791 non

597 2830 757 2885 dictae
782 2840 900 2885 sunt
943 2831 1113 2886 solum
1142 2831 1457 2897 monachis;
1490 2845 1609 2884 nam
1643 2830 1884 2899 periisset
1915 2836 2056 2883 totus
2080 2842 2167 2879 or—

1646 2933 1901 2943 -——.——-—

601 3133 726 3188 CAP.
770 3135 822 3189 5.
882 3151 929 3186 ν.
984 3136 1030 3189 i.
1074 3134 1255 3189 Omnis
1295 3136 1427 3189 enim
1499 3138 1727 3205 pontifex
1778 3150 1841 3188 ex
1888 3134 2176 3189 hominibus

676 3238 980 3296 ussninptus,
1008 3244 1097 3297 pro
1128 3228 1413 3281 hominibus
1435 3228 1753 3282 constituitur
1780 3226 1830 3279 in
1854 3226 1915 3278 iis
1932 3240 2042 3295 qua:
2060 3233 2177 3278 sunt

673 3319 742 3371 ad
774 3318 931 3372 Deum
955 3361 970 3385 ,
1005 3332 1056 3373 ut
1079 3319 1257 3386 o/ferat
1288 3321 1422 3375 dona
1448 3330 1493 3374 et
1518 3321 1769 3387 sacriﬁcia
1798 3335 1889 3389 pro
1917 3318 2133 3388 peccatis
2160 3332 2179 3369 :

675 3410 727 3465 2.
761 3413 844 3481 qui
874 3412 1137 3465 condolere
1152 3414 1306 3482 possit
1325 3414 1387 3465 iis
1406 3413 1491 3483 qui
1520 3414 1755 3480 ignorant
1776 3419 1823 3463 ct
1843 3418 2032 3475 errant,
2055 3425 2182 3477 quo-

676 3504 812 3555 niam
841 3512 887 3556 et
914 3502 1020 3571 ipse
1058 3504 1395 3557 circumdatus
1423 3512 1493 3557 est
1522 3502 1814 3570 inﬁrmitate
1845 3516 1863 3554 :
1894 3500 1944 3555 3.
1976 3510 2021 3553 et
2060 3514 2182 3570 pro-

679 3605 847 3663 pterea
873 3595 1034 3658 debet,
1081 3594 1503 3664 quemadmodum
1534 3610 1624 3661 pro
1658 3593 1877 3663 papula,
1906 3592 1979 3644 ita
2030 3591 2183 3649 etiam

681 3695 725 3737 et
766 3700 859 3755 pro
885 3686 1149 3755 semetipso
1174 3683 1356 3749 oﬂ'erre
1384 3700 1477 3755 pro
1508 3684 1747 3754 peccatis.

686 3776 738 3830 i.
766 3775 891 3829 Vult
908 3775 1162 3843 deinceps
1176 3775 1462 3830 ostendere
1488 3774 1674 3829 beatus
1692 3772 1905 3837 Paulus,
1925 3787 2065 3842 quou
2084 3774 2184 3827 hoc

614 3866 1012 3922 Testamentum
1044 3877 1122 3922 est
1141 3866 1297 3936 longe
1320 3866 1511 3920 melius
1537 3877 1588 3921 et
1611 3865 2135 3937 praestantiusVeteri
2164 3880 2180 3931 ;

617 3957 798 4025 procul
825 3957 1055 4012 rationes
1080 3958 1225 4027 prius
1242 3957 1451 4026 jaciens
1473 3965 1738 4027 tamquam
1762 3956 2183 4011 fundamentum.

614 4048 748 4103 Nam
774 4048 1023 4119 quoniam
1050 4048 1183 4103 nihil
1211 4056 1328 4103 erat
1347 4048 1649 4118 corporale,
1670 4062 1841 4117 neque
1885 4047 2184 4117 imaginata,

616 4153 805 4206 nempe
839 4154 943 4192 non
977 4138 1264 4209 templum,
1320 4153 1425 4193 non
1460 4148 1643 4193 sancta
1694 4147 2025 4201 sanctorum,
2082 4153 2186 4192 non

617 4229 869 4285 sacerdos
900 4239 1101 4285 tantum
1130 4229 1331 4285 habens
1361 4240 1709 4302 apparatum,
1741 4246 1843 4284 non
1876 4230 2069 4299 legales
2095 4231 2190 4285 ob-

618 4322 967 4387 servationes,
1018 4320 1112 4376 sed
1158 4321 1458 4376 excelsiora
1486 4323 1659 4376 omnia
1691 4330 1745 4375 et
1773 4321 2105 4390 perfectiora,
2138 4330 2193 4375 et

620 4412 748 4467 nihil
777 4427 842 4467 ex
866 4415 1023 4467 rebus
1050 4413 1449 4483 corporalibus:
1473 4422 1771 4469 eratantem
1803 4413 2106 4467 universum
2127 4413 2177 4467 in

618 4506 777 4561 rebus
803 4504 1193 4574 spiritualibus;
1226 4504 1513 4574 spiritualia
1542 4515 1717 4559 autem
1742 4505 2062 4559 inﬁrmiores
2087 4521 2189 4559 non

620 4612 771 4667 mque
797 4596 1048 4651 inducunt
1074 4606 1233 4667 atque
1257 4598 1551 4665 corporalia
1586 4616 1599 4649 :
1628 4597 1747 4651 ideo
1775 4607 1941 4651 totum
1989 4598 2086 4650 hoc
2108 4597 2191 4649 di-

620 4689 773 4743 cendi
808 4699 1173 4758 argumentum
1202 4698 1376 4743 versat
1416 4698 1469 4743 et
1494 4690 1675 4757 agitat.
1702 4688 1832 4742 Vide
1857 4698 2033 4743 autem
2078 4688 2194 4757 ejus

627 4783 940 4852 sapientiam
978 4800 988 4833 :
1018 4781 1223 4835 initium
1259 4782 1401 4837 ducit
1440 4798 1469 4836 a
1501 4784 1797 4849 sacerdote,
1828 4796 1881 4839 et
1922 4789 2192 4841 continen-

630 4887 709 4929 tcr
740 4889 861 4929 eum
890 4872 1123 4943 appellat
1151 4874 1475 4943 pontiﬁcem,
1504 4886 1556 4929 et
1584 4877 1651 4931 ab
1684 4877 1797 4946 ipso
1822 4879 1991 4946 primo
2013 4889 2195 4934 Osten-

627 4970 703 5022 dit
732 4966 1108 5023 diiferentiam.
1152 4966 1441 5037 Pmptcrea
1479 4969 1705 5037 primum
1751 4969 1937 5025 definit
1963 4972 2087 5043 quid
2128 4974 2196 5035 sit

628 5060 880 5117 mcerdos
900 5100 923 5127 ,ν
943 5068 999 5114 et
1022 5058 1257 5115 o~tendit
1296 5061 1340 5114 si
1367 5076 1467 5131 qua
1502 5061 1697 5117 habeat
1722 5064 2039 5129 sacerdotis,
2070 5076 2123 5121 ct
2153 5066 2195 5121 si

629 5168 729 5221 qua
760 5152 868 5205 sint
892 5150 1132 5222 symbolo
1173 5151 1479 5207 sacerdotii.
1507 5153 1567 5207 Ei
1596 5164 1771 5209 autem
1802 5157 2115 5211 occurrebat
2148 5170 2201 5211 et

631 5241 901 5309 obstabat,
930 5242 1072 5311 quod
1095 5256 1265 5312 neque
1282 5254 1421 5298 esset
1436 5258 1499 5298 ex
1517 5259 1715 5314 genere
1734 5248 1917 5311 nubili,
1935 5264 2108 5317 neque
2136 5264 2199 5301 ex

635 5332 773 5385 tribu
803 5332 1141 5396 sacerdotali,
1174 5349 1345 5403 neque
1372 5336 1621 5389 sacerdos
1642 5350 1801 5405 super
1823 5350 2048 5404 terram;
2082 5338 2203 5392 hinc

636 5430 814 5475 autem
836 5420 1049 5490 quidam
1068 5423 1257 5478 dicturi
1281 5440 1399 5479 csse
1418 5424 1751 5491 ridebantur,
1780 5428 2059 5496 Quomodo
2076 5445 2202 5498 ergo

633 5510 923 5567 sacerdos?
951 5512 1093 5583 quod
1123 5515 1173 5567 iu
1202 5515 1437 5583 Epistola
1468 5518 1531 5570 ad
1561 5518 1829 5573 Romanos
1864 5520 1985 5575 fecit
2020 5520 2198 5586 (llam.

644 5605 725 5669 4).
752 5602 800 5655 id
833 5613 883 5656 et
912 5618 1052 5657 nunc
1094 5605 1234 5659 facit.
1265 5605 1393 5660 Nam
1423 5623 1544 5662 cum
1576 5610 1895 5679 suscepisset
1919 5627 2211 5681 argumen—

639 5707 747 5751 tum
803 5712 907 5752 non
970 5699 1279 5768 probabile,
1325 5702 1367 5754 si
1425 5701 1526 5758 hoc
1580 5714 1827 5771 operetur
1875 5706 2006 5761 fides
2058 5706 2197 5775 quod

636 5808 738 5846 non
770 5792 928 5845 valuit
963 5791 1109 5847 labor
1135 5792 1262 5862 legis
1283 5803 1335 5849 et
1364 5794 1414 5849 in
1442 5796 1543 5850 vita
1578 5796 1895 5851 instituendi
1925 5815 1983 5851 su
2006 5800 2117 5861 lor;
2154 5809 2208 5854 ut

636 5884 880 5938 ostendat
909 5885 956 5938 id
1001 5896 1051 5939 et
1098 5887 1207 5939 fieri
1240 5888 1474 5956 potuisse
1513 5901 1564 5943 et
1604 5889 1792 5943 iartinn
1839 5907 1975 5954 uase,
2020 5891 2205 5946 cnfu-

1287 444 1341 494 F.
1380 438 1655 495 JO;\;\':\'IS
1691 431 2158 492 CllllYS’OSTOMi
2198 430 2509 488 ARCiilEP.
2551 427 3082 485 CONSTA-NTl-NOP.

1918 2989 2260 3051 HOMILIA
2300 2990 2471 3050 νιιι.

3801 434 3869 483 b‘t

2270 534 2351 587 bis
2374 541 2551 595 teme,
2582 542 2636 587 et
2665 546 3042 587 accusaremus
3066 531 3231 585 Deum
3259 528 3614 586 crudelitatis.
3648 527 3707 583 Si
3748 542 3851 583 au-

2272 635 2375 679 tem
2405 624 2756 679 beatitudines
2774 623 2929 678 dictae
2942 622 3206 678 suntsolis
3228 621 3522 687 monachis,
3541 630 3594 677 et
3610 619 3726 675 fieri
3745 636 3855 673 non

2273 727 2449 787 potest
2492 727 2549 771 ut
2574 732 2666 771 eas
2706 726 3064 785 consequatur
3111 715 3447 777 mundanus;
3504 712 3619 783 ipse
3667 721 3853 767 autem

2272 810 2517 878 permisit
2542 809 2756 878 nuptias
2788 826 2801 862 :
2827 808 2943 879 ipse
2970 822 3097 879 ergo
3124 822 3313 863 omnes
3338 804 3589 877 perdidit.
3619 804 3676 860 Si
3706 804 3855 860 enim

2272 901 2385 956 ileri
2416 916 2520 957 non
2549 910 2723 972 potest
2751 911 2807 956 ut
2830 917 2951 956 cum
2998 900 3341 956 matrimonio
3370 899 3527 955 faciat
3551 913 3670 970 qua
3727 907 3859 952 sunt

2272 990 2679 1057 monachorum,
2711 992 2980 1062 perierunt
3007 998 3062 1046 et
3082 991 3147 1045 ad
3176 990 3449 1047 interitum
3479 988 3691 1045 redacta
3724 997 3855 1042 smn

2271 1084 2470 1149 omnia,
2511 1092 2561 1139 et
2605 1093 2789 1139 coacta
2816 1092 2899 1138 est
2936 1082 3104 1137 virtus
3136 1084 3189 1136 in
3224 1080 3519 1152 angustias.
3568 1078 3858 1149 Quomodo

2270 1186 2448 1230 autem
2480 1186 2605 1230 sunt
2633 1173 2973 1229 honorabiles
3023 1172 3221 1243 nuptia:
3255 1170 3438 1244 (Hebr.
3477 1172 3563 1226 i3.
3592 1171 3705 1239 Η),
3730 1184 3857 1240 qua:

2271 1267 2425 1323 nobis
2450 1276 2652 1325 tantum
2683 1266 2914 1321 aiferunt
2944 1264 3383 1335 impedimentum
3408 1263 3432 1317 τ
3453 1262 3592 1330 Quid
3618 1276 3751 1332 ergo
3771 1260 3858 1314 di-

2271 1358 2499 1413 cendum
2527 1359 2647 1411 est?
2678 1356 2815 1412 Fieri
2850 1366 3045 1425 potest,
3082 1366 3244 1426 atque
3281 1353 3417 1410 adeo
3437 1352 3591 1408 valde
3622 1352 3759 1416 ﬂeri,
3794 1358 3857 1403 ut

2272 1466 2360 1520 qui
2388 1447 2646 1505 habemus
2671 1466 2864 1507 uxores
2884 1494 2901 1520 ,
2929 1454 3180 1509 virtutem
3221 1463 3491 1510 sectemur
3518 1461 3576 1508 et
3599 1462 3863 1507 exercea-

2275 1557 2413 1605 mus.
2439 1542 2483 1597 si
2529 1544 2774 1599 velimus.
2805 1545 3129 1613 Quomodo?
3154 1545 3209 1603 Si
3249 1547 3510 1603 habentes
3537 1560 3736 1601 uxores
3784 1545 3875 1599 εἰ·-

2275 1647 2392 1687 mus
2414 1642 2681 1703 tamquam
2708 1651 2813 1690 non
2845 1636 3120 1704 habentes,
3154 1639 3199 1693 si
3231 1654 3337 1693 non
3360 1638 3601 1693 lietemur
3626 1637 3697 1693 ob
3728 1650 3864 1707 pos-

2276 1724 2569 1792 sessiones,
2594 1726 2639 1781 si
2686 1728 2886 1783 mundo
2934 1738 3145 1785 utamur
3183 1742 3453 1802 tamquam
3486 1747 3591 1786 non
3645 1738 3865 1785 utentes

2274 1816 2354 1885 (Ι.
2378 1814 2499 1871 Cor.
2530 1818 2584 1872 7.
2615 1820 2726 1889 3i).
2754 1818 2810 1875 Si
2836 1821 2925 1891 qui
2948 1834 3125 1877 autem
3173 1822 3413 1893 impediti
3444 1822 3659 1877 fuerunt
3685 1837 3715 1874 a
3750 1838 3863 1875 nu-

2277 1905 2423 1973 ptiis,
2445 1907 2615 1961 sciant
2641 1909 2782 1978 quod
2806 1912 3002 1980 nuptiae
3028 1928 3134 1967 non
3161 1912 3308 1969 fuere
3336 1913 3741 1985 impedimento,
3762 1910 3862 1965 scd

2274 1992 2501 2051 liberum
2528 1997 2806 2053 arbitrium
2836 2000 2980 2071 quod
3008 2003 3148 2058 male
3174 2018 3329 2059 usum
3351 2014 3433 2059 est
3463 2003 3659 2073 nuptiis
3687 2013 3703 2049 ε
3732 2017 3861 2055 nam

2274 2100 2446 2156 neque
2471 2088 2653 2144 vinum
2678 2088 2807 2145 facit
2835 2092 3171 2157 ebrietatem,
3200 2093 3297 2149 sed
3338 2094 3537 2149 malum
3568 2091 3732 2147 animi
3765 2091 3862 2146 in-

2268 2192 2532 2255 stitutum,
2564 2202 2618 2245 et
2644 2190 2762 2259 ejus
2786 2203 2913 2244 usus
2940 2203 3102 2258 supra
3135 2187 3375 2243 modum.
3405 2188 3676 2245 Moderate
3704 2198 3868 2247 utere

2272 2280 2491 2351 nuptiis,
2532 2288 2587 2335 et
2614 2281 2723 2335 eris
2751 2279 2954 2349 primus
2981 2276 3035 2333 in
3071 2293 3239 2349 regno
3267 2281 3521 2337 calorum
3543 2320 3559 2343 ,
3582 2289 3638 2335 et
3660 2278 3863 2342 frueris

2271 2374 2427 2429 bonis
2452 2373 2700 2431 omnibus
2728 2392 2741 2427 :
2775 2388 2895 2445 qua:
2926 2371 3083 2427 detur
3110 2373 3267 2428 nobis
3295 2373 3547 2428 omnibus
3574 2378 3863 2446 consequi,

2269 2465 2439 2535 gratia
2462 2476 2512 2521 et
2540 2464 2869 2534 benignitate
2896 2464 3107 2520 Domini
3138 2464 3307 2519 nostri
3330 2463 3458 2519 Jesu
3487 2461 3709 2529 Christi,
3735 2480 3862 2520 cum

2270 2571 2376 2627 quo
2419 2556 2565 2611 Patri
2617 2556 2882 2627 simulque
2910 2565 3099 2629 sancto
3128 2554 3351 2627 Spiritui
3378 2558 3569 2628 gloria,
3597 2568 3863 2629 potestas,

2274 2648 2466 2711 honor,
2517 2662 2658 2703 nunc
2700 2655 2755 2704 et
2794 2661 3035 2718 semper,
3088 2648 3225 2703 etin
3272 2649 3469 2705 sccula
3515 2650 3863 2707 seculorum.

2274 2743 2466 2793 Amen.

3523 2929 3846 2946 .—-—-__

2285 3137 2361 3207 git
2403 3110 2893 3205 ad.patriarcham,
2939 3146 2995 3191 et
3033 3137 3336 3197 universum
3388 3136 3597 3193 reduxit
3624 3137 3695 3193 ad
3738 3138 3870 3194 illud

2288 3235 2515 3296 tempus.
2542 3226 2614 3281 lta
2646 3226 2733 3282 hic
2769 3242 2982 3297 quoque
3016 3229 3237 3283 alteram
3284 3229 3566 3285 sacerdotii
3604 3231 3743 3285 viam
3789 3232 3873 3286 in-

2286 3315 2547 3385 greditur,
2577 3329 2882 3385 proponens
2925 3330 2990 3370 ex
3022 3316 3087 3371 iis
3114 3332 3232 3387 quze
3260 3328 3670 3387 praecesserunt.
3702 3320 3771 3376 Et
3798 3322 3875 3376 si-

2287 3415 2375 3459 cut
2424 3406 2477 3459 in
2514 3406 2789 3476 punitione
2835 3421 2941 3460 non
2971 3407 3146 3462 solum
3178 3409 3394 3465 adducit
3418 3412 3743 3482 gehennam,
3775 3414 3875 3469 sed

2286 3510 2349 3551 ea
2376 3496 2535 3551 etiam
2563 3511 2682 3567 qua:
2716 3498 3061 3568 contigerunt
3086 3508 3329 3569 tempore
3374 3512 3583 3572 patrum
3620 3522 3634 3558 ε
3663 3506 3735 3557 ita
3784 3503 3877 3559 hie

2291 3616 2499 3673 quoque
2526 3601 2753 3673 primum
2777 3600 3111 3655 conﬁrmata
3136 3597 3513 3669 prmsentibus.
3540 3594 3674 3649 Nam
3700 3608 3872 3661 opor-

2290 3695 2434 3750 tebat
2462 3694 2675 3765 quidem
2705 3694 3036 3749 terrestrium
3082 3692 3238 3746 fidem
3289 3690 3402 3746 ﬂeri
3434 3705 3499 3745 ex
3529 3686 3874 3750 cmlestibus;

2291 3786 2382 3841 sed
2408 3784 2623 3857 quando
2665 3786 2914 3841 imbecilli
2957 3793 3081 3840 sunt
3105 3782 3399 3847 auditores,
3433 3782 3489 3835 fit
3518 3780 3875 3835 contrarium.

2293 3879 2467 3945 Atque
2494 3876 2704 3931 interim
2723 3874 2937 3944 quidem
2970 3875 3137 3943 prima
3163 3874 3311 3943 ponit
3342 3887 3403 3927 ea
3430 3886 3550 3941 qua:
3575 3879 3697 3924 sunt
3718 3884 3881 3923 com-

2294 3966 2472 4025 munia
2496 3984 2511 4033 ;
2534 3976 2587 4021 et
2615 3976 2740 4020 tunc
2768 3964 3003 4019 ostendit
3030 3963 3080 4017 id
3112 3962 3251 4031 quod
3275 3970 3578 4032 exsuperet.
3609 3958 3699 4016 Sic
3729 3960 3878 4014 enim

2294 4059 2349 4112 fit
2375 4058 2719 4129 cxsuperatio
2752 4073 2845 4126 per
2884 4055 3363 4123 comparationem,
3392 4051 3606 4123 quando
3654 4051 3707 4105 in
3756 4051 3880 4105 aliis

2291 4149 2505 4220 quidem
2536 4159 2616 4203 est
2648 4149 2785 4203 inter
2806 4162 2899 4201 eos
2928 4148 3233 4199 communio
3254 4154 3309 4199 et
3334 4144 3564 4198 sociezas
3585 4184 3600 4208 ,
3656 4144 3707 4196 in
3755 4140 3883 4195 aliis

2293 4256 2420 4294 vero
2446 4246 2731 4308 exsuperat
2755 4255 2767 4289 :
2792 4238 2873 4290 sin
2902 4238 3099 4300 minus,
3125 4249 3229 4287 non
3258 4233 3315 4287 fit
3340 4232 3567 4302 amplius
3599 4246 3692 4301 per
3721 4246 3881 4285 com-

2296 4330 2647 4398 parationem.
2679 4328 2856 4381 Omnis
2891 4328 3119 4396 pontifex
3149 4341 3211 4379 ea:
3244 4324 3533 4378 hominibus
3562 4333 3879 4391 assumptus,

2299 4420 2409 4474 lloc
2438 4430 2519 4473 est
2543 4417 2753 4474 Christo
2778 4432 3085 4472 commune.
3110 4414 3217 4469 Pro
3242 4414 3530 4469 hominibus
3556 4414 3884 4467 constituitur

2296 4515 2347 4567 in
2374 4515 2435 4567 iis
2464 4529 2575 4583 quin
2605 4513 2672 4565 ad
2715 4512 2876 4566 Deum
2910 4512 3181 4581 pertinent.
3218 4509 3281 4563 lit
3308 4508 3436 4562 illud
3463 4522 3774 4561 commune.
3812 4504 3884 4561 Ut

2297 4605 2475 4672 o/Ierat
2502 4607 2635 4658 dona
2664 4616 2707 4658 et
2748 4603 3002 4671 sacriﬁcia
3026 4619 3115 4673 pro
3143 4601 3349 4673 populo.
3382 4600 3451 4655 Et
3495 4601 3597 4655 hoc
3624 4614 3841 4671 quoque
3864 4642 3881 4666 ,

2299 4700 2393 4755 sed
2435 4714 2541 4755 non
2576 4708 2742 4752 totum
2781 4712 2941 4767 :qua:
2987 4703 3195 4751 restant
3247 4704 3426 4748 autem
3450 4732 3466 4758 ,
3519 4706 3882 4763 nequaquam.

2304 4790 2401 4859 Qui
2427 4790 2694 4845 condolere
2720 4789 2873 4859 possit
2898 4788 2958 4841 iis
2983 4790 3068 4859 qui
3095 4788 3327 4858 ignorant
3355 4795 3400 4839 et
3423 4796 3614 4840 errant.
3652 4784 3747 4839 llic
3771 4785 3884 4853 jam

2299 4892 2377 4938 est
2393 4881 2747 4949 ex~tiperatio.
2772 4879 3021 4944 Quoniam
3036 4880 3140 4950 ipse
3153 4878 3495 4932 circumdatus
3520 4887 3593 4931 cst
3610 4877 3887 4946 infirmita-

2300 4982 2367 5041 te,
2391 4984 2436 5027 et
2464 4982 2668 5043 propter
2688 4988 2797 5025 eam
2822 4970 2984 5031 debet,
3003 4968 3425 5039 quemadmodum
3457 4984 3550 5036 pro
3567 4967 3779 5037 populo,
3813 4969 3887 5022 ita

2300 5064 2447 5118 etiam
2475 5081 2563 5135 pro
2577 5064 2739 5134 seipse
2755 5060 2937 5129 o/ferre
2958 5078 3051 5133 pro
3068 5061 3302 5129 peccatis.
3327 5059 3530 5114 Deinde
3544 5059 3689 5113 aliud
3706 5060 3883 5116 addit:

2299 5155 2405 5222 Fit,
2438 5155 2627 5225 inquit,
2658 5155 2725 5209 ab
2755 5155 2885 5216 alio,
2917 5163 2973 5209 et
3002 5157 3115 5224 ipse
3145 5166 3249 5207 non
3278 5149 3495 5205 invadit.
3526 5149 3637 5205 lloc
3669 5165 3887 5221 quoque

2300 5260 2380 5302 est
2403 5262 2704 5301 connnune.
2735 5246 2787 5299 4.
2821 5243 2930 5300 Nec
2944 5245 3207 5313 quisquam
3227 5243 3323 5297 sibi
3340 5242 3493 5297 sumit
3511 5241 3779 5310 honorem,
3798 5244 3888 5297 sed

2301 5340 2386 5410 qui
2415 5349 2618 5393 uocatur
2642 5356 2672 5391 α
2698 5337 2825 5403 Deo,
2855 5347 3110 5407 tamquam
3154 5336 3346 5398 Aaron.
3377 5335 3472 5389 llic
3510 5334 3655 5388 aliud
3688 5346 3885 5403 curat,

2302 5429 2588 5483 ostendens
2614 5429 2754 5499 quod
2787 5445 2816 5481 a
2848 5428 2955 5481 Deo
2981 5428 3050 5480 sit
3084 5427 3299 5482 missus.
3329 5424 3480 5491 Quod
3510 5425 3728 5495 quidem
3760 5442 3885 5480 Clllll

2300 5523 2498 5578 Judazis
2520 5523 2789 5577 disserens
2816 5519 3029 5576 assidue
3059 5520 3273 5575 dicebat
3301 5518 3545 5574 Christus
3578 5536 3591 5571 :
3625 5518 3726 5586 Qui
3748 5521 3886 5573 misit

2301 5631 2400 5676 me,
2434 5617 2597 5681 maior
2625 5633 2703 5668 me
2731 5625 2802 5668 est
2854 5613 3032 5685 (Joan.
3076 5613 3130 5668 8.
3160 5612 3290 5683 42);
3320 5620 3394 5677 el,
3444 5610 3488 5665 Α
3519 5624 3598 5665 rue
3642 5613 3756 5682 ipso
3784 5628 3888 5665 nou

2302 5708 2432 5763 reni.
2464 5708 2558 5761 ilic
2576 5708 2701 5760 mihi
2728 5706 2933 5761 videtur
2957 5706 3117 5761 etiam
3144 5706 3302 5759 tacite
3327 5703 3634 5760 Judazorum
3662 5704 3888 5759 innuere

2302 5801 2628 5861 sacerdotes.
2648 5801 2734 5871 qui
2770 5799 3110 5866 invadebant,
3131 5807 3185 5853 et
3208 5797 3377 5869 legem
3400 5796 3672 5852 violabant
3700 5814 3885 5887 sacer-

2303 5894 2452 5946 dotii.
2488 5893 2537 5946 5.
2572 5892 2657 5945 Sir
2678 5904 2721 5946 rt
2751 5890 2981 5947 Christus
3012 5908 3112 5945 non
3143 5890 3461 5957 semetipsum
3488 5888 3793 5957 gloriﬁcuttit
3832 5902 3887 5944 ut
