4042 6416
183 378 237 433 69
1038 374 1103 432 IN
1144 372 1359 432 EPIST.
1403 372 1493 428 AD
1532 369 1882 432 IIEBMOS
1940 378 2095 435 CAP.
2137 379 2204 437 Υ.
2242 377 2479 436 HOMIL.
2530 378 2657 433 \III.

3390 387 3461 445 70

195 495 401 569 pontifex
424 494 593 566 ﬁeret.
630 496 747 556 Ubi
781 512 919 572 ergo
955 498 1047 556 fuit
1087 501 1367 558 ῑηειῑιυωε
1387 511 1440 559 ει
1463 503 1793 561 ordinatus?
1869 508 2052 555 meum,
2077 498 2125 543 et
2152 496 2451 561 potestatem
2480 484 2639 539 habeo
2656 499 2833 539 rursus
2850 484 3129 555 recipiendi
3154 501 3269 542 eam
3293 504 3310 544 :
3347 489 3465 543 nuis

194 592 347 643 Aaron
362 590 504 644 enim
530 605 689 661 sape
711 590 823 647 fuit
848 593 1115 650 institutus
1135 603 1190 650 et
1210 594 1512 663 ordinatus,
1535 606 1592 651 ut
1613 597 1665 651 in
1682 599 1774 653 viri

1873 585 1949 638 lus
1976 583 2111 638 tollit
2137 598 2250 636 eam
2275 595 2307 634 a
2332 595 2431 645 me,
2461 579 2551 633 sed
2568 592 2663 650 ego
2689 592 2802 631 eam
2831 593 2966 649 pono
2992 594 3024 632 a
3048 578 3243 649 nteipso
3280 577 3467 653 (Joan.

190 697 262 751 gs,
280 691 327 738 et
341 683 557 754 quando
583 686 737 755 ignis
759 686 1059 751 descendit,
1077 697 1132 744 et
1147 703 1239 744 eos
1256 689 1344 761 qui
1366 688 1685 746 invadebant
1702 706 1774 747 sai

1873 677 1919 731 Ξ.
1950 676 2037 734 19.
2067 685 2117 731 et
2146 673 2234 732 10.
2268 670 2380 745 18).
2410 670 2547 742 Quid
2579 679 2663 726 est
2701 669 2869 740 ergo?
2895 686 3186 742 quamuatn
3232 672 3304 731 ob
3331 688 3467 729 cau-

188 776 463 832 cerdotium
479 792 511 832 e
529 777 731 834 medio
755 780 1003 835 sustulit:
1026 781 1111 835 hic
1133 790 1313 837 autem
1336 792 1547 848 contra,
1565 799 1671 839 non
1694 799 1787 841 so-

186 868 276 923 lum
302 869 377 924 eis
403 869 538 924 nihil
570 870 712 926 mali
745 872 961 938 accidit,
988 872 1083 930 sed
1115 873 1166 928 in
1194 872 1333 928 bona
1360 882 1484 928 sunt
1511 874 1788 930 existima-

185 962 330 1016 tione.
374 961 676 1019 Undenam
723 965 901 1037 ergo?
933 964 1042 1021 Hoc
1083 965 1322 1021 ostendit
1364 982 1429 1021 ex
1476 966 1782 1038 prophetia.

181 1051 303 1108 Nihil
328 1053 491 1109 habet
517 1057 741 1112 sensile
772 1073 870 1113 nec
907 1057 1261 1127 aspectabile.
1294 1056 1419 1114 Ideo
1445 1057 1549 1115 hoc
1578 1060 1783 1115 contir-

180 1158 273 1201 mat
294 1162 358 1202 ex
383 1148 686 1217 prophetia
738 1161 792 1207 et
815 1166 881 1207 ex
906 1150 1101 1207 futuris
1134 1169 1148 1207 :
1183 1151 1291 1209 Sed
1322 1152 1411 1224 qui
1438 1153 1678 1223 loquutus
1702 1163 1780 1208 est

176 1238 229 1289 ad
259 1257 369 1291 eum
397 1249 417 1284 ἔ
455 1241 636 1297 Filius
681 1261 827 1299 meus
863 1262 914 1300 es
936 1256 1011 1307 tu.
1045 1264 1136 1319 ego
1174 1247 1325 1302 hodie
1348 1250 1500 1319 genui
1542 1260 1608 1303 te.
1638 1248 1780 1319 Quid

177 1328 261 1380 I200
284 1331 346 1383 arl
376 1330 583 1387 Filium
609 1334 635 1388 τ
683 1334 936 1404 Maxime,
961 1336 1152 1407 inquit,
1177 1337 1281 1395 hoc
1298 1337 1366 1394 de
1387 1338 1527 1394 Filio
1547 1340 1775 1397 dictum.

172 1418 292 1489 Quid
316 1425 381 1479 ad
410 1430 789 1497 qumstionem
809 1431 1065 1488 confert?
1090 1433 1314 1488 Multum
1345 1452 1359 1490 :
1393 1433 1510 1491 hcce
1532 1451 1611 1494 est
1637 1435 1777 1492 enim

172 1518 469 1583 prxcedens
502 1520 773 1591 probatio
801 1524 941 1594 quod
978 1526 1107 1580 sita
1154 1526 1266 1582 Deo
1297 1526 1571 1582 institutus
1595 1536 1649 1584 et
1688 1543 1778 1583 or-

171 1606 384 1667 dinatus.
415 1612 473 1669 6.
509 1613 972 1680 Quemadmodum
998 1627 1045 1672 et
1070 1619 1122 1672 in
1151 1620 1253 1673 alio
1285 1620 1397 1673 loco
1422 1619 1543 1673 dicit
1578 1637 1592 1674 :
1624 1616 1703 1672 Tu
1732 1634 1787 1673 es

171 1702 391 1757 sacerdos
430 1704 488 1759 in
522 1714 792 1761 retentum
820 1709 1099 1763 secundum
1121 1712 1351 1765 ordinent
1380 1710 1774 1769 Melchisedech.

170 1792 254 1847 Cui
301 1805 491 1852 autem
548 1797 666 1855 hoc
706 1800 908 1857 dictum
932 1803 1061 1858 est?
1090 1804 1207 1874 quis
1234 1813 1319 1859 est
1360 1806 1655 1860 secundum
1691 1820 1776 1862 or-

170 1882 333 1942 dinem
393 1888 862 1949 Melchisedech?
913 1894 1105 1951 Nullus
1150 1896 1316 1963 alius;
1376 1911 1570 1954 omnes
1631 1899 1780 1954 enim

170 1986 308 2031 erant
346 1980 452 2035 sub
501 1982 658 2054 lege.
694 2000 884 2041 omnes
908 1984 1268 2044 observabant
1295 1989 1539 2053 sabbata,
1584 2006 1779 2049 omnes

173 2070 723 2133 circumcidebantur.
782 2079 899 2135 Non
942 2088 1122 2150 potest
1172 2082 1438 2152 quispiam
1494 2084 1659 2138 alium
1695 2084 1780 2141 di-

174 2177 301 2217 cere.
324 2167 379 2220 7.
416 2166 523 2234 Qui
573 2170 636 2224 in
694 2169 869 2227 diebus
906 2173 1078 2227 carnis
1125 2189 1254 2241 sum,
1298 2192 1471 2246 preces
1507 2177 1779 2248 supplica-

176 2254 415 2323 tionesque
464 2260 541 2313 ad
573 2278 719 2327 eum,
750 2264 837 2334 qui
882 2265 1042 2333 possit
1093 2265 1243 2319 illum
1288 2267 1487 2322 solrum
1540 2268 1711 2337 facere
1746 2285 1782 2323 a

177 2357 339 2413 morte,
382 2365 504 2405 cum
554 2353 792 2409 clamore
829 2355 1001 2410 ualido
1043 2364 1089 2410 et
1135 2355 1374 2428 lacrymis
1400 2358 1640 2427 olferens,
1683 2378 1777 2416 ea:-

177 2435 363 2492 attditus
402 2454 481 2493 est
531 2458 636 2513 pro
686 2459 781 2497 sua
831 2447 1126 2500 reuerentia.
1180 2446 1236 2503 8.
1289 2445 1359 2501 Et
1406 2449 1611 2519 quidem
1660 2466 1778 2505 cum

178 2538 288 2580 esset
335 2528 511 2587 Filius
571 2532 699 2600 Dei,
737 2535 916 2588 didicit
964 2552 1027 2591 ex
1061 2537 1124 2591 iis
1170 2553 1286 2607 quia
1314 2555 1494 2607 passus
1537 2549 1611 2595 est
1654 2540 1777 2596 obe-

180 2616 425 2674 dientiam.
455 2621 634 2679 Vides
680 2626 821 2696 quod
863 2627 997 2682 nihil
1040 2627 1185 2683 aliud
1236 2630 1380 2697 facit,
1430 2646 1590 2702 quam
1629 2634 1773 2705 quod

181 2710 397 2765 ostendit
423 2730 592 2783 quam
626 2718 769 2788 gerit
818 2732 1003 2773 curam
1053 2730 1109 2775 et
1159 2736 1425 2779 summam
1454 2724 1779 2781 caritatem?

182 2795 299 2865 Quid
331 2803 476 2858 enim
510 2807 619 2861 sibi
654 2808 769 2862 vult
809 2809 959 2875 illud,
991 2809 1118 2867 Cum
1145 2812 1369 2868 clamore
1403 2814 1573 2870 valido
1595 2816 1620 2869 7
1644 2831 1777 2873 nus-

184 2903 324 2957 quam
354 2894 460 2951 hoc
504 2898 647 2955 dicit
684 2900 1057 2972 Evangelium,
1104 2920 1281 2975 neque
1325 2906 1467 2977 quod
1512 2922 1674 2967 orans
1704 2909 1776 2967 sit

184 2978 518 3056 hcrymatns,
573 3007 751 3062 neque
795 2993 937 3063 quod
982 2995 1275 3051 clamorem
1327 2997 1577 3054 ediderit.
1612 3000 1777 3058 Vides

187 3077 310 3142 quod
340 3079 443 3137 hoc
464 3089 595 3137 erat
616 3085 697 3138 sui
725 3084 791 3139 ad
822 3096 1064 3141 nostrum
1090 3098 1303 3159 captum
1326 3089 1627 3148 demissio?
1656 3094 1775 3149 Non

187 3167 312 3223 enim
347 3174 479 3229 satis
502 3174 702 3230 habuit
731 3176 910 3234 dicere
932 3180 1073 3248 quod
1098 3184 1163 3234 sit
1193 3190 1458 3249 precatus,
1486 3184 1580 3239 sed
1612 3186 1773 3241 etiam

192 3262 312 3328 quod
337 3278 457 3321 cum
477 3268 728 3325 clamore
758 3269 957 3325 valido.
990 3270 1055 3325 Et
1082 3273 1311 3337 auditus,
1346 3274 1534 3345 inquit,
1560 3294 1651 3347 pro
1680 3295 1775 3332 sua

192 3358 469 3411 merentia.
508 3358 736 3414 Etiamsi
764 3370 890 3415 esset
920 3360 1110 3426 Filius,
1137 3364 1317 3418 didicit
1345 3383 1408 3421 ex
1435 3368 1497 3420 iis
1519 3384 1634 3437 qua
1652 3386 1773 3440 pas-

195 3459 267 3498 sus
293 3459 358 3500 est
384 3450 753 3506 obedientiam.
786 3451 840 3507 9.
870 3452 935 3506 Et
963 3466 1343 3510 consummatus
1368 3460 1533 3529 factus
1563 3472 1634 3513 cst
1660 3476 1773 3514 om-

197 3538 321 3592 nibus
359 3543 825 3613 obtemperantibus
850 3545 896 3599 ei
923 3561 1077 3601 causa
1105 3546 1287 3601 salutis
1309 3560 1532 3615 ceterum,
1562 3552 1647 3606 IO.
1681 3570 1776 3622 ap-

200 3627 392 3691 pellatus
416 3652 448 3688 a
488 3634 607 3689 Deo
654 3636 886 3707 pontifex
903 3637 1059 3708 juxta
1101 3639 1331 3692 ordinem
1374 3640 1770 3697 Melchisedech.

201 3716 311 3774 Esto
337 3740 455 3779 cum
485 3726 733 3783 clamore
766 3745 779 3779 :
808 3742 906 3781 cur
932 3729 1092 3782 etiam
1126 3730 1347 3783 valido?
1382 3716 1577 3784 Etcum
1604 3734 1773 3804 lacrg-

202 3814 311 3882 suis,
348 3818 544 3891 inquit,
593 3820 850 3885 o/Ierens,
899 3822 1169 3875 exauditus
1214 3832 1285 3876 est
1328 3840 1421 3892 pro
1472 3827 1770 3878 reverentia.

202 3902 509 3966 Erubescant
542 3910 802 3973 haeretici.
857 3913 949 3980 qui
992 3927 1207 3968 carnem
1265 3924 1463 3982 negant
1496 3916 1591 3987 (α).
1634 3916 1772 3984 Quid

201 3994 363 4054 dicis?
400 4002 797 4059 exaudiebatur
843 4002 1009 4056 Filius
1064 4004 1153 4058 Dei
1202 4019 1299 4075 pro
1326 4008 1666 4061 reverentia?
1696 4009 1765 4062 Et

204 4100 307 4165 quid
331 4101 394 4159 de
421 4102 703 4174 prophetis
731 4099 851 4169 plus
878 4098 1159 4153 dixeritis?
1188 4099 1443 4163 Qtnenam
1482 4106 1663 4150 autem
1685 4106 1768 4153 est

202 4193 563 4265 consequentia
584 4191 786 4255 dicere,
821 4189 1107 4244 Exauditus
1136 4205 1228 4259 pro
1251 4190 1524 4243 reverentia
1549 4207 1566 4250 ;
1594 4200 1644 4244 et
1676 4186 1770 4243 ad-

206 4278 330 4347 dore,
382 4284 604 4339 Etiamsi
650 4291 775 4337 esset
814 4279 1002 4341 Filius.
1034 4280 1210 4332 didicit
1252 4296 1315 4333 ex
1356 4280 1417 4333 iis
1443 4296 1556 4349 qua!
1585 4297 1766 4348 passus

206 4385 261 4422 cn
284 4375 605 4430 obedientiam
630 4374 654 4428 ?
679 4373 867 4427 ιιτρςηθ
913 4372 981 4426 de
1014 4372 1121 4425 Dco
1146 4372 1341 4425 dixerit
1369 4374 1676 4443 quispiam?
1719 4384 1769 4427 et

208 4466 301 4529 Quis
323 4469 457 4523 adeo
498 4466 776 4521 iusanierit
796 4470 821 4517 ‘.’
849 4464 969 4533 quis
1000 4473 1177 4515 autem
1208 4471 1400 4518 emota:
1428 4466 1619 4517 montis
1654 4463 1769 4518 itare

210 4552 338 4612 ἵπποι-ῆι
361 4559 657 4629 loquutus?
696 4557 1007 4622 lfaauditus,
1030 4557 1219 4623 inquit,
1250 4573 1342 4625 pro
1371 4558 1665 4620 reverentia,
1691 4558 1770 4609 di-

210 4648 302 4702 dicit
320 4670 376 4707 ea:
404 4654 466 4705 iis
491 4667 608 4718 quia
633 4666 813 4720 passus
834 4658 906 4702 est
926 4648 1282 4702 obedientiam.
1304 4648 1473 4713 Quam
1506 4649 1767 4703 obedien-

210 4741 331 4797 tiam?
360 4746 446 4815 qui
476 4760 646 4813 usque
676 4744 741 4795 ad
772 4753 999 4796 mortem
1029 4751 1181 4795 antea
1210 4741 1463 4807 obedivii,
1498 4752 1768 4813 tamquam

210 4839 316 4899 patri
348 4839 507 4897 lilius,
533 4834 802 4903 quomodo
832 4844 1013 4903 postea
1038 4834 1219 4885 didicit
1243 4834 1266 4884 ’ἓ

263 4927 306 4981 2.
337 4929 494 4983 Vides
537 4928 640 4981 huc
679 4926 877 4981 dictum
921 4941 1040 4980 esse
1068 4926 1135 4979 de
1164 4926 1375 4980 carne?
1413 4926 1550 4996 quod
1590 4936 1768 4982 autem

215 5017 311 5075 Iitit
361 5034 441 5075 cst
486 5018 816 5087 hujusmodi.
870 5018 966 5071 Dic
1010 5016 1161 5082 milii,
1212 5018 1502 5086 rogabntne
1556 5019 1769 5072 Patrem

210 5121 253 5164 ut
284 5123 586 5170 servaretur
642 5126 671 5163 a
724 5118 920 5173 morte,
976 5118 1031 5164 et
1078 5118 1362 5177 propterea
1404 5119 1519 5163 erat
1576 5110 1766 5175 tristis,

206 5207 465 5260 ctdicebat
498 5222 510 5257 :
546 5203 608 5257 Si
640 5201 876 5271 possibile
902 5211 993 5266 est,
1023 5210 1245 5254 transeat
1292 5217 1323 5253 a
1363 5217 1441 5254 nte
1495 5200 1631 5255 calix
1680 5202 1771 5256 iste

210 5294 416 5364 (llanh.
457 5296 555 5351 E6.
598 5294 668 5351 39
699 5293 752 5361 )?
804 5308 901 5362 pro
950 5294 1349 5349 resurrectione
1397 5302 1575 5348 autem
1638 5308 1770 5349 nus-

208 5402 339 5452 quam
389 5388 564 5445 oravit
618 5386 852 5449 Patrem,
906 5384 999 5439 scd
1036 5392 1220 5439 contra
1263 5385 1377 5456 ipse
1419 5385 1767 5455 pronuntiat,

209 5478 361 5537 dicens
386 5500 399 5536 :
432 5480 630 5537 Solvite
658 5477 904 5547 templum
948 5477 1062 5541 hoc,
1094 5487 1138 5531 et
1165 5478 1215 5530 in
1244 5478 1402 5534 tribus
1427 5479 1605 5533 diebus
1635 5482 1772 5533 exci—

209 5575 297 5631 tabo
342 5578 546 5644 ipsum;
590 5581 677 5639 et,
730 5570 1034 5625 Potestatem
1074 5570 1233 5625 habeo
1278 5572 1502 5640 ponendi
1545 5573 1771 5626 animum

248 5742 309 5802 la)
330 5733 562 5789 “cretici
588 5729 656 5781 illi
679 5730 763 5802 qui
786 5739 984 5778 carnem
1006 5727 1272 5802 negabant,
1293 5725 1325 5802 ii
1366 5737 1504 5799 erant
1525 5731 1606 5802 qui
1632 5730 1765 5802 dice-

206 5792 549 5854 bam'Cmisuma
565 5792 736 5856 specie
749 5799 934 5840 tantum
947 5801 1143 5838 carnem
1154 5792 1491 5850 assumpsisse,
1506 5792 1568 5837 tl.-
1591 5792 1768 5853 iptitus

206 5879 258 5927 ωε
270 5879 337 5914 ra.

495 5972 769 6029 Pauor.
819 5970 935 6023 tiu.
982 5963 1155 6024 LXIII

1864 786 1979 826 sam
2013 767 2376 840 precabatur?
2406 764 2476 821 Et
2517 778 2705 833 rursus
2751 763 2969 820 dicebat
2998 781 3012 817 :
3046 762 3179 820 Ecce
3225 766 3436 821 escendi

1866 880 1977 917 mus
2005 859 2405 933 Jerosol’mam,
2437 868 2483 913 et
2513 856 2683 913 Filius
2708 858 2931 912 hominis
2960 858 3187 913 tradetur
3208 860 3464 931 pontiﬁci.

1862 956 1954 1011 bus
1981 966 2028 1011 et
2060 954 2261 1019 scribis,
2289 961 2338 1007 et
2366 950 2773 1007 condemnabunt
2798 965 2912 1005 eum
2956 960 3135 1017 ntarte,
3177 959 3227 1005 et
3265 952 3469 1007 tradent

1862 1066 1976 1104 eum
2005 1048 2237 1121 gentibus
2256 1045 2327 1100 ad
2355 1044 2677 1099 illudendum
2700 1053 2747 1099 ct
2770 1043 3147 1115 ﬂagellandam
3177 1053 3225 1098 et
3253 1045 3465 1112 cruciﬁ-

1860 1142 2102 1214 gendum,
2132 1150 2179 1195 et
2215 1139 2362 1193 tertia
2382 1138 2465 1192 die
2491 1145 2721 1207 resurget
2744 1134 2966 1206 (Matth.
2996 1134 3091 1191 20.
3123 1133 3232 1209 I8).
3264 1136 3329 1191 Et
3354 1152 3463 1191 non

1860 1236 2015 1300 dixit,
2046 1234 2207 1291 Pater
2235 1247 2323 1287 me
2365 1229 2524 1285 faciet
2566 1243 2872 1299 resurgere.
2903 1226 3189 1296 Quomodo
3232 1242 3361 1298 ergo
3396 1228 3465 1284 de

1858 1340 1925 1383 eo
1949 1326 2271 1398 precabatur
2289 1324 2313 1380 '.'
2334 1323 2441 1379 Sed
2478 1338 2576 1394 pro
2620 1322 2817 1393 quibus
2863 1320 3191 1392 precabatur
3216 1319 3240 1377 ῒ
3268 1337 3366 1392 pro
3396 1322 3465 1378 iis

1858 1421 1947 1492 qui
1979 1421 2033 1475 in
2060 1420 2237 1491 ipsum
2267 1417 2631 1474 crediderant.
2675 1415 2830 1485 Quod
2868 1424 3050 1469 autem
3078 1414 3210 1471 dicit
3253 1426 3336 1473 est
3365 1415 3464 1471 huc

1860 1506 2097 1578 jusmodi
2131 1507 2354 1562 :Facile
2400 1507 2709 1563 exauditur.
2762 1505 2897 1562 Nam
2951 1504 3207 1578 quoniam
3257 1505 3325 1561 de
3374 1502 3468 1559 illo

1863 1601 2103 1657 nondum
2150 1600 2421 1658 habebant
2463 1616 2583 1657 eam
2616 1615 2776 1671 quam
2822 1614 2921 1670 par
2964 1607 3081 1654 erat
3112 1596 3422 1669 opinionem
3446 1637 3464 1661 ,

1862 1693 2147 1750 dixitcum
2183 1693 2349 1749 fuisse
2379 1693 2715 1758 exauditum,
2745 1691 2886 1746 sicut
2912 1689 3030 1761 ipse
3056 1702 3271 1761 quoque
3299 1685 3467 1745 disci-

1866 1787 2021 1857 pulos
2048 1785 2338 1841 eonsolans
2363 1784 2579 1841 dicebat
2613 1801 2627 1839 :
2662 1782 2724 1840 Si
2753 1800 2835 1837 me
2854 1782 3155 1853 diligeretis,
3179 1779 3470 1853 gaudet-etis

1864 1877 2057 1949 utique,
2086 1878 2327 1949 quoniam
2368 1876 2436 1931 ad
2478 1875 2689 1933 Patrem
2726 1892 2894 1929 meum
2943 1874 3096 1939 vado,
3141 1874 3264 1944 quia
3311 1869 3470 1925 Pater

1864 1972 2034 2043 major
2080 1987 2160 2025 me
2185 1980 2258 2025 est
2280 1968 2475 2039 (Joan.
2510 1970 2599 2025 14.
2628 1967 2701 2025 28
2722 1966 2765 2034 ).
2798 1967 3083 2036 Quomodo
3126 1975 3305 2021 autem
3360 1979 3468 2020 non

1865 2066 2103 2135 seipsum
2144 2063 2487 2134 glorilleavit,
2520 2063 2610 2134 qui
2656 2062 2896 2133 seipsum
2928 2060 3211 2116 exinaniit.
3257 2058 3347 2129 qui
3379 2073 3469 2112 ερε-

1868 2154 2040 2226 ipsum
2087 2154 2343 2209 tradidit?
2383 2152 2620 2209 Tradidit
2668 2154 2834 2221 enim,
2866 2153 3072 2225 inquit,
3116 2160 3336 2227 seipsum
3376 2165 3472 2222 pro

1867 2248 2088 2321 peccatis
2132 2249 2320 2304 nostris
2359 2247 2503 2320 (Gal.
2538 2250 2588 2303 I.
2623 2248 2716 2321 5);
2760 2258 2816 2303 et
2837 2262 3054 2313 rursus,
3089 2246 3189 2315 Qui
3215 2245 3354 2299 dedit
3392 2262 3473 2300 se

1866 2347 2034 2415 ipsum
2057 2344 2453 2415 redemptionem
2480 2360 2573 2415 pro
2596 2344 2830 2398 omnibus
2857 2342 3000 2397 nobis
3027 2342 3107 2412 (l.
3134 2340 3266 2396 Tim.
3296 2339 3353 2394 2.
3384 2338 3465 2403 6).

1868 2435 2007 2506 Quid
2052 2450 2181 2506 ergo
2208 2435 2336 2491 est?
2368 2435 2531 2491 Vides
2576 2434 2718 2505 quod
2764 2444 2989 2507 propter
3032 2448 3252 2489 carnem
3299 2432 3366 2487 de
3411 2446 3473 2486 se

1870 2529 2109 2601 loquitur
2148 2529 2369 2584 humilia
2396 2530 2419 2582 ?
2448 2529 2520 2583 Ita
2552 2528 2641 2583 hic
2683 2543 2917 2599 quoque,
2948 2526 3157 2582 etiamsi
3188 2535 3335 2582 esset
3379 2524 3471 2579 Fi-

1871 2622 1993 2689 lius,
2024 2621 2311 2678 exauditus
2360 2620 2462 2676 fuit
2497 2636 2594 2691 pro
2642 2636 2737 2675 sua
2789 2620 3090 2677 reverentia
3125 2639 3140 2679 :
3171 2619 3285 2674 vult
3325 2619 3473 2673 enim

1869 2716 2155 2772 ostendere
2181 2716 2231 2770 id
2258 2714 2400 2785 quod
2427 2723 2638 2784 gestum
2672 2724 2753 2769 est
2777 2713 2945 2782 magis
2976 2725 3097 2767 esse
3125 2727 3261 2782 opus
3290 2727 3473 2775 suum,

1871 2825 2031 2882 quam
2059 2810 2154 2865 Dei
2198 2809 2407 2881 gratiae.
2438 2807 2629 2873 Tanta,
2662 2808 2853 2878 inquit,
2884 2805 2982 2861 fuit
3006 2806 3127 2876 ejus
3170 2805 3476 2861 reverentia

1872 2919 1934 2960 ac
1962 2904 2153 2977 pietas,
2185 2910 2243 2956 ut
2271 2902 2396 2956 ideo
2424 2916 2548 2957 eum
2578 2909 2920 2957 revereretur
2948 2900 3112 2954 Deus.
3145 2898 3361 2966 Didicit,
3391 2898 3477 2952 in-

1873 2996 2009 3067 quit,
2059 2995 2173 3051 Deo
2201 2994 2444 3049 obedire.
2476 2994 2575 3049 Hic
2617 3007 2806 3049 rursus
2835 2992 3073 3049 ostendit
3120 3002 3378 3065 quantum
3408 2992 3478 3045 sit

1874 3091 2082 3145 lucrum
2114 3088 2544 3157 perpessionum.
2569 3086 2634 3141 Et
2659 3096 3061 3151 consummatus,
3084 3087 3276 3157 inquit,
3310 3089 3477 3158 factus

1874 3193 1945 3238 est
1976 3182 2207 3237 omnibus
2234 3179 2695 3251 obtemperantibus
2723 3181 2767 3234 ei
2784 3196 2943 3234 causa
2972 3179 3173 3234 salutis.
3207 3178 3261 3233 Si
3293 3187 3476 3233 autem

1875 3276 1987 3338 ille,
2014 3289 2134 3330 cum
2164 3281 2311 3329 esset
2336 3272 2525 3335 Filius.
2554 3287 2619 3327 ex
2651 3271 3093 3342 perpessionibus
3130 3270 3369 3326 lucratus
3396 3282 3481 3327 est

1875 3376 1933 3421 ut
1980 3365 2246 3427 obediret,
2293 3364 2465 3419 multo
2512 3364 2683 3435 magis
2733 3379 2851 3417 nos.
2898 3363 3061 3418 Vides
3105 3379 3265 3432 quam
3312 3364 3478 3419 multa

1874 3457 2014 3513 dicat
2045 3457 2112 3513 de
2142 3457 2471 3521 obedientia,
2504 3466 2561 3511 nt
2593 3457 2689 3525 ipsi
2722 3456 3188 3527 persuadeantnr?
3218 3457 3482 3513 Videntur

1875 3549 2021 3605 enim
2070 3546 2199 3603 mihi
2231 3547 2537 3617 frequenter
2583 3547 2822 3602 habenas
2869 3555 3124 3603 excutere
3172 3564 3272 3604 nec
3321 3550 3486 3605 dietis

1875 3642 2254 3711 obtemperare
2286 3658 2297 3692 :
2331 3639 2435 3693 hoc
2456 3641 2599 3693 enim
2624 3639 3015 3705 subindieavit,
3040 3640 3254 3708 dicens,
3286 3643 3485 3713 Srgncs

1878 3733 1999 3803 facti
2026 3732 2145 3785 estis
2182 3731 2249 3783 ad
2294 3730 2628 3784 audiendum.
2663 3730 2739 3784 Ex
2771 3732 2835 3786 iis
2866 3746 2988 3802 qua:
3034 3746 3226 3801 passus
3253 3742 3358 3799 est,
3404 3736 3485 3788 in-

1876 3823 2011 3893 quit,
2034 3821 2375 3877 continenter
2411 3821 2601 3876 didicit
2627 3822 2736 3877 Deo
2763 3822 3008 3877 obedire.
3044 3823 3111 3877 Et
3154 3841 3484 3880 consumam-

1877 3923 1958 3968 tus
1998 3929 2019 3967 :
2064 3927 2159 3983 per
2186 3912 2485 3981 passiones,
2517 3913 2705 3982 inquit.
2732 3913 2846 3969 Hoc
2868 3924 2953 3969 est
2976 3929 3108 3984 ergo
3134 3930 3485 3973 consumma-

1880 4003 1976 4069 tio,
2004 4012 2060 4059 et
2086 4018 2181 4073 per
2212 4004 2315 4056 hoc
2346 4004 2528 4058 venire
2568 4014 2781 4073 oportet
2807 4005 2871 4059 ad
2920 4008 3331 4075 perfectionem.
3368 4011 3485 4066 Non

1886 4101 2058 4155 solum
2108 4100 2221 4167 ipse
2268 4098 2449 4150 salvus
2479 4096 2667 4158 evasit,
2715 4091 2812 4147 sed
2858 4092 2959 4147 hoc
3007 4093 3169 4147 etiam
3215 4092 3316 4147 fuit
3364 4091 3487 4147 aliis

1886 4193 2036 4261 cupio
2071 4192 2289 4247 salutis:
2312 4191 2701 4244 Consummatus
2716 4188 2861 4244 enim
2895 4187 2989 4257 fuit
3010 4187 3480 4256 obtemperantibus

1888 4284 1983 4348 ipsi
2021 4298 2179 4335 causa
2220 4281 2401 4335 salutis
2440 4288 2661 4334 wternce.
2695 4278 3017 4348 Appellatus,
3065 4278 3256 4348 inquit,
3294 4295 3325 4331 a
3373 4275 3481 4330 Deo

1889 4373 2120 4443 pontifex.
2146 4372 2426 4427 secundant
2454 4371 2687 4424 ordinem
2719 4368 3113 4427 Melchisedech.
3154 4371 3237 4422 II.
3275 4368 3351 4421 De
3384 4385 3481 4437 qna

1888 4464 2029 4517 nobis
2068 4464 2279 4535 grandis
2321 4479 2487 4517 sermo
2513 4472 2560 4513 et
2604 4460 3052 4532 inintcrprctabilis
3096 4460 3163 4511 ad
3190 4459 3482 4513 dieendum.

1893 4556 2225 4610 Deductut'us
2276 4554 2574 4609 orationem
2627 4553 2691 4606 ad
2744 4553 3100 4607 dillcrcutiam
3156 4552 3480 4609 sacerdotii.

1889 4652 2037 4717 prius
2066 4664 2158 4702 eos
2206 4649 2470 4716 increpat,
2517 4645 2811 4700 ostendens
2837 4646 2976 4714 quod
3011 4655 3120 4699 tam
3165 4661 3353 4714 magna
3400 4646 3485 4697 sui

1886 4742 2146 4796 demissio
2174 4744 2245 4794 sit
2283 4742 2403 4805 lac;
2440 4751 2490 4793 ct
2514 4741 2653 4810 quod
2693 4740 2762 4793 illi
2793 4740 2898 4791 sint
2922 4738 3175 4805 infantes,
3198 4738 3366 4808 magis
3400 4748 3483 4791 est

1888 4835 2203 4886 immoratus
2234 4835 2284 4886 in
2320 4834 2505 4887 humili
2557 4834 2643 4901 qui
2672 4842 2755 4885 est
2785 4832 3078 4885 semiudum
3126 4848 3345 4886 carnem
3376 4845 3480 4883 ser-

1888 4940 2063 4985 monis,
2097 4936 2149 4976 et
2184 4925 2417 4994 loquitur
2466 4936 2736 4993 tamquam
2782 4929 2847 4978 tle
2888 4925 3114 4995 quodam
3141 4926 3305 4994 justo.
3347 4924 3480 4978 Vide

1883 5027 2059 5069 autem
2096 5035 2105 5068 :
2139 5031 2238 5069 nec
2278 5017 2498 5071 omnino
2552 5018 2809 5086 παρίει-ῆι
2858 5034 2966 5070 rem
3012 5018 3249 5081 silentio,
3305 5032 3483 5085 neque

1894 5110 2027 5164 dixit
2060 5128 2069 5161 :
2102 5126 2221 5162 nam
2256 5110 2381 5165 illud
2414 5114 2627 5180 quidem
2657 5111 2778 5163 fecit
2806 5119 2861 5162 ttt
2891 5120 3122 5164 mentem
3156 5125 3341 5164 eorum
3372 5112 3483 5165 eri-

1879 5212 2047 5271 geret,
2078 5211 2129 5255 et
2179 5204 2527 5271 persuaderet
2574 5212 2629 5255 ut
2672 5211 2854 5257 essent
2904 5204 3152 5271 perfecti,
3187 5215 3239 5257 et
3267 5206 3476 5275 magnis

1880 5312 1984 5349 non
2032 5296 2367 5365 privarentur
2412 5296 2791 5364 dogmatibus;
2827 5295 2927 5347 hoc
2971 5306 3145 5351 autem
3198 5298 3343 5363 fecit,
3411 5316 3477 5353 ne

1876 5388 2132 5443 obrueret
2161 5404 2345 5445 eorum
2380 5388 2809 5457 intelligentiam.
2857 5386 2935 5440 De
2958 5404 3053 5456 quo
3083 5389 3221 5443 nobis
3259 5393 3475 5461 grandis

1876 5500 2061 5546 sermo,
2104 5483 2290 5553 inquit,
2326 5492 2371 5535 et
2408 5480 2859 5548 ininterpretabilts
2908 5480 2977 5530 ad
3020 5480 3306 5546 dicendum,
3337 5500 3471 5551 quo-

1873 5579 2012 5629 niam
2039 5575 2311 5629 imbecilles
2342 5575 2465 5643 facti
2492 5574 2611 5627 estis
2640 5572 2707 5624 ad
2746 5572 3076 5624 audiendum.
3106 5574 3367 5639 Quoniam
3397 5577 3470 5631 illi

1874 5685 1979 5723 non
2012 5669 2259 5731 audiunt,
2291 5678 2569 5737 propterea
2624 5672 2709 5720 est
2739 5666 2912 5719 oratio
2940 5664 3178 5719 diflicilis
3209 5666 3273 5719 ad
3304 5667 3470 5722 inter-

1873 5760 2212 5830 prctandum.
2248 5757 2473 5827 Quando
2497 5758 2641 5811 cutim
2672 5758 2829 5812 alicui
2860 5774 2947 5813 res
2974 5767 3057 5813 est
3086 5773 3206 5813 cum
3238 5759 3471 5813 homini-

1874 5855 1968 5907 bus
1987 5856 2076 5925 qui
2098 5870 2203 5908 non
2221 5862 2579 5922 assequuntur
2596 5868 2694 5907 nec
2718 5851 3027 5925 intelligunt
3048 5870 3169 5923 quae
3190 5855 3463 5921 dicuntur,

3124 5963 3161 6021 5
