4042 6424
596 444 652 499 τι

604 560 649 608 ῖς
679 571 781 609 ιιοη
828 561 999 623 potest
1030 552 1107 605 eis
1133 556 1276 603 recte
1328 540 1677 610 interpretari.
1710 535 1812 591 Sed
1860 534 1990 588 forte
2015 534 2162 603 quis-

604 650 739 714 piam
789 662 856 699 ex
905 642 1074 706 vobis,
1125 639 1210 709 qui
1245 636 1327 689 hic
1368 632 1538 693 statis,
1567 629 1780 697 caligat,
1830 637 1883 679 et
1911 624 2161 677 damnum

603 713 711 792 rem
758 754 877 793 esse
907 735 1191 795 existimat,
1221 729 1263 781 si
1307 729 1419 796 ipse
1467 730 1685 793 propter
1713 718 1963 772 Hebraeos
2007 713 2166 767 fuerit

604 832 889 901 impeditus
933 843 999 881 ne
1057 834 1355 878 sermonem
1406 816 1715 884 loqueretur
1770 806 2161 878 perfectiorem.

602 930 774 991 Atque
796 924 925 973 forte
939 916 1146 987 quidem
1169 912 1251 966 hic
1267 922 1499 981 quoque,
1520 910 1711 973 praeter
1732 913 1947 969 paucos,
1972 896 2165 949 multos

603 989 792 1084 opinor
813 1025 929 1065 esse
958 1010 1109 1069 tales,
1132 1015 1188 1058 ut
1209 1002 1307 1055 huc
1331 1000 1488 1055 etiam
1521 994 1587 1049 de
1608 992 1753 1045 vobis
1780 989 1985 1043 dicatur
2006 1003 2018 1039 :
2039 1000 2165 1055 pro-

605 1116 717 1173 pter
745 1115 937 1173 paucos
968 1108 1142 1151 autem
1174 1094 1367 1148 dicam.
1407 1084 1668 1155 Numquid
1709 1096 1835 1151 ergo
1865 1091 2165 1133 sermonem

600 1169 811 1249 silentio
844 1188 1117 1259 praeteriit,
1144 1194 1235 1240 aut
1264 1197 1384 1238 eum
1415 1193 1600 1234 rursus
1622 1172 1847 1242 sumpsit
1874 1172 1926 1225 in
1952 1169 2017 1223 iis
2046 1183 2165 1238 qua:

606 1285 852 1345 deinceps
878 1290 1192 1350 sequuntur,
1213 1286 1267 1332 et
1293 1276 1429 1331 idem
1464 1273 1589 1328 fecit
1608 1270 1747 1342 quod
1769 1269 1821 1323 in
1850 1265 2087 1337 Epistula
2104 1261 2171 1317 ad

611 1372 920 1429 Romanos?
948 1386 1067 1425 nam
1100 1370 1210 1423 illic
1253 1380 1484 1436 quoque,
1531 1377 1650 1416 cum
1682 1374 1743 1414 os
1787 1356 1934 1429 prius
1956 1354 2176 1410 obstru-

608 1470 772 1523 xisset
801 1461 1309 1523 contradicentibus,
1343 1465 1396 1513 et
1439 1454 1686 1519 dixisset,
1724 1449 1767 1503 Ο
1790 1454 1957 1507 homo,
1989 1456 2039 1497 tu
2065 1458 2180 1513 quis

610 1576 659 1613 es
684 1558 768 1627 qui
808 1555 1112 1625 respondens
1147 1550 1255 1603 Deo
1287 1546 1460 1619 (Rom.
1489 1544 1545 1599 9.
1588 1542 1725 1612 20)?
1754 1550 1877 1595 tunc
1909 1536 2182 1627 subjungtt

610 1626 953 1704 solutionem.
988 1646 1097 1716 Ego
1139 1654 1315 1697 autem
1359 1646 1484 1709 puto
1531 1648 1702 1705 neque
1748 1632 1919 1701 ipsum
1961 1626 2181 1683 omnino

613 1741 825 1795 silentio
846 1737 1185 1808 praeteriisse,
1209 1746 1379 1802 neque
1399 1729 1618 1793 dixisse,
1651 1736 1706 1779 ut
1729 1724 1998 1778 auditores
2027 1717 2183 1773 indu-

614 1842 701 1886 cat
731 1832 781 1884 in
810 1828 1149 1885 desiderium.
1178 1824 1306 1879 Nam
1330 1837 1449 1877 cum
1478 1817 1862 1881 admonuisset,
1889 1823 1942 1869 et
1962 1811 2184 1866 dixisset

615 1939 805 1993 magna
837 1921 1074 1991 qumdam
1103 1932 1222 1973 esse
1251 1918 1349 1971 sita
1382 1916 1433 1969 in
1462 1926 1728 1974 sermone,
1762 1908 1882 1961 vide
1913 1902 2181 1976 quomodo

617 2032 737 2069 citm
767 2015 920 2069 laude
957 2028 1049 2069 eos
1078 2012 1333 2079 increpet.
1365 2006 1476 2060 Hoc
1515 2004 1655 2058 enim
1678 2015 1890 2068 semper
1914 2005 1997 2052 est
2038 1994 2185 2049 Pauli

619 2110 911 2179 sapientiae.
934 2105 1171 2161 difﬁcilia
1194 2118 1254 2156 ac
1275 2100 1498 2154 molesta
1518 2097 1741 2149 miscere
1760 2105 1882 2145 cum
1906 2087 2182 2157 benignis:

620 2176 758 2268 quod
778 2199 935 2252 etiam
961 2195 1146 2248 facitin
1170 2191 1398 2261 Epistola
1418 2188 1482 2241 ad
1498 2186 1729 2247 Galatas,
1753 2182 1936 2235 dicens
1964 2196 1977 2231 :
2006 2176 2191 2233 Curre—

621 2290 749 2343 batis
776 2290 892 2342 bene
920 2302 936 2338 :
963 2285 1072 2355 quis
1104 2299 1189 2335 vos
1220 2278 1475 2349 impedivit
1498 2275 1690 2345 (Colat.
1716 2272 1769 2326 5.
1805 2270 1897 2337 7)?
1923 2277 1994 2332 et,
2024 2268 2191 2321 Tanta

622 2384 758 2451 passi
789 2381 906 2434 estis
944 2379 1050 2431 sine
1073 2390 1224 2428 causa
1245 2373 1268 2425 3'
1287 2372 1330 2425 si
1356 2380 1521 2423 tamen
1564 2367 1670 2419 sine
1710 2378 1865 2417 causa
1900 2360 1917 2432 (
1941 2360 2108 2414 Galal.
2135 2360 2189 2414 5.

623 2449 678 2541 1)
705 2490 720 2538 ;
752 2480 826 2533 et,
874 2470 982 2537 Ego
1034 2467 1095 2519 de
1146 2463 1281 2518 vobis
1322 2459 1522 2528 conﬁdo
1551 2459 1601 2510 in
1650 2454 1866 2508 Domino
1910 2450 2107 2521 (Galat.
2135 2449 2191 2504 5.

625 2540 736 2633 10).
790 2560 942 2629 Quod
998 2557 1081 2611 his
1126 2567 1337 2625 quoque
1392 2548 1517 2603 dicit
1552 2566 1563 2600 ί
1596 2546 1905 2612 Conﬁdimus
1950 2542 2013 2593 de
2059 2540 2194 2594 vobis

624 2631 870 2711 meliora,
928 2659 971 2702 ct
1040 2646 1281 2701 viciniora
1347 2640 1501 2695 saluti
1562 2636 1762 2708 (Hebr.
1816 2634 1869 2687 6.
1926 2631 2023 2701 9).
2081 2632 2195 2685 Duo

624 2759 752 2815 ergo
798 2743 911 2796 hac
967 2738 1089 2792 facit
1118 2756 1130 2790 :
1161 2750 1333 2804 neque
1383 2730 1540 2786 nimis
1587 2725 1846 2791 intendit,
1890 2737 2064 2793 neque
2118 2721 2195 2775 si-

628 2839 704 2891 nit
747 2850 839 2891 eos
885 2831 1185 2887 comiderc.
1231 2828 1413 2882 Recte.
1447 2823 1577 2878 Nam
1610 2820 1651 2875 si
1689 2820 1910 2873 aliorum
1958 2816 2197 2885 exempla

627 2928 895 2981 sufﬁciunt
926 2924 989 2977 ad
1028 2920 1363 2977 excitandum
1406 2916 1723 2975 auditorem,
1755 2922 1804 2966 et
1832 2911 1897 2965 ad
1924 2910 2197 2963 adducen-

630 3021 752 3071 dum
798 3017 864 3068 ad
895 3014 1285 3067 ιωιιιιΙτιῑὶΟιιρῐι]
1322 3027 1335 3062 :
1368 3004 1580 3077 quando
1620 3005 1737 3071 quis
1779 3001 1938 3055 habet
1966 3014 1994 3051 a
2026 2999 2203 3066 seipso

632 3110 953 3179 exetnplnm,
987 3115 1041 3159 et
1067 3106 1280 3173 jnhetur
1326 3100 1557 3170 seipsnm
1598 3094 1858 3159 :cmnlari,
1898 3086 2063 3146 multo
2095 3107 2205 3144 ma-

631 3205 710 3267 gis
740 3198 1003 3252 inducitur
1051 3192 1313 3255 doctrina,
1358 3199 1415 3243 ut
1460 3187 1573 3241 ﬁeri
1618 3194 1810 3255 potest.
1850 3184 1913 3238 Et
1944 3183 2042 3236 hoc
2072 3196 2200 3251 ergo

633 3290 882 3351 ostendit,
932 3301 1100 3353 neque
1130 3284 1253 3336 sinit
1284 3296 1375 3335 eos
1416 3288 1683 3347 tamquam
1726 3274 1876 3329 valde
1922 3272 2203 3328 damnatos

634 3380 935 3440 eoncilere,
970 3392 1067 3430 nec
1110 3384 1164 3426 ut
1205 3371 1293 3441 qui
1332 3384 1545 3437 semper
1592 3367 1699 3422 sint
1744 3365 1889 3431 mali,
1941 3365 2032 3418 sed
2063 3362 2201 3433 quod

636 3478 792 3531 etiam
819 3469 1097 3540 aliquando
1130 3467 1324 3519 fuerint
1346 3464 1489 3517 boni.
1522 3461 1604 3514 12.
1639 3459 1838 3512 Etenim
1869 3474 1978 3509 cum
2006 3456 2206 3509 debere-

637 3573 696 3620 tis
711 3582 814 3620 csse
831 3560 1058 3633 magistri
1079 3568 1281 3629 prapter
1309 3564 1521 3623 tempus,
1545 3550 1732 3621 inquit.
1755 3547 1994 3603 Ostendit
2012 3547 2094 3599 hic
2116 3561 2209 3600 eos

642 3662 795 3725 longo
824 3664 944 3705 ante
976 3663 1215 3718 tempore
1245 3645 1535 3700 credidisse
1568 3661 1579 3695 :
1612 3639 1845 3695 ostendit
1883 3640 2043 3692 etiam
2070 3637 2208 3705 quod

640 3753 797 3803 etiam
826 3746 959 3799 alios
988 3744 1217 3796 debeant
1246 3733 1685 3793 instituereNide
1712 3745 1838 3800 ergo
1856 3746 1976 3784 eum
2004 3728 2211 3782 assidue

660 3831 940 3902 parturire,
994 3841 1048 3883 ιιι
1089 3828 1389 3882 introducat
1418 3840 1717 3880 sermonem
1761 3826 1827 3875 de
1859 3825 2125 3890 pontifice,
2173 3828 2223 3872 et

660 3937 870 3975 semper
915 3919 1147 3973 differre.
1208 3917 1341 3971 Audi
1392 3919 1532 3971 enim
1587 3914 1854 3984 quomodo
1920 3910 2222 3980 inceperit:

666 4010 911 4063 [labentes
938 4009 1219 4078 pontiﬁcem
1250 4022 1509 4074 magnum,
1540 4007 1623 4072 qui
1661 4002 1931 4073 penetravit
1959 4002 2106 4053 cwlos
2130 4016 2146 4061 ;
2174 4008 2228 4052 ct

661 4119 777 4154 runt
826 4100 1251 4169 prmtermisissct
1290 4098 1471 4151 dicere
1500 4095 1769 4166 quomodo
1800 4109 2071 4162 magnum,
2105 4108 2226 4145 rur-

662 4210 749 4244 Stis
773 4194 937 4245 dicit:
973 4189 1147 4244 Omnis
1174 4191 1305 4241 enint
1348 4184 1575 4255 pontifex
1617 4202 1678 4239 ex
1707 4186 1987 4237 hominibus
2029 4200 2228 4236 assunt-

665 4295 794 4350 ptus,
820 4298 907 4349 pro
925 4283 1202 4350 Imaginibus
1220 4280 1533 4333 constituitur
1550 4280 1599 4329 in
1618 4279 1677 4329 iis
1696 4292 1805 4343 qnw
1825 4286 1938 4329 sunt
1957 4277 2022 4327 ad
2050 4276 2229 4340 Deum;

665 4384 717 4425 et
744 4388 951 4436 rursus,
983 4372 1070 4425 Sic
1102 4372 1249 4423 etiam
1296 4369 1524 4423 Christus
1558 4386 1653 4421 non
1680 4369 1895 4436 seipsunt
1929 4367 2231 4437 glori/ienuit

665 4472 717 4514 ut
750 4464 884 4529 fieret
916 4463 1160 4531 pontifex.
1193 4461 1255 4513 Et
1296 4461 1482 4513 iterum
1515 4475 1633 4513 cum
1680 4459 1920 4520 dixisset,
1960 4456 2033 4511 Tu
2072 4474 2123 4511 es
2149 4474 2234 4511 sa-

664 4556 837 4606 cerdos
879 4554 931 4605 in
969 4563 1206 4606 aeternum
1250 4553 1518 4602 secundum
1546 4550 1771 4602 ordinem
1816 4547 2232 4609 Melchisedech;

668 4658 848 4696 rursus
874 4640 1069 4703 differt,
1094 4640 1275 4694 dicens
1308 4658 1320 4692 :
1355 4638 1451 4704 Qui
1482 4640 1531 4691 in
1554 4640 1724 4693 diebus
1745 4640 1909 4691 carnis
1936 4656 2040 4691 sum
2064 4654 2231 4707 preces

668 4734 1151 4803 supplicationesque
1180 4731 1375 4781 obtulit.

740 4826 791 4878 5.
834 4823 1090 4889 Quoniam
1138 4835 1265 4889 ergo
1312 4820 1464 4872 toties
1497 4818 1590 4871 fuit
1627 4819 1904 4888 depulsus,
1936 4818 2095 4873 veluti
2146 4833 2235 4877 ιτ-

669 4916 933 4985 spondens
978 4925 1031 4969 et
1075 4930 1131 4968 se
1174 4927 1457 4971 excusans,
1506 4910 1674 4964 dicit:
1714 4911 1767 4964 In
1815 4928 1907 4964 vos
1954 4926 2110 4971 causa
2153 4922 2235 4965 est

668 5009 963 5062 referenda.
1008 5007 1185 5075 Pop-.0,
1217 5015 1407 5074 quanta
1436 5002 1771 5056 differentia!
1817 5019 1935 5056 cum
1980 5005 2237 5058 deberent

671 5104 802 5152 alios
834 5099 1042 5161 docere,
1079 5108 1201 5150 sunt
1229 5095 1440 5163 quidem
1489 5110 1594 5147 non
1624 5094 1794 5147 solum
1828 5094 2094 5163 discipuli,
2143 5094 2237 5148 sed

672 5190 830 5243 etiam
860 5188 1035 5240 ultimi
1065 5186 1335 5255 discipuli.
1366 5184 1564 5237 Etenim
1597 5202 1707 5236 cum
1734 5186 1971 5237 deberetis
1998 5202 2104 5239 esse
2133 5202 2239 5237 nta-

673 5280 815 5348 gistri
858 5288 1058 5347 propter
1096 5289 1308 5345 tempus,
1357 5293 1525 5329 rursus
1570 5276 1803 5344 indigetis
1850 5287 1897 5327 ut
1938 5294 2019 5330 vos
2049 5279 2239 5331 docea-

675 5372 795 5422 mini
838 5384 948 5439 qua:
992 5380 1104 5421 sunt
1142 5370 1379 5419 elementa
1411 5368 1598 5420 exordii
1646 5384 1927 5419 sermonum
1980 5367 2095 5421 Dei.
2146 5368 2240 5423 llic

678 5462 936 5514 eleacnta
968 5458 1168 5512 exordii
1196 5458 1321 5510 dicit
1358 5460 1756 5512 humanitatem.
1788 5456 1857 5513 Ut
1886 5460 2029 5512 enim
2061 5461 2108 5513 in
2142 5476 2241 5514 ex-

682 5554 842 5603 ternis
866 5552 1028 5603 literis
1046 5550 1271 5619 primum
1298 5560 1501 5616 oportet
1524 5549 1733 5602 di~ccre
1754 5552 2039 5611 elementa,
2068 5552 2135 5604 ita
2159 5551 2244 5604 hic

683 5660 892 5711 quoque
938 5644 1163 5710 primum
1216 5641 1394 5694 doceri
1442 5643 1723 5708 opirtehat
1767 5642 1833 5695 de
1892 5644 2239 5697 humanitate.

684 5735 841 5787 Vides
880 5748 1117 5801 quaenam
1168 5735 1236 5785 sit
1276 5748 1433 5785 caust
1466 5748 1559 5785 cur
1604 5733 1847 5801 loquatur
1879 5733 2138 5787 humilia?
2172 5734 2242 5786 lla

680 5828 835 5881 etiam
867 5823 988 5876 ft-cit
1016 5824 1203 5877 l’au'us
1244 5823 1512 5878 disserens
1556 5836 1674 5875 cmn
1706 5824 2141 5887 Atheniensibus,
2191 5833 2245 5878 et

1292 437 1349 491 S.
1388 428 1657 488 JOANNIS
1694 421 2166 481 CHRYSOSTOMI
2205 414 2518 475 ARCIIIEP.
2547 403 3071 471 CONS'I‘ANTISOP.

3765 387 3841 441 72

2258 528 2438 582 dicens
2470 541 2482 575 ε
2514 520 2579 575 Et
2623 529 2848 587 tempora
2876 513 3079 585 quidem
3115 508 3265 581 hujus
3307 500 3612 576 ignorantia:
3655 492 3835 567 despi-

2257 621 2389 670 ciens
2419 614 2570 678 Deus,
2601 625 2732 663 nunc
2756 606 3025 660 annuntiat
3062 598 3344 655 hominibus
3372 604 3424 648 ut
3451 608 3624 646 ontnes
3648 591 3839 658 ubique

2260 708 2595 780 paenitentiam
2610 712 2782 773 agant,
2806 715 2862 753 eo
2884 697 3018 768 quod
3038 695 3215 751 statuit
3245 692 3397 753 diem,
3426 689 3478 740 in
3505 703 3603 756 quo
3623 684 3840 754 judica-

2261 775 2399 855 tnrus
2425 808 2493 853 est
2516 795 2682 849 orbem
2706 794 2756 845 in
2785 791 3039 861 (equitate,
3070 788 3121 839 in
3144 786 3247 839 viro
3271 786 3323 836 in
3352 778 3651 852 quostatuit,
3681 775 3844 842 ﬁdem

2262 892 2482 963 prwbcns
2509 886 2757 949 omnibus,
2779 882 3028 937 suscitans
3049 894 3162 933 eum
3186 893 3215 929 a
3233 873 3442 929 mortuis
3470 870 3602 941 (Act.
3632 869 3719 923 l7.
3743 866 3842 919 δῦ.

2261 990 2373 1055 51).
2408 987 2691 1052 Propterea
2717 978 2758 1033 si
2791 974 3057 1046 quidpiam
3094 970 3307 1041 quidem
3338 966 3461 1022 dicit
3486 964 3757 1019 excelsum
3791 968 3851 1011 et

2265 1054 2509 1139 sublime,
2544 1073 2642 1127 hoc
2673 1070 2802 1124 dicit
2831 1068 3061 1121 breviter
3089 1081 3101 1117 :
3136 1058 3353 1114 humilia
3380 1065 3554 1110 autem
3595 1054 3849 1115 dispersa

2274 1174 2398 1219 sunt
2442 1165 2492 1217 in
2541 1164 2720 1217 multis
2752 1164 2879 1217 locis
2920 1156 3191 1228 Epistulae.
3237 1154 3301 1208 Et
3341 1153 3420 1209 sic
3464 1150 3769 1206 ostenditur
3806 1148 3861 1202 id

2276 1257 2415 1324 quod
2450 1263 2530 1308 est
2560 1252 2826 1308 excelsum
2870 1260 2923 1304 et
2953 1248 3219 1302 sublime:
3251 1258 3375 1299 nam
3405 1242 3548 1314 quod
3590 1251 3667 1299 est
3700 1239 3866 1293 valde

2280 1345 2497 1410 humile,
2550 1360 2653 1399 non
2688 1341 2813 1396 sinit
2843 1349 2899 1393 ut
2950 1339 3017 1393 de
3062 1337 3340 1392 divinitate
3386 1335 3738 1403 sDSpiCemur.
3785 1332 3865 1385 fta

2281 1437 2366 1491 hic
2395 1450 2605 1507 quoque
2629 1433 2767 1504 quod
2802 1440 2969 1486 tutum
3010 1438 3093 1484 est
3129 1440 3371 1491 servans,
3408 1424 3628 1479 humilia
3662 1425 3868 1475 buma-

2281 1528 2435 1581 nitali
2480 1526 2721 1595 adjungit
2751 1542 2762 1576 :
2796 1524 2847 1576 in
2889 1534 3049 1576 causa
3082 1529 3259 1572 autem
3296 1525 3431 1579 erat,
3463 1513 3603 1585 quod
3634 1513 3708 1567 illi
3756 1528 3869 1567 tum

2285 1628 2503 1691 possent
2536 1616 2847 1687 perfectiora
2876 1612 3086 1667 audire.
3119 1610 3231 1665 lloc
3271 1609 3500 1662 maxime
3528 1605 3876 1676 signiﬁcabat

2287 1712 2337 1766 in
2372 1711 2608 1781 Epistula
2641 1708 2704 1762 ad
2754 1703 3082 1769 Corinthios,
3125 1701 3349 1755 dicens:
3379 1697 3504 1752 Cum
3547 1697 3677 1749 enim
3710 1696 3875 1764 fuerit

2287 1804 2417 1857 inter
2477 1818 2561 1856 vos
2613 1800 2751 1854 zelus
2800 1807 2846 1852 et
2908 1795 3194 1859 contentio,
3242 1808 3407 1845 nonne
3462 1789 3690 1843 carnales
3752 1786 3877 1839 estis

2295 1895 2368 1967 (1.
2402 1893 2521 1948 Cor.
2549 1895 2601 1947 5.
2630 1892 2730 1961 3)?
2772 1889 2905 1944 Vide
2953 1898 3132 1941 autem
3188 1885 3409 1939 multam
3463 1883 3581 1951 ejus
3638 1882 3881 1950 pruden-

2294 1987 2420 2040 tiam
2452 2001 2464 2037 :
2497 1997 2688 2052 nempe
2717 1996 2874 2051 quam
2908 1985 3265 2048 congruenter
3307 1986 3361 2029 et
3390 1972 3775 2028 convenienter
3819 1986 3881 2024 se

2292 2086 2439 2147 gerat
2466 2075 2520 2130 in
2544 2074 2812 2144 subjectae
2838 2070 3199 2141 argritudines.
3222 2067 3354 2120 Nam
3388 2067 3496 2120 illic
3522 2063 3736 2135 quidem
3770 2064 3883 2115 int-

2296 2167 2556 2222 becillitas
2600 2178 2788 2233 magna
2832 2176 2898 2215 ex
2946 2171 3095 2230 parte
3134 2156 3397 2213 existebat
3439 2172 3504 2210 ex
3550 2156 3882 2225 ignorantia,

2296 2260 2381 2315 vel
2406 2260 2585 2330 potius
2624 2273 2690 2312 ex
2734 2256 3006 2327 peccatis;
3043 2253 3129 2312 hic
3159 2260 3336 2307 autem
3370 2265 3475 2304 non
3522 2266 3585 2304 ex
3615 2250 3885 2318 peccatis,

2301 2352 2394 2407 sed
2423 2366 2487 2405 ex
2517 2348 2915 2403 continentibus
2942 2344 3337 2400 afﬂictionibus.
3368 2342 3435 2396 Et
3480 2342 3599 2395 ideo
3626 2354 3755 2395 usus
3801 2350 3891 2393 est

2303 2446 2464 2501 etiam
2508 2442 2831 2497 dictionibus
2878 2455 2994 2509 qua:
3040 2438 3248 2508 possint
3294 2434 3582 2490 ostendere
3625 2432 3892 2487 dim-ron.

2306 2536 2451 2597 tiam,
2482 2533 2591 2586 illic
2613 2532 2819 2596 dicens,
2849 2528 3095 2584 Carnales
3126 2528 3249 2599 [acti
3279 2527 3426 2590 estis;
3450 2524 3535 2578 hic
3567 2539 3715 2586 vero,
3748 2522 3893 2589 Quit

2307 2629 2478 2698 major
2516 2636 2632 2682 erat
2669 2627 2844 2690 dolor,
2880 2624 3103 2678 hebetes
3141 2622 3266 2676 facti
3313 2621 3465 2675 estis.
3501 2620 3577 2673 llli
3608 2633 3711 2670 non
3743 2618 3894 2669 enim

2308 2736 2412 2775 non
2442 2724 2733 2789 potuerunt
2760 2715 2919 2779 ferre,
2954 2714 3119 2784 utqui
3153 2720 3335 2767 essent
3360 2709 3635 2771 carnales;
3668 2708 3756 2759 isti
3788 2722 3899 2759 au-

2312 2820 2418 2866 tem
2452 2816 2757 2879 potuerunt.
2794 2807 2981 2860 Dicere
3002 2804 3171 2871 enim,
3219 2803 3469 2870 Quoniam
3497 2798 3773 2853 imbecilles
3810 2804 3897 2867 {a-

2311 2901 2377 2955 cli
2425 2899 2541 2953 estis
2582 2899 2648 2950 ad
2679 2896 3011 2959 audiendum,
3064 2903 3145 2948 est
3187 2891 3533 2963 signiﬁcantis
3573 2888 3716 2960 quod
3764 2890 3901 2942 olim

2318 2992 2513 3047 fuerint
2554 2988 2666 3043 sani
2695 3000 2748 3042 et
2780 2986 2944 3041 fortes
2973 2986 3243 3054 animique
3267 2984 3558 3041 .alacritate
3602 2982 3902 3045 ferventes,

2317 3092 2371 3137 et
2409 3089 2594 3151 postea
2648 3079 2747 3132 hoc
2787 3077 2853 3131 de
2898 3078 2976 3131 eis
3006 3086 3249 3131 testatur.
3294 3074 3359 3128 Et
3388 3076 3510 3144 facti
3553 3074 3670 3127 estis
3716 3073 3907 3139 quibus

2319 3176 2446 3227 lacte
2464 3190 2588 3242 Opus
2614 3172 2700 3237 sit,
2731 3186 2830 3225 non
2870 3171 3034 3223 solido
3074 3170 3203 3223 cibo.
3248 3167 3472 3237 Semper
3502 3166 3583 3220 lac
3612 3175 3767 3219 vocat
3803 3165 3910 3218 hu-

2322 3266 2499 3320 milem
2528 3279 2853 3329 sermonem,
2887 3272 2941 3317 et
2985 3261 3071 3316 hic
3118 3270 3172 3316 et
3200 3260 3328 3314 illic.
3361 3257 3485 3313 Cum
3529 3258 3795 3322 deberetis,
3832 3257 3911 3310 in-

2324 3360 2455 3429 quit,
2480 3374 2586 3411 esse
2607 3358 2833 3428 magistri
2856 3366 3061 3427 propter
3090 3366 3285 3426 tempus
3317 3369 3415 3409 :ac
3443 3356 3487 3409 si
3519 3354 3743 3417 diceret,
3766 3353 3911 3409 Pro-

2328 3459 2443 3519 pter
2476 3448 2614 3517 quod
2647 3448 2875 3501 maxime
2900 3446 3145 3499 dissoluti
3177 3456 3233 3500 et
3259 3445 3433 3514 supini
3461 3444 3584 3499 facti
3608 3445 3759 3507 estis,
3784 3461 3915 3513 pro-

2329 3551 2447 3611 pter
2476 3540 2526 3594 id
2560 3540 2786 3593 maxime
2814 3538 3022 3593 debetis
3068 3554 3187 3593 esse
3229 3536 3415 3604 fortes,
3465 3552 3656 3606 nempe
3690 3548 3914 3609 propter

2332 3643 2556 3701 tempus.
2601 3630 2706 3685 Lac
2731 3640 2883 3684 vocat
2908 3630 3160 3684 humilem
3197 3644 3499 3683 sermonem
3528 3628 3669 3697 quod
3701 3644 3919 3683 conve-

2333 3725 2443 3776 niat
2470 3722 2881 3790 simplicioribus
2914 3740 2925 3773 :
2954 3722 3053 3775 hoc
3081 3731 3255 3775 autem
3294 3730 3377 3774 est
3419 3720 3746 3774 contrarium
3788 3737 3919 3789 per-

2336 3812 2664 3878 fectioribus,
2699 3821 2751 3866 et
2794 3822 2871 3865 est
2908 3811 3129 3864 noxium
3164 3813 3211 3863 in
3263 3810 3327 3864 iis
3372 3810 3665 3864 immorari.
3709 3813 3921 3874 Quam-

2331 3909 2511 3964 obrem
2542 3920 2646 3961 non
2681 3903 2962 3974 oportebat
3000 3916 3139 3956 nunc
3170 3900 3353 3955 inferri
3384 3899 3592 3970 legalis,
3627 3915 3805 3968 neque
3837 3917 3907 3955 ex

2332 4001 2411 4054 his
2438 3999 2550 4054 ﬁeri
2602 3994 3237 4065 comparationem:quia
3265 3992 3527 4062 pontifex,
3570 4000 3625 4045 et
3652 3992 3778 4061 quia
3829 4010 3920 4046 sa-

2330 4091 2602 4153 crificavit,
2644 4100 2699 4144 et
2744 4088 2915 4142 oravit
2956 4100 3077 4142 cum
3124 4086 3358 4139 clamore
3392 4094 3442 4137 et
3489 4083 3913 4153 supplicatione.

2332 4182 2461 4236 Vide
2488 4195 2615 4251 ergo
2642 4179 2909 4249 quomodo
2952 4177 3065 4231 haec
3098 4176 3249 4229 nobis
3276 4174 3492 4228 fastidio
3537 4174 3682 4232 sint;
3716 4173 3813 4226 sed
3852 4192 3917 4229 ea

2333 4275 2449 4326 illos
2487 4284 2609 4326 tunc
2641 4271 2964 4336 nutriebant,
2995 4284 3166 4339 neque
3192 4282 3414 4338 nsquam
3442 4281 3501 4320 ea
3538 4265 3916 4321 fastidiebam.

2335 4364 2499 4417 Verus
2522 4377 2650 4431 ergo
2679 4361 2830 4415 cibus
2855 4371 2977 4414 sunt
3008 4361 3096 4413 Dei
3124 4360 3355 4427 eloquia,
3388 4372 3507 4427 qua:
3533 4357 3769 4410 animam
3807 4375 3918 4411 nn-

2333 4457 2511 4507 trinnt.
2543 4454 2691 4519 Quod
2716 4462 2891 4505 autem
2919 4452 3136 4504 verbum
3166 4449 3233 4503 sit
3265 4465 3406 4515 esca,
3436 4449 3559 4503 hinc
3578 4450 3751 4518 palam
3783 4461 3874 4503 est
3902 4467 3917 4503 :

2336 4544 2473 4596 Dabo
2509 4546 2672 4605 enim,
2714 4544 2900 4612 inquit,
2945 4544 3012 4594 eis
3056 4559 3154 4593 non
3197 4544 3379 4609 fantem
3424 4542 3589 4610 panis,
3632 4557 3722 4593 nec
3770 4543 3916 4595 sitim

2329 4652 2490 4699 (ειμιιιν,
2520 4637 2605 4685 sed
2627 4636 2812 4701 [amem
2833 4631 3071 4683 audiendi
3106 4631 3233 4683 verbi
3264 4629 3471 4683 Domini
3495 4630 3672 4699 (Amos
3697 4629 3753 4681 8.
3792 4634 3915 4698 11).

2330 4727 2432 4777 an
2460 4726 2594 4778 vobis
2626 4736 2794 4793 patum
2825 4724 2961 4787 dedi,
2998 4740 3095 4775 non
3140 4738 3302 4774 escam
3325 4722 3400 4792 (l.
3434 4720 3552 4774 Cor.
3583 4722 3636 4774 3.
3668 4720 3745 4788 2).
3780 4720 3917 4775 Non

2330 4804 2501 4878 dixit,
2532 4816 2722 4879 Nutrii,
2766 4814 3056 4868 ostendens
3092 4814 3140 4865 id
3187 4829 3291 4865 non
3322 4826 3442 4865 esse
3493 4811 3915 4875 nutrimentum,

2330 4910 2421 4963 sed
2454 4910 2501 4961 id
2534 4924 2650 4963 esse
2688 4908 2823 4961 sicut
2856 4906 3163 4968 infantibus,
3192 4904 3279 4973 qui
3313 4920 3415 4958 non
3446 4913 3667 4974 possunt
3713 4906 3916 4959 nutriri

2334 5017 2465 5069 pane
2498 5018 2510 5051 :
2539 5000 2600 5051 iis
2631 4999 2771 5052 enim
2805 5013 2907 5049 non
2954 4998 3109 5049 datur
3140 5007 3311 5064 potus.
3361 4996 3453 5051 sed
3497 5007 3579 5050 est
3624 4996 3703 5049 eis
3736 4999 3920 5051 nutri-

2332 5104 2564 5145 mentum
2598 5106 2692 5158 pro
2717 5100 2864 5158 potu.
2901 5088 3084 5156 Neque
3122 5086 3280 5151 dixit,
3332 5085 3477 5155 Opus
3506 5086 3735 5149 habetis,
3786 5090 3915 5151 sed,

2334 5187 2475 5239 Facti
2508 5186 2621 5237 estis
2649 5184 2823 5252 quibus
2865 5182 2992 5233 lacte
3017 5198 3143 5248 opus
3170 5181 3255 5242 sit,
3290 5196 3389 5231 non
3425 5179 3588 5231 solido
3631 5181 3777 5241 cibo;
3810 5182 3918 5236 hoc

2331 5293 2427 5343 est,
2464 5279 2566 5330 Vcs
2588 5277 2852 5331 voluistis.
2885 5289 2977 5327 vos
3009 5276 3151 5340 ipsos
3179 5288 3242 5325 eo
3264 5270 3567 5339 redegistis,
3596 5282 3648 5323 et
3676 5272 3739 5322 ad
3771 5271 3919 5328 hanc

2329 5369 2652 5438 compulisds
2694 5367 3090 5419 necessitatem.
3136 5364 3219 5416 l5.
3258 5362 3434 5415 Omnis
3467 5363 3599 5413 enim
3647 5364 3731 5429 qui
3762 5363 3917 5417 lactis

2329 5473 2398 5514 cst
2448 5462 2715 5527 particeps,
2763 5472 2944 5525 expers
2982 5465 3052 5507 cst
3096 5457 3342 5508 sermonis
3366 5452 3581 5523 justitite
3613 5469 3630 5504 :
3663 5458 3916 5521 parvulus

2332 5554 2457 5605 enim
2488 5562 2573 5603 est.
2611 5550 2745 5615 Quid
2777 5560 2859 5600 est
2903 5562 3082 5599 sermo
3110 5545 3328 5613 justitia:
3352 5548 3371 5594 ’ἱ
3402 5544 3495 5596 llic
3540 5543 3665 5595 mihi
3697 5544 3916 5599 videtur

2330 5646 2486 5695 etiam
2519 5642 2637 5693 vita:
2672 5640 2930 5692 rationem
2952 5636 3286 5688 suliindicaro
3310 5654 3321 5684 :
3345 5634 3481 5701 quod
3502 5635 3715 5702 quidem
3749 5632 3917 5711 Chri;

2330 5744 2441 5785 stus
2456 5746 2663 5801 quoque
2683 5729 2909 5790 dicebat,
2925 5725 3037 5778 Nisi
3057 5727 3380 5777 abundaverit
3398 5726 3590 5781 iustitia
3608 5734 3773 5778 vestra
3793 5727 3917 5795 plus

2329 5842 2473 5888 quum
2504 5824 2777 5876 scribarum
2808 5829 2851 5873 et
2898 5818 3275 5870 Plini-imorum
3320 5815 3527 5884 (Matth.
3566 5816 3617 5869 5.
3649 5816 3765 5882 ‘20).
3800 5817 3915 5874 Hoc
