4042 6410
932 308 959 327 Ν

198 396 248 450 13
1008 381 1069 437 lt‘l
1110 375 1325 437 EPIST.
1370 372 1460 428 A’D
1498 362 1791 426 llEBR.-EC

1905 358 2057 415 CAP.
2099 359 2166 416 Υ.
2208 350 2438 410 1103111..
2476 344 2613 403 VIII.

204 516 299 571 ιρι
322 509 529 567 quoque
560 493 725 557 dicit,
769 489 1048 561 Imperitos
1095 483 1344 540 sermonis
1373 483 1595 553 justitia:
1630 496 1649 533 :
1683 480 1785 534 hoc

200 603 281 654 ot,
306 590 587 658 imperitus
618 583 987 657 philosophia:
1009 594 1277 649 supcrnzc,
1321 591 1427 631 non
1452 582 1629 647 potest
1658 587 1782 627 sus-

196 683 353 753 cipere
398 680 561 734 vitam
598 678 906 748 perfectam
951 682 1006 728 ct
1048 681 1312 726 exactam.
1375 669 1481 723 Aut
1518 664 1781 737 justitiam

195 752 266 827 hic
288 772 409 827 dicit
436 769 752 834 Christum,
799 764 1184 830 excelsumque
1210 769 1265 815 et
1294 752 1577 813 sublimem
1609 756 1677 810 de
1716 768 1781 809 ea

193 882 240 920 re
263 876 588 920 sermonem.
624 863 814 930 Atque
854 858 987 912 dixit
1020 855 1246 926 quidem
1291 849 1435 923 quod
1468 849 1694 905 hebetes
1724 857 1781 903 et

193 955 416 1011 imbecilli
444 953 575 1008 facti
608 953 755 1017 sint,
785 949 1051 1005 undenatn
1098 956 1301 1009 autem,
1347 944 1585 999 nondum
1626 940 1781 997 addi-

192 1047 272 1112 dit,
300 1046 425 1115 ipsis
459 1044 512 1099 id
542 1043 847 1099 sciendum-
866 1040 1165 1100 dimitteus.
1192 1044 1248 1091 et
1273 1037 1557 1092 molestam
1586 1034 1779 1091 nolens

194 1142 398 1199 reddere
422 1138 770 1195 cntionem.
794 1136 853 1192 In
883 1134 1088 1199 Calatis
1116 1142 1293 1187 autem
1323 1140 1379 1187 et
1423 1128 1647 1184 miratus
1678 1133 1784 1189 est,

195 1233 523 1290 «dubitarit
550 1250 566 1284 :
597 1230 751 1302 quod
798 1228 967 1284 multo
1011 1226 1187 1296 majus
1232 1234 1319 1280 est
1363 1220 1431 1277 ad
1460 1215 1786 1275 consolatio-

193 1342 319 1389 sem,
363 1335 421 1378 ut
448 1324 543 1393 qui
575 1335 877 1391 numquam
908 1324 1283 1390 exspectasset
1309 1312 1425 1368 fore
1465 1320 1524 1367 ut
1557 1308 1660 1365 hoc
1688 1309 1787 1364 lie.

193 1428 278 1472 ret.
309 1414 418 1470 lloc
446 1418 601 1469 enim
636 1421 724 1469 est
748 1411 1035 1467 dubitatio.
1067 1406 1229 1463 Vides
1271 1405 1430 1461 aliam
1457 1415 1577 1457 esse
1610 1399 1785 1456 iulan-

192 1506 344 1562 tiaml
396 1505 556 1561 vides
613 1505 783 1558 aliam
831 1516 951 1557 esse
996 1494 1424 1571 perleetionem?
1475 1492 1787 1549 Emciamur

195 1616 303 1669 ergo
330 1599 556 1670 perfecti
605 1598 713 1652 hac
759 1592 1133 1667 perfectione:
1169 1590 1315 1651 licet.
1359 1587 1573 1644 etiamsi
1617 1585 1788 1639 sinms

192 1692 326 1766 pueri
354 1701 408 1746 ct
436 1690 705 1761 juvenes,
734 1686 801 1742 ad
834 1685 979 1741 illam
1004 1683 1193 1739 venire
1219 1678 1609 1753 perfectionem
1641 1694 1654 1725 τ
1682 1690 1789 1729 non

194 1794 265 1840 est
285 1783 430 1839 enim
453 1790 699 1847 natura),
728 1778 821 1833 sed
853 1775 1086 1831 virtutis.
1123 1774 1214 1831 14.
1248 1771 1600 1843 Ρει-[εειοηιιη
1621 1776 1789 1819 autem

194 1886 257 1931 est
298 1876 496 1930 solidus
552 1874 705 1928 cibus
737 1886 953 1927 :eorum
1006 1869 1095 1938 qui
1139 1882 1233 1937 pro
1262 1865 1375 1935 ipsa
1429 1860 1795 1916 consuetudine

196 1969 481 2022 exercitatos
512 1967 710 2020 habent
742 1978 921 2019 sensus
947 1961 1015 2014 ad
1048 1959 1405 2015 discretionem
1435 1953 1555 2010 boni
1577 1962 1624 2008 et
1647 1952 1790 2005 ntali.

196 2060 319 2130 Quid
359 2062 535 2119 vero!
598 2074 709 2114 non
751 2054 1024 2113 habebunt
1072 2052 1147 2107 illi
1192 2063 1389 2107 sensus
1441 2046 1793 2110 exercitatos,

197 2169 358 2223 neque
374 2153 629 2210 sciebant
646 2148 773 2221 quid
802 2150 1022 2210 bonum,
1043 2142 1173 2215 quid
1204 2139 1442 2196 malum?
1461 2138 1542 2193 Ab
1560 2152 1625 2192 eo
1651 2149 1796 2191 nunc

201 2260 293 2301 non
312 2245 487 2316 agitur
516 2242 591 2298 de
620 2243 753 2307 vita,
786 2236 1001 2311 quando
1026 2236 1179 2300 dicit,
1201 2233 1280 2288 Ad
1306 2230 1658 2287 discretionem
1678 2226 1797 2281 boni

199 2344 239 2389 et
272 2335 388 2388 ntali
406 2350 425 2398 ,-
449 2334 561 2391 hoc
580 2332 726 2387 enim
758 2336 936 2400 potest
964 2325 1188 2396 quilibet
1214 2325 1375 2387 scire,
1406 2331 1461 2377 et
1483 2330 1567 2376 est
1602 2318 1795 2384 facile;

201 2422 287 2480 sed
314 2426 378 2481 de
407 2425 588 2480 rectis
613 2433 665 2479 et
696 2419 1019 2477 sublimibus
1049 2415 1415 2487 dogmatibus,
1448 2421 1502 2469 et
1528 2411 1595 2468 de
1620 2410 1799 2482 pravis

206 2516 603 2587 humilibusque
650 2522 705 2568 et
742 2510 993 2581 abiectis.
1023 2506 1204 2563 lnl'ans
1241 2519 1345 2561 non
1377 2512 1558 2574 potest
1600 2500 1799 2556 malum

206 2617 253 2663 st
280 2610 472 2661 bonum
497 2607 695 2662 cibum
716 2603 1085 2673 distinguere:
1116 2612 1260 2669 smpe
1290 2596 1505 2667 quidem
1532 2604 1589 2650 et
1611 2593 1801 2664 pulve-

207 2712 308 2752 rem
350 2698 402 2752 in
452 2712 519 2753 os
575 2695 765 2765 injicit.
814 2704 864 2748 et
915 2689 1067 2763 quod
1105 2701 1186 2745 est
1228 2690 1449 2744 noxium
1490 2685 1705 2757 accipit,
1749 2696 1804 2741 et

209 2789 373 2842 omnia
396 2789 531 2843 facit
565 2789 701 2843 citra
723 2785 1135 2841 discretionem.
1157 2780 1265 2838 Sed
1293 2796 1401 2836 non
1432 2790 1516 2836 est
1536 2779 1803 2849 ejusmodi

214 2882 256 2934 ill
279 2881 418 2951 quod
466 2891 555 2937 est
586 2877 906 2950 perfectum.
939 2874 1100 2930 Tales
1149 2883 1275 2929 sunt
1319 2870 1411 2944 qui
1441 2869 1693 2927 omnibus
1721 2881 1804 2925 te-

214 2985 347 3027 mere
389 2973 636 3027 animum
682 2968 966 3032 adhibent,
1024 2975 1079 3021 et
1119 2966 1242 3021 sine
1288 2964 1604 3019 discrimine
1646 2977 1808 3019 aures

215 3065 446 3136 prxbcnt
474 3084 489 3120 :
524 3073 584 3120 et
610 3079 705 3118 eos
746 3058 1095 3132 reprehendit
1136 3068 1195 3112 ut
1221 3056 1308 3128 qui
1338 3067 1543 3111 temere
1568 3054 1805 3111 circum-

218 3157 467 3226 iurantur,
498 3166 557 3213 et
584 3169 727 3211 nunc
754 3153 970 3225 quidem
1004 3152 1109 3215 his,
1143 3166 1288 3206 nunc
1315 3164 1443 3205 vero
1474 3149 1579 3203 illis
1621 3163 1680 3203 se
1705 3148 1807 3205 dc-

220 3246 335 3303 dant
362 3269 377 3305 :
402 3250 552 3320 quod
581 3252 745 3303 etiam
781 3246 833 3300 in
872 3246 979 3299 line
1025 3241 1413 3307 subindicarit,
1444 3240 1654 3306 dicens,
1699 3239 1806 3295 Do-

220 3342 383 3397 ctrinis
420 3341 578 3396 uariis
613 3348 662 3394 et
688 3335 970 3408 peregrinis
1007 3335 1166 3388 nolite
1194 3333 1411 3395 abduci;
1444 3332 1546 3386 huc
1591 3341 1705 3399 cst,
1730 3332 1811 3386 Ad

222 3432 562 3487 discretionem
587 3431 707 3486 boni
736 3435 785 3484 et
820 3428 962 3481 ntali.
996 3426 1131 3482 Nam
1172 3434 1359 3497 guttur
1389 3423 1603 3494 quidem
1632 3434 1808 3494 gustat

223 3520 381 3587 cibos,
408 3523 591 3576 anima
618 3534 751 3575 vero
773 3532 1077 3574 sermones.

285 3612 335 3666 ι.
392 3612 667 3681 Quomodo
739 3608 1073 3665 discernenda
1133 3607 1296 3661 errori
1357 3607 1467 3677 apti
1518 3606 1808 3676 elidentur.

228 3701 500 3773 Scriptura
546 3718 673 3771 quos
716 3702 984 3755 habuerint
1023 3703 1345 3768 interpretes.
1393 3727 1467 3739 —
1517 3696 1625 3753 Nos
1672 3707 1810 3767 qu‘o-

222 3811 313 3861 que
348 3794 453 3851 hoc
492 3794 767 3850 dismmus
804 3810 819 3844 :
860 3792 905 3847 si
935 3790 1171 3846 audieris
1209 3788 1359 3858 quod.
1389 3801 1492 3841 non
1540 3785 1612 3840 sit
1637 3783 1794 3841 Grat-

222 3898 333 3954 cus,
381 3900 483 3941 nec
522 3884 773 3948 Judaaus,
818 3897 886 3939 ne
918 3883 1161 3952 protinus
1201 3880 1477 3935 existimes
1512 3893 1633 3933 eum
1674 3890 1794 3933 esse

218 3974 568 4033 Christianum
590 4019 607 4043 ,
639 3975 737 4032 sed
778 3975 938 4030 etiam
964 3972 1069 4029 alia
1097 3971 1277 4027 omnia
1319 3968 1595 4026 examines
1626 3984 1639 4022 :
1670 3982 1793 4023 nam

221 4078 267 4121 et
294 4068 599 4135 Manichtei,
646 4076 701 4122 et
728 4080 917 4121 omnes
959 4064 1193 4120 haereses
1224 4066 1363 4117 hanc
1390 4076 1688 4132 personam,
1714 4060 1791 4116 in-

220 4158 468 4227 duerunt,
510 4168 570 4214 ut
606 4156 691 4215 sic
739 4156 1013 4225 deeipiant
1062 4154 1419 4223 simpliciores
1448 4171 1464 4209 :
1493 4150 1589 4207 sed
1620 4152 1663 4205 si
1696 4150 1791 4205 ha-

222 4250 426 4308 beamus
467 4248 638 4306 animi
680 4263 874 4305 sensus
917 4246 1245 4303 exercitatos
1294 4243 1362 4299 ad
1407 4241 1791 4298 discretionem

220 4341 335 4398 boni
374 4355 428 4399 et
465 4342 626 4409 mali,
659 4340 958 4412 poterimus
987 4353 1085 4419 eos
1132 4337 1464 4393 discernere.
1508 4332 1792 4401 Quomodo

220 4446 383 4491 autem
406 4437 537 4490 llunt
564 4447 756 4489 sensus
796 4430 973 4487 nostri
989 4428 1312 4486 exercitati?
1342 4430 1383 4482 Α
1412 4426 1666 4481 continua
1695 4441 1791 4480 auo

219 4528 438 4591 ditione.
470 4545 500 4583 a
545 4527 945 4595 Scripturarum
980 4522 1191 4592 peritia.
1234 4519 1460 4589 Quando
1489 4520 1632 4574 enim
1663 4532 1788 4588 pro-

220 4622 543 4689 posuerimus
569 4634 756 4676 corum
802 4631 1042 4672 errorem
1065 4656 1079 4677 ,
1116 4623 1172 4670 et
1212 4611 1373 4669 hodie
1400 4611 1700 4677 audiveris,
1735 4620 1791 4666 et

216 4726 327 4767 cras
351 4730 453 4768 non
483 4720 633 4768 recte
666 4710 869 4764 habere
909 4706 1225 4780 probaveris
1246 4744 1261 4770 ,
1310 4714 1483 4759 totum
1509 4703 1741 4757 didicisti
1770 4742 1786 4769 ,

217 4811 368 4858 totum
409 4800 710 4871 cognovisti
738 4817 752 4853 :
783 4808 837 4855 et
867 4798 914 4853 si
956 4796 1115 4853 hodie
1146 4812 1251 4851 non
1288 4793 1784 4865 comprehendisti,

212 4909 321 4949 cras
355 4890 804 4964 conprehendes.
850 4889 1047 4945 Earum
1069 4930 1084 4952 ,
1112 4889 1323 4959 inquit,
1363 4887 1451 4959 qui
1493 4902 1667 4941 sensus
1691 4886 1785 4940 Ita-

213 4985 318 5039 bent
346 4985 668 5039 exercitatos.
704 4981 869 5039 Vides
894 4979 1039 5049 quod
1068 4994 1230 5034 aures
1256 4988 1453 5032 nostra:
1489 4978 1598 5032 sint
1623 4991 1784 5032 eser-

212 5077 383 5131 oenda:
419 5077 621 5133 divinis
658 5073 1031 5129 auditionibus
1056 5114 1070 5137 ,
1120 5082 1177 5126 ut
1207 5086 1314 5125 non
1345 5068 1591 5123 dicantur
1625 5083 1781 5140 pere-

213 5170 388 5239 grina?
436 5168 790 5233 Exercitatos,
842 5165 1047 5237 inquit,
1098 5164 1181 5220 ad‘
1230 5164 1581 5219 discretionem
1625 5180 1638 5215 :
1682 5162 1785 5217 hoc

214 5271 326 5328 est,
374 5276 495 5318 esse
548 5260 803 5332 peritum.
853 5258 1006 5313 Alius
1058 5256 1271 5326 quidem
1336 5253 1466 5309 dicit
1511 5268 1615 5307 non
1664 5268 1783 5308 esse

215 5355 672 5417 resurrectionem;
727 5351 868 5404 alius
921 5356 1099 5403 autem
1143 5362 1215 5402 ex
1248 5348 1438 5400 tuturis
1493 5345 1622 5399 nihil
1673 5360 1778 5399 ex-

213 5453 432 5514 spectat;
461 5445 597 5499 alius
620 5442 785 5497 alium
814 5440 947 5495 dicit
981 5441 1147 5495 Deum
1177 5455 1191 5502 ;
1232 5438 1368 5494 alius
1395 5453 1424 5491 a
1463 5436 1628 5491 Maria
1658 5451 1779 5491 eum

213 5532 389 5591 habere
414 5535 756 5608 principium.
807 5532 942 5588 Vide
986 5541 1167 5587 autem
1214 5533 1460 5603 protinus
1506 5528 1781 5600 quomodo

212 5639 380 5682 «nues
405 5636 529 5683 sunt
555 5626 690 5697 lapsi
714 5640 785 5681 ex
807 5622 1273 5689 immoderatione,
1299 5639 1420 5679 cum
1443 5623 1534 5678 alii
1563 5621 1779 5693 quidem

214 5718 348 5786 plus,
392 5719 481 5773 alii
534 5732 667 5774 vero
722 5716 903 5771 minus
950 5714 1254 5771 habuerint.
1300 5714 1545 5786 Exempli
1590 5728 1777 5782 causa,

216 5811 362 5877 prima
404 5810 621 5883 quidem
667 5807 913 5869 omnium
939 5805 1162 5864 barresis
1205 5818 1286 5864 εει
1312 5806 1598 5863 Marcionis
1642 5823 1655 5860 :
1690 5806 1777 5861 illa

3417 325 3491 375 τι

1887 471 2050 524 alium
2076 462 2373 519 introduxit
2400 459 2598 521 Deum,
2649 455 2735 525 qui
2772 468 2875 507 non
2906 457 3010 509 est.
3056 450 3192 503 Ecce
3237 447 3325 503 hic
3358 448 3479 518 plus

1884 571 1986 616 est.
2022 558 2147 612 Post
2176 554 2319 609 illam
2351 548 2573 606 hteresis
2602 544 2845 609 Sabellii,
2880 556 2997 612 ulnae
3029 540 3157 594 dicit
3188 538 3385 593 Filium
3415 547 3472 592 et

1887 651 2100 706 Patrem
2143 656 2197 701 et
2224 642 2483 714 Spiritum
2535 650 2694 692 uuam
2748 648 2871 690 esse
2918 644 3227 702 PCI’SOIlaIIl.
3270 626 3479 683 Deinde

1886 740 2117 797 Marcelli
2165 734 2388 791 hteresis
2428 739 2484 786 et
2515 727 2761 790 Photini,
2799 719 2921 795 quin
2958 724 3069 792 ipsa
3100 734 3315 791 quoque
3361 717 3480 773 hate

1885 838 2000 909 ipsa
2028 829 2227 888 asserit
2261 835 2317 882 et
2343 821 2620 895 prmdieat.
2650 819 2716 873 lit
2746 816 2893 873 Pauli
2926 811 3263 872 Sattiosateni
3307 811 3483 865 haere-

1882 900 1959 985 sis
1980 968 1996 992 ,
2042 924 2227 981 dicens
2254 931 2377 974 eum
2422 912 2676 969 habuisse
2714 909 2923 965 initium
2964 921 3031 962 ex
3058 904 3243 959 Marii.
3275 900 3482 958 Deinde

1881 1204 2023 1260 alite.
2054 1202 2123 1256 Et
2145 1199 2268 1254 ideo
2300 1197 2459 1252 tidem
2485 1191 2813 1263 accepimus,
2841 1200 2911 1241 ne
2939 1195 3161 1239 necesse
3184 1177 3481 1233 habeamus

1882 1296 1950 1351 ad
1996 1289 2418 1349 innumerabiles
2464 1286 2702 1343 haereses
2748 1278 3040 1342 accedere,
3093 1272 3384 1342 vexarique
3425 1277 3482 1326 ot

1886 1404 1917 1441 ιι
1939 1386 2130 1442 olostia
2170 1380 2310 1438 allici
2331 1422 2346 1447 ,
2375 1378 2471 1435 sed
2497 1374 2643 1448 quod
2672 1373 2726 1430 ei
2753 1371 2842 1428 vel
2871 1367 3180 1433 addiderit,
3231 1362 3318 1420 vel
3347 1358 3477 1418 ado-

1883 1477 2044 1534 merit
2088 1475 2357 1547 quispiam
2381 1515 2396 1541 ,
2439 1470 2491 1527 id
2520 1467 2895 1528 existimemus
2928 1475 3053 1517 esse
3091 1456 3477 1513 adulterinum.

1884 1569 2017 1625 Nam
2045 1546 2184 1622 sicut
2213 1566 2249 1620 ii
2290 1565 2380 1635 qui
2411 1562 2541 1617 dant
2591 1558 2837 1628 regulas,
2879 1570 2987 1611 non
3020 1564 3246 1608 necesse
3278 1546 3479 1602 habent
3526 1576 3530 1581 ν

1887 1673 2170 1719 mensuras
2196 1658 2618 1710 innumerabiles
2637 1649 2851 1705 curiose
2882 1643 3179 1715 inquirere.
3212 1638 3308 1695 sed
3331 1637 3479 1693 illam

1883 1767 2003 1823 qua:
2048 1750 2168 1805 data
2203 1746 2295 1801 fuit
2324 1746 2523 1818 jubent
2554 1750 2781 1798 tenore:
2808 1738 2881 1793 ita
2919 1736 3082 1793 etiam
3113 1733 3168 1788 in
3213 1728 3478 1803 dogmati.

1886 1821 2005 1899 bus.
2035 1839 2142 1897 Sed
2169 1852 2329 1894 nemo
2354 1843 2469 1891 vult
2494 1832 2779 1889 attendere
2808 1824 3105 1897 Scripturis
3130 1842 3143 1879 :
3174 1837 3295 1878 nam
3319 1821 3365 1877 si
3393 1829 3478 1875 ato

1886 1934 2249 1995 tenderemus,
2276 1942 2383 1984 non
2401 1928 2572 1982 solum
2601 1938 2707 1979 non
2735 1920 3098 1977 incideremus
3126 1916 3179 1970 in
3202 1927 3478 1979 errorem,

1886 2025 1983 2081 sed
2025 2024 2186 2080 etiam
2217 2020 2473 2090 deceptos
2511 2017 2865 2072 liberaremus
2885 2054 2900 2078 ,
2930 2019 2986 2065 et
3008 2005 3418 2065 extraheremus
3448 2018 3479 2056 a

1887 2116 2163 2190 periculis.
2204 2113 2338 2170 Nam
2386 2111 2545 2166 miles
2591 2107 2746 2163 fortis
2778 2120 2885 2160 non
2930 2101 3037 2157 sibi
3082 2100 3261 2157 solum
3302 2092 3480 2167 potest

1883 2207 2171 2274 sufﬁcere,
2198 2204 2295 2261 sed
2326 2203 2492 2259 etiam
2518 2199 2607 2272 qui
2637 2208 2721 2254 est
2755 2196 2906 2267 juxta
2936 2209 3059 2251 eum
3102 2191 3312 2247 socium
3342 2202 3478 2245 eon-

1889 2314 2140 2365 servare,
2172 2304 2227 2351 et
2254 2294 2325 2349 ab
2371 2292 2603 2348 hostium
2650 2303 2788 2344 noxa
2818 2286 3067 2341 liberare.
3114 2280 3267 2338 Nunc
3296 2286 3476 2337 autem

1888 2408 1986 2447 nec
2003 2388 2145 2462 quod
2168 2389 2276 2444 sint
2297 2384 2515 2458 quidem
2535 2382 2827 2453 Scriptura:
2850 2386 3051 2434 norunt
3065 2374 3232 2445 aliqui
3252 2391 3266 2427 :
3291 2386 3452 2443 quam
3466 2403 3482 2413 -

1887 2498 2047 2555 quam
2093 2490 2317 2536 sanctus
2344 2477 2577 2549 Spiritus
2616 2482 2725 2528 tam
2771 2470 2940 2525 multa
2987 2462 3385 2522 administrarit
3426 2471 3485 2517 ut

1890 2590 1970 2631 eae
1999 2571 2425 2630 custodirentur.
2458 2566 2646 2622 Videte
2692 2572 2871 2618 autem
2915 2558 2983 2615 ab
3028 2558 3146 2628 ipso
3175 2561 3486 2626 repetentes

1891 2666 2074 2733 initio,
2129 2675 2189 2720 ut
2242 2664 2334 2719 Dei
2388 2658 2612 2717 discatis
2669 2653 2994 2712 inen‘abilem
3042 2649 3430 2720 benignitatem
3464 2664 3483 2703 :

1895 2760 2078 2815 Mosen
2103 2754 2404 2828 inspiravit,
2430 2751 2642 2809 tabulas
2668 2746 2970 2817 insculpsit,
2998 2742 3352 2816 quadraginta
3368 2733 3487 2796 dies

1892 2867 2016 2908 eum
2036 2848 2208 2905 tenuit
2234 2849 2284 2903 in
2304 2855 2507 2914 monte,
2532 2854 2588 2900 et
2614 2855 2797 2898 rursus
2819 2837 3039 2895 totidem
3062 2835 3286 2892 utdarct
3309 2834 3485 2904 legem

1894 2940 2211 3015 (Exott.32).
2233 2939 2425 2995 Postea
2442 2944 2620 2990 autem
2645 2932 2789 2989 misit
2805 2928 3093 3000 prophetas
3107 2927 3243 2982 mala
3264 2938 3488 2995 perpes-

1892 3046 1982 3091 sos
2012 3028 2445 3086 innumerabilia.
2467 3026 2665 3096 Ingruit
2682 3023 2900 3088 bellum,
2919 3034 3107 3076 omnes
3131 3015 3487 3079 sustulerunt,

1892 3124 2309 3189 consciderunt,
2341 3121 2516 3177 exusti
2557 3118 2771 3174 luerunt
2796 3114 2941 3172 libri.
2968 3115 3147 3172 Alium
3185 3126 3375 3169 rursus
3405 3112 3489 3167 vi-

1894 3234 2010 3274 rum
2044 3215 2324 3287 inspiravit
2352 3212 2724 3269 admirabilem
2745 3252 2761 3278 ,
2795 3218 2853 3265 ut
2878 3209 3001 3264 illos
3028 3212 3327 3278 exponeret
3347 3247 3363 3274 ,
3388 3204 3492 3265 Es.

1890 3309 2045 3365 dram
2066 3348 2082 3375 ,
2124 3306 2346 3375 inquam
2367 3345 2383 3371 ,
2428 3311 2485 3359 et
2514 3301 2643 3358 fecit
2668 3311 2729 3356 ut
2772 3307 3229 3369 componerentur
3266 3311 3337 3357 es
3362 3295 3492 3352 reli-

1894 3400 2064 3471 quiis.
2095 3397 2313 3454 ’Postea
2370 3404 2553 3457 autem
2613 3393 2824 3449 curarit
2882 3400 2939 3447 ut
2993 3389 3345 3459 Septuaginta
3398 3400 3494 3445 eas

1894 3492 2383 3563 interpretarentur
2412 3505 2425 3543 :
2453 3487 2533 3541 illi
2568 3499 2664 3542 eas
2707 3494 2833 3539 sunt
2857 3481 3220 3552 interpretati.
3262 3478 3495 3540 Advenit

1895 3581 2174 3649 Christus,
2222 3597 2318 3638 eas
2344 3580 2603 3651 suscipit,
2636 3576 2870 3650 apostoli
2915 3577 2967 3631 in
3013 3588 3202 3631 omnes
3244 3573 3498 3630 dissemi-

1908 3693 2039 3741 nant
2068 3699 2082 3738 :
2113 3680 2368 3739 Christus
2391 3679 2519 3736 fecit
2546 3679 2701 3749 signa
2720 3685 2780 3733 et
2802 3676 3083 3733 miracula.
3107 3674 3246 3745 Quid
3270 3675 3511 3733 deinde!

1912 3779 2037 3836 Post
2057 3789 2164 3832 tam
2182 3773 2369 3841 multa,
2392 3782 2501 3828 tam
2523 3779 2775 3828 accurate
2793 3777 2964 3841 gesta,
2986 3769 3322 3839 scripserunt
3340 3767 3512 3825 etiam

1910 3868 2157 3942 apostoli,
2185 3868 2325 3924 sicut
2347 3866 2508 3923 etiam
2532 3865 2667 3920 dixit
2693 3863 2890 3919 Paulus
2919 3880 2931 3918 :
2960 3862 3168 3935 Scripta
3197 3871 3311 3918 sunt
3341 3871 3513 3918 autem

1910 3965 1977 4017 ad
2020 3972 2248 4017 nostram
2297 3957 2730 4020 admonitionem,
2759 3955 2829 4008 ad
2875 3970 3001 4023 quos
3030 3955 3159 4024 ﬁnes
3202 3954 3514 4009 saculorum

1910 4062 2242 4127 pervenerunt
2260 4052 2336 4120 (l.
2360 4048 2484 4106 Cor.
2516 4048 2603 4104 10.
2634 4048 2744 4119 Η).
2768 4046 2834 4102 Ει
2853 4045 3102 4102 Christus
3127 4044 3342 4101 dicebat
3368 4062 3382 4099 :
3409 4044 3514 4101 Er-

1910 4150 2052 4211 ratis,
2084 4145 2356 4200 nescientes
2380 4140 2679 4211 Scriptnms
2707 4138 2923 4211 (Matth.
2952 4138 3045 4193 εἰ.
3069 4137 3190 4209 29).
3224 4138 3293 4193 Et
3319 4153 3532 4207 rursus,

1908 4239 2117 4295 diccbat
2149 4236 2348 4299 Paulus
2376 4253 2389 4289 :
2421 4234 2520 4289 Per
2544 4234 2843 4305 patientiam
2861 4242 2908 4287 et
2934 4233 3335 4288 consolationem
3358 4230 3510 4289 Scri-

1910 4343 2176 4403 pturarum
2215 4346 2357 4399 spem
2397 4327 2674 4381 habeamus
2718 4324 2897 4398 (llam.
2951 4324 3038 4381 13.
3078 4326 3169 4396 4);
3216 4335 3273 4381 et
3318 4340 3507 4383 rursus

1910 4423 2090 4479 Omnis
2116 4422 2371 4493 scriptura
2404 4420 2647 4475 divinitus
2673 4419 2927 4489 inspirata
2958 4417 3206 4507 cst.utilis
3248 4418 3330 4485 (2.
3362 4415 3506 4472 Tim.

1905 4518 1960 4575 ὅ.
1994 4521 2114 4588 Hi),
2148 4526 2233 4579 et,
2276 4512 2496 4569 Verbum
2541 4510 2731 4567 Christi
2761 4510 2952 4566 habitet
2981 4511 3036 4565 in
3066 4511 3204 4565 robis
3233 4512 3494 4565 abundan-

1908 4621 1978 4666 tcr
2008 4608 2143 4682 (Col.
2176 4607 2230 4663 ὅ.
2261 4607 2371 4678 i6).
2407 4606 2471 4660 Et
2500 4603 2762 4675 prepheta
2788 4644 2804 4671 ,
2849 4602 2915 4658 In
2944 4605 3053 4675 lege
3080 4604 3195 4676 ejus
3232 4604 3503 4659 meditabi-

1906 4712 1988 4757 lttr
2014 4702 2097 4755 die
2120 4717 2182 4755 ac
2210 4709 2356 4753 nocte
2390 4696 2563 4771 (Psal.
2598 4698 2650 4752 1.
2681 4695 2780 4767 2);
2814 4706 2867 4753 et
2900 4711 3087 4751 rursus
3114 4696 3279 4763 alibi,
3327 4697 3509 4753 Omnis

1906 4794 2133 4849 narratio
2159 4802 2246 4846 tua
2275 4792 2340 4845 sit
2369 4792 2424 4845 in
2449 4790 2559 4862 lege
2579 4789 2829 4844 Altissimi
2853 4788 3045 4860 (Eccli.
3069 4787 3125 4845 9.
3153 4788 3247 4859 ‘23)
3264 4806 3280 4853 ς
3310 4796 3365 4843 et
3389 4804 3501 4845 rur-

1902 4902 2028 4953 sus,
2060 4884 2226 4954 Quam
2253 4884 2427 4939 dulcia
2457 4884 2653 4955 gutturi
2680 4898 2787 4936 meo
2822 4883 3023 4952 eloquia
3046 4891 3133 4935 tua
3162 4880 3181 4956 (
3212 4897 3318 4937 non
3346 4882 3505 4951 dixit,

1902 4980 2139 5034 Auribus
2161 5021 2176 5043 ,
2204 4977 2299 5033 sed
2320 5018 2336 5044 ,
2370 4975 2583 5032 Guttnri
2620 4992 2731 5030 meo
2762 4974 2782 5047 )
2811 4992 2967 5046 super
3004 4976 3104 5029 ntel
3131 4984 3179 5029 et
3219 4977 3393 5046 {auum
3430 4980 3510 5031 ori

1908 5074 2210 5139 meotPsal.
2231 5072 2316 5129 l8.
2341 5074 2451 5145 il).
2469 5072 2533 5128 Et
2554 5072 3416 5145 Moses,Meditaberis,inquit,in
3433 5077 3518 5133 eis

1908 5180 2132 5235 semper,
2157 5181 2398 5237 surgens,
2424 5166 2633 5225 sedens,
2658 5165 2857 5218 cubans
2885 5162 3077 5236 (Deut.
3099 5164 3151 5220 6.
3178 5163 3254 5235 7).
3296 5165 3424 5221 ldeo
3455 5176 3514 5222 et

1912 5256 2116 5314 Paulus
2133 5243 2384 5313 scribens
2395 5255 2813 5312 adTimOIheum
2830 5256 3048 5312 dicebat
3063 5274 3075 5309 :
3088 5254 3110 5308 l
3118 5272 3149 5310 ιι
3162 5254 3271 5311 illis
3285 5258 3512 5320 clm/uec

1914 5351 2169 5409 meditare
2194 5350 2269 5415 tl.
2296 5349 2435 5407 Tim.
2455 5350 2508 5404 4.
2536 5350 2840 5421 15).Αιιιυθ
2866 5350 3155 5405 innumera
3179 5349 3249 5406 de
3274 5348 3361 5406 his
3396 5350 3509 5409 dici

1902 5442 2128 5511 possint.
2156 5440 2261 5497 Sed
2308 5448 2487 5496 tamen
2525 5449 2643 5510 post
2675 5448 2781 5495 tam
2828 5440 2996 5495 multa
3030 5448 3154 5495 sunt
3202 5440 3364 5511 aliqui
3414 5445 3506 5514 qui

1901 5533 2149 5589 nesciunt
2170 5533 2386 5605 quidem
2408 5532 2550 5604 quod
2569 5534 2677 5587 sint
2696 5532 3011 5603 Scriptum.
3044 5532 3334 5603 Propterea
3359 5536 3504 5605 apud

1900 5642 1998 5681 nos
2027 5626 2158 5680 nihil
2189 5640 2398 5690 sanum,
2424 5624 2559 5679 nihil
2586 5633 2814 5692 rectum,
2846 5626 2977 5679 nihil
3003 5624 3150 5681 utile.
3174 5622 3281 5680 Sed
3310 5626 3354 5681 si
3378 5628 3507 5683 rclit

1898 5719 2113 5791 quidem
2125 5717 2393 5790 quispiam
2415 5727 2586 5772 artem
2612 5716 2823 5774 discere
2846 5717 3155 5782 militarent,
3180 5731 3405 5773 necesse
3420 5729 3504 5774 est

1898 5822 1953 5866 ut
1972 5810 2118 5881 leges
2135 5808 2309 5870 discat
2334 5809 2623 5865 militares:
2648 5818 2697 5865 et
2729 5809 2774 5865 si
2797 5808 2917 5880 quis
2931 5807 3057 5865 velit
3083 5807 3289 5863 discere
3319 5808 3500 5865 scicnt-
