4042 6430
562 392 633 451 75
1272 385 1328 442 8.
1367 380 1639 441 JOANNIS
1672 368 2136 433 CllRYSOSTOMI
2176 366 2485 422 ARClllEP.
2524 366 3054 424 CONSTAN'IINOP.

576 497 699 546 tiam
727 489 1077 561 gubernaculi
1096 532 1111 553 ,
1136 498 1225 542 aut
1250 487 1572 552 fabricandi,
1600 496 1695 541 aut
1722 486 1770 541 si
1795 485 1923 556 quid
1955 486 2096 541 aliud
2118 527 2135 553 ε

572 598 793 638 necesse
822 592 904 635 cst
934 596 986 635 ut
1013 580 1181 635 discat
1219 594 1336 647 qua:
1374 588 1499 632 sunt
1538 578 1669 632 artis
1690 593 1705 631 ε
1730 576 1815 631 hic
1844 586 2021 631 autem
2052 576 2135 631 ni-

570 677 644 731 hil
676 676 849 745 agitur
874 672 1172 743 ejusmodi,
1204 670 1361 739 idque
1403 685 1522 725 cum
1551 669 1666 724 iure
1711 668 1929 723 scientia
1957 668 2136 723 multis

568 782 702 836 opus
730 768 918 820 habeat
940 761 1151 832 vigiliis.
1181 760 1312 815 Nam
1333 760 1472 831 quod
1496 761 1593 815 hoc
1618 774 1828 829 quoque
1850 759 1921 813 sit
1946 775 2033 814 ars
2058 760 2135 813 in-

564 861 751 929 digens
776 856 1016 912 doctrina
1035 895 1051 919 ,
1080 852 1205 909 audi
1234 855 1547 927 prophetam
1576 852 1846 907 dicentem
1877 867 1893 908 :
1938 850 2130 916 Venite,

569 950 685 1017 filii,
716 950 886 1004 audite
910 965 987 1003 me
1014 964 1032 1003 :
1054 950 1283 1004 timorem
1305 948 1511 1003 Domini
1529 948 1716 1001 docebo
1735 961 1825 1002 eos
1840 947 2013 1018 (Psal.
2037 945 2127 1000 35.

569 1040 636 1094 η
665 1040 829 1111 di).
863 1040 999 1096 Vere
1048 1056 1175 1110 ergo
1225 1040 1465 1095 doctrina
1512 1054 1649 1108 opus
1699 1036 1858 1093 habet
1908 1037 2003 1091 Dei
2060 1036 2131 1089 ti—

569 1148 705 1187 mor.
737 1131 937 1188 Deinde
964 1134 1038 1187 ait
1067 1150 1082 1190 :
1118 1134 1242 1198 Quis
1268 1143 1337 1187 est
1363 1134 1510 1187 homo
1535 1134 1621 1203 qui
1649 1134 1754 1187 uult
1774 1132 1927 1186 vitam
1949 1132 1977 1187 2
2001 1131 2127 1187 dicit

568 1222 726 1275 vitam
756 1238 876 1292 qua:
903 1224 1010 1277 illic
1034 1233 1145 1287 est.
1171 1224 1236 1278 Et
1262 1223 1661 1287 rursus,Coltibe
1680 1225 1907 1295 linguam
1937 1234 2075 1278 tuam
2099 1239 2130 1277 a

567 1314 723 1379 mala,
746 1327 793 1368 et
821 1316 954 1369 labia
986 1328 1069 1368 tua
1092 1333 1152 1368 ne
1179 1317 1449 1385 loquantur
1466 1316 1640 1370 dolum
1660 1332 1680 1370 :
1702 1316 1898 1371 declina
1924 1333 1956 1369 a
1975 1318 2129 1379 malo,

566 1417 613 1459 et
643 1409 727 1476 fac
752 1406 937 1460 bonum
961 1424 979 1461 :
1005 1422 1172 1477 qurere
1196 1423 1402 1477 pacem,
1446 1418 1492 1461 et
1535 1424 1827 1477 persequere
1851 1423 1980 1461 eam.
2014 1406 2132 1462 Sci-

570 1496 707 1552 tisne
742 1498 984 1567 quisnam
1033 1499 1289 1567 propheta
1334 1498 1448 1551 haec
1489 1497 1719 1561 dixerit,
1751 1506 1840 1551 aut
1881 1496 2133 1551 historio-

566 1587 814 1657 graphus,
843 1597 929 1642 aut
958 1588 1249 1658 apostolus,
1278 1596 1369 1641 aut
1396 1586 1760 1656 evangelista?
1788 1586 1898 1656 Ego
1919 1585 2132 1656 quidem

568 1696 671 1735 non
694 1681 903 1749 opinor,
930 1690 1121 1749 prmter
1150 1694 1352 1749 paucos
1378 1695 1393 1735 ε
1422 1688 1580 1748 atque
1606 1691 1793 1733 rursus
1820 1677 1883 1732 iis
1908 1677 2059 1747 ipsis,
2090 1678 2133 1731 si

568 1771 945 1826 adduxerimus
980 1770 1195 1825 aliunde
1224 1770 1587 1825 testimonium
1606 1810 1621 1833 ,
1653 1768 1792 1824 idem
1818 1768 1959 1837 quod
1987 1768 2134 1823 vobis

569 1863 797 1917 eveniet.
827 1865 967 1917 Ecce
990 1862 1132 1916 enim
1160 1861 1333 1915 dicam
1365 1860 1509 1915 idem
1540 1860 1739 1913 dictum
1768 1860 1887 1912 aliis
1914 1857 2093 1913 verbis
2119 1873 2133 1913 :

572 1953 835 2006 Lavamini
856 1994 869 2017 ,
900 1952 1075 2004 mundi
1115 1961 1269 2005 estote
1288 1993 1302 2017 ,
1328 1953 1525 2020 auferte
1560 1952 1830 2020 pravitates
1864 1958 2051 2003 uestras
2075 1948 2136 2003 ab

568 2041 831 2095 animabus
860 2042 1034 2094 vestris
1061 2057 1232 2093 coram
1262 2040 1422 2093 oculis
1447 2038 1568 2091 meis
1588 2078 1603 2104 ,
1645 2039 1821 2093 discite
1846 2039 2030 2092 bonum
2056 2042 2139 2110 fa-

567 2151 677 2188 cere
696 2177 710 2198 ,
736 2134 978 2205 exquirite
989 2133 1243 2203 judicium
1268 2148 1285 2184 :
1307 2130 1481 2184 cohibe
1501 2131 1729 2200 linguam
1758 2140 1896 2183 tuam
1924 2146 1954 2181 a
1978 2130 2136 2195 malo,

569 2236 614 2280 et
637 2230 718 2298 fac
747 2228 929 2280 bonum
956 2243 979 2295 ς
1010 2226 1182 2279 discite
1207 2224 1389 2277 bonum
1420 2223 1622 2292 [αι-ιτα(
1654 2221 1781 2277 lsai.
1815 2224 1865 2277 i.
1900 2224 1988 2278 16.
2023 2222 2136 2293 17).

573 2318 732 2371 Vides
755 2318 895 2386 quod
944 2316 1115 2369 virtus
1138 2322 1291 2384 egeat
1329 2312 1612 2368 doctrina?
1656 2330 1776 2366 nam
1810 2313 1900 2368 ille
1926 2311 2141 2383 quidem

568 2408 730 2472 dicit,
768 2407 1015 2459 Timorem
1060 2405 1270 2459 Domini
1296 2404 1480 2458 docebo
1519 2420 1605 2458 vos
1646 2421 1664 2457 :
1700 2403 1785 2459 hic
1817 2418 1945 2459 vero
1968 2445 1983 2470 ,
2013 2402 2140 2457 Dis-

569 2500 665 2551 cite
690 2500 870 2551 bonum
898 2498 1078 2567 facere.

640 2588 860 2642 Lectoris
895 2588 1105 2657 officium
1152 2588 1203 2639 in
1236 2586 1483 2639 Ecclesia.
1530 2616 1600 2628 ——-
1628 2587 1855 2642 Scit'sne
1885 2588 1976 2643 ubi
2013 2587 2129 2643 ιιωο

570 2682 670 2733 sita
717 2680 817 2734 sint
844 2681 866 2732 ll
898 2680 1004 2749 ligo
1036 2678 1248 2747 quidem
1294 2694 1397 2732 non
1428 2678 1620 2747 Opinor
1640 2721 1654 2743 ,
1687 2688 1880 2748 preter
1920 2694 2136 2749 paucos.

572 2771 727 2839 Atqui
758 2769 981 2839 singulis
1009 2767 1358 2823 hebdomadis
1385 2768 1498 2824 hate
1543 2769 1691 2823 vobis
1736 2769 1819 2825 bis
1849 2772 1931 2826 vel
1959 2780 2040 2827 ter
2063 2772 2140 2827 le-

3748 368 3825 426 τε

2224 495 2461 557 guntur;
2490 490 2545 537 et
2571 495 2693 535 cum
2721 478 2888 533 lector
2916 471 3222 529 ascenderit
3245 512 3257 535 ,
3297 468 3426 524 dicit
3452 467 3684 539 primum
3716 482 3812 521 cn-

2225 580 2309 646 jus
2355 577 2425 631 sit
2466 574 2621 637 liber,
2665 583 2857 639 nempe
2907 566 3066 634 hujus
3110 564 3190 617 vel
3222 562 3367 617 illius
3399 560 3671 631 propheta:
3720 569 3812 613 aut

2226 667 2505 740 apostoli,
2552 672 2643 717 aut
2687 660 3063 729 evangelisttc;
3126 664 3250 709 tunc
3294 654 3379 708 illa
3420 652 3589 718 dicit,
3637 661 3695 705 ut
3749 665 3812 707 ea

2228 762 2395 831 magis
2440 756 2661 826 signetis
2689 763 2742 807 et
2772 749 3094 811 observetis,
3142 756 3198 801 et
3245 760 3352 803 non
3403 744 3579 798 solum
3628 743 3815 797 sciatis

2241 870 2345 924 )na:
2373 852 2481 905 illic
2506 850 2607 903 sita
2636 853 2783 911 sunt,
2816 840 2908 897 sed
2938 849 2993 895 et
3016 853 3232 894 causam
3256 851 3440 891 eorum
3464 851 3583 905 qua:
3612 834 3815 903 scripta

2227 957 2370 1010 sunt,
2404 953 2457 999 et
2483 942 2726 1013 quisnam
2756 951 2817 991 ea
2842 933 3059 988 dixerit.
3092 930 3199 985 Sed
3228 929 3406 982 ontnia
3430 927 3625 981 frustra
3654 924 3815 992 ﬁunt,

2228 1041 2624 1093 omniatemcre
2656 1045 2671 1083 :
2702 1043 2822 1082 nam
2856 1033 3022 1079 totum
3046 1031 3283 1077 vestrum
3310 1020 3541 1073 studium
3564 1028 3648 1073 est
3673 1017 3817 1072 effu-

2229 1144 2347 1184 sum
2381 1127 2433 1180 in
2461 1138 2521 1179 ea
2550 1135 2668 1191 quas
2697 1116 2764 1173 ad
2794 1117 2928 1170 hanc
2954 1113 3116 1168 vitam
3140 1109 3429 1180 pertinent,
3451 1107 3810 1179 spiritualium

2235 1231 2364 1271 vero
2392 1202 2535 1269 nulla
2567 1212 2793 1266 habetur
2815 1210 2971 1264 ratio.
3008 1207 3296 1274 Propterea
3328 1216 3425 1255 nec
3454 1202 3540 1255 illa
3572 1198 3725 1250 vobis
3754 1210 3821 1249 ex

2230 1307 2493 1364 sententia
2520 1304 2810 1369 eveniunt;
2841 1300 2935 1357 sed
2971 1299 3081 1353 illic
3112 1312 3323 1369 quoque
3352 1295 3532 1348 multrc
3565 1300 3693 1345 sunt
3716 1287 3831 1342 dif-

2235 1400 2520 1454 licultates.
2549 1396 2681 1452 Nam
2704 1394 2950 1449 Christus
2972 1390 3184 1462 quidem
3212 1388 3342 1441 dicit
3371 1403 3384 1438 :
3411 1384 3575 1439 Petite
3603 1396 3823 1450 regnum

2234 1490 2329 1544 Dei
2354 1532 2368 1555 ,
2396 1499 2441 1543 et
2472 1490 2579 1543 hac
2608 1486 2779 1541 omnia
2808 1484 3117 1555 adjicientur
3145 1479 3281 1533 vobis
3305 1479 3324 1543 (
3349 1476 3532 1530 Matth.
3567 1473 3619 1528 6.
3649 1472 3724 1527 53
3750 1471 3769 1540 )
3802 1486 3818 1525 :

2234 1592 2287 1637 et
2313 1581 2427 1636 lucc
2446 1578 2658 1651 quidem
2685 1576 2816 1633 dicit
2836 1573 3008 1629 danda
3035 1586 3130 1642 pro
3150 1569 3491 1631 accessione;
3518 1579 3617 1619 nos
3636 1572 3821 1617 autem

2236 1672 2478 1728 ordinem
2516 1667 2869 1731 invertimus,
2917 1674 2973 1720 et
3020 1673 3217 1717 terram
3265 1658 3553 1731 qumrimus
3584 1665 3637 1709 et
3679 1654 3822 1708 bona

2239 1774 2395 1818 terra:
2440 1771 2708 1831 tamquam
2735 1757 2823 1811 illa
2852 1757 2959 1809 sint
2984 1752 3156 1808 danda
3189 1766 3282 1820 pro
3300 1748 3628 1803 accessione.
3684 1745 3824 1799 Pro-

2238 1867 2421 1927 pterea
2440 1869 2613 1924 neque
2636 1852 2751 1907 haec
2778 1849 3056 1913 habemus,
3084 1860 3257 1916 neque
3283 1843 3393 1897 illa.
3415 1838 3655 1895 Tandem
3689 1852 3824 1907 ergo

2238 1948 2634 2015 resipiscamus,
2689 1952 2743 1999 et
2788 1942 2966 1996 futura
3000 1936 3439 2005 concupiscamus
3490 1949 3505 1985 :
3544 1931 3622 1984 sic
3671 1929 3818 1983 enim

2232 2035 2344 2089 lucc
2368 2048 2580 2103 quoque
2603 2037 2908 2100 sequentur.
2934 2024 3077 2081 Fieri
3102 2023 3247 2079 enim
3272 2035 3377 2075 non
3411 2027 3608 2089 potest,
3639 2023 3700 2068 ut
3725 2015 3815 2083 qui

2233 2142 2296 2182 ea
2327 2125 2512 2196 qumrit
2537 2138 2653 2193 qua:
2694 2122 2802 2176 Deo
2831 2124 3167 2188 congruunt,
3194 2114 3423 2165 humana
3453 2122 3667 2179 quoque
3711 2120 3819 2196 non

2234 2195 2587 2287 assequatur:
2622 2213 2737 2287 hmo
2773 2219 2857 2265 est
2900 2205 3162 2263 sententia
3216 2203 3383 2274 ipsius
3410 2198 3667 2257 Veritatis
3717 2195 3823 2251 hoc

2235 2283 2482 2364 dicentis.
2519 2304 2598 2359 Ne
2636 2283 2770 2373 ergo
2798 2300 2954 2355 aliter
2981 2295 3273 2361 faciamus,
3322 2292 3417 2347 sed
3458 2289 3655 2345 Christi
3686 2302 3825 2343 cono

2235 2399 2413 2454 silium
2446 2405 2721 2452 teneamus
2742 2432 2757 2459 ,
2789 2406 2857 2447 ne
2887 2391 2953 2444 ab
2996 2386 3247 2442 omnibus
3288 2382 3618 2438 excidemus.
3674 2379 3823 2433 Dens

2236 2500 2411 2544 autem
2446 2494 2527 2542 est
2565 2494 2756 2555 potens
2797 2496 2896 2536 nos
2924 2491 3317 2548 compnngere,
3349 2482 3404 2529 et
3442 2471 3698 2527 meliores
3748 2469 3830 2522 fa-

2247 2596 2390 2646 ccre,
2424 2580 2474 2633 in
2508 2576 2721 2633 Christo
2749 2573 2875 2630 Jesu
2909 2571 3133 2626 Domino
3156 2576 3361 2632 nostro,
3390 2579 3509 2620 cum
3540 2578 3646 2633 quo
3676 2562 3828 2616 Patri

2241 2690 2342 2729 una
2360 2688 2478 2728 cum
2497 2679 2681 2724 sancto
2697 2666 2897 2737 Spiritu
2912 2663 3099 2734 gloria,
3121 2658 3421 2733 imperium,
3441 2655 3614 2710 honor
3632 2664 3689 2708 et
3706 2654 3831 2707 ado-

2240 2765 2394 2831 ratio,
2417 2776 2556 2817 nunc
2576 2769 2629 2814 et
2645 2772 2878 2828 semper,
2894 2764 2947 2810 et
2976 2756 3029 2809 in
3045 2752 3237 2807 sarcula
3261 2749 3600 2805 saeculorum.
3629 2747 3831 2801 Amen.

1906 2988 2249 3053 HOMILIA
2290 2990 2406 3052 IX.

584 3140 719 3198 Car.
768 3144 820 3201 6.
857 3160 907 3199 ν.
958 3146 1009 3199 1.
1057 3143 1375 3213 QuaprOpter
1412 3141 1790 3195 intermittentes
1826 3136 2140 3193 inchoationit

2238 3160 2259 3201 ι
2287 3144 2443 3201 nobis
2467 3143 2759 3200 haberetur
2787 3141 2925 3197 ratio
2950 3180 2966 3205 ,
2995 3146 3270 3209 Oporteret
3290 3140 3508 3209 semper
3534 3132 3816 3189 transilire

661 3234 848 3288 Christi
889 3250 1183 3296 sermonem,
1236 3233 1302 3286 ad
1349 3232 1702 3304 perfectionem
1752 3235 2013 3301 feramur,
2057 3244 2140 3282 nar

2238 3246 2285 3293 et
2338 3234 2870 3299 transire,vestrmn
2920 3229 3121 3285 nullam
3177 3238 3425 3298 gerentes
3467 3239 3670 3288 curam,
3721 3223 3821 3278 sed

652 3341 853 3378 rursum
861 3325 1104 3394 jacientes
1119 3322 1502 3394 fundamentum
1525 3318 2156 3389 panitentiwabOperibus
2230 3329 2375 3385 δοιοε
2415 3335 2623 3382 vestros
2664 3326 2882 3395 plausus
2927 3329 3181 3392 appetere

657 3418 886 3477 mortuis,
911 3425 956 3469 et
973 3414 1091 3484 fidei
1110 3413 1177 3466 ad
1206 3412 1387 3478 Deum,
1419 3412 1473 3465 2.
1507 3412 1860 3481 baptismatum
1889 3409 2151 3476 doctrina,

655 3507 992 3575 irnpositionis
1014 3522 1208 3576 quoque
1236 3521 1498 3570 manuum,
1526 3521 1585 3557 ac
1613 3504 1988 3558 resurrectionis
2013 3518 2147 3557 mos-

656 3607 855 3651 tuorum
882 3639 898 3663 ,
930 3606 974 3650 et
993 3596 1179 3667 jndicii
1222 3594 1416 3648 interni.
1455 3596 1508 3649 3.
1550 3592 1617 3647 Et
1648 3594 1754 3647 haec
1799 3594 2039 3664 faciemus
2063 3634 2077 3659 ,
2105 3593 2151 3647 si

649 3688 847 3755 quidem
877 3686 1159 3757 permiserit
1185 3684 1339 3755 Deus.

664 3780 716 3833 1.
746 3777 1036 3833 Audivistis
1064 3787 1314 3845 quantum
1344 3777 1750 3847 reprehenderit
1774 3776 2026 3834 Hebraeos
2050 3792 2144 3833 vo-

591 3871 763 3926 lentes
800 3884 1011 3939 semper
1049 3868 1116 3924 de
1167 3868 1354 3923 iisdem
1396 3868 1647 3925 discere?
1676 3878 1729 3924 et
1776 3870 1985 3925 merito.
2017 3869 2147 3925 Nam

585 3975 711 4017 cum
741 3960 1006 4016 deberetis
1035 3972 1159 4015 esse
1182 3959 1417 4029 magistri
1454 3970 1675 4029 prepter
1699 3971 1936 4030 tempus,
1964 3975 2151 4016 rursus

580 4068 711 4121 opus
754 4053 964 4108 habetis
1008 4061 1066 4107 ut
1111 4067 1204 4105 vos
1246 4052 1563 4119 doceamini,
1607 4068 1853 4122 quasnam
1893 4054 1998 4108 sint
2042 4053 2156 4109 ele-

586 4152 765 4197 menta
795 4142 928 4196 initii
959 4142 1290 4211 eloquiorum
1322 4142 1434 4197 Dei.
1474 4141 1679 4197 Vereor
1702 4158 1769 4198 ne
1796 4142 1911 4198 hare
1939 4155 2151 4213 quoque

578 4233 731 4288 vobis
768 4233 946 4289 dicere
988 4234 1059 4287 sit
1104 4233 1475 4303 tempestivum
1502 4274 1516 4297 ,
1560 4233 1700 4303 quod
1729 4249 1850 4288 cum
1880 4233 2147 4290 deberetis

575 4339 700 4380 esse
728 4325 1212 4397 magistripmpter
1243 4334 1450 4393 tempus
1477 4365 1493 4390 ,
1527 4341 1590 4379 ne
1613 4323 1996 4397 discipulorum
2024 4327 2143 4396 qui-

575 4415 697 4471 dem
728 4415 906 4471 locum
930 4396 1193 4479 te‘neatis;
1222 4414 1320 4470 sed
1343 4430 1554 4486 semper
1573 4396 1757 4471 cadent
1784 4425 1839 4472 et
1865 4415 1933 4470 de
1962 4415 2149 4471 iisdem

574 4506 883 4570 audientes,
912 4514 1178 4575 tamquam
1211 4506 1343 4560 nihil
1368 4506 1647 4561 audientes
1676 4508 1744 4561 ita
1776 4505 1951 4562 affecti
1980 4506 2098 4560 sitis
2126 4524 2140 4559 :

572 4606 630 4654 et
665 4600 708 4654 si
754 4598 876 4669 quis
911 4614 1007 4652 vos
1052 4599 1364 4669 interroget,
1415 4614 1573 4654 nemo
1611 4600 1780 4668 possit
1822 4598 2149 4669 respondere

575 4696 770 4753 praeter
796 4686 1087 4742 admodum
1128 4702 1327 4757 paucos
1347 4729 1360 4753 ,
1395 4702 1593 4757 eosque
1635 4698 1911 4742 numeratu
1942 4688 2146 4745 faciles.

578 4778 687 4831 lloc
713 4784 889 4833 autem
933 4791 1040 4834 non
1089 4788 1169 4832 est
1218 4792 1436 4847 parvum
1482 4777 1756 4833 damnum.
1805 4777 1960 4848 Same
2002 4782 2142 4836 enim

578 4864 849 4922 doctorem
894 4854 1158 4923 volentem
1201 4870 1423 4924 ulterius
1469 4872 1737 4941 progredi,
1782 4882 1835 4927 et
1877 4890 1995 4943 quas
2033 4886 2154 4932 sunt

580 4959 748 5029 magis
777 4961 1002 5031 mystica
1031 4969 1084 5014 ct
1128 4961 1316 5014 altiora
1349 4970 1566 5033 tangere
1592 5004 1609 5030 ,
1648 4980 1753 5019 non
1799 4966 1928 5020 sinit
1969 4982 2151 5022 eorum

579 5052 667 5120 qni
697 5052 911 5108 discunt
937 5054 1141 5125 ignavia
1170 5062 1222 5107 et
1260 5055 1593 5124 negligentia.
1629 5056 1758 5111 Nam
1786 5059 1925 5113 sicut
1963 5060 2013 5114 in
2052 5076 2154 5114 ma-

576 5145 756 5211 gistris
784 5146 890 5200 ludi
924 5146 1167 5212 litcrarii,
1193 5145 1237 5200 si
1266 5148 1527 5203 elementa
1545 5164 1760 5219 semper
1786 5151 1969 5205 audiat
1999 5167 2148 5221 puer,

577 5246 633 5290 et
675 5252 736 5292 ea
766 5252 868 5293 non
915 5248 1131 5305 teneat,
1166 5256 1392 5297 necesse
1421 5241 1523 5297 erit
1561 5242 1737 5298 eidem
1768 5260 1933 5313 puero
1964 5244 2148 5298 eadem

575 5342 790 5398 semper
815 5329 1065 5386 insonare
1105 5342 1157 5387 et
1186 5342 1432 5401 repetere
1459 5350 1474 5397 ;
1504 5349 1600 5389 nec
1630 5335 1777 5403 prius
1799 5334 2021 5389 desistet
2052 5336 2149 5387 do-

574 5435 722 5487 cere,
777 5436 933 5490 quam
992 5422 1077 5476 illa
1127 5434 1373 5479 accurate
1418 5426 1651 5495 potuerit
1699 5425 1953 5480 discere:
2011 5438 2147 5481 esset

573 5512 717 5567 enim
746 5514 927 5566 multa:
956 5514 1222 5579 amentim,
1259 5518 1523 5584 prioribus
1558 5532 1661 5570 non
1690 5530 1834 5572 recte
1862 5519 2045 5573 inditis
2078 5520 2141 5572 ad

572 5602 674 5658 alia
703 5618 828 5659 eum
861 5603 1057 5663 ducere
1090 5625 1101 5660 :
1132 5607 1209 5661 sic
1248 5609 1405 5663 etiam
1448 5611 1499 5663 in
1528 5610 1777 5676 ecclesia,
1807 5613 1850 5665 si
1887 5613 2041 5668 nobis
2064 5629 2149 5668 ca-

572 5694 692 5747 ulem
721 5692 1019 5751 dicentibus
1064 5696 1194 5752 nihil
1238 5699 1465 5769 amplius
1503 5699 1719 5755 discatis
1741 5743 1755 5765 ,
1782 5718 1886 5756 non
1914 5705 2081 5757 cessit
2105 5704 2148 5757 i-

572 5802 689 5849 ntus
705 5786 889 5847 eadem
907 5787 1104 5846 dicere.
1129 5788 1183 5846 Si
1207 5794 1575 5850 ostentationis
1598 5792 1810 5863 quidem
1833 5803 1886 5849 et
1913 5794 2132 5850 honoris

3228 3336 3244 3376 :
3284 3317 3379 3374 sed
3424 3316 3673 3387 quaniam
3709 3331 3822 3369 non

2234 3420 2284 3474 in
2319 3420 2419 3473 hoc
2441 3417 2677 3472 studium
2707 3414 3011 3484 posuimus,
3044 3410 3139 3467 sed
3176 3424 3273 3465 nos
3316 3423 3415 3480 pro
3458 3418 3633 3462 vestra
3668 3406 3823 3459 utili-

2234 3518 2339 3563 tate
2364 3523 2575 3562 omnem
2605 3506 2841 3561 laborem
2872 3502 3219 3571 suscipimus,
3250 3514 3355 3555 non
3386 3496 3722 3554 cessabimus
3754 3496 3825 3551 de

2233 3599 2417 3653 iisdem
2448 3597 2600 3652 vobis
2624 3595 2804 3650 dicere
2826 3635 2841 3660 ,
2872 3594 3046 3649 donec
3085 3607 3147 3647 ea
3185 3599 3331 3647 recte
3355 3589 3652 3661 gesseritis.
3687 3587 3822 3642 Nam

2233 3692 2393 3746 multa
2424 3690 2606 3744 dicere
2635 3696 2947 3756 poteramus
2965 3694 3019 3739 et
3041 3684 3108 3738 de
3136 3682 3376 3753 gentium
3409 3679 3819 3749 superstitione,

2233 3792 2287 3836 et
2315 3781 2382 3834 de
2406 3777 2713 3835 Manichaeis
2739 3788 2793 3832 et
2821 3774 3180 3831 Marcionistis
3207 3815 3222 3840 ,
3255 3780 3309 3827 et
3338 3786 3436 3843 per
3465 3770 3561 3825 Dei
3587 3771 3817 3842 gratiam

2244 3869 2443 3923 validas
2473 3869 2551 3923 eis
2579 3867 2759 3936 plagas
2788 3864 3029 3935 inﬂigere
3055 3908 3070 3931 ,
3100 3867 3194 3920 sed
3226 3882 3330 3921 non
3363 3875 3446 3922 est
3466 3883 3610 3924 nunc
3649 3869 3721 3925 de
3747 3872 3828 3947 eis

2245 3956 2451 4016 dicendi
2485 3968 2717 4029 tempus.
2744 3957 2872 4015 Nam
2906 3959 2971 4013 iis
2994 3958 3084 4029 qui
3114 3973 3207 4013 sua
3240 3959 3476 4014 nondum
3503 3970 3694 4017 exacte
3724 3978 3827 4016 no-

2246 4063 2386 4119 runt,
2416 4064 2468 4109 et
2488 4054 2576 4124 qui
2609 4053 2842 4108 nondum
2873 4051 3177 4106 didicerunt
3204 4050 3347 4122 quod
3377 4050 3577 4106 malum
3611 4053 3681 4108 sit
3703 4054 3826 4124 plus

2246 4162 2400 4215 quam
2431 4160 2524 4214 par
2549 4154 2626 4200 est
2656 4144 2873 4208 habere,
2910 4142 3029 4213 quis
3060 4142 3185 4198 talia
3215 4142 3374 4198 verba
3407 4142 3605 4198 dixerit
3630 4185 3647 4210 ,
3677 4154 3730 4199 et
3757 4143 3826 4199 ad

2245 4238 2343 4291 alia
2395 4238 2605 4292 duxerit
2657 4246 2781 4291 ante
2825 4236 3073 4303 tempus?
3116 4238 3291 4305 Atque
3332 4249 3431 4290 nos
3459 4234 3677 4305 quidem
3718 4252 3825 4293 non

2245 4327 2570 4382 cessabimus
2596 4326 2781 4381 eadem
2812 4327 3016 4389 dicere,
3054 4326 3167 4380 sive
3191 4326 3345 4381 vobis
3374 4328 3824 4396 persuaserimus,

2245 4418 2357 4472 sive
2402 4433 2504 4471 non
2548 4436 2562 4472 :
2612 4432 2861 4472 veremur
2902 4425 3078 4472 autem
3132 4430 3199 4471 ne
3251 4415 3437 4471 eadem
3485 4418 3828 4473 continenter

2248 4508 2494 4574 dicendo,
2522 4509 2566 4562 si
2590 4522 2696 4563 non
2719 4507 2971 4572 audiatis,
2994 4507 3059 4561 iis
3082 4507 3171 4576 qui
3201 4505 3394 4561 frustra
3426 4506 3671 4573 audiunt,
3707 4524 3821 4563 ma-

2242 4599 2413 4668 jorem
2448 4600 2738 4655 efficiamus
2767 4598 3290 4655 condemnationem.
3338 4598 3450 4653 Non
3491 4611 3618 4654 sunt
3645 4613 3829 4658 autent

2249 4692 2360 4746 haec
2383 4708 2410 4743 a
2439 4705 2522 4746 me
2546 4691 2795 4747 omnibus
2821 4690 3045 4748 dicenda
3072 4708 3085 4741 :
3114 4692 3229 4746 scio
3256 4691 3399 4745 enim
3429 4692 3625 4747 multos
3648 4695 3828 4761 jm'at‘i
3852 4724 3855 4725 ν

2246 4799 2273 4836 a
2305 4798 2400 4837 suo
2428 4784 2477 4837 in
2498 4783 2640 4837 hunc
2666 4783 2843 4838 locum
2871 4784 3140 4851 ingressu,-
3171 4783 3259 4854 qui
3281 4782 3402 4852 jure
3424 4782 3683 4839 adversus
3708 4786 3830 4840 illos

2245 4874 2655 4931 exclamaverint
2681 4916 2695 4939 ,
2730 4884 2783 4927 ut
2814 4875 2901 4943 qui
2929 4889 3024 4943 per
3055 4888 3206 4927 suam
3252 4872 3491 4930 discendi
3534 4875 3825 4943 segnitiem

2244 4977 2296 5021 et
2326 4968 2699 5037 negligentiam
2732 4965 2831 5019 sibi
2854 4964 3200 5019 insidiantur.
3238 4964 3344 5019 Sed
3376 4978 3444 5018 ne
3485 4964 3563 5018 sic
3604 4966 3831 5033 quidem

2244 5072 2335 5110 eos
2366 5059 2665 5127 oppriment
2688 5056 2893 5112 insidia:
2925 5072 2939 5110 :
2984 5056 3197 5111 assidue
3229 5056 3367 5111 enim
3411 5054 3599 5110 eadem
3628 5058 3824 5111 audire

2246 5153 2308 5207 iis
2357 5154 2513 5207 etiam
2545 5154 2632 5221 qui
2685 5153 2881 5215 sciunt,
2931 5162 3012 5206 est
3064 5151 3193 5205 utile
3226 5168 3239 5203 :
3272 5165 3392 5208 nam
3437 5165 3557 5204 cum
3601 5148 3650 5203 id
3682 5151 3829 5220 quod

2242 5246 2438 5300 scimus
2463 5260 2604 5315 saepe
2631 5245 2958 5300 audierimus
2985 5286 2998 5307 ,
3028 5245 3198 5315 magis
3226 5242 3657 5326 compungimur.
3702 5244 3822 5299 Sci-

2243 5353 2380 5401 mus,
2410 5338 2555 5392 verbi
2596 5338 2767 5407 gratia
2792 5377 2806 5401 ,
2841 5336 2985 5407 quod
3011 5350 3098 5391 res
3124 5336 3261 5390 bona
3308 5336 3377 5390 sit
3422 5334 3696 5388 humilitas
3724 5377 3738 5399 ,
3772 5344 3828 5388 et

2240 5428 2380 5498 quod
2404 5430 2648 5484 Chrisuts
2690 5444 2834 5497 stupe
2862 5430 2933 5484 de
2958 5443 3019 5481 ca
3048 5428 3119 5482 sit
3147 5428 3436 5496 loquutus;
3478 5425 3572 5480 sed
3600 5428 3825 5495 quando

2239 5531 2295 5575 et
2323 5522 2617 5590 ipsa'verha
2646 5522 2995 5585 audierimus,
3026 5528 3081 5575 et
3104 5535 3223 5589 qua:
3247 5519 3316 5574 de
3341 5519 3408 5573 iis
3427 5526 3553 5573 sunt
3577 5529 3826 5575 contem-

2241 5612 2522 5681 plationcs,
2549 5612 2720 5681 magis
2745 5611 3027 5675 allicimur,
3070 5608 3279 5664 etiamsi
3329 5608 3525 5664 millies
3552 5608 3825 5666 atnliveri-

2240 5720 2378 5760 utus.
2403 5703 2761 5773 Quamobrem
2783 5714 2861 5757 est
2884 5713 3240 5771 opportunum
3262 5711 3317 5754 ut
3332 5715 3429 5754 nos
3446 5716 3659 5771 quoque
3679 5720 3822 5758 llltttc

2243 5800 2391 5856 vobis
2460 5798 2744 5853 dicamus:
2810 5796 3128 5865 Quapmpter
3172 5796 3552 5851 intermittentes
3603 5798 3818 5854 inchoa-
