4042 6424
126 435 171 487 n
962 419 1028 477 Di
1063 417 1281 476 ENST.
1325 416 1417 473 AD
1454 405 1813 472 [IEBR.EOS.
1853 401 2005 461 CAP.
2038 399 2126 457 Vl.
2157 396 2386 456 11011111..
2419 401 2514 457 IX.

1794 512 2225 573 com-cnientcm,
2259 501 2476 575 quando
2502 498 2678 553 adhuc
2701 494 2935 566 jacimus
2963 487 3391 545 fundamentum.

1799 605 1903 659 lios
1931 611 2107 657 autem
2141 609 2193 654 et
2223 597 2291 653 de
2324 595 2442 649 vita:
2475 594 2684 646 ratione
2703 629 2717 652 ,
2749 594 2804 641 et
2832 583 2902 640 de
2927 583 3032 637 alio
3060 594 3271 652 quoque
3300 593 3397 633 ac-

129 534 239 588 tionis
257 531 436 587 Christi
464 544 799 591 sermonem,
832 523 903 577 ad
925 524 1275 595 perfertioncrn
1300 524 1541 592 fermnur.
1562 516 1695 585 Qua:

124 623 452 688 titinchoatio,
474 630 530 676 et
561 617 725 690 quod
754 616 965 671 initium
981 612 1269 673 sermonis,
1296 612 1411 680 ipse
1435 608 1694 677 deinceps

129 717 252 785 ponit,
272 715 453 769 dicens
483 730 498 767 :
551 709 689 765 Non
735 721 951 770 rursus,
986 704 1197 775 inquit,
1220 703 1470 772 jacientes
1499 671 1694 770 [unda-
1795 705 1966 760 cnsct,
1992 702 2052 749 ut
2077 692 2165 763 qui
2195 691 2305 745 sint
2335 685 2671 745 vacillantes.
2697 689 2751 734 et
2772 693 2908 748 opus
2937 675 3167 729 habeant
3191 681 3251 726 ut
3273 671 3396 724 fun-

130 764 447 785 _-----_
484 764 497 767 -
554 764 559 765 ν
938 764 949 770 -
1063 764 1076 775 .
1183 764 1237 772 --
1499 764 1509 770 .

125 818 298 862 nestum
333 802 665 872 pauitantia
705 800 773 853 ab
819 796 1049 866 operibus
1104 794 1317 848 mortuis
1356 802 1404 845 et
1449 790 1571 860 ﬁdei
1620 790 1690 845 ad
1796 788 2108 843 damentum
2135 782 2338 854 jaeiant
2371 773 2709 848 pwniteutize
2747 770 2817 825 ab
2845 765 3104 838 operibus
3145 764 3396 818 mortuis.

126 896 267 963 Deam,
290 895 668 967 bsptismatum
698 890 965 952 doctrinae,
994 886 1333 957 impositionis
1360 900 1560 955 quoque
1586 900 1694 937 ma-

124 1006 259 1053 mm,
287 1003 346 1041 ac
368 982 784 1041 resurrectionis
829 988 1141 1033 mortuorum
1165 1017 1179 1039 ,
1209 985 1259 1031 et
1275 975 1466 1046 judicii
1494 974 1691 1028 interni.

122 1082 173 1149 υτ)
199 1078 247 1134 Si
269 1078 369 1134 hoc
394 1086 589 1131 autem
613 1084 710 1130 est
736 1071 967 1135 initium,
996 1067 1126 1140 quid
1161 1074 1247 1122 est
1274 1063 1419 1120 aliud
1448 1072 1693 1119 nostrum

126 1174 281 1240 dogma
326 1184 491 1239 quam
534 1164 924 1237 pmniteuliam
952 1174 1114 1230 agere
1142 1157 1211 1211 ab
1249 1154 1503 1227 cperibus
1550 1166 1697 1206 mor-

1804 880 1936 936 Enm
1966 877 2108 933 enim
2139 873 2232 945 qui
2260 872 2329 928 ah
2373 869 2557 939 aliquo
2603 870 3006 919 transmovetur
3031 856 3097 911 ad
3129 856 3399 917 alterum,

1797 982 1851 1028 et
1874 967 2006 1027 illud
2035 966 2251 1039 quidem
2278 961 2518 1024 dimittit,
2544 958 2645 1012 hoc
2665 965 2846 1010 autem
2874 949 3227 1021 eligit,ipsum
3254 946 3403 1016 prius

1800 1071 2017 1135 oportet
2043 1069 2097 1115 ut
2124 1056 2470 1119 condemnet,
2498 1060 2554 1107 et
2578 1050 2646 1105 ab
2673 1062 2739 1104 eo
2762 1045 2982 1102 recedat
3009 1042 3320 1107 all‘ectione,
3350 1050 3406 1096 et

1806 1166 1934 1210 tunc
1976 1151 2159 1207 veniat
2203 1147 2272 1203 ad
2312 1147 2541 1201 alterum
2570 1160 2582 1197 :
2607 1141 2653 1197 si
2681 1149 2863 1194 autem
2905 1136 3069 1207 priori
3107 1146 3297 1189 rursus
3323 1142 3411 1189 est

126 1262 219 1324 tuiS.
246 1271 295 1316 et
330 1276 429 1331 per
473 1258 757 1330 Spiritum
792 1255 1039 1323 accipere
1080 1251 1239 1306 ﬁdem
1284 1226 1703 1304 resurrectionis
1802 1247 2145 1309 adhmsurus,
2170 1238 2690 1311 quomodoattinget
2712 1227 3054 1287 secundum?
3083 1226 3222 1295 Quid
3251 1241 3405 1296 ergo,

124 1361 418 1408 mortuorum
476 1361 539 1407 et
591 1350 789 1420 jndicii
843 1346 1070 1403 azterni't
1109 1342 1248 1413 Quid
1301 1350 1387 1396 est
1441 1337 1700 1394 initium?

1804 1340 2011 1412 inquit,
2040 1337 2109 1393 de
2140 1334 2297 1407 lege?
2328 1332 2461 1388 Eam
2492 1326 2992 1385 condemnavimus.
3025 1331 3079 1377 et
3122 1334 3311 1375 rursus
3338 1318 3408 1373 ad

127 1444 235 1498 .‘iibil
260 1443 399 1500 aliud
424 1415 610 1515 quani
629 1442 741 1495 hoc
761 1438 892 1494 dicit
918 1437 1155 1502 initium,
1178 1430 1393 1505 quando
1417 1445 1527 1485 non
1551 1426 1705 1483 adest

1836 1448 1978 1504 psam
2006 1428 2338 1487 recurritnus
2358 1442 2372 1478 :
2396 1423 2499 1479 hoc
2525 1436 2631 1476 non
2653 1427 2740 1475 est
2760 1415 3041 1473 translatio
3064 1421 3120 1471 et
3141 1423 3414 1468 transmu-

126 1539 209 1591 rita
234 1545 419 1593 exacta
450 1544 511 1591 et
541 1532 819 1605 perfecta.
868 1529 939 1587 Ut
982 1526 1129 1584 enim
1174 1540 1297 1581 eum
1326 1522 1419 1594 qui
1461 1521 1610 1577 venit
1639 1516 1706 1573 ad

126 1628 377 1685 discendas
396 1630 651 1689 litteras,
668 1632 884 1696 oportet
922 1621 1153 1693 primum
1176 1617 1366 1673 audire
1393 1614 1664 1671 elementa
1688 1627 1707 1665 :

1814 1526 1948 1582 tatio
1970 1543 1983 1580 :
2003 1520 2205 1580 etenim
2228 1518 2314 1574 hic
2337 1516 2598 1571 habemus
2620 1512 2813 1583 legem.
2839 1508 3028 1581 Legem
3047 1522 3188 1579 ergo,
3214 1504 3411 1576 inquit,

1807 1624 2121 1680 destruimus
2166 1634 2257 1690 per
2306 1612 2506 1684 (idem?
2551 1610 2734 1674 Absit,
2784 1607 2875 1664 sed
2927 1608 3091 1678 legem
3140 1603 3417 1661 statuimus

129 1722 181 1775 in
204 1719 355 1777 etiam
392 1694 784 1776 Chrisui‘mm
816 1714 933 1769 “33°
974 1719 1163 1768 θιδθιθ
1202 1709 1345 1763 δεῖτε
1374 1706 1629 1779 Primum.
1658 1711 1714 1757 ει
1811 1718 1991 1790 (Rom.
2023 1715 2081 1771 5.
2107 1710 2224 1784 3|).
2267 1710 2382 1780 Ego
2424 1715 2603 1761 autem
2648 1700 2897 1759 dicebam
2937 1698 3006 1757 de
3046 1696 3207 1754 rebus
3238 1694 3416 1751 malis.

128 1814 179 1866 tle
200 1812 272 1867 bis
300 1810 435 1866 nihil
462 1809 752 1865 dubitare.
780 1806 837 1861 Si
875 1813 1059 1861 autem
1087 1800 1331 1857 doctrina
1359 1811 1547 1853 rursus
1576 1792 1713 1849 iudi-

1810 1788 1943 1868 Nam
1965 1807 2057 1880 qui
2080 1816 2163 1861 est
2183 1802 2250 1859 ad
2272 1802 2523 1857 virtutem
2546 1794 2898 1860 transiturus,
2923 1789 3088 1847 debet
3111 1788 3262 1859 prius
3284 1801 3422 1842 con-

128 1913 243 1974 gtat,
281 1902 531 1960 nondum
564 1900 737 1957 habet
765 1896 1212 1954 fundamentum:
1249 1891 1463 1947 tinuum
1494 1886 1638 1944 enim
1661 1895 1716 1942 et

1836 1903 2074 1959 lemnare
2107 1899 2316 1964 vitium,
2347 1905 2401 1951 et
2428 1903 2556 1949 tunc
2579 1890 2645 1945 ad
2669 1904 2787 1945 eam
2812 1884 3075 1942 accedere
3101 1900 3114 1937 :
3138 1896 3247 1938 non
3274 1880 3420 1936 enim

130 1997 343 2052 nubilem
386 1994 567 2051 ﬁxum
603 2006 731 2049 esse
759 1998 974 2063 oportet
1016 1996 1074 2043 et
1108 1995 1278 2048 stare,
1306 1990 1363 2037 et
1393 1996 1499 2037 non
1531 1988 1713 2035 trans-

133 2091 326 2146 moveri.
346 2090 405 2147 Si
434 2089 571 2161 quis
604 2094 787 2141 autem
820 2080 1090 2139 catecbesi
1118 2078 1430 2141 institutus,
1463 2081 1519 2129 et
1544 2070 1718 2142 baptio

131 2198 228 2237 ωηο
267 2183 467 2237 tinctus
493 2221 511 2245 ,
561 2187 691 2249 post
734 2188 907 2231 annos
934 2172 1126 2229 decem
1166 2169 1236 2224 de
1268 2165 1374 2223 llde
1415 2177 1606 2220 rursus
1635 2168 1721 2217 est

134 2274 417 2341 auditurus,
449 2281 511 2329 et
555 2270 709 2342 quod
756 2274 1004 2339 oporteat
1031 2262 1258 2319 credere
1293 2261 1347 2316 in
1384 2266 1718 2314 mortuorum

138 2366 604 2427 resurrectionem,
638 2358 877 2415 nondum
900 2356 1063 2412 habet
1092 2352 1529 2415 fundamentum,
1558 2345 1719 2403 Chri-

137 2458 374 2512 stianismi
407 2470 615 2512 rursus
642 2453 836 2525 quaerit
877 2449 1107 2506 initium.
1159 2445 1290 2502 Nam
1321 2441 1462 2515 quod
1494 2440 1629 2497 [ldos
1653 2438 1724 2494 sit

141 2550 575 2613 fundamentum,
638 2544 905 2615 reliquum
976 2548 1157 2595 autem
1214 2535 1545 2599 aedilicium,
1600 2529 1726 2586 audi

142 2646 290 2711 ipsum
318 2640 603 2695 dicentem
639 2651 656 2693 :
687 2635 799 2707 Ego
833 2632 1220 2705 fundamentum
1259 2627 1406 2698 posui
1429 2666 1446 2692 ,
1475 2623 1607 2679 alius
1633 2637 1725 2676 su-

146 2710 458 2802 peradiﬁcat.
510 2728 580 2785 Si
606 2726 721 2798 quis
746 2734 915 2779 autem
941 2719 1320 2793 supercdi/icat
1359 2731 1517 2788 supra
1542 2710 1731 2785 {unda-

146 2836 338 2878 uteutum
363 2824 485 2889 hoc,
515 2834 730 2886 aurum,
750 2823 1020 2885 argentum
1050 2809 1247 2881 lapides
1275 2806 1545 2879 pretiosos,
1566 2804 1728 2875 ligna,

150 2924 349 2987 fanum,
388 2915 648 2987 stipulam
688 2912 708 2982 (
740 2911 791 2965 1.
815 2906 935 2964 Cor.
975 2907 1031 2961 ὅ.
1062 2904 1152 2961 10.
1182 2902 1295 2973 12).
1323 2900 1450 2956 Ideo
1476 2896 1687 2952 diccbat
1714 2910 1730 2948 :

151 3008 254 3065 Non
277 3025 483 3065 rursum
497 3006 757 3079 jacientes
778 2999 1169 3073 fundamentum
1190 2991 1499 3067 paenitentia:
1516 2988 1578 3043 ab
1599 3000 1728 3056 ope-

152 3102 268 3155 ribus
308 3100 550 3155 mortuis.

208 3196 257 3250 2.
276 3194 432 3249 Fides
452 3194 613 3263 ﬁrma
630 3190 787 3244 vitam
810 3200 987 3256 purum
1008 3182 1161 3252 parit.
1182 3209 1251 3220 -—
1267 3174 1405 3243 Quid
1428 3183 1510 3230 est
1526 3180 1734 3235 autem,

157 3288 223 3341 Ad
246 3288 613 3358 perfectionem
638 3278 906 3353 feramur?
938 3275 1223 3344 Deinceps,
1252 3271 1446 3338 inquit,
1480 3262 1710 3337 proceda

159 3356 261 3435 ntus
295 3380 362 3435 ad
402 3379 585 3449 ipsum
632 3370 938 3441 fastigium,
973 3366 1075 3419 hoc
1104 3373 1221 3427 est,
1255 3363 1417 3415 vitam
1448 3356 1741 3411 habeamus

160 3446 606 3543 optimam—Sicut
634 3463 781 3520 enim
811 3462 861 3515 in
891 3455 1177 3514 elementis
1205 3456 1244 3507 Δ
1281 3460 1450 3506 totum
1479 3446 1738 3511 continet,

160 3538 208 3621 et
242 3564 646 3620 lundameutum
688 3562 857 3610 totum
899 3549 1186 3606 {editicium
1213 3561 1225 3596 :
1254 3546 1322 3598 ita
1370 3543 1530 3596 ctiam
1578 3538 1742 3593 vitam

166 3674 331 3728 puram
359 3664 511 3712 certa
540 3654 595 3707 in
624 3648 726 3704 ﬁde
758 3642 1059 3717 persuasio.
1083 3638 1304 3707 Absque
1327 3652 1389 3690 ea
1422 3643 1598 3687 autent
1630 3628 1743 3683 licri

168 3766 258 3803 non
298 3759 475 3821 potest
515 3754 573 3799 ut
618 3742 692 3797 sis
720 3737 1059 3811 Christianus
1092 3752 1107 3785 :
1138 3729 1278 3787 sicut
1322 3742 1421 3783 nec
1459 3724 1743 3781 trdificiutu

169 3819 326 3911 potest
347 3855 473 3897 esse
497 3839 702 3907 absque
738 3828 1120 3890 fundamentis,
1147 3836 1321 3893 neque
1347 3819 1461 3875 fieri
1487 3826 1662 3886 potest
1690 3821 1748 3867 ut

169 3909 351 4004 alisque
374 3934 589 3989 elemen
599 3930 666 3984 tis
690 3929 768 3983 sis
791 3924 997 3997 peritus
1010 3923 1334 3978 litterarum.
1350 3913 1459 3971 Sed
1489 3909 1754 3983 quemad-

171 4025 372 4081 modum
413 4025 460 4081 si
501 4023 626 4096 quis
666 4034 884 4090 semper
911 4024 1155 4073 versetur
1191 4012 1334 4067 circa
1375 4008 1675 4070 elementa,
1706 4000 1756 4057 si

175 4120 282 4187 quis
304 4118 448 4174 circa
483 4114 892 4173 fundamentum
919 4151 935 4177 ,
976 4123 1083 4163 non
1111 4104 1252 4160 circa
1284 4098 1571 4157 aedilicium
1593 4137 1608 4163 ,
1647 4109 1756 4177 non

176 4213 264 4265 erit
288 4212 335 4268 ei
360 4210 655 4284 quidquam
676 4204 908 4276 amplius
932 4221 947 4257 :
970 4202 1048 4257 sic
1078 4195 1234 4255 nobis
1259 4191 1473 4251 eveniet
1502 4208 1516 4243 :
1540 4189 1588 4244 si
1613 4187 1757 4243 enim

175 4316 373 4373 semper
399 4303 456 4359 in
488 4298 612 4357 ﬁdei
641 4298 797 4355 initio
826 4306 1146 4352 maneamus
1167 4328 1183 4357 ,
1223 4297 1517 4357 numquam
1546 4279 1614 4335 ad
1642 4280 1758 4348 ejus

183 4394 553 4460 perfectionem
584 4392 883 4448 veniemus.
915 4387 998 4444 'l‘u
1026 4392 1209 4439 autem
1248 4396 1319 4437 ne
1360 4376 1638 4435 existimes
1663 4371 1759 4427 de-

183 4494 388 4542 tractum
410 4500 536 4544 esse
562 4483 705 4549 tidei,
736 4480 881 4553 quod
906 4494 970 4537 ea
998 4477 1325 4534 elementum
1354 4470 1425 4526 sit
1450 4461 1635 4552 vadata
1658 4482 1672 4518 :
1694 4470 1758 4519 ea

182 4576 310 4631 enim
335 4586 417 4634 est
443 4585 557 4632 tota
583 4543 843 4647 potestas.
859 4570 993 4627 Nam
1016 4564 1232 4640 quando
1253 4562 1404 4630 dicit,
1427 4543 1609 4615 Omnis
1627 4554 1761 4610 mim

185 4666 260 4733 qui
284 4665 425 4723 lactis
452 4675 527 4723 est
555 4646 828 4736 particeps,
853 4670 925 4717 est
946 4658 1212 4732 imperitus
1242 4652 1489 4710 sermonis
1506 4646 1725 4721 justitiae
1743 4663 1763 4701 :

188 4767 251 4810 est
275 4760 407 4814 enim
449 4758 665 4831 infans;
699 4770 806 4811 non
835 4769 955 4810 eam
988 4760 1142 4807 vocat
1171 4748 1255 4803 lac
1279 4744 1539 4818 iustitiae;
1571 4739 1666 4795 sed
1696 4737 1765 4794 de

187 4845 261 4903 bis
299 4850 473 4907 adhuc
516 4848 763 4904 dubitare
789 4888 806 4913 ,
852 4853 936 4901 est
980 4841 1178 4897 mentis
1215 4835 1497 4894 imbecillas
1545 4841 1601 4888 et
1646 4846 1766 4901 qua:

192 4940 355 4997 multis
395 4940 599 5012 indiget
640 4928 961 4995 rationibus.
994 4934 1120 4989 lla'c
1161 4930 1307 4987 enim
1345 4936 1471 4984 sunt
1514 4925 1763 4995 dogmata

193 5049 298 5099 qua
318 5044 447 5090 sunt
477 5040 623 5090 recta
652 5040 705 5088 et
728 5044 858 5084 sana
883 5046 896 5083 :
919 5027 1068 5082 illum
1101 5037 1334 5095 namque
1360 5032 1616 5075 vocamus
1641 5030 1766 5086 per-

195 5124 410 5191 fectum,
442 5127 535 5196 qui
565 5140 685 5179 enm
718 5121 824 5177 ﬁde
863 5128 1065 5176 rectam
1104 5115 1267 5171 habet
1306 5112 1493 5167 vitam.
1541 5107 1601 5165 Si
1647 5104 1767 5177 quis

195 5222 357 5275 autem
380 5217 544 5275 {idem
572 5214 787 5287 quidem
812 5212 1030 5275 habeat,
1059 5208 1267 5265 scelera
1288 5214 1471 5260 autem
1498 5200 1765 5266 admittat,

197 5318 242 5361 et
268 5308 332 5367 de
353 5308 458 5365 bac
484 5308 599 5387 ipsa
627 5304 875 5371 dubitet,
905 5312 961 5357 et
988 5300 1288 5356 doctrinam
1320 5294 1520 5368 probro
1545 5291 1765 5355 alliciat,

199 5400 371 5455 merito
393 5414 519 5457 eum
550 5398 797 5453 dicemus
827 5394 1080 5449 infantem
1102 5434 1119 5459 ,
1148 5398 1207 5446 ut
1241 5388 1335 5461 qui
1376 5386 1445 5443 ad
1476 5386 1651 5456 ipsum
1684 5396 1772 5438 re-

200 5494 409 5548 currerit
452 5490 682 5547 initium.
735 5487 1100 5557 Quamobrem
1147 5483 1359 5539 etiamsi
1406 5480 1558 5538 mille
1600 5490 1773 5533 annos

202 5584 447 5651 egerimus
470 5582 528 5638 in
557 5582 682 5649 nde,
711 5589 767 5638 et
786 5580 842 5635 in
868 5593 931 5635 ea
959 5593 1067 5633 non
1095 5576 1266 5632 simus
1289 5573 1428 5629 llrnti
1452 5582 1507 5629 et
1528 5569 1769 5635 stabiles,

205 5685 369 5732 ulmus
410 5672 677 5743 infantes;
728 5668 947 5745 quando
990 5683 1101 5725 non
1143 5665 1480 5724 ostendimus
1522 5662 1683 5718 vitam
1724 5660 1773 5719 ci

268 5872 333 5935 ta)
356 5871 442 5924 ilic
476 5870 639 5934 incipit
670 5860 879 5919 humilia
899 5872 1024 5913 nona
1047 5860 1095 5911 in
1120 5855 1287 5917 (‘.olb.,
1327 5852 1463 5906 initio
1496 5850 1695 5903 omisso.

1815 1993 2035 2049 valebat
2081 1985 2404 2062 paenitentia
2441 1998 2538 2040 eos
2569 1978 2799 2037 mundos
2844 1975 3093 2032 reddere.
3127 1974 3423 2042 Propterea

1816 2087 2002 2144 statim
2028 2080 2475 2154 baptizabantur,
2506 2085 2563 2130 ut
2592 2072 2736 2145 quod
2766 2086 2865 2141 per
2892 2066 3103 2139 seipsos
3134 2080 3240 2120 non
3275 2074 3425 2133 pote-

1816 2187 1942 2235 rant
1976 2176 2195 2232 efliecre
2219 2215 2235 2236 ,
2268 2170 2323 2226 id
2367 2168 2524 2223 ﬁeret
2563 2180 2663 2237 per
2695 2160 2899 2218 Christi
2944 2158 3190 2231 gratiam.
3236 2154 3425 2223 Neque

1818 2283 1949 2340 ergo
1970 2264 2175 2324 sufﬁcit
2193 2261 2509 2336 pamitentia
2531 2257 2599 2313 ad
2622 2254 3083 2315 cmundationcm,
3101 2249 3194 2305 sed
3213 2256 3429 2319 oportet

1820 2360 2085 2431 baptisma
2114 2368 2411 2411 assumere.
2444 2349 2745 2420 Oportebat
2778 2362 2909 2418 ergo
2937 2345 3004 2401 ad
3034 2344 3303 2413 baptisma
3334 2356 3427 2396 ac-

1820 2453 2040 2518 cedere,
2068 2450 2217 2521 prius
2242 2445 2513 2503 damnatis
2538 2441 2776 2514 peccatis
2798 2454 2918 2512 qua:
2944 2438 3257 2494 admiserat.
3286 2434 3427 2503 Quid

1819 2555 1904 2602 est
1950 2553 2128 2599 autem
2156 2584 2173 2608 ,
2206 2539 2586 2610 Baptismatum
2627 2533 2914 2588 doctrinm?
2949 2530 3069 2587 Non
3099 2528 3242 2601 quod
3274 2527 3429 2583 multi

1821 2639 1933 2693 sint
1963 2631 2238 2705 baptismi,
2260 2629 2364 2688 sed
2394 2644 2553 2685 unus.
2584 2625 2694 2683 Cur
2718 2639 2851 2696 ergo
2878 2622 2929 2678 id
2957 2620 3092 2677 dixit
3118 2618 3430 2691 pluraliter?

1822 2730 1960 2800 Quia
1990 2729 2234 2789 dixerat,
2265 2721 2389 2780 Non
2419 2738 2598 2776 rursus
2620 2719 2871 2790 jacientes
2903 2715 3292 2787 fundamentum
3320 2727 3429 2781 pc—

1824 2824 2072 2879 m'tentiaz.
2104 2819 2239 2877 Nam
2265 2818 2310 2872 si
2340 2830 2435 2873 eos
2463 2828 2652 2869 rursus
2677 2810 3021 2881 baptizasset,
3050 2817 3103 2862 et
3131 2805 3198 2861 de
3224 2805 3441 2875 integro

1825 2914 2097 2974 catecbesi
2134 2911 2499 2974 instituisset,
2547 2916 2603 2963 et
2642 2918 2833 2959 rursus
2876 2902 2945 2958 ab
2986 2899 3140 2954 initio
3178 2896 3433 2969 baptizati

1826 3012 2152 3067 ducerentur
2172 3021 2293 3077 qua:
2313 3012 2439 3060 sunt
2458 2998 2687 3071 agenda,
2711 3005 2766 3051 et
2786 3012 2907 3066 qua:
2930 3009 3035 3048 non
3058 3000 3183 3048 sunt
3203 2989 3432 3061 agenda,

1827 3111 1984 3159 erant
2006 3109 2265 3173 perpetuo
2295 3096 2535 3151 mansuri
2571 3088 2887 3146 incorrecti.
2923 3085 3278 3157 lmpositionis
3303 3100 3435 3154 quo-

1828 3212 1924 3265 que
1967 3172 2230 3247 manuum.
2275 3187 2367 3245 Sic
2406 3185 2553 3242 enim
2602 3180 2943 3250 accipiebant
2987 3176 3270 3245 Spiritum.
3309 3172 3438 3229 Cum

1830 3288 2035 3344 Paulus
2060 3286 2160 3351 eis,
2191 3283 2403 3353 inquit,
2432 3275 2758 3346 imposuisset
2799 3287 3004 3336 nmnus,
3037 3269 3170 3322 venit
3209 3268 3440 3336 Spiritus

1832 3387 2040 3436 sanctus
2065 3376 2199 3447 (Act.
2228 3372 2316 3429 19.
2340 3372 2422 3441 6).
2446 3370 2520 3424 Ac
2546 3362 2930 3421 resurrectionis
2960 3371 3298 3414 mortuorum.
3329 3357 3441 3412 Hoc

1834 3471 1977 3527 enim
2014 3470 2066 3523 lit
2098 3468 2152 3523 in
2186 3466 2455 3535 baptismo
2478 3504 2493 3527 ,
2526 3470 2581 3516 et
2610 3456 2961 3514 confirmatur
2993 3454 3045 3508 in
3076 3450 3439 3507 confessione.

1838 3564 1905 3619 Et
1918 3562 2109 3634 judicii
2138 3558 2337 3615 (sterni.
2360 3556 2470 3612 Cur
2494 3563 2673 3608 autem
2705 3550 2809 3605 hoc
2838 3547 3009 3603 dicit?
3037 3546 3300 3614 Quoniam
3327 3552 3447 3599 erat

1838 3654 2137 3711 verisimile
2168 3664 2263 3706 eos
2294 3648 2375 3703 vel
2403 3662 2525 3702 cum
2562 3644 2671 3713 jam
2704 3640 3068 3697 credidissent
3100 3636 3282 3691 labare
3306 3676 3321 3699 ,
3353 3642 3450 3690 aut

1842 3748 1984 3805 male
2014 3744 2370 3820 ao\_dissolute
2400 3740 2584 3793 vivere
2610 3754 2622 3789 :
2648 3733 2780 3789 dicit
2818 3747 2971 3803 ergo,
3010 3727 3210 3799 Vigiles
3251 3736 3445 3782 estote.

1843 3830 2343 3921 Αὺιιιιοοιιέκίεῑιιιι·
2381 3831 2506 3885 illos
2548 3845 2579 3882 τι
2628 3826 2721 3881 tali
2765 3823 2998 3897 ignavia,
3040 3832 3092 3877 et
3133 3820 3463 3876 attentiores

1846 3934 2080 3992 reddens
2100 3974 2115 3995 ,
2149 3910 2292 3983 hunc
2323 3931 2506 3980 movet
2533 3933 2865 3976 sermonem.
2898 3913 3015 3971 Non
3045 3914 3170 3969 licet
3197 3910 3342 3967 enim
3370 3910 3455 3964 di-

1850 4042 1995 4091 cere,
2040 4023 2097 4080 Si
2140 4020 2403 4077 dissolute
2443 4026 2497 4069 et
2542 4013 2874 4081 negl‘genlcr
2912 4007 3230 4071 vixrritnus,
3268 4017 3456 4058 rursus

1851 4114 2266 4186 baptizabitnur.
2299 4105 2572 4164 catccbesi
2605 4116 2799 4157 rursus
2826 4098 3192 4162 insutuemur,
3226 4094 3459 4163 accipie-

1853 4224 1974 4266 mus
2006 4220 2192 4261 rursus
2223 4200 2485 4271 Spiritum
2516 4214 2529 4250 :
2557 4203 2651 4249 aut
2676 4235 2690 4259 ,
2731 4192 2786 4247 Si
2820 4207 2849 4244 a
2882 4190 2989 4245 tide
3018 4203 3160 4243 nunc
3188 4184 3451 4240 excideri-

1856 4318 1976 4359 nnts
1999 4343 2012 4365 ,
2044 4312 2230 4354 rursus
2255 4292 2553 4364 poterimus
2582 4284 2838 4357 baptizati
2872 4290 3089 4353 peccata
3121 4279 3373 4342 abluere,
3407 4286 3463 4331 ct

1857 4392 2047 4452 eadem
2077 4386 2288 4456 assequi
2315 4399 2436 4455 qua:
2466 4381 2637 4452 prius.
2667 4376 2893 4439 Erratis,
2920 4372 3113 4441 inquit,
3137 4370 3253 4425 Inrc
3274 4369 3467 4422 existi.

1860 4490 2071 4542 mantus
2097 4497 2110 4534 :
2133 4479 2189 4533 4.
2213 4472 2538 4546 fntpossibile
2560 4470 2692 4525 enim
2715 4477 2786 4523 cst
2809 4482 2893 4521 eos
2915 4466 3000 4535 qui
3023 4461 3179 4517 semel
3198 4469 3317 4515 sunt
3339 4459 3463 4513 illu-

1866 4569 2075 4635 minati,
2105 4572 2436 4640 gustaverunt
2462 4562 2615 4616 etiam
2648 4558 2840 4612 donum
2878 4555 3076 4609 carleste
3104 4561 3152 4607 et
3190 4552 3471 4623 participes

1865 4672 1981 4721 sunt
2008 4660 2237 4731 Spiritus
2258 4654 2446 4718 sancti,
2474 4653 2525 4708 5.
2557 4656 2885 4723 gustaverunt
2914 4644 3246 4700 nihilominus
3277 4642 3469 4696 bonum

1866 4754 1966 4811 Dei
1996 4730 2201 4808 verbum
2225 4789 2239 4815 ,
2278 4747 2587 4814 virtutesque
2625 4738 2785 4812 futuri
2825 4736 3038 4803 swculi,
3076 4734 3130 4789 6.
3158 4743 3207 4789 et
3234 4730 3474 4804 prolapsi

1864 4856 1981 4905 sunt
1998 4864 2017 4915 ;
2044 4859 2222 4899 rursus
2246 4854 2489 4895 renouare
2518 4835 2587 4889 ad
2617 4832 3000 4905 paenitentiam,
3033 4844 3211 4883 rursus
3255 4826 3464 4891 cruci/i-

1862 4949 2033 5013 gmtes
2059 4931 2384 5005 sibimetipsis
2411 4928 2609 4984 Filium
2645 4925 2760 4991 Dei,
2791 4934 2838 4978 et
2864 4921 3083 4977 ostentui
3105 4919 3366 4973 trahentes.
3388 4914 3470 4987 (a)

1863 5004 2000 5088 bide
2028 5036 2207 5083 autem
2238 5038 2397 5096 quam
2427 5030 2551 5091 apte
2580 5016 2802 5085 incipiat
2839 5012 2905 5067 ad
2956 5011 3218 5083 pudorem
3261 5004 3469 5063 suﬂ'un-

1861 5120 2100 5179 dentium
2126 5126 2183 5174 et
2210 5111 2609 5190 prohibendum
2636 5125 2649 5162 :
2677 5104 3002 5179 lmpossibile
3029 5113 3139 5169 est,
3173 5101 3382 5171 inquit,
3414 5099 3469 5154 id

1861 5224 1969 5282 est,
1996 5227 2067 5269 ne
2095 5208 2329 5280 amplius
2351 5211 2640 5275 exspectes
2665 5196 2810 5272 quod
2841 5212 2949 5253 non
2978 5204 3155 5267 potest
3182 5191 3319 5248 ﬁeri.
3349 5190 3466 5247 Non

1862 5309 2007 5366 enim
2037 5304 2197 5372 dixit,
2229 5301 2347 5359 Non
2375 5303 2569 5363 decet,
2600 5308 2814 5365 neque,
2849 5290 2969 5348 Non
2998 5288 3237 5360 expedit,
3268 5301 3462 5357 neque,

1860 5402 1976 5459 Non
2005 5400 2152 5464 licet,
2183 5396 2301 5463 sed,
2326 5392 2420 5448 Est
2440 5388 2789 5464 impossibile;
2820 5396 2878 5440 ut
2900 5398 2995 5439 eos
3018 5380 3242 5438 omnino
3264 5376 3469 5448 injiciat

1860 5495 1915 5550 in
1946 5489 2377 5563 desperationem
2402 5526 2418 5553 ,
2449 5485 2494 5539 si
2526 5480 2751 5538 omnino
2788 5475 2959 5535 semel
2985 5472 3279 5530 illuminati
3306 5472 3463 5526 estis.

1932 5586 1985 5641 ὅ.
2030 5579 2237 5639 Deinde
2262 5576 2562 5648 subiungit,
2591 5572 2934 5629 Gustauerunt
2958 5568 3109 5622 etiam
3140 5565 3333 5619 donum
3356 5578 3465 5618 cat-

1860 5680 2015 5740 leste;
2045 5674 2148 5730 hoc
2179 5678 2283 5739 est,
2316 5666 2715 5726 remissionem.
2754 5660 2825 5717 Et
2864 5660 3142 5732 participes
3182 5656 3307 5729 facti
3346 5662 3465 5709 sunt

1935 5846 2011 5910 (a)
2031 5842 2124 5897 Hic
2148 5840 2295 5893 trium
2320 5834 2429 5888 fere
2454 5829 2737 5896 paginarum
2759 5821 2920 5872 hiatus
2945 5823 3021 5868 est
3046 5816 3095 5865 iu
3120 5810 3422 5865 Colbertino.
