4042 6408
639 366 707 425 70

656 471 879 543 Spiritus
898 472 1080 538 sancti,
1110 481 1156 525 et
1179 478 1501 542 gustaveruut
1529 472 1714 523 bonum
1736 470 1832 526 Dei
1875 471 2103 527 Verbum.
2124 472 2223 529 Hic

655 565 779 617 dicit
806 563 1122 619 doctrinam.
1168 562 1476 631 Virtutesque
1503 562 1678 615 steculi
1707 564 1923 618 venturi.
1951 564 2218 631 Quasnam

649 653 777 707 dicit
802 654 1057 708 virtutes?
1087 652 1176 707 Vel
1207 651 1381 707 facere
1408 653 1682 720 miracula,
1707 656 1789 708 vel
1812 659 2026 711 arrham
2052 657 2219 727 Spiri-

651 754 753 799 tus.
779 744 843 797 Et
862 745 1089 815 prolapsi
1116 753 1251 810 sunt,
1283 760 1460 798 rursus
1499 762 1742 801 renovare
1759 748 1827 801 ad
1846 749 2239 818 pmnitentiam,‘

645 853 818 890 rursus
838 837 1180 907 cruciﬁgentes
1198 836 1518 905 sibimetipsis
1546 836 1740 892 Filium
1762 839 1875 907 Dei,
1914 850 1962 895 el
1998 845 2215 898 ostentui

644 930 897 981 habentes.
928 926 1205 981 Renovare
1252 927 1383 982 dicit
1431 928 1497 982 ad
1544 930 1943 997 pmnitentiam:
1978 932 2078 989 hoc
2105 944 2208 1002 est,

643 1035 737 1088 per
765 1018 1152 1088 paenitentiam.
1184 1019 1321 1086 Quid
1352 1020 1515 1090 ergo?
1548 1021 1716 1091 ejecta
1742 1033 1825 1079 est
1859 1027 2210 1094 poenitentia?

638 1110 753 1166 Non
801 1111 1132 1179 poenitentia,
1183 1112 1341 1177 absit,
1375 1112 1469 1166 sed
1498 1129 1615 1182 qua:
1641 1130 1827 1170 rursus
1862 1117 1915 1170 lit
1945 1132 2039 1187 per
2060 1120 2205 1174 lava-

636 1215 780 1254 crum
813 1203 1112 1256 renovatio.
1139 1201 1255 1257 Non
1299 1203 1438 1257 enim
1481 1203 1635 1271 dixit,
1669 1204 1990 1274 Impossibite
2026 1223 2096 1265 est
2120 1229 2203 1267 re-

635 1292 806 1343 novari
835 1292 903 1344 ad
934 1294 1294 1361 pamitantiam,
1337 1303 1391 1347 et
1433 1295 1622 1359 tacuit;
1654 1296 1747 1350 sed
1790 1313 1909 1353 cum
1959 1300 2199 1369 dixisset,

631 1379 949 1451 Intpossibile
968 1393 1058 1447 est,
1088 1382 1375 1452 snbjunxit,
1404 1383 1602 1439 Rursus
1627 1388 1993 1458 cruciﬁgentes.
2022 1392 2201 1448 Reno-

629 1476 753 1536 ναι-ἱ,
782 1473 882 1528 hoc
911 1484 1012 1539 est,
1044 1490 1235 1527 novum
1263 1475 1378 1529 ﬁeri
1404 1494 1415 1527 :
1444 1490 1609 1530 novos
1631 1480 1773 1531 enim
1804 1477 1981 1534 facere
2008 1491 2199 1538 estso-

628 1563 729 1617 lius
760 1566 984 1620 lavacri:
1014 1565 1375 1633 Renovabitur,
1412 1568 1601 1637 inquit,
1633 1570 1762 1623 sicut
1805 1571 1989 1641 aquilis
2004 1574 2196 1644 juven-

624 1664 705 1708 m
735 1665 825 1708 tua
848 1640 1017 1726 (ρέαι.
1046 1656 1169 1711 102.
1194 1657 1270 1726 δ).

692 1745 973 1801 Lavacrum
994 1748 1224 1819 baptismi
1250 1766 1349 1804 non
1372 1760 1529 1820 potest
1554 1754 1752 1810 iterari;
1768 1788 1834 1797 —
1862 1758 2194 1817 Pmnitentim

620 1849 795 1894 autem
822 1849 921 1906 est,
953 1855 1046 1896 eos
1065 1843 1152 1911 qui
1186 1844 1306 1897 novi
1336 1844 1457 1899 lacti
1479 1856 1619 1912 sunt,
1645 1862 1707 1903 ac
1726 1849 1921 1906 deinde
1946 1867 1975 1905 a
2003 1868 2194 1923 pecca-

620 1931 686 1985 tis
716 1930 1158 1999 inveteraverunt,
1193 1934 1417 1990 liberare
1442 1952 1471 1991 a
1491 1947 1753 1997 vetustate
1771 1957 2045 2015 novosque
2070 1948 2190 2003 red-

616 2019 772 2076 dere:
800 2022 865 2076 ad
893 2022 1038 2078 illum
1056 2035 1233 2081 autem
1255 2028 1592 2097 splendorem
1620 2048 1728 2088 non
1755 2034 1879 2091 licet
1895 2038 2184 2095 reducere:

620 2113 726 2169 illic
755 2116 894 2170 enim
922 2124 1091 2171 totum
1117 2128 1231 2171 erat
1258 2119 1443 2186 gratia.
1475 2119 1672 2173 Rursus
1700 2123 2069 2190 cruciﬁgeutes,
2103 2125 2177 2179 in-

620 2205 753 2273 quit,
776 2205 829 2259 in
858 2207 1133 2277 semetipsis
1158 2206 1350 2260 Filium
1369 2210 1479 2275 Dei,
1497 2219 1543 2262 et
1561 2211 1776 2265 ostentui
1800 2211 2054 2268 habentes.
2077 2214 2185 2269 lloc

619 2305 701 2350 est
728 2306 901 2353 autem
929 2299 1069 2369 quod
1108 2300 1271 2354 dicit:
1304 2301 1565 2370 baptisma
1595 2313 1677 2358 est
1706 2320 1867 2370 crux;
1901 2304 2187 2375 Cruci/imus

616 2387 749 2440 enim
774 2398 844 2441 est
872 2398 1007 2443 vetus
1039 2400 1205 2444 noster
1251 2390 1399 2444 homo
1416 2410 1435 2455 ;
1464 2402 1517 2446 et
1548 2409 1752 2462 rursus,
1786 2394 2077 2465 Con/armes
2103 2400 2183 2467 {a-

614 2478 682 2531 cti
721 2495 892 2532 sumus
922 2480 1241 2534 similitudini
1278 2482 1452 2536 mortis
1481 2484 1620 2553 ejus;
1665 2494 1719 2539 ct
1764 2501 1970 2553 rursus,
2002 2488 2187 2543 Conse-

612 2568 740 2635 pulti
764 2584 877 2621 cum
919 2585 975 2623 eo
1021 2587 1195 2625 sumus
1223 2588 1312 2639 per
1351 2571 1656 2641 baptismum
1694 2576 1745 2630 in
1776 2588 2003 2631 mortem.
2038 2578 2187 2636 Sicut

612 2674 739 2729 ergo
769 2659 878 2715 fieri
909 2677 1011 2714 non
1042 2650 1213 2732 petest
1245 2673 1299 2717 ut
1330 2665 1519 2719 iterum
1542 2668 1883 2739 crucitigatur
1903 2671 2183 2739 Christus;

613 2750 713 2805 hoc
738 2752 877 2804 enim
911 2761 993 2807 est
1020 2769 1143 2808 eum
1184 2755 1497 2811 traducere:
1530 2758 1607 2812 sic
1634 2775 1738 2813 non
1770 2776 2052 2830 possumus
2084 2767 2183 2819 ite-

611 2854 725 2893 rnm
757 2840 1034 2910 baptizari.
1066 2843 1196 2897 Nam
1225 2845 1267 2898 si
1298 2860 1445 2899 mors
1474 2848 1592 2915 ejus
1616 2864 1719 2903 non
1748 2852 1977 2921 amplius
2012 2853 2177 2908 domi-

609 2932 851 2997 nubitur;
877 2932 920 2986 si
965 2935 1275 3002 resurrexit,
1307 2938 1638 3007 resurgendo
1681 2951 1851 2995 morte
1893 2943 2059 2998 factus
2090 2960 2182 3015 μοι

609 3025 835 3091 teutior;
860 3024 902 3080 si
932 3042 1027 3095 per
1052 3040 1278 3083 mortem
1312 3038 1536 3084 mortem
1565 3031 1840 3089 devicitac
1867 3040 2178 3106 prostravit,

608 3115 802 3171 deinde
849 3117 1041 3172 iterum
1092 3120 1142 3172 in
1187 3136 1400 3175 crucem
1453 3122 1877 3191 agitur:fabula:
1923 3139 2045 3182 sunt
2093 3129 2181 3185 illa

607 3205 783 3260 omnia
812 3217 865 3262 et
890 3208 1151 3263 traductio
1190 3226 1251 3265 ac
1278 3211 1471 3265 irrisio.
1505 3212 1575 3266 lta
1606 3215 1695 3284 qui
1719 3231 1905 3271 rursus
1941 3219 2176 3288 scipsunt

605 3294 852 3363 baptizat,
905 3313 1089 3352 rursus
1134 3299 1308 3368 ipsum
1360 3303 1638 3373 crucillgit.
1674 3304 1810 3371 Quid
1853 3319 1931 3362 est
1975 3320 2175 3376 autem,

604 3386 799 3441 Rursus
822 3390 1165 3459 cruciﬁgentes
1182 3394 1206 3445 7
1226 3392 1307 3446 Ab
1335 3393 1484 3447 initio
1510 3409 1631 3449 eum
1661 3396 1837 3451 denuo
1866 3400 2178 3471 cruciﬁgen-

604 3486 703 3531 tes.
728 3478 858 3532 Nam
882 3490 937 3533 ut
958 3481 1204 3536 Christus
1226 3494 1465 3540 mortuus
1487 3496 1570 3542 est
1600 3488 1650 3542 in
1684 3503 1864 3554 cruce,
1896 3493 1964 3545 ita
1994 3509 2089 3547 nos
2120 3495 2172 3550 in

602 3566 941 3635 baptismate,
975 3587 1079 3625 non
1109 3587 1293 3638 carne,
1324 3574 1416 3629 sed
1444 3589 1683 3645 peccato.
1716 3579 1849 3637 Vide
1880 3592 2103 3637 mortem
2123 3597 2177 3639 et

604 3668 863 3715 mortem:
894 3662 984 3716 ille
1014 3673 1253 3719 mortuus
1280 3668 1435 3721 estin
1462 3683 1644 3735 carne,
1679 3685 1777 3728 nos
1804 3684 2043 3743 peccato.
2076 3675 2177 3731 Per

601 3751 919 3821 baptismum
944 3763 1098 3808 vetus
1122 3765 1305 3836 noster
1327 3757 1487 3813 homo
1514 3762 1754 3830 sepultus
1779 3770 1883 3830 est,
1912 3772 1966 3818 et
1992 3782 2173 3822 resur-

601 3844 745 3898 rexit
767 3860 952 3909 novus,
977 3845 1269 3903 conformis
1292 3849 1462 3905 lactus
1482 3852 1811 3911 similitudini
1836 3860 2017 3913 mortis
2037 3861 2172 3929 ejus.

600 3932 657 3988 Si
672 3948 798 4005 ergo
815 3950 1035 3991 necesse
1054 3946 1137 3992 est
1158 3954 1342 3994 rursus
1364 3941 1639 4011 baptizari,
1666 3961 1887 4002 necesse
1904 3962 1979 4003 est
2001 3950 2170 4020 ipsum

602 4042 784 4083 rursus
811 4030 981 4083 mori:
1015 4029 1273 4099 baptisma
1302 4034 1443 4087 enim
1476 4036 1607 4090 nihil
1645 4048 1726 4093 est
1753 4054 1911 4108 quam
1945 4042 2061 4109 ejus
2083 4046 2172 4113 qui

600 4119 900 4187 baptizatur
929 4124 1245 4190 peremptio,
1276 4133 1329 4180 et
1352 4125 1493 4181 illius
1514 4130 1817 4185 suscitatio.
1838 4132 1902 4186 Et
1919 4134 2173 4203 prmclare

600 4210 755 4276 dixit,
794 4210 1015 4267 Rursum
1043 4216 1569 4285 cruciﬁgentcsmam
1598 4222 1689 4292 qui
1722 4224 1823 4278 hoc
1852 4224 1995 4291 facit,
2041 4234 2173 4279 tam-

600 4317 757 4376 quam
789 4304 977 4372 prioris
999 4306 1183 4376 gratim
1202 4308 1420 4377 oblitus,
1445 4312 1632 4382 ignave
1660 4322 1713 4368 et
1733 4314 1989 4372 dissolute
2012 4319 2172 4374 vitam

598 4407 749 4445 suam
775 4394 898 4464 agit,
932 4396 1116 4467 sicque
1139 4399 1315 4452 omnia
1346 4400 1481 4471 gerit
1510 4412 1776 4473 tamquam
1819 4408 1887 4460 sit
1906 4408 2050 4462 aliud
2078 4411 2171 4464 ba-

601 4484 1177 4553 ptisma.Quamobrem
1197 4499 1279 4543 est
1296 4491 1671 4547 attendendum
1694 4504 1747 4549 ct
1768 4494 2067 4553 adhibenda
2092 4510 2175 4555 est

598 4577 793 4629 cautio.
816 4576 951 4643 Quid
970 4587 1069 4640 est,
1095 4578 1428 4636 Gustaverunt
1446 4586 1595 4638 etiam
1616 4586 1802 4640 donum
1818 4590 2044 4647 calcate?
2064 4592 2175 4648 Hoc

598 4674 701 4727 est,
736 4667 1101 4722 remissionem
1145 4673 1644 4739 peccatorumzboc
1683 4678 1825 4731 enim
1868 4680 2033 4736 solius
2078 4683 2169 4737 Dei

599 4764 683 4809 cst
706 4754 926 4820 donare,
956 4767 1009 4812 et
1032 4759 1143 4813 iure
1168 4761 1335 4829 gratia
1356 4763 1521 4818 semei
1542 4774 1624 4820 est
1646 4768 1836 4836 gratia.
1865 4768 1999 4836 Quid
2022 4773 2175 4843 ergo?

598 4846 905 4900 manebimus
940 4849 991 4901 in
1018 4860 1217 4919 peccato
1260 4862 1313 4904 ut
1342 4853 1557 4909 abundet
1602 4860 1805 4929 gratia?
1829 4860 1968 4915 Absit
1996 4863 2171 4934 (Rom.

599 4938 650 4991 ti.
686 4939 735 4991 i.
766 4936 843 5010 2).
878 4939 934 4994 Si
964 4952 1138 4996 autem
1170 4959 1383 5016 semper
1410 4948 1543 5003 salvi
1574 4950 1737 5006 futuri
1761 4967 1948 5009 sumus
1974 4959 2169 5027 gratia,

600 5041 887 5097 numquam
930 5030 1129 5085 erimus
1165 5032 1309 5089 boni.
1342 5035 1471 5091 Nam
1500 5040 1565 5106 si,
1610 5039 1699 5096 ubi
1740 5058 1842 5098 una
1872 5054 1955 5100 est
1981 5048 2171 5117 gratia,

617 5118 695 5170 sic
726 5135 936 5191 quoque
963 5139 1145 5181 sumus
1176 5128 1350 5199 ignavi
1395 5140 1449 5187 et
1497 5136 1778 5204 socordes;
1825 5141 1869 5195 si
1918 5144 2175 5202 sciremus

614 5209 878 5267 abluenda
924 5232 1105 5273 rursus
1136 5231 1369 5290 peccata,
1419 5240 1823 5287 cessaremusne
1846 5248 1875 5288 a
1908 5238 2179 5303 peccatis?

615 5304 727 5372 Ego
743 5306 956 5374 quidem
990 5309 1205 5367 minime
1225 5316 1437 5385 opinor.
1468 5316 1627 5374 Multa
1656 5320 1739 5376 hic
1764 5325 1995 5379 ostendit
2014 5326 2175 5393 dona,

612 5403 667 5447 et
698 5402 754 5447 ut
782 5394 1045 5467 intelligas
1075 5401 1536 5475 audizbignatus,
1582 5409 1770 5480 inquit,
1817 5428 1875 5467 es
1921 5423 2061 5469 tanta
2094 5433 2178 5472 rc-

615 5485 899 5539 missione:
932 5488 1021 5557 qui
1050 5490 1268 5545 sedebat
1296 5495 1347 5548 in
1380 5498 1632 5563 tenebris,
1670 5503 1757 5571 qui
1794 5504 2055 5572 inimicus,
2082 5509 2174 5578 qui

615 5572 807 5635 Ituslis,
838 5575 925 5642 qui
949 5580 1296 5649 abalienatus,
1330 5587 1417 5654 qui
1445 5588 1550 5642 Deo
1573 5588 1791 5659 invisus,
1812 5596 1895 5664 qui
1916 5600 2170 5667 perditus,

610 5662 654 5714 is
689 5674 899 5728 repente
921 5667 1265 5737 illuminatus,
1288 5675 1477 5743 spiritu
1495 5677 1761 5747 dignatus,
1782 5662 2169 5754 dono'ca‘lesti,

608 5754 892 5826 adoptione
918 5759 967 5815 in
998 5760 1186 5833 lilium,
1224 5781 1388 5837 regno
1417 5770 1640 5842 CtL‘iCSti,
1672 5774 1789 5830 aliis
1820 5776 1988 5841 bonis,
2019 5796 2168 5835 arca-

1439 364 1497 419 S.
1522 360 1795 418 JOANNIS
1831 353 2302 416 CHRYSOSTOMI
2339 352 2652 409 ARCIIIEP.
2693 350 3220 413 CONSTANTINOP.

3850 351 3917 409 80

2313 468 2393 522 nis
2417 473 2707 543 mysteriis,
2734 485 2789 529 et
2818 492 2885 530 ne
2915 478 2993 532 sic
3042 481 3259 548 quidem
3288 481 3478 537 melior
3507 484 3765 549 elfectus;
3802 490 3896 542 sed

2311 579 2427 617 cum
2445 563 2515 617 sit
2535 565 2746 633 quidem
2772 566 2961 637 dignus
2982 572 3072 639 qui
3096 582 3297 641 pereat,
3320 575 3542 629 salutem
3566 592 3897 648 assequutus

2308 662 2361 707 et
2386 654 2643 711 honorem
2670 667 2933 729 tamquam
2968 662 3058 730 qui
3087 665 3342 731 prteclare
3366 681 3427 720 ex
3461 669 3657 723 virtute
3679 689 3742 723 se
3773 688 3901 739 ges-

2306 742 2485 808 sisset,
2526 748 2794 817 quomodo
2833 764 3020 804 rursus
3069 756 3302 822 potuerit
3344 756 3635 827 baptizari?
3666 760 3898 816 Duobus

2306 848 2433 903 ergo
2462 837 2635 892 modis
2666 854 2778 893 rem
2804 840 2939 894 dixit
2964 857 3069 896 non
3102 858 3258 913 posse
3287 846 3421 914 ﬁeri,
3452 858 3507 904 et
3534 865 3653 905 eum
3689 853 3782 921 qui
3810 862 3899 908 est

2307 926 2511 981 tirmior
2539 936 2593 982 et
2639 929 2864 984 validior
2908 932 3087 1001 posuit
3136 937 3403 1002 posterius
3440 956 3452 991 :
3487 956 3593 994 uno
3640 942 3892 1012 quidem,

2301 1019 2440 1087 quod
2466 1035 2568 1074 non
2587 1030 2668 1075 est
2684 1020 2897 1092 dignus,
2924 1025 3012 1094 qui
3039 1034 3119 1080 est
3144 1028 3306 1082 rebus
3329 1029 3588 1098 ejusmodi
3610 1034 3893 1103 dignatus,

2304 1121 2358 1166 et
2383 1113 2560 1167 omnia
2590 1130 2709 1185 qua:
2737 1116 2841 1171 sibi
2882 1128 3007 1173 sunt
3048 1118 3241 1174 donata
3288 1122 3540 1190 prodidit,
3594 1135 3649 1180 ut
3698 1144 3893 1181 rursus

2304 1213 2622 1271 renovetur;
2651 1207 2842 1275 altero,
2876 1210 3016 1279 quod
3047 1210 3159 1266 ﬁeri
3189 1227 3291 1265 non
3322 1225 3498 1281 potest
3531 1227 3583 1270 ut
3616 1218 3735 1286 ipse
3762 1236 3893 1274 rur-

2300 1309 2391 1347 sus
2418 1296 2795 1362 cruciiigatur:
2826 1296 2927 1352 hoc
2952 1300 3093 1353 enim
3125 1310 3208 1354 est
3245 1305 3481 1358 ostentui
3525 1304 3750 1373 habere,
3786 1324 3895 1363 seu

2300 1383 2599 1439 traducere.
2618 1383 2735 1440 Non
2755 1395 2838 1442 est
2858 1403 3005 1457 ergo,
3030 1404 3134 1444 non
3162 1399 3245 1446 est
3268 1393 3558 1448 secundum
3581 1396 3888 1456 lavacrum:

2298 1475 2343 1529 si
2370 1485 2449 1530 est
2479 1486 2677 1543 autem,
2723 1487 2807 1533 est
2848 1481 3062 1535 tertium
3104 1483 3264 1538 etiam
3311 1493 3366 1539 et
3413 1498 3699 1556 quartum:
3736 1490 3894 1560 prius

2297 1568 2437 1621 enim
2470 1583 2681 1638 semper
2706 1570 3019 1626 dissolvitur
3046 1590 3075 1629 a
3106 1576 3413 1644 posteriori,
3446 1589 3497 1633 et
3525 1579 3627 1635 ltoc
3662 1597 3890 1651 semper

2297 1658 2363 1712 ab
2388 1661 2523 1724 alio;
2557 1660 2717 1731 idque
2744 1664 2797 1716 in
2830 1662 3113 1718 inﬁnitum.
3139 1666 3271 1721 Cum
3294 1668 3515 1725 dixisset
3541 1681 3747 1739 autem,
3772 1675 3889 1729 Gu-

2295 1763 2548 1807 staverunt
2564 1755 2746 1837 bonum
2771 1756 2868 1812 Dei
2881 1759 3103 1822 verbum,
3127 1763 3427 1835 virtutesque
3450 1770 3625 1821 surculi
3643 1771 3850 1824 venturi
3865 1789 3895 1837 ί

2297 1858 2402 1898 non
2434 1844 2485 1898 id
2511 1824 2760 1916 explicat,
2790 1849 2883 1904 sed
2912 1850 3234 1919 subindicat,
3268 1824 3391 1909 ae'si
3422 1855 3661 1913 diceret:
3690 1861 3886 1917 vivere

2288 1939 2554 2003 tamquam
2588 1940 2828 2007 angelos,
2858 1956 2924 1997 ex
2957 1942 3024 1998 iis
3051 1961 3168 2015 qua:
3208 1947 3292 2003 hic
3329 1959 3457 2005 sunt
3497 1953 3692 2008 nuliius
3733 1957 3886 2011 indi-

2292 2037 2440 2091 gere,
2471 2025 2608 2079 scire
2634 2029 2775 2097 quod
2807 2030 3037 2088 ﬁliorum
3066 2036 3279 2107 adoptio
3308 2041 3460 2097 nobis
3493 2041 3656 2099 futuri
3680 2049 3875 2103 surculi

2291 2110 2426 2167 bona
2490 2116 2760 2185 attribuat,
2816 2132 3125 2190 exspectare
3178 2128 3555 2187 admissionem
3607 2136 3659 2189 in
3712 2137 3878 2209 adyta

2295 2202 2379 2256 illa
2410 2221 2421 2257 :
2453 2203 2564 2259 huc
2608 2208 2735 2262 licet
2760 2225 2853 2279 per
2896 2214 3139 2283 spiritum
3174 2218 3401 2276 discere.
3432 2223 3690 2288 Quaenam
3724 2202 3877 2292 Sunt,

2303 2290 2521 2347 Virtutes
2567 2299 2729 2367 futuri
2773 2303 2989 2356 steculi?
3021 2304 3134 2359 Vita
3184 2320 3404 2376 aeterna,
3450 2315 3691 2385 angelica
3751 2318 3877 2373 vita:

2291 2382 2551 2441 institutio
2601 2388 2798 2444 ilorum
2840 2392 2949 2461 jam
2997 2397 3213 2452 arrham
3244 2404 3546 2471 accepimus
3581 2421 3679 2475 per
3707 2406 3879 2463 (idem

2286 2488 2314 2526 a
2345 2474 2564 2543 Spiritu.
2616 2479 2712 2535 Die
2767 2497 2914 2553 ergo,
2966 2487 3009 2539 si
3064 2487 3116 2541 in
3176 2492 3377 2561 regiam
3425 2474 3591 2551 esses
3621 2499 3876 2554 introdu-

2287 2576 2423 2633 ctus,
2475 2580 2528 2624 et
2570 2587 2687 2641 qua:
2730 2586 2854 2630 sunt
2906 2578 3015 2633 illic
3061 2585 3238 2638 omnia
3272 2587 3364 2641 tibi
3407 2600 3588 2645 essent
3635 2594 3881 2662 credita,

2286 2656 2479 2713 deinde
2508 2662 2837 2729 prodidisses
2876 2672 3073 2736 omnia,
3118 2689 3250 2731 eane
3293 2678 3386 2732 tibi
3430 2695 3619 2736 rursus
3665 2684 3869 2740 crede--

2285 2752 2503 2803 rentur?

2354 2844 2407 2897 4.
2448 2844 2493 2911 Q
2516 2845 2581 2899 rid
2610 2849 2770 2918 ergo?
2798 2850 2987 2921 inquit,
3020 2872 3123 2911 non
3154 2866 3231 2913 est
3259 2862 3605 2929 paenitentia?
3629 2866 3727 2922 Est
3753 2884 3877 2939 ρωο

2286 2933 2502 2989 nittntia
2530 2939 2766 3007 quidem,
2791 2952 2844 2997 at
2870 2960 2999 3000 vero
3023 2963 3125 3002 non
3155 2963 3235 3004 est
3257 2956 3550 3011 secundum
3574 2959 3865 3029 baptisma.

2284 3025 2379 3079 Est
2398 3037 2575 3083 autem
2606 3034 2918 3100 pcnnitentia
2946 3053 3064 3108 quas
3092 3056 3338 3112 magnam
3384 3045 3541 3103 habet
3570 3025 3697 3117 vim,
3747 3071 3872 3125 qua:

2287 3128 2463 3187 potest
2490 3136 2610 3175 eum
2642 3125 2730 3193 qui
2759 3134 2841 3179 est
2870 3131 3105 3197 peccatis
3132 3132 3437 3203 immersus,
3460 3140 3506 3193 si
3545 3142 3693 3209 velit,
3719 3146 3861 3200 libe-

2284 3225 2405 3263 rare
2425 3210 2491 3264 ab
2513 3226 2676 3267 onere
2702 3226 3059 3284 peccatorum,
3084 3233 3273 3277 etcum
3298 3228 3386 3295 qui
3412 3237 3497 3284 est
3521 3232 3570 3284 in
3595 3235 3863 3300 periculo.

2283 3298 2334 3352 in
2366 3309 2478 3354 tuto
2502 3303 2788 3369 collocare,
2821 3308 3031 3363 etiamsi
3060 3314 3266 3369 venerit
3293 3317 3343 3370 in
3372 3317 3547 3385 ipsum
3588 3298 3700 3379 vitii
3736 3341 3863 3396 pro-

2283 3390 2522 3446 fundum.
2556 3392 2610 3447 id
2640 3404 2815 3450 autem
2860 3414 2925 3452 ex
2977 3402 3160 3456 multis
3198 3416 3280 3459 est
3310 3410 3663 3480 perspicuum.
3698 3390 3862 3481 Nam,

2282 3480 2470 3551 inquit,
2515 3486 2602 3553 qui
2650 3487 2786 3540 cadit
2818 3505 2919 3543 non
2961 3495 3221 3562 resurgit?
3249 3508 3335 3551 aut
3366 3502 3453 3571 qui
3492 3514 3567 3558 est
3592 3480 3863 3574 adversus,

2280 3588 2378 3625 non
2407 3578 2717 3630 convertitur
2744 3578 2880 3646 (Jer.
2918 3582 2969 3636 8.
3002 3583 3095 3653 4)?
3127 3586 3325 3651 Potest.
3356 3593 3399 3645 si
3430 3595 3672 3662 velimus,
3703 3600 3863 3655 Cbri~

2280 3671 2394 3718 stus
2425 3665 2477 3719 in
2507 3668 2660 3721 nobis
2688 3684 2873 3725 rursus
2903 3672 3118 3729 formari
3150 3696 3161 3732 :
3192 3679 3314 3733 audi
3344 3686 3485 3738 enim
3522 3686 3745 3743 Paulum
3775 3691 3861 3745 di-

2279 3763 2486 3809 ccntem
2512 3773 2523 3809 :
2550 3756 2733 3812 Filioli
2757 3762 2873 3829 mei,
2901 3779 3026 3832 quos
3055 3767 3237 3820 iterum
3269 3775 3520 3843 parturio,
3551 3777 3714 3836 donec
3750 3786 3862 3855 {or-

2278 3854 2439 3898 metur
2465 3846 2699 3904 Christus
2724 3852 2776 3904 in
2803 3852 2939 3907 vobis
2970 3855 3110 3926 (Gal.
3135 3860 3191 3914 4.
3224 3861 3312 3933 i9)
3339 3881 3350 3916 :
3381 3868 3704 3939 attingamus
3738 3846 3859 3929 tan-

2280 3945 2388 3990 tum
2410 3940 2797 4007 paenitentiam.
2828 3944 2961 4000 Nam
2995 3948 3114 4005 vide
3144 3952 3232 4007 Dei
3267 3954 3649 4025 benignitatem
3672 3973 3729 4019 et
3756 3966 3865 4039 cle-

2277 4029 2528 4118 mentiam
2569 4050 2582 4085 :
2611 4036 2891 4103 Oportebat
2917 4054 3015 4094 nos
3040 4043 3185 4096 omni
3224 4046 3382 4101 modo
3406 4050 3573 4115 puniri
3599 4050 3651 4107 in
3678 4029 3855 4118 initio,

2282 4105 2443 4171 quod,
2476 4123 2595 4163 cum
2623 4122 2677 4167 et
2705 4114 2875 4187 legem
2903 4124 3301 4192 accepissemus
3340 4105 3655 4199 naturalem,
3679 4105 3864 4194 eiad"-

2282 4197 2386 4263 epti
2416 4197 2552 4254 bona
2581 4217 2821 4262 essemus
2849 4211 3283 4286 innumerabilia,
3318 4233 3373 4279 et
3401 4225 3682 4284 Dominum
3712 4234 3864 4303 igno-

2282 4287 2593 4356 raverimus,
2628 4295 2989 4373 impuramque
3019 4316 3073 4360 ct
3103 4309 3429 4369 immundam
3460 4318 3621 4373 vitam
3650 4323 3856 4379 vixeri-

2280 4390 2433 4432 mus:
2466 4380 2552 4433 iile
2591 4398 2770 4441 autem
2818 4406 2921 4445 non
2954 4396 3124 4452 solum
3171 4415 3276 4455 non
3322 4408 3511 4473 puniit,
3557 4411 3649 4465 sed
3696 4415 3855 4468 etiam

2280 4467 2416 4523 bona
2463 4471 2718 4543 impertiit
2760 4482 3061 4550 innumera,
3108 4492 3329 4558 perinde
3358 4506 3517 4567 atque
3546 4501 3589 4554 si
3620 4518 3706 4559 res
3739 4521 3851 4559 ma-

2276 4572 2405 4625 guas
2436 4572 2487 4615 ct
2516 4569 2798 4632 prmclaras
2825 4576 3202 4643 gessissemus.

2347 4649 2663 4713 Paenitentia:
2691 4664 2760 4717 vis
2787 4682 2990 4738 magna.
3013 4701 3085 4712 —
3107 4673 3304 4731 lterum
3337 4678 3468 4749 lapsi
3492 4699 3693 4751 sumus,
3715 4698 3853 4742 etne

2274 4739 2351 4839 sic
2374 4744 2586 4811 quidem
2622 4753 2791 4819 punit,
2823 4757 2915 4811 sed
2942 4758 3087 4815 dedit
3112 4739 3556 4831 medicamentum
3586 4739 3850 4844 paeniten-

2277 4830 2361 4885 tia:
2391 4836 2529 4903 quod
2559 4840 2752 4897 sufllcit
2781 4848 2845 4901 ad
2892 4849 3119 4909 delenda
3173 4868 3228 4913 et
3269 4830 3851 4934 abstergend'aomnia

2266 5285 2632 5363 deminutione,
2680 5310 2735 5353 et
2779 5320 2844 5358 ex
2882 5308 3223 5369 confessione
3264 5333 3280 5370 :
3329 5318 3600 5387 Delictttm,
3648 5327 3841 5399 inquit,

2268 5394 2429 5434 meum
2458 5389 2715 5457 cognitum
2746 5396 2834 5448 tibi
2875 5398 2992 5465 feci,
3025 5412 3070 5455 et
3100 5418 3362 5473 peccatum
3408 5429 3573 5467 meum
3621 5389 3738 5473 ποθι.
3761 5422 3848 5474 ab-

2266 5474 2471 5539 scondi;
2496 5488 2568 5543 et,
2604 5478 2958 5543 Prouuntialvo
2987 5505 3167 5547 contra
3207 5514 3285 5553 me
3327 5501 3642 5571 iniquitatem
3684 5525 3845 5564 meam

2267 5562 2507 5635 Domino,
2535 5582 2583 5625 et
2599 5582 2652 5626 tu
2674 5579 2908 5633 remisisti
2926 5582 3235 5653 impietatem
3255 5562 3423 5648 τοι·άὶί
3443 5597 3540 5649 mei
3560 5596 3731 5670 (Psat.
3753 5603 3841 5658 3i.

2265 5657 2318 5760 ᾗ
2350 5657 2426 5760 6?.
2456 5660 2525 5760 bit
2554 5664 2866 5732 iterum,Dic
2891 5686 3098 5741 peccata
3143 5690 3232 5735 tua
3278 5685 3437 5753 prior,
3469 5696 3523 5741 ut
3538 5657 3843 5760 j‘ustiﬁceris

2268 5749 2418 5820 (lsai.
2444 5754 2531 5812 43.
2557 5757 2686 5830 26);
2712 5771 2787 5832 et,
2816 5764 2994 5827 Iustus
3019 5782 3096 5828 est
3121 5777 3202 5834 sui
3227 5749 3489 5839 accusator
3512 5749 3565 5839 iu
3591 5749 3844 5872 principio
