4042 6414
124 420 175 474 δι
964 412 1027 469 L\'
1068 405 1288 466 EPIST.
1331 391 1828 459 .\D_ll!'IBR.F.OS.
1863 390 2018 447 CAP.
2049 387 2138 444 Vl.
2172 382 2385 441 "0M".
2434 379 2529 438 IX.
2896 472 2933 474 Η
3130 469 3171 474 ῃ
3346 366 3418 421 82

1818 490 1961 547 enim
1985 489 2308 561 principium
2341 496 2397 541 et
2419 478 2646 539 exordia
2675 485 2801 533 sunt
2830 471 3096 530 difficilia.
3130 469 3257 526 [hec
3285 484 3419 539 ergo

135 521 346 578 sermonis
371 520 561 592 (Prov.
591 521 689 578 ιε.
720 519 842 591 ιτ).
864 518 1104 575 Secundo
1125 534 1189 573 ex
1210 522 1376 571 multa
1395 515 1716 570 humilitate:
1818 515 1961 592 ξειιιξιι
1986 515 2308 592 ιπιιιιξινηιη·
2341 515 2397 592 σέ
2419 515 2801 592 τῆτήῂζῖζςς
2830 515 3151 592 -λτηρζςςξέ

1814 583 2075 654 jacianms
2119 590 2392 644 tamquam
2437 571 2786 629 itindamenta
2813 575 2913 635 ,et
2960 562 3211 635 expedita
3256 568 3419 618 erunt

138 625 203 669 est
224 614 361 668 enim
401 612 575 668 veluti
612 609 878 682 quietiam
906 620 1089 665 catena
1117 622 1303 671 aurea,
1346 616 1400 662 et
1438 607 1482 661 si
1510 606 1721 661 initium

138 707 312 774 ceperit
352 670 682 776 sequuntur
735 704 938 758 omnia.
968 702 1101 758 Nam
1141 703 1185 757 si
1232 710 1514 772 peccatum
1555 698 1723 754 fueris
1816 675 1996 776 omi'i“
2031 680 2093 776 ,ει
2139 670 2412 776 lacuum:-

136 754 389 854 COlrtieSSllS
415 754 474 852 tit
507 794 1022 866 oportetconﬁteri,
1047 792 1106 847 lit
1131 754 1349 847 humilis
1369 790 1546 845 anima
1570 808 1583 842 :
1604 804 1724 844 eam

1892 766 2213 820 Paznitcntia:
2255 760 2414 815 modi.
2474 759 2667 814 Rerum
2710 754 3055 808 humanarum
3102 754 3323 803 emittas.
3348 767 3423 787 -

1913 859 1923 866 .
1970 857 1980 866 .
2557 849 2615 866 ,ν
2643 862 2684 866 -,
2720 843 2927 866 _-_:_I-__-
2961 842 3186 866 :...-..-:-
3218 836 3423 866 ...ιη-,1,

137 836 389 854 ww..."
416 836 474 852 ...
507 836 644 866 νγν.
662 836 969 850 .-..,-........
986 836 1022 858 .,
1131 836 1349 847 ..........-
1570 836 1582 842 -
1608 836 1724 844 ----

137 890 255 943 enim
280 901 508 941 versans
537 895 599 941 et
629 887 848 956 agitans
872 883 1216 948 conscientia,
1242 881 1479 937 eflicitui
1509 880 1579 934 sit
1605 894 1729 934 con-

1854 857 2140 927 ηείιιίειιιιιιδ
2171 870 2319 924 ergo,
2351 866 2517 921 rogo;
2551 849 2687 901 alius
2714 843 2930 916 quidem
2960 842 3189 897 intensis
3218 836 3425 894 utendo

1956 949 1985 956 ..
2156 950 2191 956 μ.
2521 941 2551 956 ν·
2577 940 2589 956 I
2694 934 3037 956 I--__._t_-_.l-
3084 932 3217 956 -I!..-
3241 940 3420 956 -..ιη-

138 932 1379 1047 .25.:6.3;;'.:.‘:.;.";t{.'i;.;;.';1n...
1393 932 1723 1037 tanta“,
1821 949 2102 1047 ρνοοίιηιξν
2126 950 2261 999 "tius
2294 958 2422 998 "°'°
2447 940 2663 1047 Ϋ⁵⁸⁵ί¹¹¹ῗ
2690 932 3423 1047 Ῐ³⁰Γ¹¹¹¹Ἶ¹¹Ϋ⁶Ϊὶῗ¹ἷῖἷῗ¹ῗῗῖ⁷¹

1825 1042 2143 1099 atterendo:
2178 1057 2299 1095 nam
2332 1052 2400 1092 ne
2447 1036 2550 1090 hoc
2577 1032 2795 1104 quidem
2841 1027 2986 1100 quod
3017 1036 3101 1081 est
3129 1024 3268 1080 adeo
3297 1038 3423 1093 par-

1826 1148 1971 1198 vum;
2003 1144 2087 1189 est
2115 1133 2301 1187 inutile
2326 1148 2341 1185 :
2381 1128 2498 1183 l'idi
2521 1168 2538 1194 ,
2572 1124 2743 1195 inquit
2767 1166 2782 1190 ,
2811 1122 2947 1192 quod
2976 1134 3192 1173 rumore
3240 1127 3314 1171 est
3343 1114 3428 1183 af-

1827 1233 1987 1300 frctus
2012 1271 2025 1292 ,
2060 1237 2104 1281 et
2142 1224 2419 1279 ambulavit
2461 1220 2621 1275 tristis
2642 1261 2658 1285 ,
2700 1226 2746 1272 et
2775 1215 2949 1271 curavi
2994 1214 3101 1267 vias
3128 1209 3241 1279 eius
3267 1208 3424 1277 (Isai.

1828 1324 1920 1382 57.
1956 1323 2065 1391 l7).
2096 1322 2296 1376 Omnes
2322 1326 2502 1371 autem
2546 1314 2890 1381 eleemosyna
2910 1350 2925 1374 ,
2955 1314 3009 1362 et
3038 1302 3299 1375 proximis
3335 1316 3428 1355 rc-

1829 1416 2095 1473 tnittendo
2119 1422 2334 1484 peccata
2357 1453 2372 1477 ,
2405 1417 2461 1465 et
2488 1406 2701 1476 injuria:
2728 1411 2962 1472 accepta:
2988 1414 3097 1454 non
3133 1393 3431 1453 recordan-

1832 1512 1902 1564 do
1921 1552 1935 1575 ,
1966 1522 2069 1564 nec
2096 1503 2409 1561 ulciscendo
2432 1544 2447 1567 ,
2482 1500 2716 1555 humiles
2744 1505 2958 1551 nostras
2989 1491 3279 1547 reddamus
3306 1486 3433 1541 ani-

1834 1616 1970 1656 mas.
1996 1598 2050 1654 Si
2078 1596 2294 1652 assidue
2322 1594 2621 1663 cogitemus
2649 1588 2710 1643 c’a
2743 1602 2864 1658 qua:
2889 1582 3231 1655 peccavimus
3250 1619 3267 1645 ,
3293 1577 3427 1633 nihil

1831 1707 1894 1747 ex
1926 1691 2091 1746 rebus
2130 1687 2368 1744 externis
2391 1699 2490 1741 nos
2521 1681 2718 1753 pulerit
2745 1678 3006 1735 extollere
3032 1692 3045 1729 :
3070 1689 3177 1730 non
3206 1671 3435 1737 divitim,

1834 1798 1941 1836 non
1976 1781 2236 1852 potentia,
2270 1792 2378 1832 non
2411 1774 2744 1846 principatus
2768 1780 2822 1825 et
2848 1768 3169 1838 imperium,
3199 1776 3310 1820 non
3336 1762 3435 1817 bo-

1837 1888 1974 1939 nor;
1999 1870 2091 1926 sed
2125 1870 2228 1928 etsi
2278 1870 2330 1923 in
2374 1868 2490 1937 ipso
2522 1866 2664 1935 regis
2685 1877 2846 1919 curru
2870 1858 3177 1916 scdcrimus
3200 1897 3215 1922 ,
3241 1854 3439 1910 acerbe

1834 1963 2273 2036 ingemiscemns.
2322 1958 2455 2015 Nam
2502 1956 2664 2014 etiam
2697 1955 2887 2009 beatus
2932 1950 3101 2006 David
3150 1958 3267 2005 emt
3292 1963 3387 2003 rex
3416 1986 3436 2013 ,

1837 2069 1891 2113 et
1918 2056 2162 2112 dicebat:
2204 2053 2411 2107 Lavabo
2439 2068 2529 2121 per
2556 2049 2789 2119 singulas
2817 2054 2991 2101 noctes
3034 2046 3224 2099 lectum
3268 2057 3442 2097 meum

1840 2148 2017 2217 (Psal.
2048 2147 2103 2203 6.
2134 2147 2226 2217 ti);
2262 2161 2365 2202 nec
2412 2161 2475 2199 ex
2509 2158 2743 2214 purpura
2790 2150 2847 2195 et
2887 2155 2951 2194 ex
2984 2137 3289 2193 diademate
3339 2134 3440 2190 fuit

1845 2234 2036 2298 lassus,
2083 2246 2183 2287 nec
2229 2231 2481 2301 superbia
2521 2231 2734 2286 elatus:
2770 2230 2977 2284 sciebat
3019 2228 3163 2282 enim
3212 2240 3273 2281 se
3321 2239 3445 2280 esse

1847 2325 2116 2379 hominem
2146 2342 2160 2377 :
2193 2334 2247 2377 et
2275 2324 2528 2392 quoniam
2558 2333 2675 2377 erat
2705 2323 2969 2378 c0ntrltus
2995 2320 3162 2376 corde
3182 2361 3197 2385 ,
3231 2319 3454 2373 lamena

1849 2417 2079 2471 labatur.
2129 2416 2268 2485 Quid
2299 2416 2442 2470 enim
2473 2424 2600 2470 sunt
2630 2430 2719 2470 res
2744 2413 3037 2468 humanm?
3064 2411 3202 2467 cinis
3233 2419 3289 2466 et
3333 2408 3450 2479 pul-

1849 2510 1930 2564 vis
1956 2552 1968 2572 ,
2004 2520 2056 2564 et
2090 2520 2365 2579 tamquam
2392 2508 2566 2578 pulvis
2599 2517 2724 2563 ante
2755 2507 2942 2561 faciem
2972 2504 3115 2559 venti
3142 2544 3158 2569 ,
3191 2501 3368 2557 fumus
3395 2509 3449 2556 et

1851 2602 2070 2664 umbra,
2096 2611 2149 2655 et
2178 2599 2360 2655 folium
2407 2599 2551 2670 quod
2580 2596 2959 2652 circumfertur
3003 2605 3057 2649 ct
3101 2595 3232 2660 ﬂos,
3263 2604 3317 2649 ct
3358 2608 3455 2649 so-

1848 2696 2057 2749 mnium
2084 2703 2138 2747 et
2162 2694 2397 2747 narratio
2436 2701 2489 2747 et
2516 2691 2718 2756 fabula,
2748 2699 2938 2745 ventus
2964 2697 3019 2744 ct
3048 2702 3141 2743 aer
3168 2687 3345 2742 mollis
3378 2695 3458 2740 te.

1852 2801 2002 2841 mere
2050 2785 2305 2839 difﬂuens
2334 2824 2349 2849 ,
2398 2797 2580 2852 penna
2636 2798 2741 2835 non
2795 2781 3102 2835 consistens
3132 2819 3147 2845 ,
3192 2777 3457 2834 ﬂuentum

1850 2890 2283 2951 prmtcreurrcns
2304 2920 2319 2944 ,
2354 2886 2405 2932 et
2434 2891 2555 2946 qua:
2581 2883 2708 2931 sunt
2733 2889 2895 2945 quam
2926 2874 3041 2927 iure
3069 2872 3239 2942 magis
3278 2870 3456 2925 nihili.

137 1072 169 1121 si
190 1070 297 1123 talis
317 1069 390 1121 sit
416 1066 656 1135 qualem
692 1066 879 1120 beatus
908 1062 1072 1118 David
1097 1062 1350 1128 habebat,
1378 1061 1593 1117 dicens:
1627 1060 1730 1116 Cor

136 1164 353 1216 mundam
378 1176 503 1214 erea
526 1160 588 1213 in
612 1176 697 1214 me
721 1158 892 1222 Deus;
920 1165 976 1212 et
1006 1158 1221 1223 iterum,
1249 1154 1351 1211 Cor
1380 1156 1655 1209 contritum
1683 1162 1730 1208 et

138 1254 436 1306 hundliatum
467 1251 622 1305 Deus
651 1267 753 1305 non
780 1248 1018 1318 despiciet
1040 1246 1212 1323 (Psal.
1232 1248 1323 1304 50.
1353 1246 1439 1301 η.
1462 1247 1575 1317 l9).
1597 1247 1729 1302 Nam

136 1344 258 1414 quod
286 1352 372 1399 est
400 1343 745 1406 contritum,
784 1357 889 1396 non
917 1342 1179 1411 exsurgit,
1214 1355 1320 1395 non
1351 1338 1498 1405 ferit,
1529 1339 1625 1395 sed
1651 1350 1735 1394 est

138 1448 355 1505 paratum
383 1434 455 1489 ad
477 1435 631 1488 male
657 1433 986 1502 patiendum,
1005 1432 1177 1502 ipsum
1199 1440 1379 1487 autem
1404 1446 1512 1485 non
1539 1446 1733 1485 exsur-

136 1532 215 1600 git.
242 1528 386 1583 Talis
419 1536 510 1581 est
554 1525 745 1581 cordis
772 1525 1057 1589 contritio;
1090 1522 1304 1579 etiamsi
1342 1522 1531 1578 aﬂ'ecta
1573 1523 1737 1577 fuerit

137 1622 472 1682 contumelia.
504 1619 731 1674 etiamsi
764 1617 904 1672 male
932 1632 1113 1688 passa.
1138 1616 1389 1686 quiescit,
1423 1630 1521 1671 nec
1547 1616 1734 1670 conci-

142 1710 266 1757 tatur
291 1702 358 1756 ad
386 1702 722 1757 vindictam.
754 1701 881 1756 Post
906 1700 1262 1756 lmmilitatem
1292 1716 1424 1757 vero
1450 1715 1586 1770 opus
1624 1710 1730 1764 est,

142 1796 348 1851 intonsis
372 1796 669 1868 precibus,
702 1794 887 1850 multis
916 1794 1192 1865 lacrymis,
1219 1803 1274 1850 et
1307 1793 1543 1850 interdiu
1564 1802 1617 1849 et
1638 1811 1736 1848 no-

138 1893 245 1940 ctu:
272 1884 487 1940 Lavabo
514 1885 692 1953 etiim,
713 1886 906 1955 inquit,
956 1902 1046 1956 per
1088 1886 1322 1957 singulas
1350 1896 1521 1940 noctes
1551 1887 1736 1940 lectum

142 1993 324 2041 mm;
354 1977 617 2049 laerymis
654 1979 781 2032 meis
816 1988 1033 2031 stratum
1073 1994 1238 2031 meum
1264 1977 1443 2048 rigubo
1461 1992 1481 2042 ;
1510 1976 1739 2031 laboravi

141 2066 186 2117 in
210 2068 395 2135 gemitu
436 2084 557 2121 meo
592 2067 766 2141 (Psal.
794 2068 847 2123 6.
882 2069 958 2139 7).
990 2068 1057 2123 Et
1085 2068 1278 2123 iterum
1306 2086 1320 2122 :
1358 2067 1613 2136 Quoniam
1659 2069 1734 2121 ei.

145 2174 297 2211 uerear
319 2167 598 2229 tamquam
632 2176 818 2227 partem
846 2158 1239 2223 manducabam,
1269 2169 1314 2213 et
1354 2168 1527 2229 potum
1573 2176 1739 2213 meum

142 2264 243 2302 eum
262 2251 384 2320 ﬂetu
407 2251 694 2304 miscebant
721 2250 891 2322 (Psul.
918 2252 1041 2306 lOl.
1068 2250 1182 2320 l0).
1208 2251 1273 2305 Et
1296 2260 1416 2322 post
1438 2253 1737 2306 orationem

147 2340 265 2395 adeo
297 2342 575 2396 intensam
602 2343 763 2395 multa
793 2357 927 2412 Opus
952 2351 1035 2396 est
1062 2342 1428 2414 eleemosyna.
1458 2343 1570 2398 lloc
1597 2320 1763 2398 enim“

148 2441 217 2485 cst
243 2434 383 2502 quod
416 2434 609 2490 reddit
656 2434 944 2489 admodum
996 2436 1232 2490 validum
1291 2436 1739 2491 medicamentum

153 2526 507 2589 ικεεηίιειιιίωε
540 2535 601 2581 et
644 2527 785 2581 sicut
818 2527 870 2581 in
922 2529 1254 2582 medicorum
1304 2527 1631 2597 adjumentis
1662 2538 1747 2583 est

154 2615 606 2672 medicamentum
629 2618 771 2687 quod
797 2619 991 2673 inultas
1011 2619 1226 2689 quidem
1251 2620 1395 2689 eapit
1418 2620 1630 2683 herbas,
1651 2619 1746 2674 scd

156 2722 299 2762 unam
325 2724 447 2778 qua:
497 2710 721 2765 obtinet
766 2710 1158 2780 principatum:
1189 2713 1259 2765 ita
1292 2713 1453 2765 etiam
1486 2715 1537 2766 in
1568 2714 1748 2784 pomi-

155 2801 305 2853 tentia
335 2802 452 2855 tunc
482 2812 575 2856 est
604 2804 872 2871 pra‘cipua
914 2802 1114 2865 herba,
1162 2813 1217 2857 et
1263 2804 1373 2867 ipsa
1427 2814 1595 2859 totum
1643 2814 1747 2861 est.

161 2891 282 2945 Audi
317 2893 464 2947 enim
498 2894 634 2963 quid
668 2894 848 2947 divina
877 2893 1019 2948 dicat
1047 2896 1358 2963 Scriptura:
1388 2894 1517 2950 Date
1536 2896 1754 2949 clcemo-

161 3000 345 3052 sgnum,
376 2994 423 3037 et
445 2986 628 3039 antnia
655 2994 801 3039 erunt
828 2986 965 3038 vobis
1005 2988 1197 3040 munda
1228 2987 1380 3057 (Luc.
1428 2990 1515 3043 ll.
1546 2991 1666 3058 ll);
1701 3000 1755 3045 ct

164 3075 362 3135 iterum,
399 3074 763 3146 Eleemosynis
798 3086 843 3130 et
871 3078 974 3145 ﬁde
1013 3082 1329 3131 inundantur
1360 3091 1564 3149 peccatu
1598 3080 1750 3145 (Tob.

165 3166 211 3221 ι.
241 3168 367 3237 ll);
417 3178 497 3232 ct,
553 3166 736 3239 Ignem
787 3170 1135 3238 ﬂammantem
1182 3172 1465 3241 exstingan
1510 3190 1661 3241 aqua,
1711 3182 1758 3226 et

168 3258 475 3328 elemosyna
504 3268 794 3327 compescet
830 3275 1017 3329 magna
1056 3271 1263 3329 peccato
1320 3259 1506 3331 (Eccli.
1540 3262 1593 3316 3.
1632 3263 1755 3330 53).

173 3348 358 3403 Deinde
388 3366 499 3404 non
536 3352 720 3413 irasci,
743 3365 917 3419 neque
936 3350 1144 3420 iujurim
1163 3363 1401 3422 accepta:
1422 3354 1757 3421 meminisse,

174 3439 407 3492 omnibus
440 3449 663 3509 peceata
717 3441 1040 3495 remittere:
1089 3440 1260 3495 Homo
1300 3443 1517 3509 homini,
1568 3445 1759 3512 inquit,

175 3540 377 3582 mereat
399 3532 558 3595 iram,
583 3543 629 3583 ct
654 3532 795 3600 apud
816 3530 1086 3585 Dominum
1107 3536 1286 3603 quaerit
1307 3535 1552 3589 medelam
1572 3536 1761 3608 (lfccli.

175 3617 257 3672 28.
284 3620 359 3688 3).
392 3622 682 3687 Remittitc,
730 3623 924 3692 inquit,
973 3633 1027 3677 ut
1066 3627 1353 3679 remittatur
1382 3630 1515 3682 vobis
1547 3629 1760 3699 (.llatt/t.

180 3713 226 3765 6.
256 3712 361 3783 tl).
395 3713 467 3767 Et
497 3714 690 3767 fratres
708 3714 776 3765 ab
801 3730 987 3769 errore
1004 3726 1356 3772 convertere:
1392 3718 1547 3782 Vnde,
1572 3721 1763 3789 inquit,

181 3812 221 3854 et
240 3816 469 3864 concert;
500 3809 685 3877 fratres
716 3814 828 3860 tuos
858 3805 1007 3879 (Luc.
1041 3807 1133 3862 29.
1167 3807 1282 3880 52),
1340 3821 1397 3865 ut
1425 3814 1769 3868 remittantur

185 3894 266 3949 tibi
299 3905 519 3964 peccata
554 3906 666 3949 tua.
700 3895 769 3949 Et
795 3912 854 3951 se
880 3898 930 3951 in
957 3899 1268 3955 sacerdotes
1301 3911 1355 3955 ut
1384 3905 1636 3958 convenit
1670 3921 1768 3975 ge-

186 4004 324 4043 rere:
350 3989 413 4042 Et
433 3990 479 4042 si
508 3990 703 4057 fecerit,
726 3990 913 4058 inquit,
938 3992 1189 4059 quispiam
1208 4004 1433 4063 peccatu,
1459 3998 1769 4051 remittantur

186 4082 227 4134 ei
250 4082 382 4151 (Jac.
408 4084 466 4137 5.
504 4084 630 4151 £5):
665 4098 758 4135 eos
788 4084 923 4137 tueri
957 4100 1018 4137 ac
1055 4098 1337 4155 prOtegere
1380 4088 1575 4157 quibus
1605 4090 1661 4141 lit
1689 4090 1771 4141 in-

185 4170 332 4239 juria,
366 4175 506 4227 iram
542 4189 647 4225 non
682 4175 902 4237 habere,
936 4176 1115 4229 omnia
1166 4177 1371 4247 placide
1415 4190 1469 4234 et
1497 4182 1775 4237 moderato

192 4263 335 4317 lerre.

255 4356 305 4409 5.
348 4356 545 4409 Annon
582 4356 891 4425 priusquam
915 4356 1258 4423 didicissetis,
1292 4362 1430 4430 quod
1474 4379 1570 4433 per
1599 4369 1773 4435 pmuio

197 4448 400 4499 tentiam
438 4446 582 4498 ablui
635 4457 857 4514 possunt
890 4460 1103 4517 peccata
1130 4494 1137 4507 .
1165 4456 1327 4505 eratis
1372 4457 1513 4507 anxii
1538 4499 1549 4514 ,
1596 4470 1650 4509 nt
1688 4461 1776 4528 qui

196 4539 393 4591 sciretis
430 4552 535 4590 llOll
569 4552 688 4590 esse
735 4538 873 4590 aliud
925 4541 1198 4594 lavacrum
1224 4585 1235 4598 .
1269 4556 1320 4595 et
1355 4548 1417 4595 ιιι·
1450 4549 1595 4597 voltis
1628 4568 1774 4605 sin-in

194 4624 540 4691 aiijeecratis?
568 4627 719 4682 Nunc
739 4638 918 4683 autem
948 4642 1067 4681 cum
1092 4643 1151 4681 ea
1179 4626 1497 4687 didieeritis,
1534 4640 1627 4693 per
1656 4638 1777 4693 quin

196 4728 327 4770 recte
358 4720 536 4789 agitur
586 4720 899 4786 pmnitentia
941 4728 992 4773 et
1023 4719 1271 4773 remissio
1294 4760 1308 4783 ,
1342 4727 1395 4771 et
1422 4715 1563 4787 quod
1592 4714 1771 4769 omnia

200 4811 481 4873 poterimus
512 4811 747 4881 effugere
769 4852 783 4875 ,
815 4812 857 4863 si
886 4827 946 4866 ea
974 4821 1186 4865 utemur
1226 4819 1281 4863 ut
1312 4820 1559 4879 oportet,
1590 4822 1781 4877 quam-

200 4915 309 4955 nam
340 4920 693 4972 assequemur
730 4904 939 4958 veniam
967 4943 984 4969 ,
1017 4904 1059 4957 si
1091 4919 1157 4958 ne
1202 4904 1253 4956 in
1299 4913 1532 4955 mentem
1565 4900 1780 4969 quidem

203 4994 344 5048 nobis
393 4998 615 5050 veniant
667 5005 847 5049 nostra
898 4995 1153 5064 peccata?
1202 4994 1330 5047 Nam
1362 4994 1405 5047 si
1452 4997 1553 5047 hoc
1591 5001 1736 5046 esset
1766 5034 1779 5056 ,

203 5088 367 5137 omnia
397 5096 579 5140 essent
608 5086 876 5140 confecta.
903 5086 1051 5140 Sient
1072 5086 1215 5140 enim
1245 5086 1331 5155 qui
1364 5087 1556 5138 ostium
1588 5093 1671 5137 est
1698 5083 1782 5135 in-

204 5188 406 5241 gressus
426 5218 442 5240 ,
467 5187 549 5229 cst
576 5177 718 5229 intus
745 5194 757 5230 :
792 5177 869 5231 sic
892 5178 980 5245 qui
1026 5177 1237 5246 propria
1274 5177 1408 5228 mala
1451 5176 1684 5244 cogitat,
1738 5174 1783 5227 si

206 5267 284 5319 illa
314 5279 568 5340 supputet
613 5272 856 5340 quotidie
876 5314 890 5336 ,
921 5272 1142 5325 omnino
1172 5271 1349 5325 veniet
1389 5269 1453 5323 ad
1480 5283 1664 5323 eorum
1694 5282 1785 5320 cu—

208 5362 457 5416 rationem
490 5382 501 5415 :
530 5363 612 5416 sin
641 5372 819 5417 autem
852 5362 993 5417 dicat
1018 5380 1031 5416 :
1061 5362 1191 5417 Sum
1219 5372 1493 5431 peccator,
1525 5376 1585 5413 ea
1606 5368 1785 5413 autem

208 5466 291 5515 per
336 5454 547 5521 species
575 5469 679 5507 non
712 5454 913 5525 cogitet
945 5470 1007 5509 ac
1045 5462 1299 5524 supputet
1324 5494 1337 5516 ,
1368 5463 1423 5507 et
1450 5467 1555 5506 n0n
1602 5451 1783 5505 dicat:

211 5538 311 5596 lloc
333 5556 385 5598 ct
432 5545 563 5598 illud
613 5557 889 5613 peccaturo
919 5545 1147 5611 admisi;
1182 5558 1472 5613 numquam
1507 5540 1783 5605 cessabit,

211 5646 417 5701 semper
461 5635 680 5705 quidem
710 5636 976 5690 coutitens
1000 5678 1014 5702 ,
1048 5651 1232 5691 curam
1258 5644 1435 5688 autem
1466 5633 1669 5686 nullam
1697 5648 1789 5703 ge-

214 5740 323 5780 rens
368 5730 744 5785 correctionis.
789 5729 921 5785 Nam
972 5732 1016 5787 si
1061 5731 1323 5801 cmperit,
1362 5730 1581 5783 omnino
1624 5729 1787 5783 etiam

212 5832 489 5886 sequentur
516 5822 618 5877 alia
634 5828 662 5889 ",
694 5821 740 5876 si
768 5822 820 5877 in
854 5838 959 5878 uno
988 5821 1288 5880 ostenderit
1313 5821 1549 5878 aditum:
1576 5835 1791 5890 semper

1834 2970 1989 3047 Quid
2026 2970 2205 3034 enim,
2240 2968 2326 3022 dic
2354 2982 2540 3037 qum-so
2569 3006 2585 3032 ,
2616 2979 2870 3036 magnum
2915 2963 3236 3017 existimas?
3264 2978 3459 3032 quam-

1853 3079 2015 3133 quam
2070 3071 2229 3132 putas
2287 3075 2537 3130 magnam
2585 3075 2707 3115 esse
2765 3058 3126 3129 dignitatem?
3173 3054 3461 3113 consulis?

1856 3170 1979 3207 nam
2012 3153 2111 3207 hac
2137 3154 2397 3223 dignitate
2439 3152 2643 3205 nullam
2674 3151 2947 3206 existimat
2979 3151 3171 3220 vulgus
3199 3164 3320 3206 esse
3347 3164 3463 3203 ma-

1849 3247 2047 3315 jorem.
2078 3247 2153 3300 Eo
2185 3260 2315 3315 ergo
2356 3245 2444 3313 qui
2475 3252 2623 3298 tanto
2652 3242 2748 3297 fuit
2790 3241 3084 3311 splendore
3108 3284 3122 3309 ,
3153 3242 3244 3309 qui
3276 3240 3371 3295 fuit
3408 3241 3461 3296 in

1856 3354 2048 3408 magna
2090 3338 2302 3391 habitus
2341 3336 2737 3401 admiratione,
2772 3335 2820 3391 is
2858 3336 2946 3404 qui
2981 3351 3087 3388 non
3116 3345 3199 3389 cst
3227 3334 3415 3389 consul
3442 3376 3458 3397 ,

1858 3432 1990 3486 nihil
2021 3431 2186 3485 habet
2216 3431 2392 3484 minus
2421 3448 2434 3483 :
2467 3440 2520 3484 ct
2550 3429 2639 3484 hic
2664 3440 2719 3485 et
2747 3430 2835 3485 ille
2866 3440 2950 3485 est
2982 3430 3033 3483 in
3061 3430 3251 3485 eadem
3288 3430 3465 3499 digni-

1859 3535 1966 3579 tate
1994 3543 2006 3579 :
2037 3525 2284 3579 similiter
2307 3522 2521 3593 utrique
2557 3523 2718 3592 paulo
2747 3532 2864 3593 post
2892 3537 2999 3576 non
3032 3532 3213 3576 erunt.
3237 3520 3467 3589 Quando

1858 3617 1953 3671 fuit
1987 3661 2001 3685 ,
2048 3628 2249 3687 quanto
2282 3626 2526 3684 tempore
2552 3656 2567 3680 ,
2616 3614 2707 3668 die"
2749 3614 2919 3668 mihi?
2948 3613 3179 3668 duorum
3210 3614 3419 3668 dierum
3442 3614 3469 3667 ?

1862 3709 1965 3763 hoc
1990 3710 2152 3763 etiam
2189 3708 2245 3761 tit
2279 3708 2329 3760 in
2358 3706 2585 3761 somnis.
2614 3704 2721 3760 Sed
2762 3714 2845 3760 est
2871 3748 2885 3772 ,
2920 3704 3093 3775 inquit
3121 3746 3137 3771 ,
3168 3708 3464 3761 somnium.

1860 3803 1929 3858 Et
1959 3801 2084 3871 quid
2125 3801 2274 3855 tum?
2302 3798 2441 3870 quod
2472 3799 2617 3854 enim
2664 3797 2724 3852 fit
2778 3798 3050 3861 interdiu,
3094 3813 3199 3851 non
3242 3805 3326 3853 est
3374 3812 3471 3851 so-

1862 3893 2116 3948 mnium?
2156 3892 2243 3946 die
2274 3891 2403 3945 mihi
2453 3906 2549 3945 cur
2578 3905 2685 3944 non
2741 3889 2856 3945 lucc
2898 3890 3068 3959 magis
3123 3888 3352 3944 dicimus
3382 3904 3472 3943 so-

1862 3989 2064 4042 mnium
2095 3986 2117 4038 ?
2149 3986 2219 4041 Ut
2245 3987 2391 4040 enim
2420 3984 2652 4049 somnia,
2683 3998 2805 4038 cum
2839 3984 2957 4038 dies
2988 3985 3301 4048 accesserit,
3336 3984 3469 4038 nihil

1865 4095 1984 4137 esse
2011 4081 2445 4135 convincuntur:
2481 4080 2551 4133 ita
2587 4088 2641 4131 et
2672 4078 2785 4132 bazc
2822 4086 2978 4131 nocte
3009 4086 3299 4148 appetente
3336 4076 3471 4131 nihil

1864 4182 2027 4227 sunt:
2063 4172 2398 4226 tantumdem
2430 4171 2575 4226 enim
2610 4170 2869 4238 temporis
2898 4180 2953 4225 et
2996 4185 3099 4224 nox
3143 4178 3198 4224 et
3228 4168 3346 4224 dies
3376 4184 3471 4222 ac-

1866 4266 2111 4335 cipiunt,
2159 4275 2213 4319 et
2266 4274 2435 4318 totum
2471 4272 2683 4332 tempus
2713 4279 2777 4317 ex
2811 4277 2967 4329 mqno
2998 4261 3263 4315 dividunt.
3321 4260 3473 4315 Sicut

1867 4377 1995 4431 ergo
2025 4361 2089 4414 iis
2122 4376 2239 4429 quze
2276 4368 2436 4412 noctu
2468 4357 2605 4411 facta
2640 4366 2766 4410 sunt
2808 4372 2913 4409 non
2943 4355 3158 4408 lm'atur
3187 4354 3473 4424 quisquam

1871 4452 2143 4505 interdiu:
2179 4453 2247 4503 ita
2302 4465 2402 4504 nec
2448 4448 2561 4503 licri
2609 4457 2783 4518 potest
2832 4456 2889 4501 ut
2938 4462 3101 4500 noetu
3151 4446 3355 4500 fruatur
3412 4446 3475 4499 iis

1872 4559 1989 4609 qttzc
2030 4541 2262 4594 interdiu
2298 4539 2432 4593 facta
2466 4548 2608 4592 sunt.
2646 4538 2815 4592 Fuisti
2849 4537 3079 4591 censui?
3124 4546 3176 4591 et
3207 4552 3307 4606 ego
3336 4552 3474 4606 quo-

1871 4650 1997 4701 que.
2048 4632 2151 4686 Sed
2196 4648 2296 4700 ego
2332 4640 2489 4685 uoetu
2516 4672 2529 4693 ,
2580 4641 2633 4684 et
2668 4640 2720 4684 tu
2771 4629 3024 4683 interdiu.
3062 4629 3197 4695 Quid
3231 4628 3379 4681 tum?
3410 4642 3476 4679 ne

1872 4726 1947 4779 sic
1976 4724 2189 4793 quidem
2224 4725 2339 4792 plus
2366 4722 2531 4776 habes
2560 4738 2718 4791 quam
2751 4737 2872 4790 ego.
2907 4720 3019 4775 Nisi
3055 4719 3193 4774 forte.
3223 4720 3363 4773 lumc
3390 4719 3473 4773 vel

1878 4817 2023 4868 illum
2073 4815 2176 4869 dici
2232 4815 2549 4874 eonSulem.
2603 4829 2722 4867 eam
2776 4828 2897 4882 qua:
2949 4828 3016 4865 ex
3072 4812 3255 4866 verbis
3304 4811 3477 4865 oritur

1875 4922 2069 4976 capere
2116 4907 2469 4974 voluptatem,
2502 4906 2623 4975 plus
2671 4904 2871 4958 habere
2901 4903 3065 4958 efticit
3104 4922 3115 4957 :
3150 4913 3206 4957 ut
3245 4903 3477 4971 exempli

1877 5016 2038 5053 causa
2062 5042 2076 5064 ,
2112 4999 2160 5054 id
2194 5000 2339 5052 enim
2365 4998 2540 5050 dicam
2571 4999 2810 5065 apertius
2833 5036 2846 5059 ,
2898 4998 2940 5049 si
2988 4996 3211 5051 dixero:
3254 4996 3347 5050 llic
3394 4996 3479 5050 vel

1881 5093 1965 5144 ille
1999 5092 2223 5156 consul,
2258 5100 2311 5144 et
2358 5089 2633 5143 donavcro
2667 5088 2768 5143 hoc
2809 5104 3044 5155 nomen,
3090 5104 3271 5143 annon
3321 5090 3481 5143 sintut

1880 5183 2083 5236 dctum
2108 5192 2189 5234 est
2216 5189 2269 5235 et
2305 5180 2475 5235 abiit?
2520 5182 2590 5235 Ita
2627 5197 2713 5236 res
2742 5196 2954 5250 quoque
2993 5198 3005 5233 :
3040 5182 3199 5235 simul
3238 5183 3483 5247 apparuit

1884 5267 2086 5329 C(inS‘Jl,
2116 5278 2170 5322 et
2202 5283 2305 5322 non
2338 5278 2422 5325 est
2451 5268 2704 5337 amplius.
2737 5267 3009 5323 Ponamus
3034 5280 3216 5324 autem
3243 5284 3443 5323 annum
3466 5310 3480 5332 ,

1884 5370 1933 5412 et
1965 5358 2099 5413 duos
2126 5375 2297 5413 annos
2321 5369 2375 5414 et
2398 5370 2506 5415 tres
2537 5371 2588 5414 et
2619 5368 2851 5430 quatuor
2878 5380 2888 5413 :
2917 5362 3003 5415 ubi
3028 5371 3154 5415 sunt
3183 5362 3270 5432 qui
3294 5362 3483 5415 decem

1878 5465 2049 5504 annos
2082 5450 2297 5506 fuerunt
2327 5454 2579 5508 consules
2599 5459 2622 5505 γ
2648 5452 2947 5522 Nusquam.
2976 5454 3081 5510 Sed
3112 5472 3217 5508 non
3240 5455 3317 5509 sic
3348 5454 3489 5509 Pau-

1880 5544 1959 5595 lus
1980 5563 1991 5595 :
2015 5559 2136 5597 nam
2164 5543 2585 5614 fuitsplcndidns
2611 5557 2720 5599 tum
2755 5545 2965 5611 vivens,
2994 5561 3099 5600 non
3125 5562 3288 5600 unum
3312 5546 3481 5614 diem,

1878 5651 1977 5689 nec
2018 5637 2155 5689 duos
2176 5677 2191 5699 ,
2223 5654 2395 5704 neque
2429 5638 2616 5691 decem
2638 5679 2651 5701 ,
2694 5653 2802 5691 non
2832 5638 3053 5707 viginti,
3084 5654 3183 5691 ncc
3218 5640 3431 5708 triginta
3465 5681 3479 5703 ,

1878 5744 2047 5797 neque
2074 5745 2243 5781 annos
2275 5731 2482 5790 decem.
2518 5746 2612 5783 nec
2646 5729 2852 5799 viginti,
2883 5746 2979 5783 nec
3009 5730 3256 5797 triginta;
3292 5732 3385 5785 sed
3427 5741 3483 5785 et

1878 5832 1956 5875 ιιδι
1992 5831 2231 5875 mortuus
2253 5864 2267 5887 ,
2301 5834 2353 5876 et
2380 5822 2943 5893 quadringentesimus
2984 5838 3154 5875 annus
3183 5822 3291 5889 jam
3339 5836 3499 5891 [πω-ν
