4042 6430
709 434 779 493 83
1499 443 1555 497 S.
1598 442 1862 501 JOANNIS
1899 442 2369 500 CIIRYSOSTOMI
2409 442 2717 501 ARCHIEP.
2760 442 3287 499 CONSTANTINOP.
3865 450 3934 508 ιιι

686 536 824 587 teriit
850 536 926 605 (α)
947 577 960 600 ,
995 548 1046 593 et
1076 540 1249 596 adhuc
1277 557 1414 596 nunc
1441 552 1522 596 Cal
1549 545 1766 608 clarior,
1795 557 1846 600 et
1872 551 2040 603 multo
2063 552 2257 605 clarior

678 638 837 691 quam
867 626 1078 694 quando
1110 628 1337 682 vivebat.
1370 627 1434 683 Et
1466 628 1579 683 haec
1600 631 1815 699 quidem
1846 632 1895 685 in
1921 640 2059 685 terra
2086 650 2098 685 :
2126 648 2253 688 san-

677 723 885 767 ctorum
920 726 1095 769 autem
1127 718 1446 783 claritatem,
1476 734 1594 789 qua:
1613 729 1695 775 est
1722 722 1773 775 in
1805 722 1974 788 caelis,
2006 736 2250 791 qua'nam

676 804 955 870 explicarit
975 806 1186 860 oratio?
1211 808 1588 876 Quamobrem,
1612 826 1759 881 rogo,
1789 811 1924 867 hanc
1948 828 2249 882 quteramus

736 1068 807 1129 (ιι)
832 1065 974 1129 Stepe
996 1058 1602 1129 vidimusichrysostomum
1626 1051 1675 1099 in
1705 1055 1980 1109 temporum
2004 1044 2250 1101 computa-

675 1127 807 1178 tione
832 1140 925 1176 non
951 1127 1014 1175 ita
1037 1128 1311 1172 accuratum
1336 1128 1463 1167 esse.

689 1307 768 1315 -νυ
784 1303 982 1313 ’.ν-...-
998 1304 1013 1309 υ
1027 1295 1683 1308 -.-...—————————_..—_———~

678 1505 802 1561 CAP.
835 1502 887 1557 6.
931 1518 981 1554 v.
1012 1498 1065 1552 7.
1112 1493 1269 1553 Terra
1294 1496 1427 1549 enim
1451 1509 1584 1562 ωερε
1612 1491 1885 1545 venientem
1913 1505 2062 1558 super
2086 1505 2137 1541 se
2165 1487 2244 1539 bi-

748 1598 865 1649 bens
891 1592 1097 1647 intbrent
1121 1632 1136 1657 ,
1160 1599 1205 1643 et
1233 1587 1522 1654 germinans
1548 1584 1752 1637 herbam
1777 1590 2114 1650 opportunam
2143 1580 2247 1632 illis

746 1706 777 1741 a
797 1687 972 1758 quibus
993 1684 1195 1745 colitur,
1215 1680 1403 1748 accipit
1428 1676 1823 1732 benedictionem
1852 1690 1881 1726 α
1904 1671 2036 1736 Deo;
2058 1672 2109 1726 8.
2132 1688 2250 1740 pro-

748 1782 913 1848 ferens
941 1787 1108 1831 autem
1138 1774 1311 1845 spinas
1337 1782 1381 1826 et
1424 1769 1655 1831 tribulos,
1686 1766 1903 1833 reprobo
1929 1774 2001 1817 est
2048 1773 2092 1816 et
2138 1779 2246 1816 ma-

746 1873 928 1928 ledicto
982 1869 1215 1939 proxima
1257 1883 1274 1919 :
1319 1865 1465 1935 cujus
1518 1859 1883 1917 consummatio
1940 1855 1994 1910 in
2045 1855 2245 1909 combu-

745 1966 977 2018 stionem.

755 2059 805 2109 l.
854 2054 926 2121 ia)
957 2053 1085 2107 Cum
1114 2051 1303 2103 timore
1331 2045 1605 2099 audiamus
1632 2039 1726 2097 Dei
1754 2039 1960 2110 eloquia
1987 2055 2002 2104 ;
2036 2053 2153 2092 cum
2186 2036 2249 2090 ti-

682 2164 830 2203 more
851 2158 901 2200 et
931 2145 1095 2199 mttlto
1119 2153 1349 2196 tremore
1377 2160 1387 2191 :
1415 2137 1608 2194 Servite
1628 2137 1788 2199 enim,
1818 2135 2005 2202 inquit,
2032 2128 2249 2185 Domino

675 2241 726 2293 in
758 2240 948 2299 timore,
975 2246 1019 2288 et
1048 2233 1294 2288 cxsultate
1334 2231 1379 2284 ei
1423 2246 1535 2282 cum
1581 2237 1793 2280 tremore
1837 2224 2006 2293 (Psul.
2036 2223 2090 2277 2.
2127 2221 2239 2291 il).

679 2330 734 2385 Si
778 2340 951 2383 autem
996 2337 1049 2379 ιιι
1089 2324 1335 2394 gaudium
1370 2330 1611 2376 nostrum
1642 2328 1695 2373 et
1735 2317 2021 2371 exsultatio
2064 2325 2247 2369 nostra

682 2421 841 2474 debet
883 2433 1000 2473 esse
1029 2432 1147 2472 cum
1182 2426 1415 2468 tremore
1450 2428 1462 2463 :
1503 2409 1716 2480 quando
1744 2408 1901 2462 etiam
1931 2422 1991 2461 ea
2020 2422 2137 2475 qua:
2165 2406 2247 2459 di-

678 2518 870 2563 cuntur
911 2516 1029 2561 sunt
1079 2502 1333 2559 terribilia
1363 2543 1376 2567 ,
1417 2510 1476 2554 ut
1520 2515 1695 2564 nunc,
1725 2513 1831 2567 quo
1856 2495 2113 2565 supplicio
2146 2512 2247 2547 non

678 2615 862 2655 sumus
889 2598 1066 2666 digni,
1095 2597 1137 2650 si
1168 2611 1226 2649 ea
1259 2609 1377 2663 quae
1406 2592 1654 2646 dicuntur
1681 2605 1785 2642 non
1818 2586 2099 2641 audiamus
2125 2600 2244 2639 cuzn

681 2688 947 2745 treniore?
976 2689 1105 2741 Cum
1153 2686 1384 2739 dixisset
1426 2682 1537 2736 ﬁeri
1581 2696 1684 2735 non
1730 2693 1887 2748 posse
1916 2677 2083 2745 utqui
2118 2675 2251 2743 lapsi

680 2784 1034 2855 supt.iternm
1086 2780 1435 2847 baptizentur,
1466 2784 1518 2829 et
1548 2773 1919 2827 remissionem
1948 2785 2040 2839 per
2067 2768 2238 2836 b.tpti«

684 2890 852 2926 snnnn
882 2872 1056 2923 denuo
1082 2868 1377 2936 accipiant,
1418 2873 1471 2919 et
1515 2862 1837 2919 ostendisset
1875 2874 2031 2930 quam
2078 2860 2118 2911 si
2165 2873 2250 2911 res

686 2966 966 3022 horrenda.
991 2960 1258 3029 subiungit
1285 2979 1297 3013 :
1325 2956 1480 3011 Terra
1502 2954 1630 3010 cnint
1653 2971 1786 3023 stupe
1806 2953 2078 3007 venientem
2101 2968 2251 3018 super

684 3074 737 3108 se
754 3056 919 3107 bibens
944 3054 1168 3111 imbrem,
1195 3061 1237 3103 et
1258 3050 1542 3119 germinans
1564 3047 1766 3099 herbam
1789 3051 2125 3112 Opportunum
2150 3040 2252 3093 illis

687 3166 773 3216 per
795 3163 917 3217 quos
948 3146 1150 3203 colitur.
1184 3143 1366 3210 accipit
1398 3136 1789 3194 benedictionem
1829 3152 1859 3188 a
1906 3133 2047 3197 Deo;
2092 3136 2261 3202 profe-

686 3258 802 3293 rens
827 3247 992 3289 autem
1021 3238 1192 3304 spinas
1222 3243 1265 3287 et
1293 3232 1501 3286 tribulos
1528 3230 1740 3300 reproba
1770 3237 1842 3282 est
1864 3268 1875 3290 ,
1907 3237 1951 3279 et
1994 3224 2260 3277 maledicto

689 3330 916 3397 proxima
941 3345 957 3379 :
982 3327 1122 3395 cujus
1149 3323 1510 3378 consummatio
1532 3325 1581 3375 in
1609 3320 2019 3375 combustionem.
2050 3312 2262 3369 Timea-

688 3436 806 3474 mus
831 3433 956 3487 ergo
978 3460 992 3481 ,
1022 3433 1054 3469 o
1084 3414 1267 3470 dilecti
1292 3432 1304 3465 :
1336 3430 1444 3468 non
1472 3422 1596 3468 sunt
1634 3411 1780 3466 Pauli
1814 3410 1895 3462 ha:
1928 3408 2085 3461 mium
2109 3448 2122 3471 ,
2155 3420 2260 3459 non

686 3523 811 3579 sunt
838 3511 997 3565 verba
1029 3508 1262 3563 hominis
1288 3525 1300 3559 :
1326 3516 1449 3561 sunt
1479 3504 1706 3574 Spiritus
1732 3502 1925 3563 sancti,
1955 3507 2080 3552 sunt
2102 3496 2259 3551 Chri-

688 3603 779 3668 sti,
812 3602 898 3670 qui
929 3602 979 3654 in
1010 3601 1127 3669 ipso
1155 3598 1410 3667 loquitur.
1465 3596 1628 3649 Estne
1654 3608 1781 3663 ergo
1808 3590 2000 3659 aliquis
2033 3587 2262 3641 mundus

691 3693 759 3747 ab
790 3692 874 3745 his
904 3689 1109 3759 Spinis?
1137 3687 1289 3754 Quod
1322 3689 1365 3741 si
1395 3686 1555 3740 etiam
1585 3696 1829 3738 essemus
1858 3679 2061 3741 mundi,
2092 3693 2157 3732 ne
2188 3683 2263 3731 sic

686 3776 896 3848 quidem
924 3772 1193 3830 conﬁdere
1214 3778 1479 3841 oporteret
1500 3810 1515 3832 ,
1545 3766 1637 3822 sed
1670 3769 1853 3821 timere
1879 3776 1930 3820 et
1967 3775 2200 3818 tremere
2218 3806 2233 3829 ,

686 3884 756 3923 ne
782 3866 833 3921 in
860 3862 1013 3919 nobis
1037 3862 1343 3933 germinent
1362 3860 1526 3929 spinae
1550 3875 1563 3911 ε
1597 3872 1715 3912 eum
1758 3866 1933 3911 autem
1966 3856 2057 3909 toti
2084 3855 2237 3924 peni-

686 3969 771 4013 tus
816 3956 979 4010 simus
1024 3955 1188 4024 spina:
1232 3962 1286 4006 et
1330 3947 1539 4013 tribuli,
1570 3947 1832 4002 undenam
1858 3988 1871 4011 ,
1899 3946 1983 4000 dic
2028 3960 2235 4014 quzeso,

691 4047 1033 4109 confidimus,
1061 4054 1113 4099 et
1147 4043 1319 4111 supini
1363 4041 1637 4111 ignavique
1668 4038 1975 4093 reddimur?
2004 4036 2127 4105 quid
2156 4043 2240 4090 est

690 4137 827 4207 quod
862 4152 953 4189 nos
986 4134 1107 4188 facit
1134 4134 1350 4202 ignavos
1377 4141 1428 4184 et
1457 4130 1742 4184 socordes?
1767 4129 1819 4182 Si
1846 4128 1890 4182 is
1915 4129 2001 4197 qui
2028 4127 2239 4181 videtur

688 4240 847 4288 stare,
873 4226 1030 4280 debet
1054 4225 1237 4278 timere
1260 4240 1323 4277 ne
1344 4222 1496 4276 cadat
1520 4239 1531 4273 :
1561 4236 1677 4274 nam
1701 4222 1783 4286 qui
1809 4221 2021 4283 videtur,
2044 4219 2234 4286 inquit,

689 4329 837 4379 stare,
873 4312 1031 4368 videat
1077 4332 1135 4367 ne
1175 4312 1319 4365 cadat
1364 4312 1437 4379 (l.
1462 4308 1578 4365 Cor.
1608 4311 1689 4363 lO.
1720 4310 1802 4377 ιιι)
1837 4328 1847 4360 :
1882 4310 1969 4377 qui
2005 4310 2235 4375 cecidit,

690 4424 847 4477 quam
892 4406 1048 4459 debet
1090 4420 1209 4459 esse
1256 4404 1513 4457 sollicitus
1542 4411 1596 4453 ut
1625 4401 1901 4469 resurgat?
1944 4400 1997 4454 Si
2040 4398 2235 4454 Paulus

692 4502 839 4554 timet
866 4514 929 4552 ne
960 4512 1077 4550 cum
1110 4497 1229 4549 aliis
1260 4493 1619 4563 przedicaverit
1640 4535 1652 4553 ,
1690 4491 1798 4560 ipse
1847 4492 1934 4545 liat
1976 4492 2236 4560 reprobus

687 4589 895 4655 (LCor.
923 4588 975 4641 9.
1002 4585 1115 4655 27),
1141 4586 1331 4655 quiest
1358 4584 1488 4638 adeo
1519 4584 1754 4651 probus:
1783 4598 1878 4636 nos
1907 4585 1992 4652 qui
2020 4581 2126 4651 jam
2158 4584 2238 4638 fa-

690 4684 757 4736 cti
804 4696 983 4734 sumus
1027 4679 1270 4744 reprobi,
1303 4691 1580 4744 quamnam
1610 4690 1955 4744 assequemur
1989 4678 2191 4729 veniam
2218 4716 2232 4739 ,

689 4789 805 4827 com
854 4770 983 4823 nihil
1022 4770 1317 4829 timeamus,
1346 4767 1435 4818 sed
1486 4774 1749 4832 tamquam
1796 4766 2233 4819 cousnetudinem

684 4859 1144 4917 Christianismum
1189 4857 1534 4924 impleamus,
1569 4862 1622 4908 et
1685 4869 1712 4907 τ)
1755 4855 1938 4909 leviter
1977 4855 2231 4924 defunga-

685 4953 832 5007 mur?
862 4951 1163 5006 Timeamus
1196 4964 1350 5016 ergo,
1381 4963 1411 5001 0
1457 4947 1663 5011 dilecti;
1698 4948 1965 5001 Revelatur
1994 4951 2123 5002 enim
2155 4951 2232 5003 ira

686 5045 779 5099 Dei
807 5045 866 5095 de
894 5044 1015 5096 ctclo
1040 5037 1209 5109 (Rom.
1238 5042 1287 5092 i.
1316 5040 1397 5103 18)
1427 5056 1438 5091 :
1467 5040 1772 5101 timeamus;
1804 5040 2064 5095 revelatnr
2092 5044 2230 5097 enim

684 5152 783 5189 non
815 5134 982 5188 solum
1014 5131 1267 5185 adversus
1296 5130 1637 5197 impietatem,
1670 5130 1760 5182 sed
1794 5131 1949 5184 etiam
1975 5132 2229 5187 adversus

682 5239 890 5276 oinnem
913 5222 1260 5290 iniquitatem,
1286 5228 1340 5273 et
1369 5235 1580 5286 parvam
1607 5228 1660 5272 et
1689 5235 1948 5289 magnam.
1984 5222 2078 5276 Hic
2105 5223 2230 5276 sub-

684 5316 875 5368 indicat
908 5314 994 5367 Dei
1031 5311 1402 5379 benignitatem
1426 5321 1477 5363 et
1498 5311 1847 5363 clementiam.
1874 5312 2098 5366 lmbrem
2129 5331 2228 5369 au-

682 5416 783 5458 tem
814 5402 937 5457 dicit
965 5402 1289 5463 doctrinam;
1323 5411 1373 5455 et
1400 5400 1537 5470 quod
1567 5402 1811 5467 superius
1834 5402 2041 5456 dicebat
2061 5447 2075 5468 ,
2108 5406 2229 5459 Cum

679 5497 915 5549 deberetis
945 5510 1047 5547 esse
1076 5492 1295 5560 magistri
1339 5500 1534 5559 pr0pter
1574 5508 1797 5560 tempus,
1830 5493 1876 5545 id
1911 5492 1993 5546 hic
2023 5511 2231 5564 quoque

678 5589 822 5641 dicit.
882 5589 945 5639 Et
988 5583 1167 5639 multis
1212 5583 1261 5634 in
1309 5582 1435 5636 locis
1465 5583 1738 5649 Scriptura
1770 5584 2064 5638 doctrinam
2097 5586 2222 5641 dicit

746 5717 817 5797 lla)
840 5718 1041 5797 lnfdit.
1066 5719 1256 5797 alorci“
1297 5721 1399 5797 huic
1434 5722 1997 5797 bendi-adecimaioeipit
2022 5748 2131 5797 pag.
2150 5737 2257 5786 79b.

682 5778 971 5853 {Tull-utero,
998 5783 1186 5853 omissis
1203 5786 1444 5853 omnibus,
1473 5786 1713 5853 humili-nn
1739 5778 2259 5853 tociiii'ii'in'eiﬁii'6;

683 5839 949 5889 ltortatiznie
975 5855 1082 5903 qum
1109 5843 1294 5891 initium
1324 5845 1465 5894 habet
1492 5854 1539 5893 Χ.
1568 5850 1611 5895 4.

2349 555 2643 610 claritatem
2664 595 2678 616 ,
2708 553 2846 607 hanc
2876 568 3277 621 persequamur,
3314 562 3368 605 ut
3394 566 3794 622 assequamur:
3825 551 3941 605 h-t-e

2349 649 2492 703 enim
2530 656 2612 701 cst
2639 663 2756 716 qua:
2787 656 2869 701 est
2900 661 3025 700 vere
3052 646 3287 700 claritas.
3320 644 3558 700 Tandem
3586 645 3940 700 discedant-us

2348 740 2413 792 ab
2440 740 2504 793 iis
2535 754 2653 807 qua:
2694 738 2762 793 ad
2800 739 2937 792 hanc
2966 738 3124 790 vitam
3156 739 3425 808 pertinent
3464 755 3477 791 :
3509 747 3566 791 ιιι
3597 738 3940 791 inveniamus

2348 834 2570 903 gratiam
2620 841 2675 886 et
2725 830 3148 886 misericordiam
3190 830 3241 883 in
3277 830 3491 885 Christo
3533 830 3663 884 Jesn
3710 830 3941 882 Domino

2348 932 2554 989 nostro,
2583 937 2704 978 cum
2727 936 2833 991 quo
2855 920 2997 975 Patri
3021 936 3124 974 una
3153 935 3271 974 cum
3297 930 3484 976 sancto
3510 920 3715 989 Spiritu
3740 920 3938 989 gloria,

2350 1012 2631 1083 imperium
2654 1051 2668 1078 ,
2704 1011 2874 1066 honor
2900 1020 2955 1065 et
2984 1009 3247 1077 adoratio,
3278 1024 3421 1065 nunc
3448 1019 3503 1066 et
3527 1025 3770 1080 semper,
3804 1020 3855 1062 et
3888 1011 3938 1061 iu

2347 1104 2544 1160 saecula
2570 1103 2911 1158 saeuior-um.
2948 1104 3141 1157 Amen.

2842 1286 3115 1294 .___———.

2088 1292 2585 1402 suum.

2364 1499 2586 1557 imbrem
2613 1521 2625 1557 :
2650 1497 2906 1555 Mandabo
2932 1502 3072 1556 enim
3093 1544 3108 1568 ,
3137 1504 3324 1574 inquit,
3358 1503 3565 1563 nubibus
3594 1528 3656 1567 ne
3681 1516 3738 1568 in
3767 1514 3933 1583 ipsam

2363 1592 2537 1662 pluunt
2562 1594 2768 1647 imbrem
2796 1591 2945 1662 (Isai.
2969 1595 3023 1649 5.
3058 1592 3167 1666 6).
3198 1593 3420 1665 loquens
3449 1598 3515 1655 de
3548 1602 3706 1658 vinea
3744 1623 3756 1657 :
3789 1606 3931 1675 qltnd

2358 1685 2567 1753 quidem
2598 1680 2724 1740 alibi
2753 1694 2903 1739 vocat
2920 1684 3118 1753 famem
3150 1688 3304 1756 panis
3322 1698 3375 1742 et
3396 1691 3537 1744 sitim
3565 1709 3723 1764 aquae
3748 1696 3928 1769 (Amos

2358 1776 2409 1830 8.
2447 1777 2565 1844 Η).
2612 1774 2680 1830 Εῑ
2726 1777 2912 1831 iterum
2948 1794 2959 1830 :
3001 1776 3213 1831 Flavius
3260 1778 3355 1833 Dei
3396 1784 3615 1850 repletus
3661 1798 3739 1840 est
3784 1794 3928 1856 (tr/nis

2360 1862 2527 1935 (Psul.
2555 1865 2640 1920 6i.
2670 1865 2777 1934 iO).
2812 1866 2963 1920 Terra
2989 1870 3141 1930 enim,
3172 1869 3355 1937 inquit.
3380 1887 3512 1939 saepe
3541 1876 3818 1930 venientem
3843 1897 3927 1930 su-

2354 1972 2441 2024 per
2481 1972 2534 2008 se
2578 1954 2745 2010 bibens
2784 1957 3009 2011 imbrem.
3057 1959 3152 2013 llic
3179 1961 3407 2016 ostendit
3436 1965 3575 2033 quod
3610 1976 3665 2021 et
3696 1972 3921 2024 verbum

2349 2049 2651 2118 acceperint
2672 2092 2685 2111 ,
2718 2059 2771 2104 et
2800 2048 2955 2104 simul
2984 2050 3215 2106 biberint
3246 2095 3261 2119 ,
3286 2063 3339 2107 et
3371 2055 3419 2108 id
3451 2070 3593 2125 saepe
3624 2060 3739 2114 sint
3767 2078 3920 2117 asse-

2348 2135 2515 2207 qunti,
2541 2154 2637 2194 nec
2666 2134 2715 2193 id
2747 2150 2916 2196 tamen
2941 2143 3016 2195 eis
3044 2142 3319 2211 profuerit.
3344 2140 3396 2200 Si
3422 2148 3691 2216 agricolas,
3720 2152 3916 2222 inquit,

2347 2244 2505 2297 opera
2539 2245 2641 2283 non
2673 2228 2863 2286 fuisses
2892 2232 3078 2296 cultus,
3120 2233 3163 2286 si
3196 2234 3452 2290 imbribus
3481 2223 3585 2293 non
3616 2256 3772 2298 esses
3802 2243 3919 2297 irri-

2344 2334 2495 2390 gatus
2514 2364 2529 2388 ,
2563 2339 2664 2377 non
2693 2336 2835 2378 esset
2861 2333 3058 2378 tantum
3097 2327 3291 2380 malum
3326 2346 3337 2380 :
3367 2344 3486 2381 nam
3514 2331 3574 2387 Si
3615 2350 3719 2386 non
3748 2339 3883 2388 venis
3903 2367 3917 2375 -

2352 2422 2475 2468 sem,
2508 2402 2695 2477 inquit,
2729 2422 2773 2461 et
2800 2411 2868 2462 eis
2896 2428 2992 2462 non
3016 2414 3217 2479 fuissem
3248 2415 3497 2479 loquutus,
3532 2425 3793 2482 peccatum
3826 2431 3923 2465 non

2353 2499 2636 2553 habuissent
2676 2500 2855 2569 (Joan.
2904 2502 2988 2556 15.
3034 2501 3107 2555 9.2
3129 2500 3147 2572 )
3173 2519 3185 2553 :
3215 2503 3256 2554 si
3285 2515 3461 2557 autem
3489 2519 3631 2573 smpe
3660 2506 3843 2559 bibisti
3872 2512 3923 2556 et

2353 2589 2643 2657 accepisti,
2674 2605 2768 2643 cur
2811 2605 2902 2657 pro
2931 2589 3188 2644 fructibus
3217 2592 3319 2645 alia
3354 2593 3683 2661 produxisti?
3724 2593 3921 2659 Exspe-

2348 2679 2498 2742 ctavi,
2529 2680 2716 2747 inquit,
2742 2690 2793 2730 ut
2824 2684 3007 2748 faceret
3035 2698 3201 2743 uvam,
3233 2684 3349 2750 fecit
3374 2694 3536 2737 autem
3560 2685 3739 2749 spinas
3768 2679 3918 2753 (lsai.

2351 2767 2401 2821 6.
2429 2769 2508 2833 9.).
2541 2769 2697 2822 Vides
2718 2771 2855 2838 quod
2888 2772 3156 2841 Scriptura
3185 2772 3378 2842 ubique
3404 2773 3584 2841 spinas
3614 2784 3771 2828 vocat
3802 2788 3921 2847 pec.

2350 2857 2505 2911 cata?
2534 2858 2661 2911 Nam
2687 2871 2737 2913 et
2765 2860 2922 2914 David
2947 2861 3072 2915 dicit
3102 2880 3113 2914 :
3144 2862 3415 2917 Conversus
3436 2881 3545 2917 sum
3566 2865 3617 2917 in
3637 2878 3919 2918 aerumnam

2350 2948 2469 3000 dum
2485 2948 2607 3001 mihi
2628 2948 2786 3015 inﬁxa
2804 2960 2873 3001 est
2886 2952 3031 3018 spina
3050 2949 3219 3020 (Psal.
3236 2952 3295 3005 3|
3311 2991 3324 3005 .
3344 2953 3420 3020 4).
3444 2952 3558 3007 Non
3583 2954 3759 3007 solum
3780 2954 3914 3006 enim

2352 3040 2664 3109 ingreditur,
2699 3041 2789 3097 scd
2819 3043 2977 3098 etiam
3009 3043 3244 3110 infigitur
3274 3061 3286 3096 :
3318 3052 3371 3097 et
3396 3045 3440 3097 si
3469 3059 3654 3113 parum
3684 3045 3802 3114 ejus
3834 3060 3916 3097 re—

2351 3144 2594 3196 maneat,
2624 3144 2670 3187 et
2720 3152 2819 3188 non
2868 3147 3033 3192 totum
3080 3137 3255 3207 ipsum
3301 3136 3696 3199 exemerimus,
3734 3151 3912 3203 parum

2352 3222 2477 3276 illud
2508 3240 2654 3293 atque
2687 3226 2843 3281 infert
2884 3229 3123 3283 dolorem
3146 3271 3159 3293 ,
3202 3232 3361 3299 atque
3390 3226 3444 3279 in
3469 3226 3640 3294 spina.
3690 3228 3754 3281 Et
3792 3226 3910 3294 quid

2352 3312 2469 3366 dico
2488 3315 2654 3382 ipsum
2682 3319 2899 3384 parum?
2920 3323 3081 3373 etiam
3108 3331 3383 3389 pOSIquam
3408 3319 3562 3376 fuerit
3588 3328 3910 3384 exemptum.

2352 3405 2439 3458 diu
2472 3407 2705 3461 immittit
2732 3409 2897 3478 plagm
2916 3410 3185 3465 dolorem:
3210 3412 3434 3481 ideoque
3456 3415 3619 3467 multa
3647 3408 3911 3468 medicina

2350 3509 2481 3562 opus
2505 3506 2587 3549 est
2613 3508 2662 3550 et
2695 3501 2991 3565 curatione,
3024 3510 3081 3555 ut
3112 3502 3343 3570 perfecte
3374 3504 3663 3558 liberemur
3690 3523 3707 3561 :
3742 3516 3910 3571 neque

2348 3585 2487 3638 enim
2536 3598 2804 3655 peccatum
2855 3592 3027 3644 solum
3074 3592 3309 3648 eximere
3352 3594 3565 3659 sufficit,
3608 3595 3703 3649 sed
3750 3594 3906 3647 etiam

2348 3685 2556 3741 Oportet
2589 3693 2777 3731 curare
2826 3681 2997 3733 locum
3028 3696 3359 3749 percussum.
3398 3684 3500 3738 Sed
3533 3684 3693 3738 timeo
3721 3700 3787 3737 ne
3818 3696 3908 3736 no-

2350 3764 2431 3819 bis
2456 3768 2621 3836 magis
2649 3769 2910 3836 dicantur,
2953 3787 3108 3841 quam
3155 3774 3270 3826 aliis
3311 3774 3514 3828 dicatur
3556 3774 3683 3829 illud
3708 3818 3722 3835 .
3760 3774 3909 3827 Terra

2350 3857 2500 3921 cnim,
2534 3858 2719 3928 inquit,
2752 3876 2882 3928 stepe
2910 3878 3058 3930 super
3086 3878 3139 3915 se
3171 3864 3441 3916 venientem
3469 3863 3637 3918 bibens
3666 3860 3909 3918 imbrem:

2348 3960 2561 4017 semper
2589 3952 2729 4004 enim
2761 3952 3009 4015 bibimus,
3038 3968 3250 4022 semper
3280 3954 3556 4010 audimus:
3595 3956 3688 4010 sed
3721 3958 3907 4010 humo-

2347 4054 2461 4094 rent
2490 4042 2663 4095 statim
2693 4043 2979 4109 perdimus,
3011 4044 3217 4097 oriente
3245 4046 3382 4111 sole,
3407 4054 3458 4099 et
3491 4056 3771 4115 propterea
3800 4046 3905 4115 spio

2348 4145 2444 4184 nas
2474 4129 2762 4183 efferimus.
2797 4132 3049 4198 Quaenam
3082 4142 3205 4186 sunt
3230 4149 3358 4203 ergo
3388 4136 3590 4204 spinae?
3616 4137 3905 4191 Audiamus

2345 4221 2613 4276 Christum
2642 4222 2926 4289 dicentem,
2957 4224 3095 4289 quod
3119 4226 3421 4280 sollicitudo
3446 4230 3600 4296 hujus
3629 4230 3831 4288 saeculi.
3856 4236 3906 4280 et

2349 4312 2553 4368 fallacia
2581 4314 2880 4368 divitiarum
2911 4317 3133 4371 sull'ocat
3162 4320 3418 4383 verbum,
3449 4328 3504 4373 et
3535 4320 3588 4373 fit
3618 4320 3895 4390 inlrngife-

2349 4420 2462 4457 rum
2490 4404 2637 4473 (Luc.
2666 4405 2716 4458 8.
2754 4406 2862 4471 li).
2892 4406 3047 4458 Terra
3072 4408 3225 4473 enim,
3261 4410 3448 4477 inquit,
3485 4425 3617 4476 δαέρα
3637 4412 3891 4463 veniente»

2346 4510 2494 4563 super
2519 4512 2573 4549 se
2596 4496 2765 4549 bibens
2795 4498 3031 4561 imbrem,
3062 4509 3106 4551 et
3147 4501 3432 4569 germinans
3475 4502 3675 4555 herbam
3728 4516 3907 4572 oppor-

2347 4598 2538 4641 tunam.

2416 4680 2472 4732 2.
2514 4680 2647 4733 Nihil
2692 4690 2772 4734 est
2812 4682 2944 4736 adeo
2983 4693 3389 4751 Opportunum,
3420 4695 3475 4738 ιιι
3518 4686 3635 4740 vit:e
3670 4688 3908 4757 puritas;

2349 4774 2476 4825 nihil
2502 4774 2637 4827 adeo
2661 4789 2998 4827 numerosum
3024 4791 3083 4829 ac
3104 4778 3445 4842 concinnum,
3477 4789 3529 4831 ut
3557 4781 3656 4831 vita
3684 4782 3899 4848 optima.

2348 4862 2477 4918 nihil
2506 4864 2639 4919 adeo
2665 4882 2982 4936 congruens,
3015 4878 3068 4920 nt
3095 4870 3277 4922 virtus.
3307 4870 3367 4922 Et
3386 4870 3690 4941 germinans.
3719 4872 3898 4939 inquit,

2348 4956 2550 5010 herbam
2570 4967 2909 5026 opportunam
2939 4961 3041 5013 illis
3067 4978 3095 5011 a
3124 4960 3301 5027 quibus
3332 4963 3535 5027 colitur,
3563 4965 3748 5029 accipit
3772 4961 3919 5014 bene.»

2348 5044 2613 5099 dictionem
2661 5064 2691 5098 a
2743 5046 2869 5099 Deo.
2928 5048 3021 5101 llic
3070 5048 3195 5101 dicit
3250 5051 3409 5103 Deum
3462 5066 3579 5103 esse
3635 5063 3899 5103 auctori-nt

2350 5139 2582 5189 omnium
2608 5178 2619 5196 .
2648 5138 2860 5191 Graecos
2889 5139 3083 5191 sensim
3121 5138 3313 5191 feriens
3340 5182 3351 5195 .
3398 5141 3485 5205 qui
3526 5140 3701 5192 virtuti
3752 5152 3895 5191 lt‘t'l‘n!

2347 5225 2655 5281 adscribunt
2674 5225 2939 5279 fructuum
2965 5224 3381 5294 generationem.
3400 5222 3583 5293 Neque
3602 5221 3744 5276 enim
3772 5227 3904 5276 sunt.

2347 5318 2551 5389 inquit,
2580 5333 2769 5373 manus
2804 5317 3154 5386 agricolarum
3185 5331 3303 5384 qua:
3332 5315 3502 5384 ipsam
3534 5324 3730 5368 terram
3764 5308 3907 5367 exci-

2350 5418 2462 5462 tant
2501 5409 2566 5462 ad
2605 5409 2805 5461 fructus
2832 5406 3101 5468 ferendos,
3136 5406 3227 5461 sed
3258 5406 3349 5460 Dei
3377 5406 3558 5474 jussus
3591 5423 3604 5458 :
3636 5412 3905 5473 propterea

2351 5501 2478 5553 dicit
2504 5518 2519 5555 :
2548 5499 2738 5567 Accipit
2773 5498 3169 5551 benedictionem
3195 5514 3224 5549 a
3249 5496 3374 5550 Deo.
3411 5496 3541 5549 \‘ide
3568 5504 3743 5548 autem
3776 5489 3903 5563 quod

2351 5591 2399 5643 in
2431 5591 2597 5658 spinis
2629 5606 2733 5643 non
2761 5589 2917 5653 dixit,
2949 5589 3171 5643 Pariens
3203 5589 3384 5655 spinas
3405 5628 3420 5652 ,
3454 5602 3626 5656 neque
3665 5585 3766 5640 hoc
3799 5579 3903 5636 utili

2348 5695 2470 5732 usus
2499 5689 2580 5733 est
2611 5680 2862 5743 nomine;
2897 5678 2990 5733 sed
3019 5679 3187 5747 quid?
3212 5676 3493 5746 Proferens
3524 5678 3697 5747 spinas
3723 5694 3740 5729 :
3764 5670 3902 5745 quasi

2346 5772 2510 5833 dicas,
2541 5785 2733 5825 eruens
2758 5783 2813 5826 et
2838 5771 3132 5840 expellens.
3190 5768 3422 5838 lleproba
3468 5779 3574 5831 est,
3623 5770 3821 5838 inquit.
3861 5773 3903 5816 et

2348 5863 2609 5917 inuigilirto
2633 5865 2887 5929 proxima.
2920 5864 3103 5927 Papa!
3138 5873 3387 5929 quantam
3420 5861 3574 5916 habet
3598 5859 3903 5918 consolabor
