4042 6408
153 400 207 456 $5
965 407 1028 463 ΙΝ
1068 408 1281 466 El’lST.
1326 406 1416 461 AD
1456 401 1727 461 ιιειιιιιει

1871 404 2029 463 car.
2074 404 2161 462 γι.
2202 404 2439 463 ιιοιιιι..
2489 404 2553 460 x.
2886 373 2891 377 ’
3374 403 3441 457 ειν

154 528 252 567 nem
278 511 417 581 quod
445 511 699 572 dicitur!
736 515 869 583 Est,
915 518 1118 588 inquit,
1156 518 1429 573 maledicto
1468 520 1741 590 proxima,

1844 517 2111 569 rationem
2155 512 2369 576 danda,
2400 522 2455 568 et
2501 522 2559 568 ut
2600 509 2747 568 dicat
2792 512 2960 568 Deum
3005 527 3128 570 esse
3157 516 3438 585 injustnni.

156 621 241 659 non
266 605 630 661 maledictum
663 629 682 668 ;
710 609 803 678 qui
832 617 1004 664 autem
1034 611 1271 664 nonduin
1297 609 1483 665 incidit
1506 610 1558 666 iu
1587 611 1727 667 male

1845 604 2205 673 Quamobrem
2227 618 2324 659 eos
2344 603 2568 657 omnino
2589 604 2767 673 coegit
2787 615 3105 673 exapectare
3124 605 3211 659 illa
3234 604 3438 661 futura.

150 697 347 765 dictum,
370 698 468 753 scd
497 715 688 771 prope
712 709 818 765 est,
846 702 1004 756 etiam
1037 704 1223 772 procul
1243 716 1366 757 esse
1397 703 1608 773 poterit.
1630 702 1743 759 Nec

152 790 231 844 hac
256 790 430 845 solum
464 801 558 847 est
588 793 950 859 consolatus,
979 795 1075 850 sed
1111 810 1177 849 eo
1204 795 1367 850 etiam
1399 794 1541 864 quod
1581 795 1741 851 dein-

149 900 253 952 ceas
280 887 531 955 sequitur
556 905 573 941 :
600 903 723 943 non
750 888 893 943 enim
920 888 1086 942 dixit:
1112 887 1359 959 Reproba
1388 898 1473 945 est
1497 899 1550 945 et
1577 890 1742 946 male-

148 965 265 1032 ilicio
311 978 565 1048 proxima
594 1019 611 1045 ,
660 995 787 1051 qum
814 980 1193 1043 comburetur;
1241 981 1336 1036 sed
1380 983 1552 1052 quid?
1579 974 1741 1053 Ciijus

146 1067 245 1134 ﬁnis
263 1078 337 1121 est
359 1075 412 1121 tn
434 1068 884 1125 conibustionem.
903 1069 959 1127 Si
988 1082 1323 1141 permaneat,
1356 1074 1543 1142 inquit,
1571 1080 1741 1144 usque

145 1157 196 1211 ad
222 1158 399 1223 linem,
435 1158 493 1213 id
527 1159 798 1229 patietur.
830 1160 1193 1230 Quamobrem
1227 1164 1270 1216 si
1300 1165 1486 1233 spinas
1519 1166 1734 1221 excide.

147 1248 286 1301 rimus
313 1257 370 1302 et
396 1250 826 1317 exusserimus,
858 1254 1157 1323 poterimus
1183 1254 1283 1309 frui
1313 1256 1467 1312 bonis
1491 1257 1737 1313 innume-

144 1338 397 1407 rabilibus,
432 1350 493 1395 et
528 1343 697 1413 probi
726 1344 903 1409 effici,
936 1354 994 1400 et
1018 1359 1139 1401 esse
1185 1347 1477 1418 participes
1510 1349 1737 1405 benedi-

143 1431 333 1485 ctionis.
360 1432 569 1487 Merito
597 1443 788 1490 autem
818 1446 1096 1505 peccatum
1124 1439 1417 1509 appellavit
1444 1441 1699 1496 tribuluin
1719 1484 1735 1508 ,

144 1520 326 1588 dicens,
360 1523 666 1595 Proferens
694 1535 865 1581 autem
889 1528 1069 1597 spinas
1095 1546 1158 1585 ac
1186 1530 1399 1587 tribulos
1420 1548 1439 1586 :
1467 1548 1590 1587 nam
1632 1552 1736 1587 liii-

142 1612 417 1685 deeumque
451 1616 508 1670 id
545 1619 819 1684 tenueris,
848 1620 968 1676 ferit
998 1631 1052 1677 et
1079 1623 1310 1686 mordet.
1345 1632 1401 1681 et
1422 1626 1541 1681 visu
1571 1627 1735 1681 etiam

142 1714 210 1756 est
233 1702 480 1761 deforme
506 1716 570 1762 et
606 1717 831 1764 tetrum.
855 1709 989 1766 Cum
1012 1728 1143 1785 ergo
1164 1728 1261 1770 eos
1289 1716 1422 1771 satis
1446 1717 1734 1788 tetigisset,

144 1796 400 1852 tenuisset
449 1812 522 1853 ac
576 1802 937 1871 pupugisset,
972 1820 1159 1860 rursus
1184 1815 1339 1861 curat
1369 1822 1432 1863 ac
1464 1810 1733 1877 medetur,

143 1899 197 1940 ne
221 1901 310 1941 eos
341 1887 465 1957 plus
496 1905 672 1959 quam
705 1907 801 1960 par
828 1892 899 1947 sit
921 1894 1159 1964 dejiciat,
1195 1896 1521 1970 ignavosque
1547 1900 1738 1957 reddat

142 1991 193 2031 ac
214 1979 430 2048 supinos
466 2000 481 2035 :
516 1997 651 2037 nam
683 1983 774 2053 qui
806 1998 1029 2055 segnem
1066 1987 1184 2042 ierit
1211 2003 1276 2044 ac
1303 1988 1581 2058 desidem,
1610 2007 1735 2048 eum

141 2067 293 2123 reddit
322 2073 677 2142 segniorem.
712 2074 900 2147 Neque
927 2093 1058 2150 ergo
1088 2082 1311 2139 omnino
1341 2083 1634 2155 blanditur,
1667 2102 1737 2143 ne

142 2164 300 2221 animo
316 2166 590 2234 extollat;
621 2182 797 2241 neque
816 2170 1034 2243 gravius
1055 2172 1198 2242 ferit,
1225 2191 1292 2230 ne
1313 2177 1502 2233 reddat
1522 2182 1738 2251 segnio-

141 2259 362 2321 res;sed
411 2262 731 2330 pauxillum
782 2262 1029 2333 iujiciens
1073 2265 1216 2336 quod
1266 2268 1457 2337 feriat,
1503 2274 1733 2331 multum

142 2350 337 2407 adhibet
365 2353 517 2425 quod
551 2365 716 2410 curet
741 2369 806 2410 ac
835 2356 1120 2413 medeatur
1147 2374 1244 2429 per
1270 2376 1333 2416 ea
1361 2377 1483 2433 qua:
1507 2366 1738 2435 subjun-

141 2443 233 2507 git,
260 2452 313 2497 ut
342 2446 491 2514 quod
522 2446 645 2501 vult
678 2446 904 2504 efficiat.
936 2449 1075 2519 Quid
1098 2452 1243 2509 enim
1266 2452 1436 2512 dicit?
1480 2460 1559 2528 (a)
1592 2461 1732 2533 [Non

146 2531 241 2586 ha-c
274 2533 510 2591 dicimus
568 2544 846 2608 tamquam
893 2539 985 2609 qui
1018 2554 1113 2597 vos
1142 2531 1693 2607 condcmnaverimus
1714 2593 1732 2619 ,

140 2627 226 2666 nec
253 2625 306 2669 ut
333 2618 427 2685 qui
459 2619 851 2678 existimemus
879 2639 975 2680 vos
1002 2640 1125 2683 esse
1149 2632 1339 2699 plenos
1364 2634 1538 2706 spinis
1558 2678 1577 2705 ,
1619 2639 1722 2698 sed

139 2713 187 2757 at
204 2706 285 2776 qui
315 2707 617 2767 timeamus
642 2728 711 2768 ne
731 2714 835 2769 hoc
856 2716 1065 2774 accidat
1090 2736 1104 2773 :
1132 2722 1326 2779 melius
1350 2736 1435 2782 est
1452 2730 1599 2786 enim
1619 2746 1717 2787 vos

140 2797 297 2852 verbis
314 2809 548 2867 terrere,
573 2818 644 2858 ne
665 2819 726 2860 re
749 2804 864 2875 ipsa
883 2806 1135 2868 doleatis.
1157 2812 1226 2869 Et
1251 2812 1352 2872 hoc
1378 2821 1617 2879 maxime
1637 2834 1721 2882 est

142 2883 267 2979 ξηιιί
305 2892 647 2961 prudentiae.
676 2895 745 2951 Et
776 2913 884 2953 non
913 2899 1072 2969 dixit,
1106 2902 1494 2967 Existimamus
1514 2953 1530 2979 ,
1574 2929 1674 2970 nec
1700 2957 1718 2979 .

140 2974 467 3071 Coujicimus,
504 3001 634 3051 nec,
671 2986 1081 3059 Exspectamus,
1112 3010 1233 3062 nec,
1262 2974 1589 3071 Speramus;
1621 2974 1717 3062 sed

142 3069 313 3161 quid?)
341 3072 397 3128 9.
424 3074 754 3145 Con/idimtts
775 3089 947 3135 autem
973 3082 1039 3138 de
1057 3084 1219 3152 vobis,
1242 3069 1585 3161 dilectissimi,
1612 3114 1725 3153 me-

143 3160 256 3258 liora
279 3175 324 3218 et
353 3167 612 3223 viciniora
638 3170 821 3237 saluti,
855 3176 1061 3231 tametsi
1080 3176 1150 3231 ita
1171 3178 1455 3247 loquimur.
1481 3185 1594 3243 Hoc
1612 3198 1719 3258 est,

143 3246 241 3307 Non
264 3266 314 3310 ut
334 3260 776 3319 eondemnantcs
799 3280 916 3331 vos,
945 3268 1045 3323 ista
1068 3269 1319 3342 dicimus,
1348 3290 1523 3349 neque
1548 3288 1608 3335 ut
1632 3246 1721 3336 ar:

145 3341 381 3404 bitrantes
412 3367 515 3407 vos
561 3353 738 3423 spinis
766 3371 889 3413 esse
920 3360 1129 3417 obsitos
1170 3372 1226 3419 et
1265 3341 1456 3437 pleno;
1477 3412 1492 3435 .
1524 3371 1619 3429 sed
1650 3374 1719 3429 tio

146 3447 333 3494 mentes
358 3457 427 3498 ue
460 3443 571 3500 hoc
604 3443 694 3501 fiat
720 3464 735 3502 :
766 3459 988 3517 praestat
1012 3455 1158 3509 enim
1189 3471 1282 3513 vos
1310 3474 1377 3515 ex
1408 3462 1586 3518 verbis
1612 3463 1717 3522 for-

148 3527 360 3598 midare,
390 3548 462 3589 ne
489 3549 552 3589 re
583 3537 698 3606 ipsa
730 3539 947 3596 tandem
991 3543 1247 3603 dolentis.
1294 3550 1471 3622 Atque
1515 3554 1568 3611 in
1614 3555 1721 3616 hoc

148 3624 420 3720 pntsertim
443 3626 735 3697 prudentia
767 3630 917 3720 Pauli
948 3647 1191 3706 apparet.
1209 3638 1395 3711 Neque
1414 3659 1545 3702 vero
1564 3648 1719 3720 dixit,

148 3708 484 3812 arbitramur,
532 3731 709 3789 neque
728 3761 745 3786 ,
774 3719 1161 3792 Coujecturam
1207 3708 1436 3792 facimus
1461 3779 1474 3802 ,
1509 3708 1724 3812 neque,

149 3794 541 3903 Summanus.
573 3824 773 3903 neque,
799 3813 1091 3885 Speramus
1115 3860 1131 3887 ,
1160 3821 1257 3879 sed
1288 3794 1717 3903 ςηεαίςωᾴαὲὶ

150 3906 262 3947 uss.
285 3897 434 3995 Quod
456 3901 623 3995 etiam
643 3902 856 3995 dicebat
883 3910 1129 3969 scribens
1149 3915 1215 3970 ad
1239 3916 1486 3977 Galatas:
1502 3897 1721 3995 Conﬁdo

320 3987 383 4088 de
416 3988 661 4088 uobis-in
701 3994 924 4088 Domino
944 4040 961 4066 ,
990 4006 1132 4071 quod
1160 4007 1294 4063 nihil
1332 4012 1483 4067 aliud
1509 3987 1723 4088 sapietis

156 4068 293 4174 (cui.
322 4077 379 4133 5.
410 4080 486 4135 to
508 4082 550 4151 ).
580 4081 695 4138 Non
741 4086 900 4157 dixit,
926 4068 1147 4162 sapitis,
1183 4098 1279 4155 sed
1324 4068 1722 4174 εαρεριέίιιιιέ

150 4164 338 4261 quidem
359 4212 375 4236 ,
407 4174 535 4243 quia
565 4175 721 4233 valde
747 4193 844 4237 eos
870 4185 1329 4261 reprehenderat,
1358 4164 1457 4252 nec
1487 4164 1722 4259 habebat

152 4255 272 4311 unde
415 4277 449 4318 ι
482 4265 645 4324 rebus
674 4275 1033 4338 praisentibus
1065 4255 1341 4353 laudaret,
1372 4303 1401 4341 a
1445 4255 1639 4349 futuris
1666 4255 1718 4351 id

151 4351 456 4424 tunditur,
486 4355 695 4427 dicens,
728 4362 884 4421 Nihil
909 4368 1061 4425 aliud
1082 4351 1341 4445 sapietis.’
1370 4379 1455 4438 hic
1479 4394 1658 4443 autem
1690 4404 1721 4444 ει

154 4447 490 4537 iitzsentibus
517 4467 532 4504 :
557 4451 881 4525 Con/idiotas
908 4472 1105 4529 autem,
1133 4467 1331 4535 dilecti,
1358 4474 1423 4528 de
1448 4478 1587 4535 vobis
1611 4499 1716 4537 nie-

152 4525 263 4584 liora
286 4545 333 4588 et
354 4538 605 4640 viciniora
629 4544 808 4611 saluti,
841 4551 937 4605 etsi
958 4554 1035 4608 sic
1059 4525 1341 4629 loquimur:
1362 4525 1434 4621 lit
1462 4525 1718 4640 «ιιιοῖιῖξῷ

152 4630 177 4734 ξ
201 4628 541 4733 praesentibus
562 4648 667 4689 non
693 4640 858 4695 multa
888 4642 1118 4704 habebat
1140 4666 1260 4720 qua:
1280 4628 1505 4726 diceret,
1526 4678 1555 4717 a
1582 4681 1717 4734 pra:-

154 4713 303 4814 tcritis
324 4718 556 4814 instituit
579 4729 1035 4803 consolationem,
1060 4748 1116 4795 et
1138 4713 1271 4801 dicit
1293 4764 1306 4800 :
1335 4748 1421 4805 i0.
1441 4713 1567 4809 Non

154 4799 351 4906 iniustus
376 4822 461 4867 est
479 4812 621 4871 Deus
640 4858 657 4883 ,
687 4830 744 4874 ut
772 4799 1101 4884 obliviscatur
1126 4799 1296 4904 operis
1322 4799 1487 4897 uestri

154 4894 311 5002 dionis
331 4941 343 4962 ,
374 4918 530 4969 quam
572 4910 864 4968 ostendistis
900 4916 953 4971 in
996 4894 1201 4979 nomine
1229 4928 1424 4999 ipsius,
1459 4938 1549 5006 qui
1574 4941 1723 4995 mini-

153 4991 331 5045 ursstis
357 4997 555 5052 unctis
583 5009 631 5053 et
661 5004 983 5067 ministratis.
1018 5012 1207 5086 Papini
1232 4991 1504 5087 quomodo
1533 4991 1721 5091 eorum

157 5087 337 5172 recreat
372 5099 428 5141 et
466 5089 756 5150 confirmat
800 5098 1060 5169 animam,
1091 5122 1179 5163 res
1210 5121 1425 5171 veteres
1456 5087 1721 5180 revocari;

158 5179 208 5218 tu
236 5178 538 5234 memoriam
561 5224 576 5248 ,
617 5192 673 5239 et
698 5187 950 5261 redigens
981 5195 1047 5250 ad
1076 5204 1457 5264 necessitatem
1491 5228 1597 5268 non
1629 5178 1723 5272 cx-

614 5616 1000 5705 gymnico:
1011 5624 1310 5705 clauduuttu;
1341 5633 1405 5683 ab
1439 5633 1725 5705 lutei-pretia

1022 5700 1261 5759 expressa
1286 5692 1449 5759 fuere,
1475 5707 1526 5750 et
1549 5692 1597 5751 iii
1622 5703 1725 5754 Mu-

445 5900 724 5961 ΡΑτιιοι..
774 5902 895 5965 (in.
945 5907 1169 5972 LXlll.

1847 684 1986 756 Eum
2016 696 2162 755 enim
2191 698 2281 766 qui
2312 712 2380 754 ex
2422 698 2586 753 rebus
2629 698 2993 766 praesentibus
3037 697 3343 769 desperavit
3385 710 3444 754 et

1839 777 2078 833 animum
2108 776 2438 850 despondit,
2465 791 2531 832 cx
2559 775 2752 831 futuris
2784 776 2980 847 poterit
3011 776 3277 847 quispiam
3308 789 3435 830 cor.

1841 870 2143 927 roborare:
2177 870 2320 925 sicut
2366 872 2482 941 ipse
2531 880 2762 939 quoque
2803 869 2870 922 ad
2923 866 3148 923 Galatas
3193 866 3442 922 scribens

1840 964 2056 1021 dicebat
2087 980 2100 1016 :
2132 962 2425 1021 Currebatis
2468 960 2632 1029 bene;
2662 960 2778 1030 quis
2815 974 2902 1014 vos
2931 958 3233 1031 impedivit?
3259 966 3315 1014 et
3344 959 3446 1012 itc-

1839 1071 1957 1110 rum
1984 1072 1996 1108 :
2023 1054 2190 1109 Tanta
2213 1054 2351 1125 passi
2375 1053 2496 1108 estis
2517 1053 2626 1107 sine
2645 1051 2844 1107 causa?
2867 1053 2910 1105 si
2935 1060 3101 1104 tamen
3124 1050 3233 1105 sine
3257 1064 3438 1104 causa.

1836 1149 1986 1204 Sicut
2011 1159 2191 1203 autem
2221 1148 2308 1203 hic
2340 1163 2463 1203 cum
2494 1144 2868 1216 Increpatione
2898 1143 3113 1199 laudem
3152 1145 3322 1215 ponit,
3351 1143 3441 1197 di-

1837 1254 1965 1295 cens
1993 1258 2006 1295 ε
2030 1238 2156 1296 Cum
2183 1239 2430 1293 deberetis
2457 1255 2566 1293 esse
2592 1239 2827 1310 magistri
2855 1248 3066 1308 propter
3096 1246 3295 1308 lemma
3321 1252 3340 1292 :
3366 1236 3441 1292 ita

1837 1332 1949 1387 illic
1977 1347 2190 1404 quoque
2215 1350 2231 1389 :
2256 1332 2425 1386 Miror
2449 1332 2587 1402 quod
2612 1341 2717 1385 tam
2745 1331 2844 1386 cito
2874 1331 3249 1403 transferimini
3275 1332 3293 1401 (
3313 1329 3436 1386 Gal.

1835 1422 1890 1476 5.
1922 1422 1971 1476 7.
2000 1434 2045 1477 et
2076 1425 2129 1478 5.
2151 1424 2204 1478 4.
2224 1433 2271 1477 et
2308 1424 2325 1478 l
2374 1422 2451 1494 6).
2476 1421 2619 1480 Laus
2644 1433 2727 1478 cst
2749 1437 2870 1478 cum
2893 1421 3252 1479 admiratione
3279 1438 3440 1479 :uant

1833 1510 1901 1567 de
1931 1513 2090 1569 rebus
2117 1514 2325 1585 magnis
2350 1513 2570 1586 quando
2610 1513 2916 1570 exciderint
2957 1514 3239 1570 miramur.
3272 1514 3441 1571 Vides

1834 1606 1892 1661 in
1920 1608 2265 1664 accusatione
2288 1617 2343 1664 et
2370 1608 2795 1679 reprehensione
2822 1609 3149 1667 absconsam
3172 1626 3297 1668 esse
3324 1612 3441 1667 lau-

1833 1698 1994 1755 dem?
2021 1698 2133 1756 Nec
2157 1700 2225 1757 de
2253 1716 2313 1757 se
2340 1701 2517 1756 solum
2546 1700 2651 1757 hoc
2678 1698 2834 1769 dicit,
2860 1702 2953 1757 sed
2978 1703 3142 1758 etiam
3164 1702 3233 1759 de
3261 1705 3442 1759 omni-

1834 1791 1934 1847 bus
1955 1812 1968 1846 :
1989 1809 2095 1847 non
2122 1793 2266 1850 enim
2285 1792 2441 1857 dixit,
2460 1791 2712 1860 Confido,
2733 1793 2852 1860 sed,
2872 1791 3194 1865 Con/idimus
3216 1795 3280 1851 de
3300 1795 3440 1851 vobis

1837 1884 2053 1940 meliora
2076 1900 2097 1941 :
2122 1885 2174 1940 id
2200 1894 2305 1953 est,
2353 1886 2515 1943 bona.
2549 1888 2655 1944 Aut
2687 1885 2803 1943 ha-c
2827 1897 3010 1943 autem
3044 1887 3177 1945 dicit
3204 1888 3271 1943 de
3298 1890 3439 1945 bona

1835 1977 1959 2032 vita:
2002 1977 2223 2048 agend-e
2254 1979 2462 2033 ratione
2483 2019 2499 2044 ,
2530 1988 2623 2033 aut
2649 1978 2717 2035 de
2745 1981 3198 2035 remuneratione.
3234 1981 3439 2038 Deinde

1831 2082 1954 2124 cum
1994 2069 2219 2125 dixisset
2250 2070 2500 2139 superius
2528 2072 2673 2141 quod
2705 2071 2778 2126 sit
2802 2072 3037 2142 reproba
3064 2081 3120 2128 ct
3150 2074 3439 2130 maledicto

1837 2160 2113 2232 proxima,
2138 2170 2193 2217 et
2217 2161 2362 2232 quod
2391 2163 2490 2218 erit
2521 2162 2576 2217 in
2603 2162 3041 2219 combustionem
3064 2180 3077 2217 :
3100 2179 3167 2221 ne
3192 2164 3439 2222 videatur

1831 2252 1899 2308 de
1930 2252 1998 2307 iis
2028 2251 2217 2309 isthtec
2245 2252 2421 2320 ellari,
2454 2254 2735 2322 sulijunxit
2764 2254 2946 2310 statim
2983 2274 2996 2311 :
3031 2255 3155 2313 Non
3186 2259 3321 2313 enim
3347 2261 3438 2314 in-

1826 2342 2007 2414 justas
2031 2353 2105 2399 est
2136 2342 2297 2410 Deus,
2332 2354 2387 2399 ut
2408 2344 2736 2401 obliviscatur
2758 2346 2928 2415 operis
2959 2349 3112 2403 uestri
3136 2358 3185 2403 et
3210 2350 3438 2405 dilectio.

1846 2436 1957 2501 nis;
1989 2435 2302 2501 ostendens,
2330 2435 2471 2506 quod
2499 2437 2601 2492 etsi
2629 2436 2702 2493 ita
2734 2436 3040 2509 loquimur,
3074 2454 3183 2494 non
3210 2445 3437 2497 omnino

1841 2528 1956 2583 iure
1973 2526 2043 2583 de
2069 2528 2223 2583 vobis
2247 2528 2500 2585 dicimus.
2533 2528 2602 2584 Et
2626 2530 2674 2584 si
2703 2530 2771 2585 de
2798 2529 2957 2586 nobis
2984 2546 3093 2587 non
3116 2532 3275 2601 dicis,
3304 2534 3437 2605 quid

1834 2617 2051 2674 demum
2080 2626 2352 2690 tamquam
2376 2617 2594 2675 desides
2622 2620 2961 2692 perstringis,
2985 2630 3041 2677 ct
3063 2630 3236 2679 terres
3255 2626 3439 2694 spina-

1830 2724 1950 2764 rum
1976 2707 2237 2765 refricans
2264 2711 2621 2766 memoriam?
2651 2711 2740 2766 ll.
2760 2710 3012 2782 Cupitum
3044 2723 3218 2769 autem
3248 2721 3437 2771 unum-

1829 2817 2078 2875 quemque
2116 2810 2339 2856 oestrum
2368 2802 2900 2864 eanidemostentlcre
2926 2804 3330 2861 sollicitudinem
3362 2810 3435 2863 ad

1830 2895 2167 2968 expiationem
2192 2896 2300 2967 spei
2326 2912 2488 2967 usque
2516 2896 2571 2951 in
2598 2897 2787 2966 finem;
2818 2896 2905 2953 l2.
2937 2908 2992 2951 ut
3019 2915 3122 2953 non
3148 2917 3328 2973 segnes
3350 2906 3430 2973 ef-

1830 2990 2083 3059 ﬁciamiui
2101 3031 2117 3055 ,
2148 3005 2322 3043 verum
2349 2990 2635 3045 imitatores
2663 3006 2838 3045 eorum
2864 2989 2954 3069 qui
2982 2992 3087 3061 [ide
3113 3004 3160 3047 et
3187 2996 3437 3065 patientia

1831 3082 2181 3137 hereditabunt
2208 3082 2590 3150 promissiones.

1893 3155 1945 3210 5.
1978 3154 2141 3211 Pauli
2178 3159 2454 3229 prudentia
2499 3162 2770 3219 mirabilis.
2796 3190 2869 3209 -ιι
2898 3165 3145 3238 Cupimus
3166 3213 3179 3236 ,
3210 3170 3420 3245 inquit:

1826 3260 1932 3301 non
1950 3248 2124 3303 solum
2154 3263 2285 3319 ergo
2318 3250 2383 3306 ad
2401 3252 2564 3308 verba
2584 3268 2755 3326 usque
2774 3255 2877 3312 hoc
2893 3258 3163 3315 Volumus.
3180 3261 3287 3319 Sed
3300 3267 3429 3337 quid

1822 3339 2017 3409 cupis?
2043 3340 2304 3412 Cupimus
2329 3359 2424 3398 vos
2445 3344 2726 3403 adhaerere
2753 3349 2937 3405 virtuti
2964 3392 2981 3418 ,
3013 3367 3120 3407 non
3154 3363 3429 3425 tamquam

1825 3433 2001 3503 priora
2023 3434 2469 3505 condemnantes,
2495 3439 2589 3494 sed
2611 3440 2680 3495 de
2703 3426 2896 3498 futuris
2918 3444 3193 3504 timentes.
3225 3448 3295 3505 Et
3320 3466 3428 3506 non

1823 3524 1979 3594 dixit,
2003 3526 2299 3599 Tamquam
2320 3532 2495 3601 priora
2517 3533 2963 3601 condemnantes.
2986 3540 3081 3595 sed
3107 3548 3429 3612 phesentia:

1822 3619 1955 3676 estis
1978 3622 2123 3677 enim
2143 3622 2453 3703 .dissoluti,
2509 3626 2637 3683 facti
2668 3631 2801 3685 estis
2840 3634 3140 3703 segniores.
3173 3636 3279 3695 Sed
3309 3644 3432 3698 viae

1823 3724 1983 3779 quam
2013 3712 2223 3783 placide
2272 3714 2325 3770 id
2357 3718 2631 3787 ostendit,
2664 3729 2720 3777 et
2743 3739 2852 3778 non
2896 3722 3062 3781 feriit.
3111 3728 3250 3797 Quid
3283 3732 3427 3787 enim

1800 3802 1992 3859 .dicit‘l
2020 3802 2268 3875 Cupimus
2287 3818 2456 3864 autem
2497 3828 2905 3887 unumquemque
2946 3829 3168 3876 vestrum
3197 3825 3428 3880 eamdem

1822 3896 2492 3959 ostenderesollicitudinem
2509 3922 2668 3977 usque
2683 3907 2735 3963 in
2758 3910 2932 3979 ﬁnem.
2962 3912 3077 3970 lloc
3100 3915 3243 3971 enim
3276 3918 3430 3977 Pauli

1824 3988 2123 4057 prudentia:
2171 4002 2253 4047 est
2298 3994 2657 4064 admirabile,
2716 4001 2860 4071 quod
2908 4019 3018 4061 non
3055 4010 3291 4065 ostendit
3332 4026 3430 4068 eos

1822 4080 2074 4149 cessisse,
2095 4093 2151 4139 et
2179 4083 2353 4141 factos
2370 4102 2493 4143 esse
2518 4091 2882 4150 remissiores.
2911 4095 3103 4155 Dicere
3130 4102 3296 4169 cnim,
3319 4102 3428 4161 Cu-

1823 4172 1990 4242 pimus
2019 4190 2425 4251 unumquemque
2454 4194 2623 4237 sestru
2644 4203 2696 4251 ιι,
2730 4185 2833 4242 hoc
2881 4199 2990 4257 est,
3040 4194 3262 4263 perinde
3292 4212 3357 4252 ac
3382 4199 3427 4255 si

1821 4264 1970 4321 dicas
2002 4285 2016 4328 :
2049 4268 2185 4325 Volo
2214 4279 2266 4328 te
2296 4288 2512 4345 semper
2532 4277 2776 4345 studere,
2804 4289 2861 4336 et
2890 4282 3063 4353 qualis
3086 4286 3235 4356 prius
3264 4304 3389 4346 eras
3407 4332 3424 4355 ,

1824 4356 1985 4415 talem
2023 4376 2148 4418 csse
2180 4372 2235 4418 et
2264 4378 2409 4421 nunc
2429 4377 2483 4424 et
2512 4368 2565 4423 in
2594 4381 2893 4441 posterum.
2926 4373 3040 4431 lloc
3075 4378 3219 4433 enim
3244 4374 3426 4436 mitio-

1822 4466 1935 4507 rem
1956 4452 2085 4510 facit
2109 4457 2612 4528 reprelzensioncm,
2636 4475 2691 4520 ct
2714 4479 2820 4519 non
2842 4482 2985 4538 agre
3013 4468 3425 4533 admittendam.

1820 4541 1933 4599 Nec
1957 4544 2110 4610 dicit,
2144 4546 2303 4615 Volo,
2333 4552 2477 4621 quod
2506 4562 2624 4609 crat
2647 4554 2877 4612 docendi
2902 4561 3274 4630 auctoritatis;
3307 4566 3425 4631 sed,

1822 4636 1964 4706 quod
1996 4645 2236 4709 paterna:
2281 4653 2401 4698 erat
2429 4644 2824 4703 benevolentim
2855 4651 3027 4723 magis
3056 4668 3216 4724 quam
3248 4658 3385 4715 velle
3409 4702 3425 4723 ,

1822 4728 2103 4801 Cupinius;
2126 4735 2518 4805 propemodum
2545 4738 2766 4797 dicens:
2798 4741 3065 4815 Ignoscite
3090 4748 3135 4802 si
3162 4750 3288 4819 quid
3313 4768 3426 4805 mo.

1821 4819 2016 4877 lcstum
2052 4831 2110 4878 et
2154 4838 2318 4896 grave
2346 4825 2676 4887 (Ιὶιιτὶιιιιιε.
2720 4831 2969 4904 Cupimus
3025 4853 3431 4913 unumquemque

1822 4926 2041 4970 uestrum
2080 4919 2314 4973 eamdem
2364 4924 2634 4980 ostendere
2659 4925 3060 4985 sollicitudinem
3081 4931 3151 4985 ad
3178 4935 3428 5005 explatio-

1823 5022 1936 5061 nem
1960 5008 2069 5079 spei
2089 5020 2268 5066 vestrm
2293 5028 2451 5083 usque
2475 5016 2527 5069 in
2557 5017 2733 5085 linem.
2761 5018 2901 5084 Quid
2932 5033 3017 5077 est
3060 5023 3206 5080 hoc?
3248 5028 3386 5099 Spes
3409 5070 3426 5094 ,

1823 5097 2014 5169 ἰςιιμιίι.
2042 5111 2243 5173 portat,
2284 5103 2400 5176 ipsa
2443 5120 2654 5164 recreat
2689 5110 2805 5168 :Ne
2850 5113 3186 5187 allliganiini,
3235 5097 3303 5176 ne
3329 5123 3429 5177 ile-

1821 5196 2071 5263 sperctis,
2106 5213 2173 5252 nc
2204 5196 2275 5253 sit
2301 5210 2480 5257 vestra
2522 5216 2647 5274 spes
2688 5218 3088 5277 supervacanea
3122 5228 3135 5265 :
3170 5230 3291 5267 uani
3338 5218 3428 5286 qui

1823 5286 1962 5341 bona
1992 5298 2270 5359 operatur,
2316 5291 2455 5347 bona
2478 5305 2692 5365 sperat,
2742 5306 2797 5354 et
2828 5316 3119 5372 numquam
3146 5303 3215 5360 de
3246 5323 3303 5361 se
3334 5308 3431 5363 dc-

1822 5387 2024 5449 spcrat.
2064 5378 2134 5435 Ut
2181 5397 2285 5436 non
2312 5399 2489 5456 segnes
2528 5386 2834 5459 rﬂiciamini,
2860 5391 3039 5450 adhuc
3069 5394 3379 5454 cflii-iaiuini
3413 5418 3427 5455 :

1824 5474 1987 5565 Atqui
2038 5474 2614 5565 dicebat‘superius,
2690 5483 2949 5553 Quoniam
3011 5490 3253 5548 imbecilli
3306 5496 3432 5565 facti

1832 5562 1951 5611 estis
1980 5558 2051 5612 ad
2074 5562 2403 5616 audiendum.
2431 5564 2539 5619 Sed
2579 5565 2698 5621 vide
2728 5570 2999 5638 quomodo
3042 5558 3325 5646 segnitiem
3355 5578 3428 5635 ibi

1832 5650 1896 5703 ad
1927 5652 2169 5708 auditntn
2214 5669 2382 5726 usque
2421 5658 2705 5723 statuerit;
2740 5660 2829 5716 hic
2868 5673 3049 5718 autem
3099 5666 3241 5721 aliud
3270 5668 3435 5725 tacite

1831 5743 2092 5810 significat
2114 5763 2127 5798 :
2148 5761 2269 5801 cum
2301 5746 2545 5803 dicturus
2574 5750 2718 5804 enim
2746 5762 2910 5819 esset,
2941 5754 3019 5810 Nc
3046 5760 3429 5825 permaneatis.

1831 5836 1989 5901 dixit,
2033 5836 2116 5893 Ne
2164 5855 2341 5910 segnes
2389 5840 2699 5912 εῃῖείαηιὶιιὲ.
2733 5844 2938 5901 Iiursus
2965 5864 3059 5901 cos
3098 5851 3162 5899 mi
3192 5850 3426 5907 futurum

3074 5942 3115 6001 ϐ
