4068 6402
664 446 726 498 87
1372 432 1431 489 8.
1468 424 1745 487 JOANNlS
1780 413 2253 479 CllRYSOSTOMl
2293 413 2607 469 AﬂClllEP.
2647 401 3181 466 CONSTXNTINOP.
3854 389 3923 444 SS

673 566 879 621 tempus
909 548 1109 621 profert
1128 546 1266 618 quod
1294 546 1463 613 culpa:
1490 558 1597 597 non
1621 548 1704 596 est
1728 538 1905 601 afﬁne,
1932 536 2135 599 dicens,
2168 528 2235 585 Ut

672 663 771 698 non
814 644 1065 715 segniores
1117 637 1417 711 ediciamini.
1465 634 1612 688 Illius
1655 632 1796 687 enim
1826 628 1965 699 quod
1998 625 2234 682 nondum

671 750 773 803 est,
804 751 1086 807 numquam
1108 734 1361 788 fuerimus
1383 730 1556 799 culpae
1576 727 1811 782 obnoxii.
1837 726 1965 779 Nam
1990 725 2053 789 is,
2079 735 2236 790 quem

672 831 791 899 quis
819 829 1056 882 hortatur
1080 833 1139 878 ut
1167 823 1220 877 in
1260 834 1502 892 praesens
1528 818 1597 873 sit
1621 817 1925 887 diligenset
1954 813 2235 875 sollicitus,

673 938 792 977 cum
823 921 891 973 sit
918 917 1210 989 negligens,
1233 913 1460 969 fortasse
1505 912 1607 966 erit
1634 910 1792 962 etiam
1836 907 2030 980 pigrior
2054 916 2107 960 et
2142 922 2237 961 nc-

675 1010 987 1080 gligentior;
1020 1021 1177 1076 quem
1202 1013 1378 1059 autem
1404 1004 1453 1057 in
1484 1002 1736 1065 futurum,
1760 1014 1861 1052 non
1891 998 1977 1052 ita.
1998 996 2240 1066 Cepimus

673 1111 856 1162 autem,
900 1098 1087 1167 inquit,
1132 1110 1529 1165 unumquemque
1553 1101 1788 1145 uestrum.
1822 1090 1979 1145 Multa
2010 1090 2241 1144 benevoa

676 1194 833 1249 lentia
863 1202 944 1247 est
967 1211 981 1244 τ
1006 1202 1060 1246 et
1082 1202 1391 1259 magnorum
1417 1197 1467 1240 et
1491 1199 1769 1255 parvorum
1793 1182 2040 1237 similiter
2061 1197 2240 1236 curam

674 1286 828 1353 gerit,
861 1295 915 1339 et
945 1283 1095 1336 novit
1134 1294 1342 1345 omnes,
1376 1287 1429 1332 et
1481 1276 1745 1330 neminem
1776 1273 2031 1342 despicit;
2064 1270 2155 1326 sed
2188 1272 2240 1325 in

677 1389 1106 1445 unumquemque
1148 1372 1387 1428 eamdem
1443 1371 1579 1440 gerit
1632 1382 1835 1430 curam,
1869 1374 1923 1420 et
1961 1379 2137 1433 parem
2190 1364 2240 1415 in

675 1484 863 1521 onnies
894 1469 1171 1521 honorem.
1209 1463 1360 1517 Unde
1399 1463 1559 1516 etiam
1592 1458 1758 1528 magis
1787 1456 2157 1527 persuade-bat,
2187 1464 2244 1505 ut

678 1559 959 1612 verborum
984 1555 1312 1622 susciperent
1358 1550 1653 1604 molestiam
1683 1557 1737 1602 et
1786 1548 2145 1615 asperitatem.
2179 1541 2244 1598 Ut

679 1664 776 1700 non
805 1663 996 1716 segnes,
1032 1644 1219 1713 inquit,
1253 1641 1555 1711 eﬂiciamini.
1588 1638 1718 1693 Nam
1752 1647 1810 1692 ut
1851 1635 2053 1690 desidia
2103 1635 2247 1689 laedit

676 1750 868 1804 corpus
898 1752 909 1787 :
943 1734 1012 1786 ita
1039 1732 1201 1785 etiam
1232 1731 1463 1783 animam
1484 1728 1709 1782 cessatio
1755 1741 1783 1778 a
1825 1725 1981 1779 bouis
2009 1724 2246 1794 supinio-

678 1842 791 1880 rem
835 1824 1025 1887 reddit,
1072 1831 1126 1876 et
1156 1822 1475 1892 ignaviorem
1507 1827 1560 1872 et
1588 1817 1926 1872 imbecillam.
1961 1814 2247 1869 lmitatores

676 1927 862 1980 cautem,
887 1915 1072 1983 inquit,
1091 1929 1261 1967 eorum
1280 1911 1365 1981 qui
1391 1927 1478 1979 per
1493 1909 1644 1978 ﬁdem
1668 1918 1715 1963 el
1737 1908 2026 1976 patientiam
2052 1906 2248 1959 heredi-

683 2019 788 2061 tant
820 2008 1189 2077 promissiones.
1223 2004 1287 2057 Et
1312 2004 1523 2072 quinam
1546 1994 1607 2054 ibi
1660 2001 1785 2061 sint,
1815 1999 2068 2066 deinceps
2097 1998 2241 2051 dicit.

684 2098 996 2159 l’rinsdixi',
1018 2095 1294 2149 bnitamini
1311 2110 1369 2147 ea
1390 2108 1506 2162 qua:
1536 2093 1677 2162 prius
1700 2106 1727 2143 a
1752 2091 1902 2144 vobis
1934 2099 2078 2144 recte
2102 2099 2246 2159 gesta

680 2199 805 2242 sum
836 2207 848 2243 :
878 2187 1068 2242 deinde
1097 2203 1162 2240 ne
1190 2186 1387 2250 dicant,
1412 2184 1795 2254 qu:enam?eos
1821 2181 2119 2237 deducitad
2152 2198 2245 2250 pa-

690 2280 998 2343 triarcham,
1022 2293 1205 2333 eorum
1232 2275 1445 2345 quidem
1472 2290 1589 2344 qua:
1616 2282 1757 2328 recte
1778 2283 1924 2343 gesta
1955 2281 2098 2339 sunt,
2122 2272 2251 2342 ipsis

685 2373 893 2443 propria
921 2366 1155 2439 exempla
1184 2368 1439 2431 all'erens;
1473 2383 1538 2420 ne
1580 2375 1754 2418 autent
1786 2372 2028 2432 putarent
2054 2378 2113 2418 se
2132 2378 2252 2419 esse

684 2466 947 2526 desertos,
980 2477 1008 2515 a
1036 2460 1333 2530 patriarcha
1356 2457 1639 2513 confortat.
1675 2455 1783 2508 lloc
1805 2462 1980 2508 autem
2011 2452 2155 2520 facit,
2184 2468 2253 2508 ne

684 2554 926 2609 dicerent
953 2569 1011 2608 se
1037 2548 1542 2619 contemptus-quasi
1576 2546 1770 2601 nullius
1794 2545 1948 2615 pretii
1970 2544 2251 2599 derelictos

687 2646 883 2709 fuisse;
911 2643 1002 2698 sed
1022 2651 1239 2714 possent
1260 2641 1397 2694 seire
1424 2638 1562 2708 quod
1591 2639 1825 2691 virorum
1858 2634 2009 2689 valde
2030 2648 2253 2704 genero-

685 2751 864 2790 sortnn
892 2743 946 2789 et
993 2736 1205 2787 fortium
1250 2732 1318 2785 sit
1352 2732 1470 2795 hoc,
1500 2743 1692 2798 nempe
1719 2728 1855 2782 viam
1878 2781 1886 2790 ,
1910 2726 2111 2796 ingredi
2158 2740 2253 2795 per

688 2826 1023 2889 tentationes,
1053 2833 1107 2879 et
1131 2821 1270 2892 quod
1308 2821 1434 2875 viris
1462 2821 1670 2891 magnis
1709 2828 1765 2873 et
1812 2815 2138 2871 admirandis
2177 2817 2254 2872 sic

689 2931 816 2971 usus
859 2914 927 2970 sit
954 2915 1112 2969 Deus.
1160 2912 1379 2982 Oportet
1408 2922 1609 2974 autem,
1652 2908 1839 2979 inquit,
1892 2907 2067 2961 omnia
2112 2905 2254 2961 ferre

686 3024 809 3063 cum
835 3008 1115 3076 patientia:
1138 3004 1237 3059 hoc
1265 3006 1405 3059 enim
1433 3012 1516 3058 est
1541 3003 1700 3057 etiam
1729 3001 1969 3055 credere.
1993 3000 2048 3055 Si
2079 3010 2253 3053 autem

691 3099 831 3151 dicat
847 3098 981 3167 quod
999 3097 1107 3161 del,
1124 3105 1175 3149 et
1193 3096 1366 3149 statim
1384 3094 1673 3163 acceperis,
1694 3092 1818 3163 quid
1835 3090 2136 3147 credidisti?
2152 3105 2256 3145 non

690 3197 793 3251 cst,
825 3187 1011 3257 inquit,
1036 3184 1259 3255 amplius
1287 3192 1388 3238 tute
1433 3182 1575 3245 ﬁdei.
1604 3182 1697 3238 sed
1740 3197 1893 3246 mete,
1943 3181 2143 3252 inquit,
2166 3180 2256 3251 qui

700 3274 957 3339 promissa
990 3273 1134 3341 prius
1164 3274 1372 3345 explevi
1428 3284 1481 3329 et
1504 3273 1648 3329 dedi.
1701 3272 1795 3329 Sin
1834 3283 2009 3328 autem
2046 3272 2217 3330 dicam
2244 3317 2262 3345 ,

700 3363 795 3425 Do,
820 3372 873 3417 et
901 3372 1018 3431 post
1045 3373 1255 3418 centum
1284 3380 1453 3420 annos
1473 3365 1633 3428 dabo,
1660 3374 1711 3420 tu
1742 3375 1918 3420 autem
1949 3380 2051 3419 non
2069 3365 2264 3436 deSpc-

698 3452 922 3519 raveris,
952 3461 1075 3505 tunc
1104 3468 1189 3507 me
1214 3454 1527 3509 existimasti
1550 3454 1654 3509 ﬂde
1679 3455 1915 3525 dignum,
1948 3463 2073 3509 tunc
2103 3456 2265 3511 babes

697 3545 766 3597 de
806 3557 888 3597 me
941 3557 1058 3597 eam
1096 3559 1252 3611 quam
1308 3560 1405 3615 par
1438 3556 1520 3600 est
1563 3546 1891 3615 Opinionem.
1934 3545 2094 3601 Vides
2122 3547 2265 3617 quod

702 3648 844 3701 szepe
882 3632 1113 3688 nascitur
1144 3635 1506 3700 incredulitas,
1536 3652 1641 3689 non
1674 3636 1844 3690 solum
1875 3650 1939 3690 ex
1990 3636 2103 3705 spei
2144 3651 2269 3707 ege-

701 3730 859 3785 state,
891 3721 984 3776 sed
1012 3725 1169 3777 etiam
1196 3737 1259 3777 ex
1303 3724 1756 3792 pusillanimitate,
1796 3733 1848 3777 et
1880 3726 2018 3794 quod
2050 3739 2155 3779 non
2194 3726 2271 3781 sis

704 3816 923 3884 patienti
963 3830 1161 3882 anuno,
1210 3826 1264 3870 et
1302 3829 1407 3869 non
1433 3830 1497 3870 ex
1524 3830 1590 3870 eo
1620 3815 1709 3886 qui
1756 3816 2014 3885 promisit.
2050 3815 2171 3870 Non
2198 3826 2270 3870 est

699 3905 857 3967 enim,
889 3904 1078 3974 inquit,
1109 3905 1328 3974 injustus
1354 3903 1509 3970 Deus,
1547 3914 1603 3958 ut
1640 3904 1961 3960 obiiciuntur
1988 3906 2271 3962 dilectionis

703 4006 878 4049 vestrm
890 4007 935 4049 et
947 3995 1317 4060 sollicitudinis,
1336 4012 1486 4068 quam
1505 3996 1791 4049 ostendistis
1809 3997 1859 4049 in
1873 3997 2071 4051 nomine
2088 3996 2267 4067 ipsius,

703 4086 790 4154 qui
815 4087 1132 4141 ministrastis
1153 4087 1339 4140 sanctis
1358 4095 1404 4139 et
1424 4087 1738 4140 ministratis.
1758 4085 1943 4156 Magna
1964 4086 2030 4141 de
2062 4088 2163 4141 illis
2193 4096 2270 4142 te-

704 4177 983 4240 stilicatur,
1017 4191 1123 4230 non
1151 4192 1311 4245 opera
1345 4185 1569 4241 tantum,
1594 4176 1687 4230 sed
1722 4186 1775 4230 et
1801 4177 1965 4230 alacri
1994 4178 2170 4229 animo
2193 4178 2269 4230 fa-

700 4277 786 4320 eta
819 4284 832 4318 ε
867 4267 915 4320 id
944 4268 1083 4337 quod
1113 4268 1237 4324 alibi
1268 4278 1341 4321 att
1368 4286 1381 4321 :
1417 4267 1537 4321 Non
1564 4268 1729 4321 solum
1762 4278 1951 4335 autem,
2002 4270 2091 4321 sed
2120 4280 2164 4321 et
2190 4286 2267 4323 se-

705 4361 841 4426 ipsos
885 4360 1130 4413 dederunt
1174 4357 1396 4413 Domino
1438 4370 1484 4413 et
1532 4360 1693 4414 nobis.
1742 4360 1907 4425 Quam
1949 4362 2269 4420 ostendistis.

706 4449 894 4519 inquit,
929 4449 979 4502 in
1009 4450 1210 4503 nomine
1233 4452 1364 4521 ejus,
1387 4450 1471 4517 qui
1497 4451 1816 4504 ministrastis
1843 4451 2031 4503 sanctis
2056 4461 2100 4503 et
2128 4451 2275 4502 mini-

705 4543 894 4595 stratis.
925 4542 1053 4597 Vide
1074 4542 1341 4612 quomodo
1366 4542 1485 4597 illos
1512 4557 1695 4597 rursus
1720 4552 1891 4607 curat,
1924 4552 1979 4597 ut
2008 4544 2095 4612 qui
2123 4544 2260 4596 dixe.

706 4633 775 4684 rit
798 4644 848 4686 et
884 4632 967 4684 hic
1011 4633 1303 4701 repetierit.
1337 4632 1437 4699 Qui
1480 4633 1807 4698 ministratis,
1840 4642 1898 4686 ut
1924 4648 2018 4687 eos
2055 4634 2271 4699 excitat,

709 4721 997 4775 ostendens
1044 4723 1183 4791 quod
1229 4738 1333 4776 non
1384 4722 1491 4777 illis
1521 4721 1765 4789 fecerint,
1814 4724 1909 4778 sed
1939 4724 2064 4778 Deo.
2102 4723 2269 4789 Quam

708 4812 1013 4879 ostendistis,
1072 4812 1259 4883 inquit,
1319 4826 1424 4867 non
1470 4812 1642 4867 solum
1699 4813 1752 4866 in
1793 4824 2026 4877 sanctos,
2068 4814 2161 4869 sed
2218 4814 2268 4869 in

710 4901 874 4955 Deum
904 4922 916 4955 :
948 4901 1048 4957 hoc
1075 4904 1215 4957 enim
1263 4911 1366 4968 est,
1422 4899 1489 4955 In
1529 4902 1730 4956 nomine
1769 4902 1965 4970 ipsius;
2016 4917 2081 4957 ac
2108 4903 2149 4956 si
2196 4902 2275 4957 di-

709 5003 875 5057 ceret,
907 4993 1125 5063 Propter
1154 5007 1345 5047 nomen
1393 4991 1509 5061 ejus
1551 4993 1728 5046 omnia
1774 4992 1993 5048 lecistis.
2020 4993 2122 5060 Qui
2147 5009 2274 5064 ergo

712 5093 912 5138 tantam
961 5098 993 5137 a
1045 5082 1195 5138 vobis
1238 5083 1431 5153 accipit
1474 5082 1883 5139 sollicitudinem
1928 5094 1982 5139 et
2026 5084 2271 5141 dilectio-

711 5190 873 5240 nem,
922 5190 1015 5229 vos
1069 5189 1358 5245 numquam
1405 5175 1681 5245 despiciet,
1712 5190 1882 5247 neque
1928 5178 2096 5234 vestri
2140 5179 2277 5236 obli-

713 5266 958 5321 viseetur.

782 5358 839 5411 4.
871 5356 993 5411 Hzec
1018 5356 1312 5424 audientes,
1340 5372 1489 5429 rogo,
1520 5358 1882 5416 ministremus
1902 5362 2118 5420 sanctis.
2147 5362 2273 5418 0m-

714 5450 797 5505 nis
833 5451 975 5503 enim
1008 5447 1179 5503 lldelis
1221 5460 1304 5504 est
1346 5459 1561 5505 sanctus
1588 5492 1603 5515 ,
1634 5461 1894 5522 quatenus
1937 5462 2019 5508 est
2058 5454 2230 5509 ﬁdelis
2261 5472 2276 5512 :

713 5543 919 5596 etiamsi
947 5541 1066 5612 quis
1094 5542 1162 5596 sit
1189 5542 1486 5598 mundanus
1511 5554 1565 5599 et
1612 5544 1903 5611 Stecularis,
1928 5555 2010 5600 est
2031 5556 2277 5604 sanctus:

715 5632 1077 5703 Sanctificatus
1105 5632 1248 5686 enim
1272 5672 1287 5699 ,
1315 5631 1517 5701 inquit,
1549 5646 1624 5687 est
1660 5634 1736 5687 uir
1763 5634 1983 5701 inﬁdelis
2009 5635 2063 5689 in
2103 5653 2277 5703 uxore,

2345 517 2509 567 rimus
2550 515 2599 567 iu
2644 512 2823 581 aliquo
2867 509 3179 572 infortunio,
3218 520 3431 562 manum
3462 517 3512 559 ct
3557 507 3922 576 porrigamns.

2345 604 2419 661 Ne
2464 607 2513 657 in
2561 619 2654 657 eos
2699 602 2870 655 solum
2916 601 3005 670 qui
3049 599 3240 654 sedent
3282 598 3333 652 in
3374 599 3643 652 montibus
3674 616 3745 652 no
3780 608 3921 651 trum

2344 698 2573 752 studium
2602 694 2945 749 ostendamus
2985 709 2998 746 :
3025 693 3097 745 illi
3128 690 3344 762 quidem
3371 699 3493 745 sunt
3533 694 3702 745 sancti
3735 701 3787 744 et
3820 694 3927 744 vita

2344 800 2397 847 et
2428 790 2561 853 title;
2611 788 2777 842 sancti
2815 796 2991 839 autem
3033 782 3083 836 hi
3129 798 3341 853 quoque
3386 781 3507 846 fide,
3546 781 3697 835 mnlti
3744 789 3927 835 autem

2344 886 2502 941 etiam
2531 881 2659 936 vita.
2693 880 2769 934 Ne
2793 920 2809 945 ,
2839 877 3231 931 si-monaehum
3269 874 3555 929 viderimus
3585 873 3635 927 in
3667 889 3895 926 carcere
3915 914 3929 935 ,

2338 978 2466 1027 ttmc
2494 969 2884 1041 ingrediamur;
2914 967 2995 1019 sin
3024 975 3200 1017 autem
3231 964 3577 1025 mundanum,
3610 976 3715 1014 non
3751 963 3928 1029 ingre-

2339 1067 2547 1119 diantur
2575 1079 2589 1118 :
2619 1070 2700 1116 est
2728 1059 2812 1113 hic
2833 1071 3045 1129 quoque
3066 1068 3283 1110 sanctus
3310 1066 3361 1109 et
3390 1055 3566 1109 frater.
3599 1055 3738 1123 Quid
3770 1068 3921 1115 vero,

2342 1155 2529 1224 mquit,
2578 1153 2621 1207 si
2663 1152 2731 1203 sit
2776 1149 3079 1203 immundus
3121 1156 3175 1201 et
3216 1146 3546 1201 sceleratus?
3578 1145 3715 1199 Audi
3762 1143 3927 1196 tlhri-

2341 1262 2479 1301 s'nm
2527 1246 2831 1300 dicentem:
2886 1240 3061 1294 Nolite
3096 1240 3355 1309 judicare,
3391 1248 3442 1290 ut
3480 1255 3580 1291 non
3615 1235 3928 1307 judicemiui

2343 1338 2552 1404 (litauit.
2592 1336 2644 1389 7.
2687 1335 2763 1403 l).
2797 1332 2874 1386 Tn
2917 1330 2998 1384 fac
3037 1339 3253 1399 propter
3284 1328 3468 1382 Deum.
3508 1329 3570 1382 Et
3601 1325 3729 1396 quid
3763 1325 3928 1378 dico?

2348 1429 2543 1480 tlittlllSi
2573 1442 2636 1481 ex
2668 1424 2915 1495 gentibus
2941 1420 3244 1491 quempiam
3277 1418 3565 1473 viderimus
3594 1419 3645 1471 in
3692 1416 3926 1471 infortu-

2346 1520 2453 1583 nio,
2484 1524 2694 1587 Opttﬂt‘l
2722 1515 2769 1569 ei
2802 1515 3149 1573 benefacere;
3182 1519 3255 1573 et,
3281 1519 3338 1563 ut
3359 1509 3523 1564 sernel
3550 1509 3751 1572 dicam,
3776 1506 3924 1560 Omni

2346 1608 2545 1660 homini
2572 1606 2656 1660 cui
2684 1604 2898 1659 adversi
2929 1601 3125 1671 aliquid
3153 1600 3346 1655 accidit
3371 1619 3382 1652 :
3409 1600 3578 1653 multo
3607 1609 3789 1653 autem
3814 1613 3927 1651 ma-

2342 1700 2422 1767 gis
2451 1699 2718 1753 mundano
2748 1696 2912 1751 ﬁdeli.
2956 1694 3091 1750 Audi
3122 1692 3341 1748 Paulum
3374 1692 3640 1747 dicentem
3665 1734 3679 1758 ,
3724 1690 3928 1744 Bonum

2343 1791 2493 1852 facite
2529 1790 2597 1842 ad
2626 1803 2829 1853 omnes,
2870 1786 3091 1839 maxime
3127 1794 3295 1837 autem
3339 1783 3407 1836 ad
3454 1784 3759 1836 domesticos
3807 1782 3929 1848 ﬁdei

2344 1882 2487 1945 (Gal.
2520 1882 2571 1935 (ἓ.
2608 1879 2719 1953 10).
2753 1879 2859 1934 Sed
2900 1879 3081 1932 nescio
3111 1876 3250 1932 unde
3279 1876 3380 1930 hoc
3410 1878 3479 1930 sit
3517 1876 3883 1930 introductum
3909 1915 3924 1939 ,

2342 1985 2397 2031 et
2435 1973 2698 2029 nudenam
2736 1970 2849 2025 hare
2881 1969 3133 2024 invaserit
3156 1967 3511 2023 consuetudo.
3547 1967 3677 2021 Nam
3710 1968 3801 2037 qui
3834 1980 3927 2019 eos

2342 2066 2515 2121 solum
2546 2064 2735 2134 quaerit
2761 2063 2849 2131 qui
2874 2062 3031 2115 vitam
3060 2069 3223 2129 agunt
3253 2059 3569 2123 solitariam,
3601 2068 3655 2113 et
3688 2058 3800 2110 vult
3825 2057 3929 2109 illis

2345 2156 2678 2221 benefacere,
2708 2164 2762 2210 et
2790 2154 2857 2208 de
2889 2152 2995 2206 illis
3028 2166 3213 2207 rursus
3248 2151 3458 2205 curiose
3492 2159 3741 2205 scrutans
3768 2158 3824 2203 ct
3850 2148 3928 2201 di-

2342 2264 2471 2304 cens
2500 2266 2514 2299 :
2544 2247 2598 2302 Si
2631 2260 2734 2299 nou
2766 2244 2836 2298 sit
2861 2243 3075 2313 dignus,
3102 2242 3147 2295 si
3180 2257 3284 2295 non
3311 2240 3600 2309 sitjustus,
3634 2240 3677 2293 si
3710 2254 3822 2293 non
3851 2237 3926 2291 fa-

2344 2340 2447 2395 ciat
2473 2340 2645 2408 signa,
2684 2349 2897 2389 manum
2937 2349 3040 2386 non
3072 2332 3336 2402 porrigam
3371 2348 3384 2384 :
3417 2330 3781 2401 eieemosynze
3812 2330 3927 2397 plu-

2352 2435 2543 2489 rimum
2575 2428 2834 2493 detraxit,
2875 2425 3001 2496 quin
3028 2424 3186 2478 etiam
3216 2422 3317 2477 hoc
3354 2422 3525 2492 ipsum
3554 2437 3769 2492 quoque
3795 2429 3927 2475 tem.

2347 2538 2474 2594 pore
2500 2518 2823 2591 procedente
2863 2530 3049 2571 rursus
3076 2514 3301 2569 auferet.
3335 2514 3493 2583 Atqui
3533 2513 3619 2566 illa
3650 2514 3818 2567 etiam
3846 2520 3928 2564 est

2345 2616 2684 2683 elecmosyna
2712 2623 2831 2679 quae
2861 2608 2919 2662 lit
2946 2607 2999 2661 in
3031 2615 3365 2676 peccatores,
3408 2620 3527 2674 qua:
3554 2604 3604 2657 in
3636 2619 3780 2658 reos.
3814 2602 3925 2657 Hoc

2346 2709 2485 2763 enim
2526 2714 2608 2761 est
2636 2703 2976 2772 eleemosyna
3004 2738 3018 2763 ,
3048 2712 3153 2753 non
3181 2711 3369 2751 eorum
3398 2695 3486 2766 qui
3520 2696 3653 2749 bona
3686 2694 3926 2749 fecerunt

2347 2815 2530 2870 opera,
2580 2796 2674 2853 sed
2717 2809 2905 2852 eorum
2948 2791 3040 2861 qui
3083 2798 3396 2861 peccaram,
3441 2789 3709 2844 misereri.
3759 2788 3822 2843 Et
3870 2796 3926 2841 ut

2347 2894 2505 2955 scias,
2535 2888 2656 2943 audi
2678 2885 2874 2942 Christi
2904 2882 3234 2953 parabolam.
3262 2878 3558 2944 Descendit,
3592 2879 3785 2949 inquit.
3816 2879 3927 2947 qui-

2347 2985 2466 3037 dam
2493 2982 2555 3035 ab
2587 2976 2927 3046 Jerosolymis
2965 2975 3018 3027 in
3058 2971 3267 3026 Jericlto
3288 3012 3302 3035 ,
3341 2980 3386 3024 et
3416 2970 3595 3024 incidit
3621 2970 3674 3023 in
3707 2969 3923 3024 latrones

2348 3075 2495 3147 (Luc.
2519 3070 2607 3126 10.
2636 3068 2723 3124 30.
2758 3066 2917 3135 seqq.)
2947 3079 2963 3119 :
2993 3070 3050 3119 et
3075 3077 3197 3117 cum
3225 3076 3349 3117 eum
3398 3061 3805 3127 verberasseut,
3838 3075 3922 3115 re-

2349 3168 2620 3237 liquerunt
2649 3162 2701 3214 in
2730 3158 2811 3211 via
2839 3156 3245 3210 semimortuum
3277 3153 3597 3208 sauciatum.
3639 3151 3801 3208 Venit
3828 3168 3922 3205 au-

2349 3266 2456 3313 tem
2499 3254 2633 3308 forte
2662 3246 2875 3320 quidam
2925 3244 3131 3311 Levita,
3174 3253 3231 3297 et
3268 3257 3388 3298 eum
3417 3242 3591 3299 visum
3620 3244 3920 3313 prmteriit;

2349 3347 2698 3412 similiterque
2736 3335 2989 3393 sacerdos
3030 3334 3123 3389 illo
3151 3335 3267 3389 viso
3298 3334 3610 3404 prieterivit.
3642 3334 3801 3389 Venit
3830 3334 3920 3389 de-

2353 3453 2495 3496 mum
2542 3434 2755 3506 quidam
2800 3428 3188 3494 Samaritanus,
3232 3435 3288 3481 et
3328 3427 3547 3480 multam
3587 3427 3706 3497 ejus
3744 3441 3920 3482 curam

2351 3532 2513 3605 gessit
2545 3545 2559 3582 :
2591 3523 2828 3595 alligavit
2873 3521 3116 3585 vulnera,
3165 3516 3358 3571 infudit
3404 3518 3619 3581 oleum,
3672 3518 3921 3587 imposuit

2352 3624 2523 3681 asino,
2548 3616 2701 3672 duxit
2725 3614 2777 3667 in
2801 3609 3178 3674 diversorium,
3206 3606 3444 3677 dixitque
3470 3606 3724 3678 pmfccto
3752 3607 3922 3661 diver-

2353 3712 2699 3775 sorii,Cnram
2722 3703 2836 3773 ejus
2856 3715 3003 3771 gere.
3029 3698 3097 3753 Et
3116 3696 3238 3752 vide
3261 3711 3504 3767 magnam
3526 3696 3918 3752 liberalitatem:

2358 3802 2423 3857 Et
2453 3814 2562 3870 ego,
2594 3795 2783 3865 inquit,
2812 3791 2942 3844 dabo
2980 3789 3068 3843 tibi
3092 3787 3339 3857 quidquid
3368 3787 3693 3857 impenderis.
3725 3787 3920 3843 Deinde

2354 3895 2658 3959 interrogat,
2713 3883 2839 3951 Quis
2887 3889 2957 3935 est
3001 3895 3154 3949 ergo,
3204 3877 3408 3948 inquit,
3457 3879 3569 3948 ejus
3617 3876 3915 3949 proximus?

2351 3978 2698 4049 Respondens
2725 3976 3080 4046 legisperitus,
3116 3972 3216 4039 Qui
3242 3972 3360 4043 fecit
3387 3968 3804 4025 misericordiam,
3833 3977 3919 4015 au—

2352 4070 2467 4125 dit:
2507 4067 2645 4123 Vade
2672 4084 2824 4140 ergo,
2859 4078 2905 4120 et
2930 4075 2985 4120 tu
3050 4070 3133 4136 [ac
3157 4065 3408 4119 similiter.
3452 4062 3518 4115 Et
3557 4058 3679 4117 vide
3716 4055 3919 4129 qualem

2353 4158 2489 4213 dixit
2528 4158 2858 4227 parabolatn.
2900 4156 3014 4211 Non
3040 4155 3211 4221 dixit,
3242 4152 3384 4224 quod
3413 4150 3631 4207 Judaeus
3658 4148 3845 4205 fecerit
3871 4144 3919 4196 in

2355 4248 2745 4303 Samaritannm
2774 4290 2788 4313 ,
2836 4248 2927 4301 sed
2958 4245 3100 4317 quod
3132 4244 3500 4301 Samaritanus
3529 4256 3746 4297 omnem
3789 4237 3922 4292 illam

2360 4338 2650 4393 ostenderit
2677 4338 3077 4392 liberalitatem.
3109 4337 3240 4391 lliuc
3266 4334 3545 4400 discimus,
3588 4345 3771 4403 parem
3810 4341 3922 4383 om-

2358 4430 2504 4483 nium
2534 4443 2715 4483 curam
2742 4443 2861 4483 esse
2889 4426 3209 4493 habendam,
3239 4440 3338 4481 nec
3365 4424 3784 4481 domesticorum
3812 4414 3924 4471 lidei

2361 4520 2553 4585 mlum,
2585 4518 2839 4589 neglectis
2864 4520 3003 4573 aliis.
3046 4518 3136 4574 Sic
3164 4532 3293 4589 ergo
3320 4529 3375 4572 tu
3404 4531 3637 4587 quoque,
3663 4514 3709 4569 si
3739 4508 3923 4565 videris

2358 4610 2588 4680 aliquem
2633 4611 2771 4665 male
2818 4611 3128 4680 patientem,
3179 4608 3311 4662 nihil
3355 4606 3586 4675 amplius
3632 4602 3923 4659 scruteris:

2363 4698 2523 4755 habet
2568 4700 2658 4754 ille
2684 4701 2772 4769 jus
2814 4700 3031 4765 auxilii,
3082 4697 3225 4770 quod
3267 4697 3407 4753 male
3435 4695 3686 4767 patiatur.
3732 4692 3857 4749 Nam
3886 4686 3925 4740 si

2360 4794 2588 4856 asinum,
2619 4807 2775 4862 quem
2818 4790 3014 4846 videris
3039 4790 3309 4855 sull'ocari,
3340 4789 3518 4859 erigis,
3554 4801 3652 4842 nee
3676 4786 3830 4855 cujus
3862 4779 3924 4832 sit

2364 4883 2638 4947 scrutaris,
2691 4882 2861 4936 multo
2902 4885 3069 4953 magis
3118 4896 3223 4936 non
3267 4888 3480 4951 oportet
3524 4875 3752 4932 scrutari
3790 4870 3927 4937 cuius

2364 4974 2454 5030 ille
2482 4974 2641 5029 homo
2670 4976 2741 5029 sit
2770 4992 2785 5029 :
2809 4975 2902 5029 Dei
2926 4986 3026 5039 est,
3055 4974 3173 5028 sive
3195 4974 3267 5028 sit
3286 4972 3527 5034 Gri-cus,
3551 4972 3663 5025 sive.
3685 4967 3924 5024 Inda-us:

2367 5066 2509 5121 sisit
2540 5065 2791 5129 inﬁdelis,
2826 5065 3029 5134 indiget
3069 5065 3288 5118 auxilio.
3339 5062 3396 5116 Si
3443 5062 3586 5116 enim
3635 5058 3929 5114 exatninare

2368 5158 2581 5230 quidem
2609 5166 2664 5213 et
2689 5157 2984 5228 diiudicare
3013 5158 3105 5211 tibi
3135 5166 3277 5210 esset
3304 5158 3647 5225 permissum,
3686 5160 3830 5206 recte
3852 5145 3923 5197 di-

2369 5263 2520 5304 ceres
2550 5264 2564 5302 :
2599 5264 2735 5302 nunc
2764 5260 2941 5302 autem
2969 5247 3246 5301 eaiatnitas
3288 5261 3393 5299 non
3424 5245 3547 5298 sinit
3590 5242 3708 5297 hare
3749 5235 3930 5297 exami-

2370 5355 2519 5395 nare.
2548 5339 2678 5395 Nam
2720 5339 2764 5393 si
2794 5354 2893 5393 nec
2929 5338 2998 5394 de
3026 5338 3173 5391 sanis
3215 5344 3427 5407 oportet
3467 5335 3725 5399 scrutari,
3758 5345 3848 5387 nec
3872 5327 3931 5379 dc

2371 5432 2596 5487 aliorum
2638 5432 2797 5487 rebus
2838 5444 2957 5487 esse
2986 5430 3245 5492 curiosos,
3292 5428 3460 5482 multo
3501 5428 3668 5498 mag's
3705 5425 3775 5481 de
3812 5420 3931 5476 male

2374 5526 2717 5597 patientibus.
2762 5524 2978 5594 Alioqui
3012 5537 3141 5577 vero
3182 5520 3356 5591 quid?
3388 5518 3578 5575 Vidisti
3626 5533 3749 5572 eum
3792 5512 3932 5570 rebus

2376 5618 2449 5672 uti
2476 5616 2744 5679 secundis.
2770 5625 2824 5670 et
2844 5615 3011 5685 gloria
3038 5613 3232 5667 ﬂorere
3253 5620 3309 5666 et
3329 5613 3379 5666 in
3403 5613 3539 5665 bona
3560 5605 3932 5664 existimatione

716 5736 760 5777 et
787 5692 911 5777 τωο»ἰ
935 5724 1152 5792 inﬁdelis
1177 5728 1228 5779 in
1251 5692 1358 5779 vim
1388 5692 1462 5794 ξι,
1492 5692 1606 5781 ζον,
1642 5726 1695 5781 7,
1728 5692 1837 5799 ιη’,
1862 5726 1993 5783 vide
2014 5692 2282 5797 quam“;
2375 5723 2517 5773 esse,
2545 5723 2666 5763 cum
2690 5708 2824 5763 dicis
2849 5722 2972 5762 eum
2996 5718 3117 5761 esse
3143 5703 3340 5759 malum
3366 5714 3418 5758 et
3447 5699 3789 5772 improbum?
3813 5692 3931 5748 unde

718 5816 847 5870 tides
875 5815 995 5870 facit
1018 5815 1513 5873 sanctificatiouem.
1544 5817 1599 5874 Si
1624 5832 1754 5885 ergo
1786 5816 2109 5874 mundanum
2134 5818 2282 5877 vide-
2378 5804 2573 5874 Ροῑῖῑιιτ
2616 5822 2628 5857 ε

2673 5802 2717 5857 si
2745 5810 2932 5875 autem
2972 5798 3155 5855 videas
3185 5799 3324 5854 male
3366 5797 3674 5869 patientem,
3718 5809 3783 5850 ne
3810 5788 3933 5844 dicas

3934 6134 4033 6367 Δ
