4068 6402
183 373 235 425 S9
1028 377 1088 434 ΙΝ
1129 375 1342 433 EI’IST.
1386 374 1478 430 AD
1515 372 1889 432 111588.505.
1932 374 2087 433 CAP.
2133 374 2221 433 νι.
2280 378 2514 435 llUlllL.
2562 379 2652 434 Kl.
3397 372 3467 423 3W

189 490 285 526 utin
312 489 423 529 esse
448 480 657 532 malum
690 488 756 535 et
786 484 1110 551 improbum.
1139 484 1270 539 Nam
1294 488 1512 558 quando
1539 501 1621 546 est
1650 497 1763 563 ψει·

185 565 284 620 deat
321 566 451 620 fama
492 568 773 637 celebris,
820 571 938 628 lucc
977 582 1121 630 recte
1146 576 1415 633 dicimus:
1442 582 1657 650 quando
1682 599 1771 638 au-

193 668 280 711 tem
303 670 379 712 est
407 662 459 714 in
487 662 825 719 calamitate
848 675 903 720 et
925 676 1043 737 eget
1068 669 1295 737 auxilio,
1326 686 1431 724 non
1454 683 1670 742 oportet
1692 674 1773 729 di-

184 764 285 805 cere
310 765 426 805 eum
456 768 585 808 esse
619 754 839 810 malum
871 773 884 809 :
919 760 1016 812 hoc
1044 761 1188 813 enim
1222 771 1302 815 est
1332 763 1667 820 crudelitatis
1715 776 1770 822 et

186 842 567 898 ishnmauitatis
600 855 662 899 et
694 850 1042 918 arrogantim.
1068 852 1248 921 Quid,
1292 854 1379 911 dic
1420 873 1606 926 qumso
1630 902 1643 925 ,
1677 861 1772 926 fuit

182 929 351 986 inda-is
380 934 625 1003 iniquius
650 937 677 989 ἲ
702 939 813 993 Sed
847 941 983 995 Deus
1012 956 1106 997 eos
1134 945 1326 1015 puniit,
1360 956 1416 1001 et
1438 948 1581 1017 jure,
1612 962 1771 1022 atque

183 1023 290 1077 adeo
310 1023 429 1091 jure
458 1027 683 1095 Optimo
720 1050 735 1085 :
769 1040 823 1085 et
855 1041 1031 1088 tamen
1060 1048 1176 1100 eos,
1208 1038 1297 1107 qui
1332 1038 1570 1109 ipsorum
1603 1044 1772 1099 mise-

184 1112 423 1178 rabantur,
482 1116 686 1173 habuit
734 1135 1015 1192 acceptos,
1063 1141 1158 1181 eos
1198 1143 1351 1197 vero,
1397 1132 1488 1201 qui
1536 1133 1770 1203 ipsorum

180 1206 435 1299 calamitati
478 1210 827 1268 insultarunt
867 1227 921 1271 et
962 1217 1126 1273 laetati
1163 1230 1312 1288 sunt,
1355 1224 1546 1293 puniit.
1583 1225 1770 1299 Nihil,

182 1295 355 1390 inquit,
390 1301 743 1369 patiebantur
769 1306 832 1359 ob
871 1310 1225 1365 contritionem
1252 1312 1447 1385 Ioseph
1474 1315 1670 1390 (Amos.

180 1389 240 1453 ti).
280 1390 341 1443 Et
380 1406 577 1481 rursus
621 1394 761 1451 dicit
800 1415 814 1451 :
856 1397 1071 1455 Redime
1102 1419 1189 1456 eos
1214 1409 1301 1473 qui
1327 1389 1665 1481 occiduntur,
1708 1430 1768 1467 ne

179 1480 553 1573 parcas-(Prov.
576 1483 683 1539 24.
722 1488 978 1573 H)._Non
1009 1491 1172 1558 dixit,
1202 1497 1475 1565 Scrutare,
1506 1513 1557 1556 et
1586 1480 1767 1573 qna-re

178 1566 276 1627 quis
305 1566 408 1615 sit:
433 1576 782 1632 quamquam
812 1566 1126 1639 plerumque
1153 1574 1278 1626 ntali
1319 1586 1445 1630 sunt
1475 1578 1564 1646 qui
1594 1566 1765 1634 abdu-

176 1659 379 1742 cuntur;
412 1652 513 1706 sed
558 1653 893 1724 simpliciter
934 1660 1085 1725 dixit,
1138 1661 1370 1731 Redime,
1399 1669 1643 1739 quisquis
1671 1673 1765 1742 sit,

177 1740 339 1810 inquit.
369 1742 485 1798 lloc
516 1747 677 1800 enim
705 1749 937 1805 maxime
976 1763 1057 1805 est
1101 1754 1469 1829 eleetnosyna.
1503 1760 1634 1816 Nam
1673 1740 1765 1835 qui

173 1835 323 1889 amico
350 1836 491 1892 bene
521 1838 662 1894 facit
682 1882 700 1908 ,
733 1858 838 1896 tum
866 1843 917 1898 id
951 1845 1110 1913 plane
1141 1846 1267 1903 facit
1299 1863 1521 1921 propter
1548 1855 1713 1912 Deum
1748 1879 1761 1915 :

173 1928 244 2019 qui
270 1940 443 1984 autem
488 1929 709 2002 ignoto,
760 1935 805 1988 is
850 1952 984 2005 pure
1030 1949 1085 1993 et
1132 1942 1346 1998 sincere
1386 1944 1514 2000 iacit
1542 1960 1761 2019 propter

175 2017 338 2073 Deum.
373 2022 440 2076 Et
467 2022 563 2079 ille
593 2026 821 2096 quidem
848 2028 998 2095 dicit,
1031 2030 1106 2086 Ne
1139 2048 1325 2101 parcas
1360 2040 1620 2107 pecuniis,
1647 2017 1757 2098 sed

170 2110 351 2167 etiamsi
396 2130 597 2172 omnes
647 2130 901 2189 aporteat
946 2123 1222 2180 effundere
1244 2169 1259 2193 ,
1293 2129 1359 2183 da
1389 2146 1402 2182 :
1434 2146 1533 2187 nos
1569 2146 1753 2191 autent

171 2201 382 2257 videntes
408 2206 701 2275 suffocari,
734 2210 1037 2279 lamentari,
1068 2216 1216 2272 mille
1249 2220 1514 2276 mortibus
1536 2225 1753 2294 gravio-

168 2306 212 2346 ra
234 2297 364 2365 pati,
395 2308 453 2353 et
482 2316 643 2371 saepe
685 2301 909 2374 injuste,
943 2308 1213 2376 parcimus
1250 2314 1493 2382 pecuniis
1513 2357 1529 2382 ,
1559 2326 1613 2372 et
1641 2332 1749 2375 non

1880 484 2151 557 parcimus
2182 482 2467 545 fratribus;
2500 496 2678 535 rerum
2708 480 3068 533 inanimarum
3100 494 3281 532 curam
3326 480 3477 548 geti-

1879 591 2018 644 mus,
2048 577 2281 630 animam
2312 586 2492 630 autem
2522 573 2861 643 negligimus.
2897 573 3055 642 Atqui
3083 572 3211 626 dicit
3255 572 3471 628 Paulus:

1876 669 1942 725 In
1970 669 2354 725 mansuetudine
2371 669 2573 722 erudire
2587 684 2672 722 eos
2683 667 2769 737 qui
2791 668 3127 735 adversantur
3150 684 3167 720 :
3186 685 3247 721 ne
3265 670 3473 738 quando

1878 763 2014 819 Deus
2038 764 2121 818 det
2149 763 2253 817 illis
2283 761 2630 834 paenitentiam
2660 759 2727 812 ad
2755 759 3156 829 cognoscendum
3189 761 3468 823 veritatem,

1871 866 1919 911 et
1948 856 2247 927 resipiscam
2271 871 2303 908 a
2328 852 2521 908 diaboli
2550 851 2745 922 laqueis
2766 892 2783 919 ,
2814 868 2846 905 a
2872 867 2972 921 quo
3018 852 3207 918 captivi
3239 862 3473 905 tenentur

1870 949 1939 1004 ad
1963 949 2124 1019 ipsius
2151 948 2459 1002 voluntatem
2486 944 2562 1013 (2.
2590 942 2725 998 Tim.
2764 942 2821 999 2.
2857 942 2945 997 25.
2979 940 3094 1014 26).
3140 940 3227 996 Ne
3263 943 3472 1014 quando

1868 1036 1999 1093 dicit
2043 1054 2060 1096 :
2107 1038 2257 1095 vides
2296 1048 2493 1110 quanta
2527 1041 2783 1109 patientia
2832 1042 3047 1109 plenmn
3096 1042 3164 1094 sit
3204 1040 3471 1096 vet-hinni

1869 1128 2004 1184 Eum
2038 1143 2137 1184 nos
2182 1144 2398 1201 quoque
2442 1132 2718 1187 imitantes
2744 1132 2812 1186 de
2844 1132 3061 1187 nemine
3090 1132 3468 1203 desperemus.

1870 1221 2082 1278 Etenim
2115 1223 2415 1294 piscatores
2444 1238 2566 1278 cum
2597 1238 2741 1295 sa‘pe
2772 1225 2903 1280 retia
2937 1225 2990 1279 in
3027 1240 3178 1280 mare
3197 1224 3433 1295 iecerint
3452 1266 3471 1295 ,

1868 1314 2002 1371 nihil
2033 1324 2158 1369 sunt
2194 1317 2503 1385 assequuti;
2552 1330 2677 1371 cum
2722 1326 2910 1388 postea
2952 1326 3133 1375 autem
3172 1316 3471 1387 iecissent,

1870 1419 2040 1464 tatum
2069 1419 2414 1481 acceperunt.
2452 1410 2527 1465 ita
2558 1426 2657 1465 nos
2684 1427 2899 1483 quoque
2932 1410 3241 1482 neutiquam
3272 1410 3470 1480 despe-

1868 1516 2069 1567 ramus,
2101 1502 2198 1557 sed
2229 1515 2607 1573 exspectamus
2648 1503 2790 1574 quod
2825 1512 2995 1558 totum
3042 1504 3202 1558 simul
3250 1513 3481 1572 repente

1869 1596 2023 1649 nobis
2051 1593 2352 1651 ostendetis
2383 1596 2611 1651 fructum
2639 1606 2932 1651 maturum.
2962 1595 3097 1651 Nam
3130 1606 3184 1652 et
3212 1594 3470 1666 agricola,

1868 1698 2149 1758 postquam
2180 1688 2571 1755 seminaverit,
2605 1690 2839 1760 primum
2878 1690 3021 1745 diem
3069 1698 3123 1744 et
3169 1688 3471 1743 secundum

1868 1781 2228 1850 przestolatur,
2252 1792 2304 1836 et
2324 1781 2486 1852 longa
2509 1794 2749 1852 tempore
2769 1791 3048 1855 exspectat
3074 1800 3086 1846 ;
3115 1792 3223 1837 tum
3249 1792 3473 1853 repente

1868 1872 2050 1936 videt,
2084 1872 2322 1943 undique
2369 1872 2576 1929 fructus
2614 1874 2776 1928 simul
2818 1875 3210 1945 germinantes.
3258 1873 3373 1929 Hoc
3420 1874 3471 1926 in

1866 1966 2020 2021 vobis
2050 1981 2268 2037 quoque
2296 1966 2533 2023 futurum
2581 1977 2961 2039 exspectamus
3003 1969 3173 2039 gratia
3217 1976 3273 2023 et
3316 1966 3470 2021 beni—

1866 2061 2071 2130 guitate
2122 2059 2336 2115 Domini
2383 2061 2552 2116 nostri
2599 2060 2727 2117 Jesn
2772 2059 3010 2127 Christi,
3041 2060 3127 2116 cui
3156 2076 3280 2117 cum
3312 2059 3471 2114 Patre

1870 2169 1973 2208 una
2019 2170 2140 2210 cum
2185 2164 2373 2209 sancto
2416 2154 2621 2226 Spiritu
2663 2156 2855 2227 gloria,
2901 2156 3209 2226 imperium,
3257 2155 3469 2221 honor,

1870 2262 2011 2303 nunc
2032 2259 2083 2303 et
2112 2263 2347 2320 semper,
2372 2259 2428 2305 et
2455 2250 2508 2304 in
2535 2250 2732 2306 smcula
2762 2249 3108 2305 surculorum.
3138 2250 3335 2305 Amen.

176 2432 3451 2473 Ἥψ-

1509 2535 1858 2605 HOMILIA
1914 2547 2005 2608 XI
2023 2594 2037 2607 .

173 2670 280 2724 (In.
311 2673 361 2726 li.
389 2688 439 2725 ν.
472 2674 563 2726 15.
605 2673 827 2725 Abt-altae
858 2672 989 2725 enim
1018 2672 1312 2739 promittens
1345 2671 1497 2737 Deus,
1529 2691 1643 2729 cum
1675 2696 1759 2733 ne-

232 2766 399 2817 miuem
426 2767 642 2820 habere!
668 2782 758 2834 per
777 2782 922 2833 quem
942 2766 1143 2836 juraret
1170 2768 1434 2834 majorem,
1450 2768 1646 2836 juravit
1671 2788 1760 2840 per

231 2860 455 2925 seipsitm,
486 2859 670 2911 dicens
695 2872 713 2910 :
738 2859 815 2911 HV
857 2856 975 2909 Nisi
998 2856 1294 2912 benedicens
1327 2861 1616 2915 benedicam
1644 2864 1755 2933 tibi,

232 2959 272 2999 et
309 2950 663 3019 multiplicans
695 2948 1044 3016 multiplicabo
1081 2958 1145 3001 te.
1188 2950 1274 3004 15.
1310 2950 1374 3003 Et
1403 2952 1477 3004 sic
1521 2955 1759 3023 longani-

235 3042 366 3095 miter
404 3047 579 3112 [rrens
621 3043 838 3108 adeptus
882 3051 954 3094 est
1000 3044 1457 3108 repromissioncm.
1511 3044 1757 3101 Homines

234 3135 352 3185 cuitu
382 3150 470 3203 per
492 3134 747 3194 maiorem
778 3148 830 3185 se
849 3133 1029 3201 jurant
1053 3148 1071 3184 :
1098 3133 1182 3186 l6.
1209 3144 1255 3185 et
1276 3136 1440 3187 onmis
1462 3146 1756 3191 controver—

234 3228 311 3277 siae
331 3226 445 3290 ﬁnis
470 3227 522 3278 in
548 3225 1012 3294 conformationem
1039 3233 1110 3277 est
1130 3226 1508 3295 jurantentum.

240 3318 282 3369 Ι.
318 3316 446 3369 Cum
475 3316 745 3371 Hebr:eus
773 3315 1119 3370 vehementer
1156 3325 1210 3371 et
1252 3316 1461 3373 fortiter
1492 3321 1757 3393 tetigisset

177 3416 223 3460 ct
245 3424 328 3462 eos
353 3411 481 3464 satis
509 3409 801 3464 terruisset
825 3428 840 3476 ;
878 3409 1106 3477 primum
1134 3409 1348 3478 quidem
1380 3427 1476 3468 eos
1506 3416 1755 3469 consola-

180 3511 250 3553 tur
272 3502 542 3563 laudibus;
577 3501 821 3556 secundo
842 3512 1045 3564 autem,
1069 3503 1209 3571 quod
1233 3513 1315 3558 est
1346 3506 1505 3560 etiam
1539 3507 1751 3578 fortius,

179 3594 297 3657 quod
324 3610 381 3649 ea
412 3613 535 3664 qua:
566 3605 790 3667 sperant
830 3596 938 3649 sint
975 3596 1196 3650 omnino
1235 3604 1643 3669 consequuturi.
1688 3604 1755 3659 Et

180 3689 478 3755 consolatur,
526 3704 638 3742 non
684 3704 713 3740 a
761 3688 1156 3757 prcesentihus,
1204 3690 1297 3745 sed
1344 3707 1371 3743 a
1414 3695 1748 3761 praeteritis:

179 3780 300 3845 quod
324 3783 537 3851 quidem
567 3782 649 3834 eis
682 3781 849 3850 magis
882 3783 1254 3847 persuadebat.
1284 3782 1745 3850 Quemadmodum

180 3864 299 3917 mnu
336 3868 384 3920 in
426 3865 701 3936 supplicio
737 3882 830 3935 per
857 3866 943 3920 illa
978 3867 1148 3936 magis
1177 3876 1373 3933 terret,
1407 3868 1478 3922 ita
1505 3870 1665 3924 etiam
1700 3871 1751 3923 in

182 3958 385 4017 prmmiiS
417 3974 511 4028 per
543 3958 663 4012 bam
695 3958 1025 4022 consolatur,
1056 3959 1145 4013 Dei
1178 3975 1297 4014 esse
1330 3977 1534 4017 morem
1568 3972 1752 4017 osten-

185 4044 294 4101 dens
320 4067 335 4102 :
365 4050 407 4103 is
434 4059 622 4105 autem
657 4057 759 4111 est,
792 4064 898 4104 non
931 4051 1112 4104 statim
1153 4051 1410 4107 exhibere
1453 4058 1751 4122 promissa,

183 4138 257 4190 sed
281 4141 429 4211 longo
455 4151 586 4211 post
613 4152 873 4211 tempore.
914 4141 1023 4196 lloc
1050 4154 1229 4197 autem
1261 4144 1405 4207 facit,
1436 4154 1488 4199 et
1515 4160 1625 4197 sum
1656 4161 1751 4214 po-

185 4232 333 4286 tcutizc
360 4250 615 4303 magnum
647 4233 927 4302 proferens
956 4233 1245 4299 indicium,
1274 4245 1330 4289 et
1362 4252 1459 4289 nos
1491 4237 1754 4293 inducens

185 4320 236 4369 ad
262 4322 426 4391 tidem,
460 4333 518 4377 ut
544 4324 635 4393 qui
670 4325 853 4378 \‘i\’lllll
893 4325 945 4379 in
973 4324 1352 4379 afﬂictionibus
1371 4368 1385 4391 ,
1417 4336 1471 4381 et
1498 4342 1596 4382 nec
1624 4343 1748 4398 pro-

186 4411 319 4464 missa
360 4416 634 4483 accipiunt
678 4430 777 4469 nec
817 4415 1113 4479 mercedes,
1146 4416 1211 4470 ad
1247 4417 1459 4472 iilllOl'CS
1489 4434 1591 4473 non
1620 4416 1755 4475 deti-

186 4503 321 4556 ciaut.
371 4507 432 4563 Et
486 4522 677 4561 omnes
720 4507 1033 4572 dimittens,
1078 4510 1203 4563 licet
1248 4509 1469 4565 ltalierct
1516 4514 1739 4580 multos,

189 4593 424 4652 Abraham
466 4599 518 4651 in
553 4598 787 4652 medium
819 4600 1078 4664 adduxit,
1109 4610 1162 4655 et
1190 4611 1409 4671 propter
1440 4602 1535 4656 viri
1564 4614 1745 4657 aucto-

190 4685 399 4753 ritatem,
436 4700 493 4745 et
519 4691 661 4759 quod
692 4691 741 4744 id
776 4692 1005 4745 maxime
1050 4691 1105 4745 in
1145 4707 1211 4745 eo
1256 4694 1515 4748 evenerit.
1558 4696 1755 4760 Quam-

189 4791 321 4839 quam
348 4780 483 4834 dicit
512 4782 565 4834 in
592 4782 698 4835 line
722 4780 986 4849 l'lpistolw,
1015 4782 1154 4851 quod
1184 4782 1267 4836 isti
1298 4799 1485 4838 omnes
1512 4800 1632 4838 cum
1661 4800 1752 4841 cas

192 4872 346 4930 procul
376 4872 640 4926 vidissent
678 4881 731 4925 et
772 4873 1002 4941 amplexi
1040 4883 1259 4938 essent,
1293 4890 1394 4929 u0n
1428 4886 1754 4945 acceperunt

193 4962 591 5028 promissioncs,
642 4979 708 5014 ne
765 4958 966 5031 absque
1024 4964 1176 5016 nobis
1227 4958 1751 5021 consummareutur.

190 5048 371 5105 .tbralta:
397 5051 553 5114 enim,
590 5047 796 5119 inquit,
837 5046 1131 5115 promittens
1161 5044 1316 5110 Deus,
1344 5061 1458 5097 cum
1490 5047 1742 5098 neminem

192 5140 360 5197 haberet
402 5158 493 5211 per
527 5157 676 5210 quem
702 5142 904 5208 jurarct
939 5139 1204 5205 majorem,
1226 5137 1420 5204 juravit
1444 5154 1535 5206 per
1560 5147 1746 5191 semct~

190 5248 343 5297 Ipsum,
374 5236 549 5289 dicens
573 5250 591 5286 :
618 5231 735 5285 Nisi
759 5232 1053 5285 benedicens
1082 5230 1373 5284 benedicnm
1400 5231 1514 5294 tibi,
1544 5239 1588 5283 et
1620 5232 1751 5284 mul-

189 5327 396 5387 tiplicans
437 5326 787 5392 multiplicabo
830 5334 895 5377 te.
942 5322 1005 5376 Et
1048 5323 1119 5375 sic
1161 5322 1517 5392 longanimiter
1560 5326 1745 5392 ferens,

192 5416 369 5484 adeptus
411 5429 482 5473 est
523 5417 984 5487 repromissiouem.
1026 5415 1308 5481 Quoumdo
1349 5414 1507 5483 igitur
1547 5415 1599 5468 iu
1643 5417 1750 5471 lino

192 5507 319 5573 dicit,
352 5508 470 5563 Non
499 5511 694 5576 accepit
719 5526 803 5576 ρι’(
819 5508 1081 5562 missiones
1121 5507 1137 5572 (
1171 5505 1327 5559 llebr.
1358 5507 1442 5560 ll.
1473 5506 1541 5560 59
1570 5507 1619 5574 );
1664 5506 1751 5562 hic

194 5614 314 5666 tero,
345 5601 724 5673 Louganimiter
744 5601 1157 5671 ferens,adeptus
1179 5611 1250 5654 est
1277 5600 1754 5669 repromissionem.’

193 5695 431 5757 tpttttttmltt
474 5712 581 5749 non
632 5693 1195 5763 accepit'tuluomodo
1225 5704 1303 5747 est
1337 5692 1602 5761 adeptus?
1632 5694 1747 5749 Non

196 5786 245 5842 tit
267 5789 443 5847 iisdem
471 5791 553 5847 hic
585 5802 636 5847 ct
664 5790 775 5847 illic
799 5788 959 5855 dicit;
990 5787 1083 5844 sed
1111 5786 1378 5859 duplicem
1407 5787 1531 5845 facit
1558 5804 1749 5845 conso-

1864 2678 2140 2726 lationem.
2228 2666 2886 2724 Prmuisit‘Abraltm:et
2934 2682 3053 2736 quae
3103 2665 3191 2722 hic
3237 2667 3462 2736 quidem

1862 2770 2010 2827 sunt,
2058 2761 2208 2817 dedtt
2245 2762 2405 2832 longo
2448 2771 2565 2830 post
2609 2769 2880 2828 tempore;
2926 2774 3046 2828 qua:
3084 2769 3264 2814 autem
3311 2760 3457 2825 illic,

1865 2857 2102 2910 omnium
2135 2874 2148 2909 :
2182 2864 2238 2909 et
2263 2854 2340 2908 sic
2368 2854 2522 2923 longa
2558 2867 2689 2905 usus
2720 2851 2972 2921 patientia
2995 2892 3011 2918 ,
3044 2851 3461 2921 promissionem

1862 2960 1944 3003 est
1984 2946 2248 3016 adeptus?
2296 2945 2456 3000 Vides
2493 2943 2635 3014 quod
2670 2959 2777 2997 non
2808 2944 2921 2996 sola
2958 2943 3247 3011 promissio
3289 2954 3458 2997 totum

1862 3041 2059 3103 effecit,
2101 3040 2195 3094 sed
2238 3038 2398 3092 etiam
2442 3037 2601 3107 longa
2648 3035 2943 3106 patientia?
2993 3035 3087 3090 llic
3131 3050 3228 3091 eos
3270 3045 3457 3102 terret,

1861 3133 2154 3189 ostendens
2184 3131 2324 3200 quod
2353 3145 2497 3199 saepe
2524 3129 2810 3198 impeditur
2836 3130 3123 3198 promissio
3154 3144 3250 3199 per
3278 3127 3459 3199 pusilli

1859 3226 2024 3283 animi
2055 3225 2265 3279 vitium.
2300 3223 2365 3276 lit
2395 3224 2497 3277 hoc
2524 3222 2739 3292 quidem
2768 3220 3006 3276 ostendit
3033 3235 3130 3292 per
3160 3221 3414 3292 populum
3443 3239 3457 3275 :

1860 3336 1981 3375 nam
2004 3319 2257 3389 quoniam
2283 3315 2479 3385 pus-illo
2509 3313 2725 3369 fuerunt
2755 3315 2957 3378 animo,
2988 3328 3092 3369 n0u
3122 3322 3248 3368 sunt
3276 3312 3459 3381 adepti

1858 3410 2271 3482 promissionem
2296 3428 2309 3463 :
2330 3407 2661 3462 contrarium
2689 3416 2868 3461 autem
2898 3405 3133 3460 osmndit
3163 3420 3258 3475 per
3280 3407 3457 3461 Abra-

1857 3502 2003 3556 ham.
2048 3498 2251 3555 Deinde
2292 3500 2343 3551 in
2387 3496 2494 3550 fine
2542 3496 2670 3551 facit
2717 3498 2879 3551 etiam
2924 3495 3126 3566 aliquid
3168 3496 3452 3566 amplius:

1853 3592 2088 3649 ostendit
2126 3588 2267 3661 quod
2303 3589 2461 3642 etiam
2503 3602 2625 3642 cum
2669 3588 2822 3658 longa
2855 3588 3106 3657 patientia
3138 3603 3243 3642 non
3272 3599 3457 3644 essent

1851 3684 2056 3753 adepti,
2090 3697 2263 3752 neque
2291 3682 2368 3735 sie
2396 3679 2612 3750 quidem
2641 3686 2769 3733 sum
2793 3680 3006 3732 tristitia
3036 3679 3235 3734 allecti.
3270 3679 3454 3733 Homi-

1854 3795 1937 3830 nes
1966 3777 2097 3830 enim
2132 3790 2221 3845 per
2247 3773 2493 3842 majorem
2512 3771 2719 3841 jurant,
2743 3780 2790 3823 et
2814 3771 2939 3842 ipsis
2969 3771 3133 3824 omnis
3163 3781 3456 3825 controver-

1850 3868 1941 3919 sia'
1967 3867 2086 3933 [iiiis
2114 3868 2165 3918 in
2196 3863 2638 3931 con/inuationem
2668 3872 2742 3915 est
2762 3863 3114 3929 juramentum
3142 3879 3161 3918 :
3190 3861 3327 3918 Deus
3355 3880 3452 3916 an-

1848 3966 1946 4010 tem
1976 3972 2093 4009 cum
2133 3954 2330 4008 nullum
2373 3952 2574 4005 haberet
2622 3953 2869 4021 majorem
2910 3970 2999 4021 per
3037 3970 3185 4023 quem
3218 3956 3449 4024 juraret,

1844 4049 2036 4119 iuravit
2056 4064 2145 4117 per
2170 4046 2515 4117 semetipsum.
2550 4041 2737 4098 Recte.
2766 4043 2897 4112 Quis
2918 4054 3002 4099 est
3026 4062 3156 4115 ergo
3182 4047 3271 4116 qui
3295 4046 3450 4116 jura-

1847 4140 1919 4187 vit
1949 4133 2214 4188 Aliraluc?
2251 4149 2430 4187 annon
2466 4133 2670 4187 Filius?
2715 4132 2863 4202 Non,
2908 4133 3100 4204 inquit.
3154 4133 3305 4189 Unde
3344 4134 3448 4189 hoc

1842 4224 2014 4278 dicis?
2063 4223 2297 4278 Maxime
2350 4222 2570 4293 quidem
2626 4223 2774 4293 ipse;
2830 4224 2926 4280 sed
2983 4241 3090 4281 non
3145 4225 3439 4280 contendo.

1842 4316 2068 4385 Quando
2095 4331 2225 4387 ergo
2255 4316 2368 4384 ipse
2393 4316 2541 4385 jurat
2585 4315 2686 4371 hoc
2727 4316 2843 4385 ipso
2878 4316 3207 4385 juramento,
3242 4319 3403 4371 Amen
3428 4359 3441 4378 .

1844 4427 1989 4463 amen
2013 4410 2124 4463 dico
2148 4411 2321 4472 vobis;
2346 4423 2524 4463 attnon
2549 4409 2669 4464 ideo
2688 4410 2915 4477 scilicet,
2938 4410 3080 4481 quod
3112 4425 3217 4465 non
3248 4408 3449 4465 habeat

1846 4501 2105 4571 majorem
2135 4516 2228 4571 per
2256 4517 2415 4571 quem
2443 4501 2629 4571 iuret?
2659 4501 2728 4557 Ut
2755 4501 2899 4557 enim
2921 4502 3123 4571 juravit
3152 4502 3334 4569 Pater,
3370 4501 3444 4559 ita

1845 4598 2006 4653 etiam
2039 4597 2368 4666 Filiusjurat
2398 4613 2491 4666 per
2513 4613 2572 4652 se
2596 4596 2804 4664 dicens,
2838 4597 3017 4660 Amen,
3046 4614 3193 4651 auten
3221 4597 3338 4651 dico
3356 4611 3445 4650 uo.

1845 4691 1937 4745 bis.
1985 4690 2079 4745 llic
2124 4692 2253 4761 ipsis
2298 4700 2517 4745 revocat
2562 4692 2613 4745 in
2656 4692 2967 4746 memoriam
2996 4690 3199 4746 Christi
3225 4705 3444 4761 quoque

1842 4784 2169 4851 juramcnta,
2210 4798 2330 4852 qua:
2374 4782 2589 4838 dicebat
2623 4782 2839 4838 assidue
2871 4782 3089 4846 :Amen,
3134 4797 3283 4836 amen
3328 4782 3446 4837 a'ico

1848 4874 1957 4939 tibi,
1985 4876 2070 4943 qui
2099 4876 2257 4928 credit
2286 4875 2339 4927 in
2368 4891 2476 4938 me,
2511 4891 2613 4928 non
2639 4875 2885 4930 morietur
2911 4874 2965 4929 in
2995 4884 3237 4929 internum
3263 4873 3448 4944 (Jonn.

1849 4967 1934 5021 ll.
1970 4967 2087 5036 9.6).
2117 4966 2254 5031 Quid
2286 4975 2389 5031 est,
2424 4965 2489 5019 Et
2518 4968 2682 5020 omnis
2711 4967 3065 5022 controversia
3092 4967 3207 5030 linis
3235 4967 3287 5019 in
3317 4983 3444 5020 con-

1848 5061 2189 5129 ﬁrmationem
2219 5070 2288 5113 est
2312 5060 2702 5129 juramentum?
2740 5060 2796 5115 Id
2832 5070 2915 5115 est
2944 5078 2957 5113 ε
2988 5075 3053 5115 ex
3085 5060 3191 5116 hoc
3219 5060 3449 5115 solvitur

1848 5155 2023 5208 munis
2054 5154 2443 5208 controversia:
2470 5154 2734 5208 dubitatio
2769 5173 2781 5208 :
2815 5170 2921 5209 non
2950 5153 3130 5225 hujus,
3159 5163 3253 5209 aut
3280 5154 3447 5221 illius,

1849 5248 1944 5302 sed
1975 5248 2173 5301 omnis.
2208 5248 2380 5316 Atque
2408 5247 2689 5317 oportebat
2718 5246 2938 5317 quidem
2964 5248 3127 5301 etiam
3156 5248 3272 5301 sine
3298 5248 3451 5317 jura-

1851 5351 2032 5395 mento
2078 5340 2187 5392 Deo
2230 5339 2476 5393 credere.
2506 5340 2594 5395 Π.
2640 5337 2704 5391 In
2731 5356 2851 5404 quo,
2883 5338 3073 5408 inquit.
3105 5338 3453 5393 abundantius

1850 5437 2019 5488 volens
2050 5432 2188 5486 Deus
2214 5434 2478 5486 ostendere
2507 5432 2891 5501 pollicitationis
2922 5431 3188 5485 heredibus
3215 5433 3447 5486 immobi-

1853 5528 2044 5582 litntem
2068 5528 2269 5580 consilii
2298 5528 2397 5592 sui,
2428 5526 2727 5595 interposuit
2751 5526 3143 5597 jusjurandum.
3178 5525 3274 5579 llic
3302 5542 3451 5581 Cont-

1851 5619 2138 5689 prehendit
2158 5620 2317 5674 etiam
2348 5620 2551 5675 lideles.
2582 5620 2868 5687 l‘ropterea
2897 5620 3141 5674 meminit
3162 5620 3323 5675 etiam
3352 5618 3455 5672 htt-

1850 5713 1935 5785 jus
1981 5711 2375 5783 promissionis,
2405 5728 2523 5779 qua:
2567 5711 2712 5781 prior
2759 5710 2896 5767 facta
2945 5722 3027 5767 cst
3070 5712 3450 5768 communiter.

1932 5807 1943 5839 ¹
1979 5805 2067 5856 llic
2093 5806 2261 5866 incipit
2286 5803 2479 5854 bennlta
2504 5802 2760 5852 Ulldellllld
2787 5814 2833 5849 tn
2860 5800 2977 5846 ιξυιιρ
