4068 6404
568 357 629 412 Μ
1258 374 1313 426 S.
1356 366 1629 428 JO.\N.\'IS
1659 357 2123 420 CIIRYSOSTUMI
2176 354 2489 412 ARCIIIEI‘.
2528 349 3060 411 CONSTANTINOP.
3735 340 3822 394 Et“

562 486 895 554 interposuit,
929 481 1119 552 inquit,
1143 481 1521 551 Jusjurandum.
1556 476 1651 531 llic
1680 489 1865 530 rursus
1888 474 2014 527 dicit
2042 472 2120 526 Fi—

561 578 685 630 lium
718 574 884 630 fuisse
925 574 1368 633 intercessorem,
1411 568 1549 622 inter
1590 566 1830 619 homines
1858 573 1905 618 et
1940 563 2123 615 Deum.

560 669 647 722 £8.
685 665 752 721 Ut
782 681 872 734 per
893 666 1023 717 duas
1059 678 1137 716 rcs
1171 659 1465 723 immobiles,
1500 658 1675 727 quibus
1712 654 2018 727 impossibile
2056 662 2128 705 est

560 760 758 812 mentiri
790 757 971 811 Deum.
1004 755 1104 808 Per
1130 768 1384 821 quaSuam
1414 752 1540 806 res?
1584 750 1683 805 I’er
1711 748 1809 802 hoc
1831 748 1967 818 quod
1995 747 2128 804 dixit

559 869 619 905 ac
649 850 910 922 promisit,
932 858 985 901 et
1012 861 1105 917 per
1134 844 1236 900 hoc
1261 845 1400 914 quod
1430 840 1763 913 promissioni
1792 840 1986 910 adjecit
2012 840 2125 910 jus-

560 942 859 1011 iurandum.
900 938 1029 993 Nam
1072 938 1325 1008 quoniam
1349 935 1486 1005 apud
1517 933 1758 988 homines
1786 930 1891 986 hoc
1917 929 2125 985 videtur

557 1049 678 1088 esse
730 1030 1065 1095 credibilius,
1118 1044 1347 1098 nempe,
1399 1027 1798 1098 juramentum,
1850 1032 2128 1095 propterea

561 1128 731 1193 ipsum
760 1137 974 1192 quoque
1002 1120 1224 1175 addidit.

630 1209 684 1261 9.
722 1188 1047 1274 νίξιθείιιιοι]
1091 1215 1193 1256 non
1224 1214 1373 1253 suam
1413 1202 1617 1264 spectet
1645 1191 1995 1261 dignitatem,
2037 1188 2130 1249 sed

566 1296 831 1369 quomodo
860 1292 1165 1349 hominibus
1194 1286 1542 1358 persuadeat,
1593 1293 1649 1340 et
1695 1282 1762 1336 de
1810 1295 1871 1335 se
1918 1278 2133 1347 indigna

565 1390 666 1444 dici
695 1387 943 1449 sustinet,
985 1392 1041 1436 ut
1070 1381 1159 1450 qui
1194 1380 1320 1433 velit
1367 1378 1578 1446 plenam
1610 1382 1665 1427 et
1708 1380 1910 1426 certain
1941 1368 2136 1422 allerre

565 1474 971 1549 probationem?
1004 1474 1071 1527 Et
1110 1472 1162 1524 in
1205 1470 1511 1523 Ahraliatno
1549 1464 1765 1534 quidem
1794 1460 2027 1515 ostendit
2059 1468 2136 1511 to-

564 1585 675 1626 tum
698 1585 819 1625 esse
850 1568 944 1623 Dei
965 1608 980 1629 ,
1010 1582 1115 1619 non
1145 1564 1289 1617 illius
1317 1561 1584 1616 diuturna!
1614 1556 1885 1629 patientia!
1908 1596 1922 1619 ,
1972 1552 2139 1622 siqni-

564 1662 685 1715 dem
734 1657 987 1714 sustinuit
1036 1656 1193 1709 etiam
1244 1651 1447 1706 addere
1492 1648 1892 1719 juramentum;
1948 1645 1991 1697 si
2046 1657 2139 1712 per

560 1766 719 1818 quem
744 1749 924 1820 jnrant
956 1746 1221 1806 homines,
1258 1742 1399 1798 Deus
1431 1755 1641 1811 quoque
1669 1753 1762 1808 per
1798 1734 2136 1807 ipsumjura-

563 1846 659 1908 vit,
693 1857 886 1912 nempe
928 1854 1018 1909 per
1066 1836 1324 1906 seipstnn.
1367 1834 1472 1890 Sed
1506 1834 1576 1887 illi
1608 1831 1820 1903 quidem
1870 1838 2137 1899 tainquam

565 1951 661 2003 por
690 1932 966 2001 majorem,
1016 1930 1101 1983 hic
1145 1938 1320 1981 autem
1371 1941 1474 1977 non
1526 1938 1793 1993 tamquam
1827 1936 1920 1989 per
1974 1919 2141 1986 majo-

568 2044 678 2080 rem
710 2045 723 2079 ;
754 2034 807 2079 et
854 2035 1030 2076 tamen
1086 2020 1228 2073 fet-it.
1271 2017 1385 2071 Non
1436 2024 1559 2069 sunt
1603 2013 1751 2092 enim
1798 2010 1939 2081 paria
1967 2050 1983 2077 ,
2044 2009 2139 2062 bo-

566 2121 761 2172 minem
794 2132 887 2185 per
910 2131 967 2168 se
984 2114 1187 2181 jurarc,
1215 2121 1267 2164 et
1299 2109 1463 2164 Deum
1491 2125 1505 2162 :
1535 2107 1696 2160 homo
1724 2106 1866 2159 enim
1909 2119 2012 2157 non
2045 2102 2138 2156 lia-

568 2213 656 2264 lict
699 2210 781 2262 sui
842 2215 1181 2275 potestatem.
1242 2202 1405 2259 Vides
1452 2200 1594 2271 Quod
1645 2199 1749 2255 hoc
1805 2212 1910 2253 non
1970 2196 2138 2266 magis

566 2306 793 2357 Abrahae
819 2301 1017 2356 dictum
1045 2300 1110 2351 sit
1137 2313 1297 2367 quam
1321 2294 1515 2351 nobis?
1542 2292 1915 2354 Fortissimum,
1944 2288 2135 2358 inquit,

567 2393 806 2447 solatium
832 2390 1106 2442 habeamus
1148 2388 1233 2456 qui
1259 2385 1580 2455 confugimus
1616 2382 1684 2436 ad
1712 2380 1977 2436 tenendam
2022 2394 2141 2447 pro-

568 2486 787 2552 positam
815 2498 978 2553 spcm.
1008 2480 1105 2534 llic
1133 2492 1343 2547 quoque
1370 2489 1558 2530 rursus
1586 2475 1741 2544 longa
1770 2486 1901 2529 usus
1930 2469 2139 2539 patienv

569 2576 659 2634 tia,
692 2580 1009 2641 asscquutus
1042 2578 1125 2624 est
1160 2566 1592 2637 promissionem.
1627 2562 1776 2617 Nunc
1798 2602 1813 2625 ,
1848 2560 2055 2630 inquit,
2085 2568 2142 2615 et

567 2680 672 2717 non
719 2662 896 2716 dixit:
926 2660 1189 2728 Quoniam
1228 2657 1446 2726 juravit.
1492 2652 1633 2722 Quid
1664 2653 1732 2707 sit
1774 2659 1953 2705 autem
1994 2650 2142 2719 jura-

569 2765 827 2819 mentum,
854 2753 1109 2817 ostendit,
1139 2751 1324 2805 dicens
1345 2790 1359 2813 ,
1383 2748 1575 2807 .lurare
1602 2760 1700 2818 per
1728 2743 2008 2814 majorem.
2034 2742 2142 2798 Sed

568 2847 817 2914 quoniam
843 2854 928 2899 est
952 2842 1280 2899 incredulum
1309 2852 1480 2909 genus
1508 2836 1802 2898 hominum,
1834 2834 1899 2889 ad
1926 2832 2139 2897 eadem,

568 2937 634 2990 ad
655 2952 771 3007 qua:
796 2951 910 2999 nos,
940 2951 998 2991 se
1029 2934 1265 2988 dimittit.
1290 2933 1438 2986 Sicut
1464 2944 1593 2999 ergo
1613 2928 1758 2997 jurat
1784 2935 2001 2995 prepter
2022 2939 2140 2990 nos,

570 3030 781 3083 etiamsi
824 3029 916 3082 illo
962 3029 1030 3081 sit
1061 3026 1337 3095 indignum
1378 3023 1519 3093 quod
1570 3037 1674 3075 non
1715 3020 1967 3075 credatur
2008 3036 2023 3072 :
2071 3020 2142 3073 ita

572 3124 730 3175 .tiam
759 3121 959 3175 dictum
1002 3130 1081 3174 est
1122 3118 1248 3171 illud
1273 3158 1286 3179 ,
1324 3115 1516 3169 Didicit
1542 3130 1605 3166 ea:
1637 3113 1699 3167 iis
1722 3128 1834 3179 qua
1867 3126 2044 3179 passus
2072 3119 2144 3162 cst

575 3213 758 3278 (Hebr.
783 3211 838 3266 ὅ.
865 3212 923 3278 8)
958 3228 969 3261 :
999 3210 1250 3278 quoniam
1276 3207 1583 3266 existimant
1610 3203 1854 3257 homines
1890 3201 1993 3256 hoc
2025 3215 2146 3255 esse

573 3305 740 3373 magis
768 3304 868 3356 iitit.‘
896 3303 1111 3371 dignum
1135 3344 1147 3363 ,
1188 3299 1398 3368 assequi
1442 3313 1535 3365 per
1574 3294 1980 3364 experientiam.
2008 3291 2143 3356 Quid

574 3406 675 3459 est,
714 3393 1037 3459 Planasitum
1068 3407 1206 3459 spent
1229 3389 1255 3442 ?
1280 3389 1357 3443 Ex
1390 3389 1471 3440 his
1495 3427 1511 3453 ,
1540 3387 1711 3455 inquit
1735 3426 1749 3449 ,
1781 3383 1952 3436 futura
1980 3381 2145 3449 eonji-

573 3488 779 3539 cimus:
813 3502 931 3537 nam
960 3485 1002 3535 si
1034 3484 1146 3535 lizrc
1172 3491 1293 3549 post
1334 3488 1537 3533 tantum
1580 3486 1788 3543 tempus
1827 3482 2141 3537 evenerunt,

574 3596 792 3632 oni-uno
833 3578 918 3629 illa
948 3590 1175 3643 quoque.
1219 3572 1575 3637 Quamobrem
1614 3584 1729 3636 qum
1767 3565 1903 3619 facta
1934 3564 2146 3617 fuerunt

572 3666 822 3728 Abrahm,
854 3666 1005 3719 nobis
1030 3678 1243 3733 quoque
1266 3662 1419 3715 iidem
1453 3661 1650 3713 faciunt
1678 3658 1744 3712 de
1772 3658 1986 3711 futuris.
2012 3658 2027 3688 ¹
2060 3655 2142 3710 l9.

577 3761 739 3824 Quam
761 3760 887 3812 sicut
914 3773 1151 3812 ancoram
1180 3756 1418 3809 habemus
1446 3754 1628 3806 anima:
1650 3761 1806 3805 tutam
1836 3766 1895 3803 ac
1923 3750 2141 3817 ﬁrmant,

575 3863 619 3903 et
651 3852 958 3903 incedentem
999 3861 1154 3919 usque
1199 3847 1266 3917 qd
1311 3845 1553 3899 interiora
1596 3843 1856 3898 velaminis
1887 3857 1905 3895 :
1931 3840 2021 3894 20.
2065 3838 2145 3892 ubi

578 3959 860 4011 prrccursor
884 3959 975 4012 pro.
1004 3942 1145 3996 nobis
1170 3940 1389 3993 introivit
1413 3937 1582 3999 Jcsns,
1614 3937 1890 3990 secundum
1920 3933 2144 3987 ordinem

577 4037 945 4091 Melchisedech
974 4038 1199 4107 pontifex
1228 4033 1393 4098 factus
1427 4033 1477 4083 iu
1516 4040 1777 4084 wteruum.
1810 4028 1941 4080 Cum
1973 4024 2145 4077 adhuc

578 4132 747 4184 simus
796 4133 846 4183 in
895 4129 1113 4191 mundo,
1143 4137 1198 4182 et
1243 4140 1275 4180 e
1318 4125 1422 4178 vita
1457 4123 1691 4177 nondum
1736 4120 2143 4177 excesserimus,

580 4223 812 4276 ostendit
836 4222 943 4289 jam
976 4229 1095 4275 esse
1138 4220 1190 4273 in
1221 4216 1499 4287 promissis
1532 4231 1547 4267 :
1581 4228 1700 4267 nam
1731 4222 1826 4279 per
1864 4223 2011 4277 spem
2041 4208 2147 4275 jam

582 4328 763 4365 sumus
809 4314 858 4365 in
907 4311 1074 4365 cretis.
1118 4310 1472 4377 ExSpectate,
1524 4305 1725 4373 inquit;
1770 4300 1985 4353 onmino
2008 4299 2146 4352 enim

582 4408 698 4458 erit.
740 4404 936 4457 Deinde
969 4403 1178 4472 plenam
1210 4400 1439 4454 efferens
1492 4395 1886 4464 persuasionem
1916 4432 1929 4453 ,
1974 4388 2103 4442 dicit
2136 4405 2147 4441 :

582 4499 741 4566 Magis
770 4509 947 4551 autem
980 4511 1073 4563 spe
1100 4495 1207 4562 jam
1235 4488 1548 4558 consequuti
1578 4487 1728 4539 estis.
1771 4485 1831 4536 lit
1863 4498 1964 4535 non
1996 4481 2149 4545 dixit,

582 4593 779 4643 Simius
811 4589 988 4645 intus;
1021 4585 1134 4643 sed.
1173 4583 1285 4649 Ipsa
1332 4593 1411 4633 est
1455 4582 1687 4644 ingressa
1724 4593 1733 4626 :
1767 4574 1906 4642 quod
1939 4571 2150 4640 quidem

582 4689 697 4733 erat
726 4680 903 4731 verius
948 4685 1003 4728 et
1042 4673 1389 4742 probabilius.
1440 4670 1584 4723 Sient
1631 4668 1769 4719 enim
1811 4679 2004 4719 ancora
2035 4663 2153 4716 navi

584 4784 815 4840 appensa
844 4811 855 4831 ,
891 4782 996 4819 non
1031 4765 1158 4818 sinit
1203 4778 1320 4815 eam
1364 4757 1696 4813 circumferri
1726 4797 1739 4814 ,
1786 4753 1991 4807 etiamsi
2036 4768 2151 4807 eam

588 4864 725 4916 venti
757 4862 998 4932 quatiant
1044 4853 1459 4911 iunmncrabilcs
1485 4894 1497 4914 ,
1538 4849 1629 4902 sed
1672 4860 1905 4917 appensa
1949 4846 2154 4899 firmant

587 4957 761 5011 reddit
784 4965 837 5010 et
866 4953 1112 5008 stabilem
1148 4968 1158 5001 :
1193 4950 1258 5001 ita
1284 4948 1440 4998 etiam
1474 4959 1613 5012 Spes.
1653 4942 1781 4994 Vide
1802 4950 1978 4994 autem
2002 4955 2155 5008 quam

587 5049 740 5101 valde
775 5052 1155 5113 congruentem
1204 5037 1466 5091 invenerit
1508 5034 1787 5102 imaginem
1835 5049 1846 5083 :
1883 5045 1987 5084 non
2018 5032 2156 5084 enim

591 5142 719 5193 dicit
742 5138 1166 5195 fundamentum,
1192 5131 1331 5201 quod
1360 5131 1736 5195 discrepasset,
1764 5123 1856 5178 sed
1886 5137 2155 5177 ancoram.

592 5232 722 5286 Nam
751 5229 887 5297 quod
930 5237 1011 5281 est
1060 5230 1112 5278 in
1148 5224 1307 5277 ﬂuctu
1357 5222 1536 5279 maris,
1570 5226 1623 5270 et
1664 5231 1767 5270 non
1808 5215 2020 5269 videtur
2046 5227 2163 5270 esse

593 5320 875 5375 admodum
912 5318 1119 5369 firmum
1151 5322 1204 5368 et
1233 5314 1421 5365 Stabile
1442 5351 1454 5371 ,
1489 5318 1594 5361 stat
1620 5324 1782 5376 super
1808 5321 1994 5377 aquam
2034 5312 2163 5356 tam-

591 5430 747 5481 quam
782 5426 937 5477 supra
972 5417 1203 5468 terram,
1246 5403 1573 5469 lahascitque
1622 5412 1675 5453 et
1726 5414 1827 5451 non
1862 5396 2077 5451 labascit
2117 5395 2158 5450 ².

652 5552 665 5578 ί
696 5549 813 5603 Qure
836 5546 1288 5604 seminator-nmmo
1310 5531 1371 5601 ad
1391 5541 1645 5577 utnnerum
1669 5527 1699 5573 4
1720 5526 1897 5604 desunt
1924 5525 1971 5592 in
1992 5524 2127 5604 Cglb.

652 5612 671 5641 ε
699 5584 1055 5663 i1.‘"ii§{."§pu;i
1084 5584 1237 5663 ‘Savii.
1280 5594 1454 5650 legitur
1482 5606 1491 5638 :
1523 5601 1635 5639 Nam
1661 5588 1787 5649 quod
1827 5594 1895 5657 est
1930 5586 1977 5633 in
2016 5584 2159 5663 [luctu

592 5648 749 5720 muri;
941 5648 1122 5721 liquido
1155 5648 1381 5721 rimarum
1407 5667 1497 5700 non
1530 5648 1681 5717 potest
1709 5648 1896 5721 «iturine
1938 5648 2158 5721 stabiliri.

700 5708 826 5778 Ῐιῖοιῖίξν
853 5708 1048 5784 perutile
1074 5736 1127 5770 ne
1155 5720 1191 5770 st
1218 5718 1263 5766 tu
1290 5724 1417 5765 terra
1440 5708 1584 5769 casti,
1621 5714 1707 5774 :irr
1727 5710 1854 5760 idem
1891 5708 2086 5759 Labascit
2120 5714 2165 5757 et

586 5810 679 5849 7.5a
708 5793 919 5841 labascit.

2227 468 2357 524 Nam
2413 468 2463 521 in
2511 466 2575 519 iis
2624 463 2840 535 quidem
2897 464 2987 532 qui
3040 470 3165 520 sunt
3224 460 3376 517 valde
3429 462 3565 516 firmi
3617 459 3820 515 solidi-

2225 576 2329 631 que
2359 569 2415 615 et
2457 558 2788 629 philosophi,
2840 556 2967 610 illud
3009 566 3371 611 conscntauee
3428 557 3604 624 posuit
3642 555 3817 609 Chri—

2237 669 2391 720 stus,
2445 652 2631 708 dicens
2683 666 2697 704 :
2748 648 2847 716 Qui
2884 646 3157 714 (edificavit
3207 644 3414 697 domum
3463 658 3606 696 suam
3650 657 3829 696 suum

2239 764 2430 822 petram
2476 743 2707 818 (Matth.
2740 743 2794 796 7.
2824 739 2937 808 24)
2967 756 2981 791 :
3016 739 3068 792 in
3116 737 3181 791 iis
3225 744 3403 791 autem
3441 734 3530 804 qui
3556 742 3682 789 sunt
3709 730 3828 786 de-

2239 844 2397 907 fessi,
2446 850 2503 897 et
2539 838 2736 894 debent
2781 848 2876 904 spe
2902 830 3139 903 portari,
3180 827 3561 885 convenienter
3588 824 3689 880 hoc
3718 839 3833 893 po-

2238 940 2343 993 suit
2374 934 2586 990 Paulus.
2610 929 2741 986 Nam
2770 928 2963 982 ﬂuctus
2987 921 3205 995 quidem
3233 931 3289 978 et
3314 936 3501 992 magna
3524 929 3836 989 tempestas

2237 1026 2487 1096 scapham
2518 1022 2691 1094 quatit
2720 1039 2733 1074 :
2767 1033 2892 1090 spes
2919 1026 3099 1071 autem
3135 1031 3240 1069 non
3290 1014 3419 1067 sinit
3457 1008 3834 1072 circumferri,

2236 1118 2444 1177 etiamsi
2471 1132 2588 1171 eam
2611 1116 2752 1169 venti
2774 1111 2973 1181 agitent
2996 1106 3431 1163 innumerabiles.
3456 1102 3836 1172 Quamobrem

2232 1212 2278 1266 si
2307 1225 2423 1265 eam
2453 1222 2556 1262 non
2579 1204 2969 1264 habuissemus,
2992 1201 3099 1269 jam
3130 1198 3257 1253 olim
3284 1210 3533 1252 essemus
3555 1192 3832 1250 demersi.

2237 1303 2354 1358 Non
2386 1300 2559 1356 solum
2602 1282 2779 1351 autem
2823 1294 2877 1347 in
2906 1289 3273 1360 spiritualibus
3298 1329 3314 1353 ,
3355 1287 3453 1343 sed
3479 1286 3640 1341 etiam
3672 1285 3724 1338 in
3757 1283 3837 1339 iis

2237 1408 2357 1464 qua
2386 1392 2451 1446 ad
2480 1390 2616 1445 banc
2646 1387 2807 1439 vitam
2837 1383 3109 1454 pertinent
3133 1422 3148 1445 ,
3181 1392 3427 1448 magnam
3455 1377 3573 1446 ejus
3598 1377 3705 1429 vim
3732 1375 3836 1429 in-

2237 1483 2451 1540 veneris
2474 1524 2488 1547 ,
2538 1480 2592 1534 in
2640 1485 2975 1539 mercatura,
3006 1473 3060 1526 in
3100 1470 3461 1540 agricultura.
3497 1468 3548 1521 in
3585 1466 3776 1520 militia
3815 1483 3835 1524 ;

2238 1577 2338 1634 nisi
2368 1574 2511 1630 enim
2540 1570 2802 1641 quispiam
2841 1580 2961 1621 eam
2988 1564 3170 1618 statim
3205 1561 3306 1616 sibi
3338 1557 3719 1630 praeposuerit,
3754 1570 3841 1611 no

2236 1679 2370 1740 Opus
2398 1662 2611 1735 quidem
2638 1658 2893 1729 attigerit.
2936 1660 3205 1710 Ancoram
3233 1661 3413 1707 autent
3442 1666 3547 1705 non
3575 1649 3711 1704 dixit
3734 1648 3838 1702 als-

2237 1761 2434 1825 solute,
2462 1754 2556 1812 sed
2585 1752 2788 1808 (inuam
2827 1758 2883 1805 et
2910 1747 3179 1812 stabilem,
3210 1755 3269 1799 ut
3292 1742 3541 1799 ostendat
3569 1742 3687 1811 ejus
3723 1741 3836 1795 lir-

2237 1853 2472 1907 mitatem
2506 1847 2571 1902 iis
2591 1844 2680 1917 qui
2710 1844 2798 1899 illa
2825 1840 3115 1895 fuleiuntnr
3141 1838 3207 1892 ad
3235 1838 3463 1892 salutem
3493 1852 3506 1886 :
3535 1834 3657 1890 ideo
3686 1832 3832 1887 sub-

2238 1941 2427 2013 iungit,
2458 1938 2584 2005 Qua
2610 1933 2896 2006 ingreditur
2928 1931 2983 1985 in
3010 1929 3256 1984 interiora
3295 1926 3557 1981 salaminis
3574 1943 3594 1990 ;
3631 1924 3683 1979 id
3713 1932 3835 1987 est.

2237 2049 2354 2105 quin
2380 2028 2621 2101 pervadit
2645 2040 2812 2098 usque
2839 2024 2904 2078 ad
2932 2022 3147 2077 exulum.
3179 2019 3379 2074 Deinde
3418 2017 3579 2073 fidem
3605 2031 3837 2090 quoque

2236 2124 2529 2194 sulijunxit,
2558 2130 2615 2175 ut
2655 2135 2761 2173 non
2805 2116 2981 2171 solum
3026 2115 3096 2167 sit
3122 2127 3285 2182 spes,
3330 2109 3425 2165 sed
3468 2111 3629 2165 etiam
3670 2107 3840 2161 valde

2237 2214 2534 2272 vera.Nam
2556 2219 2677 2283 post
2714 2204 3084 2279 jusjurandum
3132 2203 3282 2272 ponit
3317 2202 3477 2257 etiam
3523 2200 3702 2263 aliam,
3731 2214 3841 2268 per

2238 2325 2327 2367 res
2347 2311 2487 2380 ipsas
2499 2303 3035 2365 demonstrationem,
3055 2294 3398 2367 ncmpeqnoJ
3414 2294 3716 2350 Precursor
3732 2308 3841 2361 pro

2238 2406 2379 2458 nobis
2400 2401 2623 2456 introivit
2640 2396 2817 2453 Jesus.
2836 2394 3146 2448 Pra-cursor
3186 2399 3363 2443 autem
3396 2395 3481 2442 est
3518 2385 3838 2455 aliquorum

2240 2508 2559 2568 prmcursor,
2584 2492 2721 2545 sicut
2746 2488 2978 2542 Joannes
2994 2483 3214 2539 Christi.
3240 2480 3306 2537 Et
3336 2496 3442 2534 non
3471 2478 3601 2532 dixit
3622 2477 3835 2542 solum,

2240 2585 2500 2650 Introiuit,
2553 2580 2670 2645 sed,
2729 2577 2825 2633 Ubi
2872 2590 3163 2645 pra'cursor
3215 2587 3308 2641 pro
3371 2570 3513 2625 nobis
3558 2570 3837 2633 introivit;

2243 2685 2425 2745 utpote
2454 2690 2575 2728 cum
2596 2685 2692 2726 nos
2717 2683 2928 2738 quoque
2957 2665 3252 2721 debeamus
3279 2678 3344 2717 co
3371 2661 3673 2732 pervenire.
3708 2660 3837 2715 Non

2245 2779 2324 2825 est
2356 2767 2497 2823 enim
2522 2763 2744 2817 multum
2778 2757 3125 2814 interstititun
3158 2756 3297 2810 inter
3336 2767 3725 2824 praecursorem
3773 2762 3839 2807 et

2244 2877 2338 2917 eos
2395 2861 2483 2929 qui
2533 2863 2873 2926 sequuntur:
2907 2866 3031 2905 nam
3088 2848 3286 2917 alioqui
3336 2862 3443 2901 non
3484 2856 3629 2900 esset
3687 2862 3839 2914 pra:-

2251 2967 2459 3008 cnrsor.
2492 2950 2884 3003 Pm'cursorcm
2932 2943 3074 2997 enim
3126 2952 3175 2995 et
3222 2954 3317 2993 eos
3365 2938 3453 3006 qui
3484 2947 3792 3006 sequuntur
3820 2977 3837 3002 ,

2242 3052 2453 3113 oportet
2479 3054 2599 3095 esse
2628 3039 2678 3091 in
2699 3036 2883 3091 eadem
2912 3036 2994 3086 via
3018 3050 3033 3098 ;
3067 3032 3212 3085 illum
3240 3030 3377 3083 viam
3402 3029 3705 3099 ingredi,et
3728 3027 3843 3082 hos

2242 3129 2520 3201 consequi.
2570 3127 2861 3183 Secundum
2904 3123 3133 3177 ordinem
3184 3120 3553 3174 Melchisedech
3599 3120 3840 3188 pontifex

2244 3227 2294 3279 in
2344 3234 2586 3279 atcruuut
2632 3222 2817 3289 factus.
2873 3217 3013 3271 Ecce
3071 3215 3172 3271 alia
3227 3229 3439 3283 quoque
3492 3213 3840 3278 constilatio,

2243 3323 2287 3375 si
2335 3319 2547 3389 quidem
2592 3330 2750 3382 supra
2795 3321 2874 3365 est
2902 3320 3088 3364 noster
3122 3308 3358 3377 pontifex
3384 3348 3399 3370 ,
3433 3316 3486 3361 et
3518 3306 3684 3358 multo
3711 3322 3841 3361 tue-

2245 3415 2345 3468 lior
2375 3412 2434 3462 iis
2463 3410 2548 3478 qui
2581 3403 2861 3473 suntapnd
2892 3402 3128 3459 Juda‘os.
3163 3418 3266 3453 non
3298 3402 3469 3453 solum
3513 3401 3690 3453 modo.
3735 3399 3837 3453 sed

2243 3498 2402 3551 etiam
2432 3495 2591 3561 loco,
2654 3492 3033 3557 tabernaculo,
3088 3494 3409 3544 testamento
3459 3492 3513 3538 et
3576 3494 3838 3551 persona.

2245 3588 2449 3643 Dictum
2480 3597 2563 3643 est
2588 3596 2767 3643 autem
2814 3587 2883 3642 de
2930 3600 2995 3639 eo
3036 3583 3179 3654 quod
3226 3591 3309 3635 est
3356 3576 3653 3633 secundum
3712 3589 3844 3629 ear-

2246 3694 2385 3733 netu.

2318 3770 2371 3823 3.
2396 3768 2615 3839 Oportet
2651 3782 2778 3837 ergo
2816 3775 2869 3821 et
2896 3781 2991 3821 eos
3018 3781 3241 3835 quorum
3274 3774 3356 3818 est
3398 3758 3651 3817 sacerdos
3677 3757 3847 3825 longe

2248 3874 2370 3916 esse
2438 3859 2728 3923 meliores;
2788 3866 2843 3912 et
2907 3866 3166 3927 quantum
3242 3857 3380 3908 inter
3453 3856 3850 3907 Aaronem~ct

2249 3952 2515 4007 Christum
2572 3952 2832 4012 interest,
2887 3959 3091 4001 tantum
3145 3948 3409 3999 interesse
3455 3946 3594 3998 inter
3634 3956 3736 3996 nos
3790 3952 3848 3996 cl

2250 4045 2485 4100 Iudaeos.
2522 4044 2657 4097 Ecce
2684 4044 2825 4097 enim
2872 4043 2920 4094 in
2984 4042 3193 4108 superis
3227 4040 3488 4092 habemus
3518 4035 3795 4088 victimam
3823 4077 3838 4097 ,

2254 4139 2305 4192 in
2332 4137 2537 4206 superis
2577 4136 2909 4189 sacerdotem
2939 4176 2952 4199 ,
3012 4135 3063 4187 in
3104 4134 3312 4202 superis
3354 4131 3700 4187 sacrificium.
3735 4129 3847 4182 Eas

2257 4244 2385 4297 ergo
2434 4229 2725 4281 olleramus
2777 4226 2979 4278 hostias
3007 4240 3127 4295 quae
3176 4226 3226 4277 in
3258 4224 3345 4278 illa
3378 4238 3469 4279 ara
3511 4220 3717 4290 possint
3766 4219 3853 4273 ol-

2259 4320 2426 4373 ierri:
2475 4335 2579 4373 non
2627 4319 2855 4385 amplius
2911 4334 3040 4371 oves
3094 4327 3150 4371 et
3206 4316 3409 4379 boves,
3457 4329 3563 4367 non
3606 4314 3849 4382 amplius

2264 4411 2575 4480 sanguinem
2606 4419 2657 4462 et
2689 4410 2929 4462 nidorem
2962 4428 2972 4461 :
3007 4409 3119 4461 lure
3146 4408 3323 4460 omnia
3374 4416 3497 4459 sunt
3523 4405 3758 4468 abolita,
3800 4415 3855 4456 et

2262 4518 2355 4569 pro
2404 4502 2483 4555 eis
2514 4509 2593 4553 est
2639 4500 2975 4552 introductus
3018 4498 3195 4552 cultus
3244 4496 3536 4550 rationalis.
3575 4494 3712 4563 Quid
3768 4504 3857 4550 est

2260 4606 2435 4649 autem
2466 4594 2642 4646 cultus
2684 4592 2959 4645 rationalis
2985 4597 3006 4642 ’ἰ
3057 4591 3188 4656 Qum
3223 4605 3316 4657 per
3345 4589 3579 4643 animam
3610 4586 3853 4642 etiamne

2264 4698 2367 4752 tu".
2396 4704 2515 4758 (νηὶ
2564 4701 2655 4754 Ρει·
2686 4684 2932 4752 διήνίιυηι
2968 4682 3259 4751 (Spiritus,
3306 4682 3496 4749 inquit.
3560 4690 3630 4733 cst
3676 4679 3860 4741 Dens,-

2263 4791 2308 4835 et
2340 4797 2421 4832 eos
2443 4779 2525 4847 qui
2558 4780 2723 4845 ipsum
2749 4782 2966 4829 mtorant
2992 4817 3007 4840 ,
3040 4778 3091 4826 in
3123 4774 3306 4843 spiritu
3353 4782 3397 4826 et
3425 4775 3632 4825 veritate
3656 4784 3862 4840 oportet

2265 4872 2479 4926 adorare
2508 4868 2685 4940 [.Ioau.
2716 4874 2767 4921 4.
2793 4866 3065 4937 21]),qua:
3096 4882 3202 4919 mn
3231 4882 3364 4934 opus
3387 4864 3584 4924 habent
3606 4879 3861 4933 corpore,

2266 4980 2369 5018 non
2414 4979 2545 5030 opus
2577 4961 2773 5013 habent
2820 4958 3211 5022 instrumentis,
3244 4974 3349 5010 non
3376 4956 3509 5009 locis
3542 4973 3554 5007 :
3590 4955 3703 5009 [nec
3730 4971 3865 5010 vero

2268 5063 2391 5109 sunt
2426 5052 2709 5113 modestia,
2746 5051 3119 5119 temperantia,
3150 5051 3517 5118 eleemosyaa,
3550 5048 3866 5117 tolerantia,

2271 5146 2495 5205 leuitas,
2550 5154 2603 5197 et
2645 5143 2921 5211 patientia.
2980 5140 3105 5194 lltcc
3148 5140 3409 5194 sacriticia
3455 5139 3655 5193 videris
3697 5142 3867 5196 ctiam

2272 5238 2451 5292 multis
2492 5248 2635 5291 retro
2666 5237 2873 5289 szeculis
2905 5234 3268 5304 prmiigurata.
3320 5233 3622 5300 Sacri/irate
3649 5271 3662 5295 ,
3692 5231 3869 5302 inquit

2277 5329 2464 5393 David,
2492 5328 2591 5380 Deo
2624 5329 2927 5395 sacri/icium
2949 5327 3167 5397 justitia:
3193 5342 3210 5379 :
3235 5336 3287 5380 et
3318 5339 3526 5388 rursus,
3548 5323 3871 5389 Sacriﬁcubo

2277 5421 2361 5473 tibi
2388 5418 2694 5486 sacri/icimu
2748 5419 2953 5481 laudis;
2986 5426 3061 5481 et,
3096 5417 3424 5484 Sacri/icium
3472 5413 3637 5466 laudis
3665 5412 3873 5482 gloriﬁ-

2279 5515 2410 5569 cabit
2484 5530 2596 5577 mc;
2650 5521 2743 5576 et,
2794 5510 3119 5575 Sacri/icium
3180 5508 3287 5562 Deo
3361 5508 3570 5576 spiritus
3623 5508 3874 5561 contritus

2284 5605 2464 5673 (Psal.
2497 5604 2549 5657 .t.
2604 5606 2657 5656 υ.
2703 5612 2746 5655 ct
2780 5602 2899 5656 iis.
2936 5603 3021 5654 ιτ.
3057 5610 3101 5651 et
3152 5599 3339 5655 49.225
3384 5610 3427 5651 et
3469 5600 3557 5652 su.
3616 5596 3749 5667 t9):
3784 5610 3873 5662 et,

2286 5698 2420 5766 ριιὲιι
2470 5715 2497 5746 (ι
2552 5708 2596 5749 te
2641 5697 2848 5765 requirit
2908 5693 3155 5746 Dominus
3208 5694 3307 5745 nisi
3368 5704 3419 5745 ut
3473 5693 3639 5759 ipsum
3689 5694 3877 5744 audias

2292 5789 2470 5855 (Muli.
2503 5796 2549 5843 bi
2586 5789 2680 5858 8}!
2727 5786 3034 5840 llolocuustu
3063 5795 3104 5836 ct
3134 5802 3225 5853 pro
3264 5794 3464 5853 petente
3504 5800 3601 5836 non
3642 5782 3729 5834 tibi
3762 5786 3873 5847 [itc-
