4068 6416
150 393 202 451 93
932 382 996 439 ΙΝ
1034 377 1251 437 EPIST.
1294 373 1386 432 AD
1414 369 1737 429 IIEBREOE

1843 369 1987 428 CAP.
2035 371 2119 428 Vl.
2172 371 2404 429 HOMIL.
2451 370 2545 427 XI.
3354 356 3423 416 ιιι

147 515 232 553 mu
277 498 442 565 (Psal.
473 498 569 553 £0.
607 496 727 566 18).
769 494 909 550 'l‘nnc
936 495 1063 558 dixi,
1084 492 1396 549 Eccerenio.
1432 502 1485 545 ut
1512 495 1719 563 faciam,

146 598 290 657 ουηι.
320 595 637 647 rolnntamn
663 602 813 643 tuum
858 589 1028 661 (Paul.
1081 588 1169 644 δι).
1212 588 1264 642 8.
1298 586 1387 656 9);
1431 596 1487 639 et
1513 600 1721 650 rursus,

153 689 257 767 Qui»
306 687 428 738 nubi
480 685 605 739 thus
650 681 857 750 aﬁ'ertis
896 698 958 736 ea;
1000 680 1143 736 Saba
1183 679 1320 751 (Jer.
1351 679 1404 735 6.
1446 678 1581 748 9.0)?
1632 688 1722 744 et,

149 786 299 837 Amore
334 798 365 834 a
390 796 469 834 me
512 794 710 835 sonum
743 778 1053 832 canticorum
1104 784 1344 840 tuorum;
1383 783 1431 828 et
1460 775 1714 843 psalmum

148 876 563 928 iiutrumentorum
617 878 836 923 tuorum
882 885 983 923 non
1010 865 1223 921 audiam
1247 864 1452 940 (Amos.
1492 865 1547 919 5.
1585 863 1722 934 9.5):

151 971 220 1028 sed
266 985 358 1043 pro
402 969 489 1026 his
540 965 970 1026 liaericordiam
1014 965 1128 1020 uola
1171 972 1221 1018 et
1266 979 1368 1017 non
1419 950 1731 1030 sacriﬁcium

152 1064 274 1131 (ονε
312 1068 365 1119 6.
396 1062 478 1132 6).

206 1156 330 1212 Deus
350 1156 673 1227 quibusnam
702 1152 971 1222 sacriﬁciis
988 1152 1240 1220 placatur.
1258 1179 1332 1191 -
1354 1146 1515 1203 Vides
1535 1145 1733 1218 quibus

153 1248 396 1303 sacriﬁciis
446 1249 709 1318 placatur
742 1244 927 1301 Deus?
964 1238 1121 1298 ‘vides
1160 1250 1214 1296 et
1238 1239 1424 1295 multis
1441 1240 1553 1309 jam
1584 1246 1733 1293 retro

151 1339 330 1395 siculis
355 1339 447 1396 illa
479 1338 716 1408 quidem
737 1336 1059 1398 excessisse.
1094 1335 1210 1388 hazc
1240 1347 1368 1389 vero
1393 1346 1581 1386 eorum
1612 1330 1731 1384 loco

151 1428 384 1487 siluisse?
442 1431 576 1487 [late
630 1431 799 1501 igitur
838 1427 1147 1483 aderamus.
1197 1423 1329 1479 Nam
1376 1424 1466 1478 illa
1511 1422 1731 1493 quidem

151 1533 253 1580 sunt
282 1524 593 1581 divitiarum
645 1532 705 1577 et
746 1536 934 1577 eorum
967 1518 1054 1589 qui
1096 1516 1332 1581 habent;
1385 1516 1502 1571 ha:c
1547 1524 1730 1568 autem

153 1617 335 1671 virtutis
361 1633 378 1682 ;
410 1616 500 1669 illa
531 1623 671 1670 sunt
692 1612 1034 1668 extrinsecus
1057 1650 1071 1673 ,
1107 1609 1206 1663 ista
1239 1606 1609 1669 intrinsecus;
1642 1604 1731 1658 illa

155 1708 220 1762 vel
258 1706 479 1779 quilibet
529 1705 759 1776 operari
815 1702 1090 1774 potuerit,
1145 1700 1261 1753 hate
1308 1708 1493 1754 autem
1551 1697 1726 1767 pauci.

155 1802 334 1867 Quanto
365 1799 517 1856 enim
566 1813 679 1854 ove
710 1798 874 1851 homo
916 1803 1002 1851 est
1045 1794 1238 1849 melior
1267 1801 1322 1849 et
1366 1793 1730 1863 prmstantior,

156 1901 278 1947 ιιιιῑο
305 1890 405 1946 hoc
453 1892 552 1946 illo
581 1888 914 1945 sacriﬁcium
950 1906 965 1942 :
999 1885 1086 1941 hic
1115 1885 1259 1940 enim
1301 1885 1537 1939 animam
1587 1892 1730 1939 tuam

155 1986 287 2038 εισι-τε
327 1984 584 2038 hostiam.
643 1982 786 2038 Sunt
842 1990 1021 2035 autem
1062 1978 1184 2032 alia:
1229 1991 1447 2048 quoque
1502 1974 1726 2047 Ιιοειίιιχ,

156 2092 257 2131 vere
284 2076 600 2130 holocausta
624 2117 644 2142 ,
703 2087 899 2143 nempe
922 2080 1231 2127 sanctorum
1265 2078 1565 2141 martyrum
1607 2083 1732 2123 cor-

160 2184 263 2235 pora
292 2186 307 2224 :
336 2169 441 2223 illic
482 2176 681 2223 sancta
713 2175 769 2222 et
796 2164 974 2219 anima
1002 2172 1057 2219 et
1084 2176 1282 2233 corpus
1318 2180 1331 2217 :
1365 2162 1451 2215 illa
1482 2175 1736 2232 magnum

160 2261 330 2316 habent
371 2262 605 2316 odorem
640 2256 1047 2316 suaveolentiat.
1090 2256 1251 2311 Potes
1298 2264 1353 2309 tu
1403 2268 1657 2323 quoque,
1687 2253 1735 2308 si

161 2355 304 2419 ιυιίε,
335 2354 438 2409 tale
486 2352 697 2409 offerre
725 2349 1075 2405 sacriﬁcium.
1127 2347 1264 2416 Quid
1307 2348 1448 2403 enim
1478 2389 1492 2409 ,
1537 2346 1581 2401 si
1614 2346 1737 2417 igne

157 2460 323 2516 uupus
361 2462 465 2502 non
502 2443 935 2501 combusseris?
988 2441 1083 2496 sed
1124 2451 1279 2511 potes
1315 2440 1421 2493 alio
1449 2440 1604 2507 igne;
1654 2447 1737 2493 ut-

161 2548 264 2608 puta
301 2540 417 2609 igne
460 2537 808 2609 paupertatis
850 2534 1200 2598 voluntariae,
1254 2532 1375 2603 igne
1405 2531 1731 2586 alilirtiunis.

168 2630 331 2687 Licere
370 2632 516 2686 enim
571 2630 808 2685 delicate
854 2626 1105 2697 lauteque
1161 2634 1215 2679 ct
1254 2624 1533 2695 splendide
1572 2624 1734 2678 vitam

164 2738 330 2792 agere;
360 2722 696 2779 Laboriosam
726 2728 906 2773 autem
937 2728 993 2774 et
1033 2718 1284 2773 acerbam
1317 2717 1478 2770 vitam
1508 2715 1734 2785 eligere,

163 2824 208 2865 et
237 2830 418 2884 corpus
448 2823 628 2869 morte
678 2810 899 2867 afﬂuere
931 2828 944 2865 :
981 2824 1161 2864 annon
1204 2816 1285 2865 est
1333 2806 1534 2863 oblatio
1583 2806 1734 2861 holo-

166 2905 342 2960 Causti?
381 2906 597 2977 Corpus
632 2915 782 2959 tuum
839 2913 1013 2957 inorte
1041 2901 1199 2956 allice
1250 2909 1305 2956 et
1350 2900 1635 2970 crucilige,
1681 2908 1739 2955 et

170 2998 265 3066 ipse
285 3016 489 3069 quoque
530 2998 775 3068 accipies
805 3010 1063 3051 coronam
1108 2992 1266 3063 hujus
1298 2992 1570 3063 martyrii.
1605 2991 1737 3046 Nam

170 3089 283 3159 quod
327 3092 431 3146 illic
473 3100 740 3161 operatur
770 3089 946 3153 ensis,
989 3086 1092 3141 hoc
1141 3086 1230 3140 hic
1276 3086 1439 3140 faciat
1486 3093 1735 3155 prompta

169 3182 303 3237 animi
346 3184 625 3239 alacritas.
674 3180 791 3237 Non
872 3188 1030 3244 urat,
1082 3194 1253 3247 neque
1300 3176 1539 3232 detgneat
1587 3193 1739 3231 amur

174 3274 378 3342 pecunia:
399 3318 413 3341 ,
463 3276 563 3331 sed
596 3283 783 3329 uratur
811 3282 866 3327 et
914 3271 1288 3342 exstinguatur
1336 3269 1449 3339 ipsa
1486 3269 1654 3338 turpis
1685 3278 1740 3324 et

177 3366 345 3421 nefaria
398 3368 673 3438 cupiditas
727 3366 851 3435 igne
882 3362 1146 3435 Spiritus,
1205 3361 1522 3416 concidatur
1552 3361 1735 3430 gladio

172 3454 385 3525 Spiritus.
417 3458 532 3514 lloc
561 3468 646 3513 est
674 3456 955 3528 pulchrum
985 3453 1309 3511 sacriﬁcium
1334 3496 1347 3520 ,
1377 3454 1521 3523 quod
1549 3469 1737 3509 sacer-

175 3548 273 3605 dote
293 3566 419 3621 opus
469 3567 583 3607 non
628 3550 826 3616 habet,
882 3549 975 3604 sed
1005 3549 1124 3618 ipso
1168 3556 1374 3601 tanttun
1421 3545 1732 3602 oll’erente:

176 3644 294 3709 quod
359 3645 569 3702 inferae
623 3643 842 3714 quidem
903 3642 1206 3712 peragitur,
1264 3656 1498 3710 superne
1552 3650 1733 3695 autem

177 3737 421 3793 Conlatini
475 3736 749 3793 ascendit.
794 3735 983 3790 Nonne
1033 3734 1367 3787 admiramur
1412 3732 1556 3800 quod
1605 3732 1737 3787 olim

178 3816 288 3886 ignis
328 3820 666 3878 descendens
710 3821 890 3877 omnia
921 3820 1327 3876 consumebat?
1380 3818 1567 3874 Potest
1620 3816 1745 3875 ﬁeri

181 3917 225 3961 ut
260 3910 379 3980 ignis
409 3927 633 3983 quoque
684 3928 825 3967 nunc
873 3911 1168 3968 descendat
1219 3910 1313 3966 illo
1368 3909 1526 3980 longe
1566 3908 1743 3962 admi-

180 4000 378 4069 rabilior,
427 4016 483 4062 et
534 4004 718 4060 omnia
753 4020 875 4076 quae
920 4015 1046 4060 sunt
1100 4004 1375 4075 proposita
1418 4011 1741 4061 consumat:

183 4091 269 4145 imo
298 4111 413 4152 vere
463 4113 577 4153 non
616 4106 903 4152 consumat
924 4139 939 4161 ,
971 4097 1067 4152 sed
1100 4098 1279 4152 omnia
1328 4098 1378 4149 in
1410 4097 1601 4150 czelum
1632 4094 1739 4151 tol-

184 4182 242 4239 lat
262 4204 273 4239 :
297 4204 393 4242 non
424 4190 627 4257 redigit
655 4189 741 4243 illa
767 4190 818 4243 in
845 4188 1107 4255 cinerem,
1140 4188 1237 4243 sed
1270 4189 1379 4243 Deo
1400 4188 1559 4243 ollert
1581 4188 1742 4244 dona.

242 4275 583 4337 Misericordia
626 4298 747 4354 erga
775 4298 1024 4353 pauperes
1051 4283 1457 4337 commendatur.
1486 4311 1559 4322 —
1584 4282 1745 4336 Tales

184 4382 309 4425 erant
331 4374 570 4431 Cornelii
603 4375 911 4431 oblationes
942 4393 955 4429 :
1001 4375 1273 4430 Orationes
1319 4375 1497 4439 enim,
1541 4375 1744 4443 inquit,

186 4474 266 4518 tua:
302 4478 343 4520 et
368 4472 706 4541 clerutosyna:
746 4470 1081 4525 ascenderunt
1124 4475 1176 4524 in
1204 4471 1499 4524 memoriam
1541 4471 1593 4523 in
1622 4488 1741 4523 con-

185 4567 327 4619 δρα-ιιι
348 4559 437 4614 Dei
452 4561 598 4635 (Act.
621 4560 709 4616 10.
730 4562 807 4632 ι).
828 4561 991 4618 Vides
1011 4564 1267 4633 optimam
1291 4563 1748 4632 rOnjugationem?

186 4643 310 4704 Tunc
327 4654 593 4719 audimur,
626 4654 842 4724 quando
865 4655 963 4725 ipsi
987 4671 1199 4725 quoque
1222 4656 1468 4710 audimus
1488 4655 1750 4710 acceden-

190 4747 252 4793 les
265 4757 530 4815 pauperes.
554 4746 657 4815 Qui
677 4747 911 4815 obstruit,
935 4750 1127 4818 inqttit,
1156 4766 1307 4803 aures
1336 4766 1455 4803 suos
1478 4766 1540 4801 ne
1568 4750 1749 4802 audiat

190 4848 447 4906 Ραηρεηηι,
498 4858 672 4911 preces
693 4847 803 4911 ejus
830 4858 931 4896 non
976 4844 1213 4897 exaudiet
1245 4841 1381 4896 Deus
1419 4841 1605 4911 (Prov.
1653 4842 1746 4899 2|.

190 4925 281 4993 15).
307 4930 487 4988 Beatus
514 4937 600 5005 qui
629 4934 863 5005 intelligit
892 4951 1047 5003 super
1075 4952 1286 5006 egenum
1332 4944 1378 4987 et
1425 4950 1698 5004 pauperem
1732 4950 1748 4987 :

190 5017 232 5069 in
268 5022 339 5075 die
356 5027 493 5080 ninia
522 5026 752 5080 liberabit
777 5042 892 5079 eum
920 5024 1171 5081 Dominus
1197 5025 1369 5096 (Psol.
1400 5026 1489 5081 i0.
1523 5026 1598 5095 ‘2).
1626 5026 1741 5080 Non

190 5118 339 5165 autem
365 5118 506 5174 alios
525 5116 642 5172 dies
668 5116 875 5182 malus,
917 5118 1021 5173 nisi
1047 5118 1139 5173 ille
1180 5119 1296 5173 dies
1349 5120 1747 5187 peccatoribus.

192 5201 302 5262 Quid
333 5218 410 5263 est
433 5250 450 5273 ,
502 5208 604 5277 Qui
629 5208 908 5280 intelligit?
949 5208 1051 5276 Qui
1092 5218 1274 5263 mente
1310 5218 1489 5264 versat
1512 5209 1639 5279 quid
1683 5212 1753 5264 sit

193 5302 378 5366 Pauper,
427 5301 518 5368 qui
566 5301 684 5370 ejus
729 5299 889 5355 discit
911 5299 1256 5356 afﬂictionem
1296 5318 1309 5353 :
1344 5317 1464 5355 nam
1496 5302 1585 5372 qui
1630 5302 1747 5371 ejus

194 5388 342 5449 didicit
368 5396 738 5465 amictionem,
792 5398 1013 5452 omnino
1043 5398 1160 5467 ejus
1195 5398 1556 5453 miserebitur.
1588 5398 1643 5452 Si
1675 5399 1756 5450 vi—

196 5482 310 5540 detis
334 5504 642 5559 pauperem,
694 5505 762 5544 ne
794 5499 1180 5558 przrtercurras
1202 5532 1214 5554 ,
1246 5489 1337 5543 sed
1368 5490 1549 5543 statim
1583 5490 1756 5559 cegita

197 5576 404 5641 quisnam
430 5597 604 5647 esses,
628 5583 671 5636 si
697 5593 752 5635 tu
774 5581 862 5635 ille
879 5596 1063 5637 esses:
1083 5582 1208 5652 quid
1241 5597 1344 5635 non
1366 5581 1534 5635 velles
1560 5596 1751 5636 OlllllCS

201 5664 375 5724 latere?
403 5674 502 5738 Qui
531 5670 768 5743 intelligit
793 5712 810 5739 ,
858 5671 1049 5739 inquit.
1094 5673 1280 5742 Cogita
1310 5671 1450 5741 quod
1499 5682 1582 5727 est
1608 5689 1758 5742 aeque

202 5754 310 5813 liber
349 5774 509 5832 atque
538 5776 591 5817 ιιι
615 5806 628 5828 ,
680 5775 737 5819 et
776 5773 860 5818 est
889 5764 1129 5831 ejusdem
1160 5764 1316 5834 cujus
1360 5775 1413 5818 tu
1441 5766 1757 5827 nobilitatis.

202 5860 612 5915 ttuuunatccum
646 5855 888 5928 possidet
918 5857 1221 5914 communia
1257 5875 1269 5912 :
1307 5866 1357 5913 ct
1389 5874 1529 5930 smpe
1573 5874 1638 5914 nc
1666 5872 1759 5929 pa-

1830 509 1943 550 rem
1992 491 2209 563 quidem
2264 492 2397 544 l'acis
2456 486 2565 542 tuis
2608 483 2895 564 caidbus;
2936 479 3031 537 sed
3084 480 3159 534 Illi
3205 476 3427 549 quidem

1833 587 2131 648 satiantur,
2181 582 2267 636 hic
2310 591 2488 635 autem
2536 591 2682 647 saepe
2706 575 2907 631 dormit
2945 572 3225 635 esuriens;
3258 578 3314 626 et
3340 569 3432 639 qui

1828 688 1911 733 est
1944 678 2099 742 liber,
2148 688 2295 744 stupe
2327 672 2435 726 tuis
2461 670 2636 726 servis
2666 668 2839 723 lactus
2871 675 2957 745 est
3010 666 3169 719 vilior
3197 674 3252 718 et
3282 662 3433 730 abje-

1829 774 1987 828 otior.
2034 773 2101 825 At
2126 769 2202 823 illi
2236 767 2393 822 nobis
2422 773 2682 838 pr:estant
2712 776 2931 830 operam
2957 800 2974 825 ,
3004 757 3234 829 inquies.
3282 755 3435 824 Quae.

1834 882 1955 919 nam
1987 879 2049 919 ca
2090 862 2219 917 est?
2252 861 2391 915 bene
2421 858 2514 913 tibi
2545 854 2831 913 serviunt?
2872 852 3011 923 Quid
3040 842 3191 906 dices
3212 889 3228 914 ,
3260 850 3305 903 si
3337 847 3435 902 tibi

1831 956 2122 1013 ostendero
2161 954 2307 1009 hunc
2356 953 2514 1022 longe
2563 949 2826 1019 majorem
2868 946 2960 1001 tibi
2994 954 3254 1017 praestare
3300 954 3433 1011 ope-

1832 1067 1947 1106 ram
1973 1092 1989 1118 ,
2034 1064 2194 1121 quam
2222 1048 2341 1102 illos
2372 1046 2397 1101 ?
2440 1045 2533 1100 tibi
2562 1043 2706 1098 enim
2739 1040 2914 1096 aderit
2942 1039 2998 1093 in
3025 1037 3114 1093 die
3138 1034 3354 1107 judicii,
3382 1041 3436 1087 et

1833 1158 1888 1202 te
1919 1146 1989 1199 ab
2020 1145 2140 1215 igne
2166 1141 2380 1211 eripiet.
2412 1137 2551 1207 Quid
2584 1134 2852 1206 ejusmodi
2884 1132 2978 1187 libi
3008 1128 3214 1186 faciunt
3240 1140 3435 1181 omnes

1836 1236 2021 1290 servi?
2066 1234 2291 1303 Quando
2321 1243 2528 1288 mortua
2569 1238 2654 1283 est
2699 1223 2928 1282 Tahitha
2978 1222 3113 1294 (Act.
3148 1218 3265 1289 ιο),
3304 1215 3427 1287 quis

1833 1341 1951 1381 eam
1991 1319 2304 1380 suscitavit?
2332 1322 2473 1378 servi
2498 1318 2961 1376 circumsistentes
2986 1353 3001 1379 .
3044 1328 3115 1367 an
3143 1306 3427 1366 mendici?

1832 1417 1911 1472 Τιι
1944 1430 2122 1471 autem
2153 1431 2219 1471 ne
2243 1415 2468 1469 liberum
2492 1411 2706 1484 quidem
2726 1410 2806 1464 vis
2830 1422 2988 1464 servo
3012 1418 3201 1477 parem
3226 1401 3412 1456 lac-ere.

1836 1508 1929 1563 Εμι
1956 1522 2203 1578 magimm
2236 1504 2405 1575 frigus
2431 1513 2485 1559 et
2510 1503 2653 1573 jacet
2684 1513 2890 1571 pauper
2923 1508 3220 1567 pannosus,
3244 1504 3421 1545 cmorv

1836 1608 1980 1662 tuus,
2012 1597 2247 1653 stridens
2272 1596 2525 1652 dentibus
2547 1636 2563 1661 ,
2613 1603 2667 1649 et
2694 1591 2786 1662 qui
2812 1595 3035 1659 aspectu
3077 1596 3127 1641 et
3159 1584 3345 1638 habitu
3375 1588 3429 1636 te

1836 1699 2015 1761 potest
2039 1704 2385 1746 commovere
2420 1705 2435 1742 :
2480 1698 2537 1742 tu
2569 1695 2748 1739 autem
2777 1682 2963 1737 calens
2983 1687 3041 1734 et
3068 1676 3254 1733 ebrius
3283 1688 3426 1742 pne-

1834 1782 1963 1839 teris
1987 1800 2003 1837 :
2034 1791 2089 1836 et
2115 1779 2391 1852 quomodo
2418 1778 2499 1833 vis
2526 1786 2582 1831 ut
2612 1771 2831 1830 Deus'te
2855 1771 3080 1842 eripiat.
3119 1764 3337 1837 quando
3366 1779 3429 1818 es

1838 1874 1892 1930 in
1914 1872 2264 1929 calamitate?
2286 1870 2445 1941 Saepe
2473 1878 2648 1923 autem
2670 1865 2773 1921 hoc
2797 1878 3024 1935 quoque,
3039 1860 3174 1915 dicis
3194 1876 3207 1912 :
3242 1857 3356 1928 Ego
3381 1854 3427 1909 si

1834 1980 2038 2027 essem.
2083 1974 2139 2020 et
2190 1963 2354 2018 multa
2388 1970 2699 2031 peccantem
2749 1957 2982 2025 aliquem
3040 1949 3371 2021 accepissem
3408 1987 3424 2012 ,

1836 2074 1958 2115 eum
1975 2056 2324 2119 dimisissem,
2347 2061 2401 2108 et
2419 2053 2558 2106 Deus
2577 2065 2683 2105 non
2700 2046 2955 2103 dimittit?
2973 2044 3048 2099 Nc
3069 2044 3170 2098 hoc
3188 2041 3426 2095 dixeris:

1837 2160 1891 2204 tu
1930 2147 2075 2205 etaim
2104 2163 2225 2203 eum
2284 2145 2373 2216 qui
2422 2144 2474 2198 in
2506 2150 2558 2198 te
2585 2140 2717 2195 nihil
2755 2136 3028 2209 peccavit,
3071 2148 3230 2204 quem
3278 2141 3431 2201 potes

1838 2238 2385 2308 liberare,despicis.
2433 2236 2489 2292 Si
2542 2234 2703 2290 talem
2755 2242 2810 2286 tu
2840 2229 3105 2300 despicis,
3155 2223 3430 2297 quomodo

1839 2332 1979 2387 Deus
1996 2340 2047 2387 te
2062 2329 2153 2402 qui
2178 2332 2230 2384 in
2258 2330 2431 2399 ipsum
2457 2339 2647 2395 peccas
2670 2322 2953 2378 dimittet?
2973 2334 3152 2374 annon
3174 2320 3286 2372 lucc
3325 2329 3433 2370 me-

1836 2434 2022 2479 rentur
2036 2420 2377 2494 gehennam?
2406 2420 2471 2475 Et
2490 2417 2615 2489 quid
2643 2414 2879 2472 mirum?
2900 2427 3098 2483 corpus
3124 2424 3267 2480 saepe
3292 2422 3431 2463 mor-

1843 2526 2022 2581 tuum,
2049 2515 2198 2570 nullo
2223 2528 2384 2570 sensu
2423 2510 2727 2583 przeditum,
2761 2507 3022 2562 honorem
3042 2519 3147 2560 non
3188 2502 3427 2572 amplius

1835 2608 2099 2674 sentiens,
2124 2602 2604 2660 innumerabilibus
2620 2600 2784 2656 variis
2804 2608 2858 2655 et
2880 2596 3061 2652 aureis
3080 2610 3243 2649 ornas
3260 2593 3432 2648 vesti-

1836 2699 1934 2754 bus
1955 2719 1968 2754 :
1989 2698 2115 2753 illud
2138 2706 2317 2753 autem
2347 2695 2489 2765 quod
2516 2693 2684 2760 dolet,
2709 2692 2977 2746 laceratur
2997 2698 3051 2743 et
3078 2695 3360 2756 torquetur
3377 2696 3435 2740 et

1833 2804 1862 2843 ι
1893 2789 2032 2844 fame
2056 2797 2111 2843 et
2142 2787 2345 2858 frigore
2374 2786 2669 2851 cruciatur,
2702 2782 2957 2853 despicis,
2986 2788 3041 2835 et
3066 2777 3212 2833 inani
3242 2776 3431 2849 glorize

1836 2882 1955 2952 plus
2008 2879 2224 2952 largiris
2253 2894 2413 2949 quam
2469 2877 2561 2931 Dei
2607 2874 2809 2929 timori.
2858 2874 3037 2943 Atque
3067 2869 3274 2925 utinam
3306 2868 3433 2923 hac-

1836 2982 1992 3027 tenus
2016 2987 2031 3038 ;
2062 2970 2160 3026 sed
2179 2970 2426 3040 protinus
2454 2970 2804 3023 accedentem
2830 2978 3055 3019 accusas
3079 2979 3093 3016 :
3123 2961 3235 3016 Cur
3261 2962 3431 3026 enitn,

1838 3064 2039 3134 inquis,
2096 3077 2203 3117 non
2231 3059 2529 3131 operetur?
2575 3073 2673 3113 cur
2700 3071 2831 3112 vero
2877 3056 3083 3110 otiosus
3112 3053 3309 3108 alitur?
3340 3052 3437 3107 Dic

1839 3156 1970 3211 mihi
2002 3173 2016 3210 :
2044 3166 2099 3209 tu
2127 3163 2305 3209 autem
2324 3166 2627 3224 operansne
2648 3151 2818 3206 habes
2849 3164 2970 3220 qua:
2994 3147 3182 3213 babes,
3205 3162 3311 3201 non
3340 3162 3438 3199 au-

1838 3256 1947 3301 tem
1973 3256 2192 3316 accepta
2215 3245 2511 3301 hereditate
2540 3252 2758 3314 paterna
2776 3240 2967 3309 ?Quod
2986 3241 3030 3293 si
3054 3240 3216 3293 etiam
3239 3254 3435 3307 opera-

1841 3341 1919 3395 ris
1943 3380 1959 3405 ,
2016 3348 2301 3409 propterea
2354 3336 2446 3392 alii
2475 3334 2816 3406 exprobras?
2870 3347 2976 3388 non
3024 3331 3181 3385 audis
3210 3331 3436 3391 l’attlttttt

1840 3430 2154 3485 dicentem?
2182 3430 2474 3499 Postquam
2520 3428 2664 3481 enim
2706 3425 2877 3490 dixit,
2916 3424 3018 3491 Qui
3059 3439 3161 3477 non
3192 3435 3441 3489 aperatur

1842 3539 1932 3577 nec
1954 3524 2221 3577 manducet
2247 3564 2262 3589 ,
2292 3521 2423 3576 dicit
2456 3538 2470 3576 :
2510 3517 2609 3574 Vos
2644 3528 2811 3572 autem
2841 3518 3027 3571 bonum
3060 3517 3304 3586 facientes
3338 3534 3441 3570 non

1842 3616 2093 3685 deﬁciatis
2154 3615 2248 3687 (2.
2300 3612 2480 3668 Thess.
2528 3613 2585 3668 3.
2632 3610 2721 3666 10.
2774 3606 2907 3681 15).
2966 3608 3073 3664 Sed
3128 3608 3304 3675 dicis,
3350 3610 3443 3664 Est

1847 3712 2129 3780 itnpostor.

1914 3825 1947 3880 4
1996 3823 2129 3887 Quid
2160 3832 2214 3876 tu
2241 3820 2395 3884 dicis,
2426 3836 2458 3871 o
2487 3817 2685 3874 homo?
2720 3827 2940 3888 propter
2969 3830 3132 3870 unum
3166 3830 3357 3885 panem
3386 3828 3444 3873 et

1843 3924 2044 3969 vestem
2076 3929 2198 3968 eum
2227 3912 2467 3981 appellas
2494 3910 2891 3981 impostorem?
2924 3910 2993 3963 At
3014 3910 3197 3963 statim
3233 3909 3284 3963 id
3310 3925 3441 3965 ven-

1842 4005 1958 4070 dit,
1986 4005 2175 4074 inquit.
2205 4003 2285 4057 Tu
2316 4013 2496 4056 autem
2529 4001 2708 4055 oninia
2754 4011 2842 4054 tua
2877 4007 3025 4055 recte
3050 3998 3445 4055 administras?

1844 4086 1983 4153 Quid
2011 4084 2185 4140 vero?
2213 4098 2476 4139 omnesne
2523 4090 2647 4136 sunt
2673 4094 2938 4149 pauperes
2983 4089 3203 4147 propter
3231 4077 3403 4129 otium
3423 4078 3449 4127 ?

1844 4192 2007 4235 nemo
2037 4186 2257 4248 propter
2283 4174 2667 4244 naufragium?
2697 4188 2858 4227 nemo
2884 4182 3108 4241 propter
3134 4169 3396 4237 judicium
3422 4168 3446 4219 ?

1847 4286 2006 4326 nemo
2036 4279 2255 4342 propter
2283 4267 2527 4323 furtum?
2554 4281 2713 4321 nemo
2730 4274 2952 4335 propter
2978 4261 3216 4334 pericula
3236 4260 3261 4312 ?
3286 4274 3448 4313 nemo

1847 4373 2071 4433 propter
2101 4360 2319 4414 morbos
2343 4359 2363 4411 ’ἔ
2409 4372 2569 4412 nemo
2597 4365 2819 4426 propter
2846 4354 3011 4407 alium
3042 4353 3269 4406 casum?
3296 4348 3403 4404 Sed
3428 4392 3442 4412 ,

1846 4453 1890 4506 si
1937 4451 2265 4506 audierimus
2316 4450 2550 4519 aliquem
2584 4448 2699 4502 haec
2748 4446 3159 4515 deplorantem,
3191 4451 3246 4496 ct
3290 4441 3448 4496 valde

1846 4543 2228 4599 moderantem
2255 4584 2269 4606 ,
2300 4553 2355 4597 et
2404 4541 2607 4595 nmium
2638 4541 2690 4593 in
2721 4538 2913 4593 cmlum
2941 4537 3326 4605 suspicientem
3345 4573 3365 4602 ,
3392 4540 3449 4588 et

1849 4636 2167 4705 promiSsam
2186 4649 2395 4688 romam
2417 4633 2673 4692 alentem.
2700 4640 2751 4685 et
2780 4631 2970 4701 pannis
2984 4630 3239 4693 obsitum,
3267 4628 3448 4681 statim

1849 4743 1971 4782 eum
1992 4729 2359 4798 impostorem,
2374 4726 2591 4796 planum
2612 4734 2666 4780 et
2688 4724 3058 4778 simulatorem
3085 4718 3446 4791 appellamus.

1852 4823 1967 4877 Non
2018 4832 2069 4876 te
2118 4820 2318 4891 pudet?
2350 4836 2639 4889 quemnam
2682 4832 2845 4873 vocas
2895 4814 3281 4887 impostorem?
3309 4812 3453 4869 Nihil

1852 4913 2105 4978 dederis,
2130 4924 2185 4968 et
2230 4929 2297 4967 ne
2323 4928 2447 4968 eum
2494 4926 2738 4966 accuses.
2772 4910 2879 4966 Sed
2935 4909 3096 4964 habet
3118 4952 3131 4973 ,
3164 4909 3368 4979 inquit,
3400 4918 3456 4962 et

1853 5007 2087 5061 simulat.
2125 5005 2237 5060 Hoc
2266 5014 2348 5059 est
2381 5005 2453 5058 tui
2480 5046 2495 5067 ,
2530 5020 2636 5059 non
2678 5001 2821 5057 illius
2865 5002 3143 5057 accusatio
3174 5020 3186 5055 :
3216 5001 3319 5055 scit
3346 5000 3448 5054 sibi

1856 5114 1969 5152 rem
1999 5113 2121 5152 esse
2163 5112 2287 5150 cum
2337 5078 2679 5163 ci'udelibus,
2711 5109 2836 5149 cum
2868 5093 3063 5148 belluis
3091 5093 3261 5163 magis
3286 5108 3448 5162 quam

1854 5207 1977 5245 cum
2026 5189 2333 5244 hominibus
2353 5228 2370 5255 ,
2399 5198 2453 5242 et
2480 5187 2623 5259 qum]
2652 5188 2863 5243 etiamsi
2916 5188 3139 5241 verbum
3172 5185 3458 5254 elquatur

1857 5283 2166 5338 miserabile
2186 5325 2201 5349 ,
2234 5283 2508 5337 neminem
2545 5283 2741 5351 poterit
2790 5280 3063 5335 attrahere
3089 5298 3100 5333 :
3132 5288 3187 5334 et
3215 5278 3335 5333 ideo
3365 5295 3459 5332 ne-

1856 5390 2012 5430 cesse
2039 5374 2200 5429 habet
2226 5389 2286 5429 se
2314 5374 2689 5427 miserabiliori
2721 5372 2907 5427 habitu
2940 5372 3185 5434 induere,
3218 5380 3275 5425 ut
3306 5381 3456 5425 tuum

1858 5467 2068 5537 frangat
2096 5468 2356 5520 animum.
2383 5466 2439 5520 Si
2470 5464 2761 5519 viderimus
2805 5464 3109 5532 quempiam
3154 5465 3205 5516 ln
3252 5463 3461 5521 liberali

1860 5558 2043 5615 habitu
2075 5558 2455 5621 accedentem;
2486 5555 2614 5621 lste,
2645 5557 2838 5625 inquit,
2873 5564 2959 5609 est
2990 5557 3284 5624 iiupostor,
3318 5567 3372 5609 et
3403 5566 3464 5612 ut

1862 5654 2103 5709 videatur
2130 5653 2356 5707 lionesto
2383 5651 2503 5706 loco
2531 5666 2652 5705 esse
2702 5659 2890 5713 natus,
2923 5650 2992 5701 ila
3024 5648 3233 5702 accedit
3262 5665 3273 5699 :
3306 5650 3350 5701 si
3379 5651 3463 5701 vi-

1862 5750 2099 5803 derimus
2128 5747 2180 5801 in
2211 5746 2708 5808 habitucoutrario,
2730 5758 2853 5796 eum
2883 5741 3043 5797 etiam
3076 5740 3460 5807 vituperamus.

1863 5842 2129 5913 Quidjam
2165 5840 2359 5896 facient
2383 5839 2404 5893 ’ἐ
2434 5838 2477 5894 Ο
2526 5836 2825 5893 δωτίιὶιιιιιῐ
2872 5852 2905 5890 υ
2939 5833 3324 5891 indolentiam!
3356 5834 3461 5890 Gut
