  <div class='ocr_page' id='page_1' title='image "/cluster/home/n/w/nwhite01/storage/ocr_20150623/63/uva.x030486929/106.png"; bbox 0 0 4068 6404; ppageno 0'>
   <div class='ocr_carea' id='block_1_1' title="bbox 144 386 3408 457">
    <p class='ocr_par' dir='ltr' id='par_1_1' title="bbox 144 386 3408 457">
     <span class='ocr_line' id='line_1_1' title="bbox 144 386 3408 457; baseline -0.002 -2"><span class='ocrx_word' id='word_1_1' title='bbox 144 392 191 445; x_wconf 72' lang='lat'><strong>97</strong></span> <span class='ocrx_word' id='word_1_2' title='bbox 910 399 974 457; x_wconf 77' lang='lat' dir='ltr'><strong>IN</strong></span> <span class='ocrx_word' id='word_1_3' title='bbox 1010 397 1221 457; x_wconf 79' lang='lat' dir='ltr'><strong>EPIST.</strong></span> <span class='ocrx_word' id='word_1_4' title='bbox 1264 397 1357 453; x_wconf 83' lang='lat' dir='ltr'><strong>AD</strong></span> <span class='ocrx_word' id='word_1_5' title='bbox 1395 391 1754 454; x_wconf 65' lang='lat' dir='ltr'><strong>IIEBREUS.</strong></span> <span class='ocrx_word' id='word_1_6' title='bbox 1796 390 1945 449; x_wconf 78' lang='lat' dir='ltr'><strong>CAP.</strong></span> <span class='ocrx_word' id='word_1_7' title='bbox 1990 388 2101 448; x_wconf 78' lang='grc' dir='ltr'><strong>νη.</strong></span> <span class='ocrx_word' id='word_1_8' title='bbox 2144 386 2371 447; x_wconf 72' lang='lat' dir='ltr'><strong>ﬂOMlL.</strong></span> <span class='ocrx_word' id='word_1_9' title='bbox 2417 388 2524 447; x_wconf 73' lang='grc' dir='ltr'>χιι.</span> <span class='ocrx_word' id='word_1_10' title='bbox 3338 392 3408 449; x_wconf 72' lang='grc'><strong>98</strong></span> 
     </span>
    </p>
   </div>
   <div class='ocr_carea' id='block_1_2' title="bbox 144 500 3413 588">
    <p class='ocr_par' dir='ltr' id='par_1_2' title="bbox 144 500 3413 588">
     <span class='ocr_line' id='line_1_2' title="bbox 144 500 3413 588; baseline -0.006 -14"><span class='ocrx_word' id='word_1_11' title='bbox 144 516 615 583; x_wconf 75' lang='lat' dir='ltr'><strong>natiam,etmnlta</strong></span> <span class='ocrx_word' id='word_1_12' title='bbox 636 517 804 588; x_wconf 81' lang='lat' dir='ltr'><strong>prius</strong></span> <span class='ocrx_word' id='word_1_13' title='bbox 818 516 1200 587; x_wconf 84' lang='lat' dir='ltr'><strong>dispensasset,</strong></span> <span class='ocrx_word' id='word_1_14' title='bbox 1220 529 1422 586; x_wconf 87' lang='lat' dir='ltr'><strong>eosque</strong></span> <span class='ocrx_word' id='word_1_15' title='bbox 1439 523 1710 585; x_wconf 88' lang='lat' dir='ltr'><strong>tamquam</strong></span> <span class='ocrx_word' id='word_1_16' title='bbox 1814 511 1976 566; x_wconf 71' lang='lat' dir='ltr'><strong>Slilitl‘.</strong></span> <span class='ocrx_word' id='word_1_17' title='bbox 2002 520 2056 566; x_wconf 89' lang='lat' dir='ltr'><strong>et</strong></span> <span class='ocrx_word' id='word_1_18' title='bbox 2078 511 2250 582; x_wconf 77' lang='lat' dir='ltr'><strong>pacis,</strong></span> <span class='ocrx_word' id='word_1_19' title='bbox 2281 508 2390 562; x_wconf 90' lang='lat' dir='ltr'><strong>illic</strong></span> <span class='ocrx_word' id='word_1_20' title='bbox 2419 515 2601 561; x_wconf 87' lang='lat' dir='ltr'><strong>autem</strong></span> <span class='ocrx_word' id='word_1_21' title='bbox 2631 518 2811 559; x_wconf 87' lang='lat' dir='ltr'><strong>rerum</strong></span> <span class='ocrx_word' id='word_1_22' title='bbox 2848 501 3046 557; x_wconf 75' lang='lat' dir='ltr'><strong>veritas</strong></span> <span class='ocrx_word' id='word_1_23' title='bbox 3089 516 3103 555; x_wconf 89' lang='lat'><strong>:</strong></span> <span class='ocrx_word' id='word_1_24' title='bbox 3144 501 3215 555; x_wconf 92' lang='lat' dir='ltr'><strong>ita</strong></span> <span class='ocrx_word' id='word_1_25' title='bbox 3247 500 3413 555; x_wconf 89' lang='lat' dir='ltr'><strong>etiam</strong></span> 
     </span>
    </p>
   </div>
   <div class='ocr_carea' id='block_1_3' title="bbox 146 609 1720 681">
    <p class='ocr_par' dir='ltr' id='par_1_3' title="bbox 146 609 1720 681">
     <span class='ocr_line' id='line_1_3' title="bbox 146 609 1720 681; baseline -0.003 -16"><span class='ocrx_word' id='word_1_26' title='bbox 146 609 401 665; x_wconf 79' lang='lat' dir='ltr'><strong>imbecillos</strong></span> <span class='ocrx_word' id='word_1_27' title='bbox 427 611 795 681; x_wconf 83' lang='lat' dir='ltr'><strong>increpasset</strong></span> <span class='ocrx_word' id='word_1_28' title='bbox 819 620 871 666; x_wconf 90' lang='lat' dir='ltr'><strong>et</strong></span> <span class='ocrx_word' id='word_1_29' title='bbox 922 625 1107 666; x_wconf 86' lang='lat' dir='ltr'><strong>rursus</strong></span> <span class='ocrx_word' id='word_1_30' title='bbox 1138 619 1377 665; x_wconf 87' lang='lat' dir='ltr'><strong>curasset</strong></span> <span class='ocrx_word' id='word_1_31' title='bbox 1401 617 1455 662; x_wconf 88' lang='lat' dir='ltr'><strong>et</strong></span> <span class='ocrx_word' id='word_1_32' title='bbox 1480 620 1720 663; x_wconf 80' lang='lat' dir='ltr'><strong>recreas-</strong></span> 
     </span>
    </p>
   </div>
   <div class='ocr_carea' id='block_1_4' title="bbox 145 699 1719 777">
    <p class='ocr_par' dir='ltr' id='par_1_4' title="bbox 145 699 1719 777">
     <span class='ocr_line' id='line_1_4' title="bbox 145 699 1719 777; baseline -0.002 -20"><span class='ocrx_word' id='word_1_33' title='bbox 145 712 208 757; x_wconf 83' lang='lat' dir='ltr'><strong>tct</strong></span> <span class='ocrx_word' id='word_1_34' title='bbox 224 712 274 756; x_wconf 85' lang='lat' dir='ltr'><strong>nt</strong></span> <span class='ocrx_word' id='word_1_35' title='bbox 289 702 633 757; x_wconf 75' lang='lat' dir='ltr'><strong>conﬁderent</strong></span> <span class='ocrx_word' id='word_1_36' title='bbox 654 720 669 755; x_wconf 91' lang='lat'><strong>:</strong></span> <span class='ocrx_word' id='word_1_37' title='bbox 692 711 828 758; x_wconf 84' lang='lat' dir='ltr'><strong>tunc</strong></span> <span class='ocrx_word' id='word_1_38' title='bbox 850 702 1069 757; x_wconf 85' lang='lat' dir='ltr'><strong>auribus</strong></span> <span class='ocrx_word' id='word_1_39' title='bbox 1091 701 1201 771; x_wconf 84' lang='lat' dir='ltr'><strong>jam</strong></span> <span class='ocrx_word' id='word_1_40' title='bbox 1221 699 1522 777; x_wconf 73' lang='lat' dir='ltr'><strong>vigentibus</strong></span> <span class='ocrx_word' id='word_1_41' title='bbox 1544 707 1599 753; x_wconf 84' lang='lat' dir='ltr'><strong>et</strong></span> <span class='ocrx_word' id='word_1_42' title='bbox 1624 712 1719 754; x_wconf 86' lang='lat' dir='ltr'><strong>ve-</strong></span> 
     </span>
    </p>
   </div>
   <div class='ocr_carea' id='block_1_5' title="bbox 147 791 1718 865">
    <p class='ocr_par' dir='ltr' id='par_1_5' title="bbox 147 791 1718 865">
     <span class='ocr_line' id='line_1_5' title="bbox 147 791 1718 865; baseline 0.001 -17"><span class='ocrx_word' id='word_1_43' title='bbox 147 793 717 865; x_wconf 65' lang='lat' dir='ltr'><strong>getisad&#39;ertrationem</strong></span> <span class='ocrx_word' id='word_1_44' title='bbox 750 794 1066 849; x_wconf 74' lang='lat' dir='ltr'><strong>dill&#39;rrentia:</strong></span> <span class='ocrx_word' id='word_1_45' title='bbox 1095 812 1110 849; x_wconf 88' lang='lat'><strong>:</strong></span> <span class='ocrx_word' id='word_1_46' title='bbox 1138 809 1261 848; x_wconf 90' lang='lat' dir='ltr'><strong>nam</strong></span> <span class='ocrx_word' id='word_1_47' title='bbox 1290 794 1380 863; x_wconf 87' lang='lat' dir='ltr'><strong>qui</strong></span> <span class='ocrx_word' id='word_1_48' title='bbox 1399 791 1611 861; x_wconf 74' lang='lat' dir='ltr'><strong>deiecto</strong></span> <span class='ocrx_word' id='word_1_49' title='bbox 1638 803 1718 849; x_wconf 85' lang='lat' dir='ltr'><strong>est</strong></span> 
     </span>
    </p>
   </div>
   <div class='ocr_carea' id='block_1_6' title="bbox 146 886 1723 956">
    <p class='ocr_par' dir='ltr' id='par_1_6' title="bbox 146 886 1723 956">
     <span class='ocr_line' id='line_1_6' title="bbox 146 886 1723 956; baseline 0.001 -16"><span class='ocrx_word' id='word_1_50' title='bbox 146 889 313 953; x_wconf 83' lang='lat' dir='ltr'><strong>animo,</strong></span> <span class='ocrx_word' id='word_1_51' title='bbox 328 904 430 943; x_wconf 87' lang='lat' dir='ltr'><strong>non</strong></span> <span class='ocrx_word' id='word_1_52' title='bbox 449 888 619 945; x_wconf 76' lang='lat' dir='ltr'><strong>facile</strong></span> <span class='ocrx_word' id='word_1_53' title='bbox 632 890 897 945; x_wconf 84' lang='lat' dir='ltr'><strong>audierit.</strong></span> <span class='ocrx_word' id='word_1_54' title='bbox 918 890 980 944; x_wconf 82' lang='lat' dir='ltr'><strong>Et</strong></span> <span class='ocrx_word' id='word_1_55' title='bbox 1001 889 1055 944; x_wconf 88' lang='lat' dir='ltr'><strong>id</strong></span> <span class='ocrx_word' id='word_1_56' title='bbox 1078 898 1134 943; x_wconf 93' lang='lat' dir='ltr'><strong>ut</strong></span> <span class='ocrx_word' id='word_1_57' title='bbox 1154 889 1314 954; x_wconf 82' lang='lat' dir='ltr'><strong>scias,</strong></span> <span class='ocrx_word' id='word_1_58' title='bbox 1334 886 1458 941; x_wconf 89' lang='lat' dir='ltr'><strong>audi</strong></span> <span class='ocrx_word' id='word_1_59' title='bbox 1480 886 1570 942; x_wconf 79' lang='lat' dir='ltr'><strong>Sci</strong></span> <span class='ocrx_word' id='word_1_60' title='bbox 1584 896 1723 956; x_wconf 69' lang='grc' dir='ltr'>ιβέιιο</span> 
     </span>
    </p>
   </div>
   <div class='ocr_carea' id='block_1_7' title="bbox 145 964 1722 1057">
    <p class='ocr_par' dir='ltr' id='par_1_7' title="bbox 145 964 1722 1057">
     <span class='ocr_line' id='line_1_7' title="bbox 145 964 1722 1057; baseline -0.003 -21"><span class='ocrx_word' id='word_1_61' title='bbox 145 998 233 1057; x_wconf 73' lang='lat' dir='ltr'><strong>ratu</strong></span> <span class='ocrx_word' id='word_1_62' title='bbox 272 983 536 1038; x_wconf 84' lang='lat' dir='ltr'><strong>dicentem</strong></span> <span class='ocrx_word' id='word_1_63' title='bbox 575 998 591 1035; x_wconf 69' lang='grc' dir='ltr'><strong>ι</strong></span> <span class='ocrx_word' id='word_1_64' title='bbox 629 982 705 1037; x_wconf 80' lang='lat' dir='ltr'><strong>Et</strong></span> <span class='ocrx_word' id='word_1_65' title='bbox 761 999 862 1036; x_wconf 85' lang='lat' dir='ltr'><strong>non</strong></span> <span class='ocrx_word' id='word_1_66' title='bbox 907 983 1176 1037; x_wconf 78' lang='lat' dir='ltr'><strong>audierunt</strong></span> <span class='ocrx_word' id='word_1_67' title='bbox 1228 980 1461 1053; x_wconf 74' lang='lat' dir='ltr'><strong>Moysem</strong></span> <span class='ocrx_word' id='word_1_68' title='bbox 1513 964 1722 1050; x_wconf 74' lang='lat' dir='ltr'><strong>propter</strong></span> 
     </span>
    </p>
   </div>
   <div class='ocr_carea' id='block_1_8' title="bbox 145 1071 1722 1145">
    <p class='ocr_par' dir='ltr' id='par_1_8' title="bbox 145 1071 1722 1145">
     <span class='ocr_line' id='line_1_8' title="bbox 145 1071 1722 1145; baseline -0.001 -19"><span class='ocrx_word' id='word_1_69' title='bbox 145 1073 588 1143; x_wconf 77' lang='lat' dir='ltr'><strong>pusillanimitatens</strong></span> <span class='ocrx_word' id='word_1_70' title='bbox 618 1074 827 1145; x_wconf 72' lang='lat' dir='ltr'><strong>(Exod.</strong></span> <span class='ocrx_word' id='word_1_71' title='bbox 855 1074 909 1130; x_wconf 86' lang='lat'><strong>6.</strong></span> <span class='ocrx_word' id='word_1_72' title='bbox 951 1075 1034 1145; x_wconf 88' lang='lat'><strong>9).</strong></span> <span class='ocrx_word' id='word_1_73' title='bbox 1065 1073 1358 1145; x_wconf 76' lang='lat' dir='ltr'><strong>Propterea</strong></span> <span class='ocrx_word' id='word_1_74' title='bbox 1393 1087 1515 1127; x_wconf 88' lang='lat' dir='ltr'><strong>cum</strong></span> <span class='ocrx_word' id='word_1_75' title='bbox 1572 1071 1722 1141; x_wconf 88' lang='lat' dir='ltr'><strong>prius</strong></span> 
     </span>
    </p>
   </div>
   <div class='ocr_carea' id='block_1_9' title="bbox 144 1162 1723 1238">
    <p class='ocr_par' dir='ltr' id='par_1_9' title="bbox 144 1162 1723 1238">
     <span class='ocr_line' id='line_1_9' title="bbox 144 1162 1723 1238; baseline -0.001 -21"><span class='ocrx_word' id='word_1_76' title='bbox 144 1166 292 1219; x_wconf 84' lang='lat' dir='ltr'><strong>multis</strong></span> <span class='ocrx_word' id='word_1_77' title='bbox 331 1175 387 1220; x_wconf 87' lang='lat' dir='ltr'><strong>et</strong></span> <span class='ocrx_word' id='word_1_78' title='bbox 437 1165 793 1223; x_wconf 80' lang='lat' dir='ltr'><strong>terribilibus</strong></span> <span class='ocrx_word' id='word_1_79' title='bbox 842 1174 900 1221; x_wconf 89' lang='lat' dir='ltr'><strong>et</strong></span> <span class='ocrx_word' id='word_1_80' title='bbox 944 1164 1167 1238; x_wconf 79' lang='lat' dir='ltr'><strong>placidis</strong></span> <span class='ocrx_word' id='word_1_81' title='bbox 1190 1180 1252 1219; x_wconf 88' lang='lat' dir='ltr'><strong>ac</strong></span> <span class='ocrx_word' id='word_1_82' title='bbox 1277 1163 1523 1234; x_wconf 75' lang='lat' dir='ltr'><strong>benignis</strong></span> <span class='ocrx_word' id='word_1_83' title='bbox 1542 1162 1723 1217; x_wconf 91' lang='lat' dir='ltr'><strong>verbis</strong></span> 
     </span>
    </p>
   </div>
   <div class='ocr_carea' id='block_1_10' title="bbox 143 1254 1725 1327">
    <p class='ocr_par' dir='ltr' id='par_1_10' title="bbox 143 1254 1725 1327">
     <span class='ocr_line' id='line_1_10' title="bbox 143 1254 1725 1327; baseline 0.001 -20"><span class='ocrx_word' id='word_1_84' title='bbox 143 1268 296 1309; x_wconf 74' lang='lat' dir='ltr'><strong>eorum</strong></span> <span class='ocrx_word' id='word_1_85' title='bbox 321 1257 692 1313; x_wconf 84' lang='lat' dir='ltr'><strong>esinaniisset</strong></span> <span class='ocrx_word' id='word_1_86' title='bbox 715 1256 879 1312; x_wconf 89' lang='lat' dir='ltr'><strong>animi</strong></span> <span class='ocrx_word' id='word_1_87' title='bbox 907 1256 1285 1327; x_wconf 73' lang='lat' dir='ltr'><strong>mgritudinem</strong></span> <span class='ocrx_word' id='word_1_88' title='bbox 1304 1297 1318 1320; x_wconf 93' lang='lat'><strong>,</strong></span> <span class='ocrx_word' id='word_1_89' title='bbox 1354 1265 1481 1309; x_wconf 88' lang='lat' dir='ltr'><strong>tunc</strong></span> <span class='ocrx_word' id='word_1_90' title='bbox 1510 1254 1578 1310; x_wconf 90' lang='lat' dir='ltr'><strong>de</strong></span> <span class='ocrx_word' id='word_1_91' title='bbox 1617 1270 1725 1309; x_wconf 69' lang='grc' dir='ltr'><strong>επε-</strong></span> 
     </span>
    </p>
   </div>
   <div class='ocr_carea' id='block_1_11' title="bbox 145 1346 1723 1418">
    <p class='ocr_par' dir='ltr' id='par_1_11' title="bbox 145 1346 1723 1418">
     <span class='ocr_line' id='line_1_11' title="bbox 145 1346 1723 1418; baseline 0 -19"><span class='ocrx_word' id='word_1_92' title='bbox 145 1356 238 1403; x_wconf 81' lang='lat' dir='ltr'><strong>tero</strong></span> <span class='ocrx_word' id='word_1_93' title='bbox 273 1348 556 1404; x_wconf 85' lang='lat' dir='ltr'><strong>descendit</strong></span> <span class='ocrx_word' id='word_1_94' title='bbox 585 1348 662 1403; x_wconf 89' lang='lat' dir='ltr'><strong>ad</strong></span> <span class='ocrx_word' id='word_1_95' title='bbox 698 1350 965 1404; x_wconf 87' lang='lat' dir='ltr'><strong>rationem</strong></span> <span class='ocrx_word' id='word_1_96' title='bbox 995 1348 1313 1404; x_wconf 70' lang='lat' dir='ltr'><strong>diﬂ&#39;erentim</strong></span> <span class='ocrx_word' id='word_1_97' title='bbox 1344 1368 1356 1402; x_wconf 94' lang='lat'><strong>:</strong></span> <span class='ocrx_word' id='word_1_98' title='bbox 1387 1358 1441 1403; x_wconf 90' lang='lat' dir='ltr'><strong>et</strong></span> <span class='ocrx_word' id='word_1_99' title='bbox 1470 1347 1595 1418; x_wconf 89' lang='lat' dir='ltr'><strong>quid</strong></span> <span class='ocrx_word' id='word_1_100' title='bbox 1637 1346 1723 1400; x_wconf 82' lang='lat' dir='ltr'><strong>di-</strong></span> 
     </span>
    </p>
   </div>
   <div class='ocr_carea' id='block_1_12' title="bbox 140 1438 1722 1508">
    <p class='ocr_par' dir='ltr' id='par_1_12' title="bbox 140 1438 1722 1508">
     <span class='ocr_line' id='line_1_12' title="bbox 140 1438 1722 1508; baseline 0.003 -18"><span class='ocrx_word' id='word_1_101' title='bbox 140 1439 230 1491; x_wconf 81' lang='lat' dir='ltr'><strong>cit?</strong></span> <span class='ocrx_word' id='word_1_102' title='bbox 258 1438 350 1493; x_wconf 84' lang='lat' dir='ltr'><strong>Hic</strong></span> <span class='ocrx_word' id='word_1_103' title='bbox 371 1442 505 1494; x_wconf 83' lang='lat' dir='ltr'><strong>enim</strong></span> <span class='ocrx_word' id='word_1_104' title='bbox 539 1440 933 1496; x_wconf 71' lang='lat' dir='ltr'><strong>Melchisedech</strong></span> <span class='ocrx_word' id='word_1_105' title='bbox 991 1459 1082 1496; x_wconf 82' lang='lat' dir='ltr'><strong>rea:</strong></span> <span class='ocrx_word' id='word_1_106' title='bbox 1105 1442 1280 1496; x_wconf 75' lang='lat' dir='ltr'><strong>Solent</strong></span> <span class='ocrx_word' id='word_1_107' title='bbox 1298 1483 1312 1508; x_wconf 92' lang='lat'><strong>,</strong></span> <span class='ocrx_word' id='word_1_108' title='bbox 1342 1441 1580 1496; x_wconf 89' lang='lat' dir='ltr'><strong>sacerdos</strong></span> <span class='ocrx_word' id='word_1_109' title='bbox 1626 1439 1722 1494; x_wconf 88' lang='lat' dir='ltr'><strong>Dei</strong></span> 
     </span>
    </p>
   </div>
   <div class='ocr_carea' id='block_1_13' title="bbox 142 1530 1725 1604">
    <p class='ocr_par' dir='ltr' id='par_1_13' title="bbox 142 1530 1725 1604">
     <span class='ocr_line' id='line_1_13' title="bbox 142 1530 1725 1604; baseline 0.003 -22"><span class='ocrx_word' id='word_1_110' title='bbox 142 1530 316 1583; x_wconf 67' lang='lat' dir='ltr'><strong>umeri.</strong></span> <span class='ocrx_word' id='word_1_111' title='bbox 347 1530 411 1585; x_wconf 76' lang='lat' dir='ltr'><strong>Et</strong></span> <span class='ocrx_word' id='word_1_112' title='bbox 440 1531 591 1601; x_wconf 90' lang='lat' dir='ltr'><strong>quod</strong></span> <span class='ocrx_word' id='word_1_113' title='bbox 622 1540 716 1587; x_wconf 87' lang='lat' dir='ltr'><strong>est</strong></span> <span class='ocrx_word' id='word_1_114' title='bbox 745 1533 989 1588; x_wconf 82' lang='lat' dir='ltr'><strong>mirabile</strong></span> <span class='ocrx_word' id='word_1_115' title='bbox 1013 1575 1027 1599; x_wconf 89' lang='lat'><strong>,</strong></span> <span class='ocrx_word' id='word_1_116' title='bbox 1058 1533 1112 1588; x_wconf 90' lang='lat' dir='ltr'><strong>in</strong></span> <span class='ocrx_word' id='word_1_117' title='bbox 1145 1533 1261 1603; x_wconf 90' lang='lat' dir='ltr'><strong>ipso</strong></span> <span class='ocrx_word' id='word_1_118' title='bbox 1312 1543 1437 1604; x_wconf 84' lang='lat' dir='ltr'><strong>typo</strong></span> <span class='ocrx_word' id='word_1_119' title='bbox 1485 1532 1725 1588; x_wconf 77' lang='lat' dir='ltr'><strong>ostendit</strong></span> 
     </span>
    </p>
   </div>
   <div class='ocr_carea' id='block_1_14' title="bbox 143 1622 1724 1697">
    <p class='ocr_par' dir='ltr' id='par_1_14' title="bbox 143 1622 1724 1697">
     <span class='ocr_line' id='line_1_14' title="bbox 143 1622 1724 1697; baseline 0.004 -22"><span class='ocrx_word' id='word_1_120' title='bbox 143 1622 331 1676; x_wconf 84' lang='lat' dir='ltr'><strong>multam</strong></span> <span class='ocrx_word' id='word_1_121' title='bbox 364 1639 489 1679; x_wconf 88' lang='lat' dir='ltr'><strong>csse</strong></span> <span class='ocrx_word' id='word_1_122' title='bbox 515 1625 920 1680; x_wconf 72' lang='lat' dir='ltr'><strong>differentiam.</strong></span> <span class='ocrx_word' id='word_1_123' title='bbox 950 1625 1081 1681; x_wconf 82' lang='lat' dir='ltr'><strong>Nam</strong></span> <span class='ocrx_word' id='word_1_124' title='bbox 1128 1627 1270 1680; x_wconf 68' lang='lat' dir='ltr'><strong>sicut</strong></span> <span class='ocrx_word' id='word_1_125' title='bbox 1316 1627 1461 1694; x_wconf 81' lang='lat' dir='ltr'><strong>dixi,</strong></span> <span class='ocrx_word' id='word_1_126' title='bbox 1514 1642 1543 1680; x_wconf 90' lang='lat' dir='ltr'><strong>a</strong></span> <span class='ocrx_word' id='word_1_127' title='bbox 1595 1635 1724 1697; x_wconf 80' lang='lat' dir='ltr'><strong>typo</strong></span> 
     </span>
    </p>
   </div>
   <div class='ocr_carea' id='block_1_15' title="bbox 146 1714 1721 1787">
    <p class='ocr_par' dir='ltr' id='par_1_15' title="bbox 146 1714 1721 1787">
     <span class='ocr_line' id='line_1_15' title="bbox 146 1714 1721 1787; baseline 0.004 -20"><span class='ocrx_word' id='word_1_128' title='bbox 146 1728 325 1783; x_wconf 79' lang='lat' dir='ltr'><strong>semper</strong></span> <span class='ocrx_word' id='word_1_129' title='bbox 366 1714 529 1770; x_wconf 88' lang='lat' dir='ltr'><strong>tidem</strong></span> <span class='ocrx_word' id='word_1_130' title='bbox 574 1716 714 1771; x_wconf 78' lang='lat' dir='ltr'><strong>facit</strong></span> <span class='ocrx_word' id='word_1_131' title='bbox 742 1718 993 1783; x_wconf 86' lang='lat' dir='ltr'><strong>veritati,</strong></span> <span class='ocrx_word' id='word_1_132' title='bbox 1021 1733 1086 1772; x_wconf 82' lang='lat' dir='ltr'><strong>cx</strong></span> <span class='ocrx_word' id='word_1_133' title='bbox 1118 1719 1403 1787; x_wconf 71' lang='lat' dir='ltr'><strong>prmterttis</strong></span> <span class='ocrx_word' id='word_1_134' title='bbox 1436 1718 1721 1786; x_wconf 73' lang='lat' dir='ltr'><strong>prteseutia</strong></span> 
     </span>
    </p>
   </div>
   <div class='ocr_carea' id='block_1_16' title="bbox 143 1806 1720 1877">
    <p class='ocr_par' dir='ltr' id='par_1_16' title="bbox 143 1806 1720 1877">
     <span class='ocr_line' id='line_1_16' title="bbox 143 1806 1720 1877; baseline 0.001 -18"><span class='ocrx_word' id='word_1_135' title='bbox 143 1806 327 1871; x_wconf 73' lang='lat' dir='ltr'><strong>asserit,</strong></span> <span class='ocrx_word' id='word_1_136' title='bbox 360 1819 591 1876; x_wconf 77' lang='lat' dir='ltr'><strong>propter</strong></span> <span class='ocrx_word' id='word_1_137' title='bbox 620 1807 1049 1863; x_wconf 77' lang='lat' dir='ltr'><strong>imbecillitatem</strong></span> <span class='ocrx_word' id='word_1_138' title='bbox 1077 1810 1402 1863; x_wconf 81' lang='lat' dir='ltr'><strong>auditorum.</strong></span> <span class='ocrx_word' id='word_1_139' title='bbox 1439 1808 1540 1863; x_wconf 82' lang='lat' dir='ltr'><strong>Hic</strong></span> <span class='ocrx_word' id='word_1_140' title='bbox 1566 1812 1720 1877; x_wconf 80' lang='lat' dir='ltr'><strong>enim,</strong></span> 
     </span>
    </p>
   </div>
   <div class='ocr_carea' id='block_1_17' title="bbox 146 1896 1721 1967">
    <p class='ocr_par' dir='ltr' id='par_1_17' title="bbox 146 1896 1721 1967">
     <span class='ocr_line' id='line_1_17' title="bbox 146 1896 1721 1967; baseline 0.005 -20"><span class='ocrx_word' id='word_1_141' title='bbox 146 1896 305 1967; x_wconf 82' lang='lat' dir='ltr'><strong>inquit,</strong></span> <span class='ocrx_word' id='word_1_142' title='bbox 340 1897 757 1965; x_wconf 69' lang='lat' dir='ltr'><strong>Melchisedech,</strong></span> <span class='ocrx_word' id='word_1_143' title='bbox 786 1917 880 1955; x_wconf 79' lang='lat' dir='ltr'><strong>rea:</strong></span> <span class='ocrx_word' id='word_1_144' title='bbox 904 1899 1101 1966; x_wconf 79' lang='lat' dir='ltr'><strong>Solent,</strong></span> <span class='ocrx_word' id='word_1_145' title='bbox 1132 1903 1369 1956; x_wconf 87' lang='lat' dir='ltr'><strong>sacerdos</strong></span> <span class='ocrx_word' id='word_1_146' title='bbox 1394 1900 1487 1955; x_wconf 78' lang='lat' dir='ltr'><strong>Dei</strong></span> <span class='ocrx_word' id='word_1_147' title='bbox 1507 1903 1691 1958; x_wconf 78' lang='lat' dir='ltr'><strong>sumini</strong></span> <span class='ocrx_word' id='word_1_148' title='bbox 1706 1944 1721 1967; x_wconf 92' lang='lat'><strong>,</strong></span> 
     </span>
    </p>
   </div>
   <div class='ocr_carea' id='block_1_18' title="bbox 146 1991 1723 2066">
    <p class='ocr_par' dir='ltr' id='par_1_18' title="bbox 146 1991 1723 2066">
     <span class='ocr_line' id='line_1_18' title="bbox 146 1991 1723 2066; baseline 0.004 -26"><span class='ocrx_word' id='word_1_149' title='bbox 146 2000 183 2040; x_wconf 81' lang='lat' dir='ltr'><strong>et</strong></span> <span class='ocrx_word' id='word_1_150' title='bbox 206 1991 281 2054; x_wconf 76' lang='lat' dir='ltr'><strong>qui</strong></span> <span class='ocrx_word' id='word_1_151' title='bbox 302 1991 518 2046; x_wconf 70' lang='lat' dir='ltr'><strong>obuiauit</strong></span> <span class='ocrx_word' id='word_1_152' title='bbox 542 1993 779 2047; x_wconf 77' lang='lat' dir='ltr'><strong>Abraha:</strong></span> <span class='ocrx_word' id='word_1_153' title='bbox 798 2010 1023 2064; x_wconf 71' lang='lat' dir='ltr'><strong>regresso</strong></span> <span class='ocrx_word' id='word_1_154' title='bbox 1042 2011 1073 2046; x_wconf 87' lang='lat' dir='ltr'><strong>a</strong></span> <span class='ocrx_word' id='word_1_155' title='bbox 1099 1995 1236 2047; x_wconf 72' lang='lat' dir='ltr'><strong>ccede</strong></span> <span class='ocrx_word' id='word_1_156' title='bbox 1259 2011 1433 2066; x_wconf 81' lang='lat' dir='ltr'><strong>regnat</strong></span> <span class='ocrx_word' id='word_1_157' title='bbox 1452 2036 1466 2057; x_wconf 95' lang='lat'><strong>,</strong></span> <span class='ocrx_word' id='word_1_158' title='bbox 1497 2004 1541 2049; x_wconf 89' lang='lat' dir='ltr'><strong>et</strong></span> <span class='ocrx_word' id='word_1_159' title='bbox 1572 1996 1723 2048; x_wconf 81' lang='lat' dir='ltr'><strong>bene-</strong></span> 
     </span>
    </p>
   </div>
   <div class='ocr_carea' id='block_1_19' title="bbox 146 2079 1723 2140">
    <p class='ocr_par' dir='ltr' id='par_1_19' title="bbox 146 2079 1723 2140">
     <span class='ocr_line' id='line_1_19' title="bbox 146 2079 1723 2140; baseline 0.006 -9"><span class='ocrx_word' id='word_1_160' title='bbox 146 2079 253 2133; x_wconf 73' lang='lat' dir='ltr'><strong>dixit</strong></span> <span class='ocrx_word' id='word_1_161' title='bbox 288 2084 371 2135; x_wconf 84' lang='lat' dir='ltr'><strong>ei:</strong></span> <span class='ocrx_word' id='word_1_162' title='bbox 409 2084 495 2137; x_wconf 85' lang='lat' dir='ltr'><strong>cui</strong></span> <span class='ocrx_word' id='word_1_163' title='bbox 546 2093 598 2137; x_wconf 85' lang='lat' dir='ltr'><strong>et</strong></span> <span class='ocrx_word' id='word_1_164' title='bbox 644 2084 871 2138; x_wconf 75' lang='lat' dir='ltr'><strong>decimas</strong></span> <span class='ocrx_word' id='word_1_165' title='bbox 910 2086 1134 2138; x_wconf 86' lang='lat' dir='ltr'><strong>omnium</strong></span> <span class='ocrx_word' id='word_1_166' title='bbox 1180 2085 1349 2139; x_wconf 81' lang='lat' dir='ltr'><strong>divisit</strong></span> <span class='ocrx_word' id='word_1_167' title='bbox 1396 2087 1671 2140; x_wconf 81' lang='lat' dir='ltr'><strong>Abraham.</strong></span> <span class='ocrx_word' id='word_1_168' title='bbox 1706 2089 1723 2119; x_wconf 76' lang='grc'>⁸</span> 
     </span>
    </p>
   </div>
   <div class='ocr_carea' id='block_1_20' title="bbox 149 2170 1724 2246">
    <p class='ocr_par' dir='ltr' id='par_1_20' title="bbox 149 2170 1724 2246">
     <span class='ocr_line' id='line_1_20' title="bbox 149 2170 1724 2246; baseline 0.008 -23"><span class='ocrx_word' id='word_1_169' title='bbox 149 2170 258 2226; x_wconf 85' lang='lat' dir='ltr'><strong>Cum</strong></span> <span class='ocrx_word' id='word_1_170' title='bbox 303 2174 541 2229; x_wconf 87' lang='lat' dir='ltr'><strong>breviter</strong></span> <span class='ocrx_word' id='word_1_171' title='bbox 597 2184 773 2230; x_wconf 84' lang='lat' dir='ltr'><strong>totam</strong></span> <span class='ocrx_word' id='word_1_172' title='bbox 830 2177 1096 2246; x_wconf 83' lang='lat' dir='ltr'><strong>posuisset</strong></span> <span class='ocrx_word' id='word_1_173' title='bbox 1147 2188 1506 2234; x_wconf 79' lang='lat' dir='ltr'><strong>narrationem</strong></span> <span class='ocrx_word' id='word_1_174' title='bbox 1538 2221 1553 2245; x_wconf 93' lang='lat'><strong>,</strong></span> <span class='ocrx_word' id='word_1_175' title='bbox 1606 2195 1724 2234; x_wconf 88' lang='lat' dir='ltr'><strong>cam</strong></span> 
     </span>
    </p>
   </div>
   <div class='ocr_carea' id='block_1_21' title="bbox 149 2266 1728 2339">
    <p class='ocr_par' dir='ltr' id='par_1_21' title="bbox 149 2266 1728 2339">
     <span class='ocr_line' id='line_1_21' title="bbox 149 2266 1728 2339; baseline 0.008 -24"><span class='ocrx_word' id='word_1_176' title='bbox 149 2266 341 2333; x_wconf 72' lang='lat' dir='ltr'><strong>mystice</strong></span> <span class='ocrx_word' id='word_1_177' title='bbox 362 2278 442 2322; x_wconf 87' lang='lat' dir='ltr'><strong>est</strong></span> <span class='ocrx_word' id='word_1_178' title='bbox 462 2268 874 2339; x_wconf 80' lang='lat' dir='ltr'><strong>contemplatus</strong></span> <span class='ocrx_word' id='word_1_179' title='bbox 894 2287 908 2323; x_wconf 88' lang='lat'><strong>:</strong></span> <span class='ocrx_word' id='word_1_180' title='bbox 932 2278 987 2325; x_wconf 91' lang='lat' dir='ltr'><strong>et</strong></span> <span class='ocrx_word' id='word_1_181' title='bbox 1010 2270 1237 2339; x_wconf 88' lang='lat' dir='ltr'><strong>primum</strong></span> <span class='ocrx_word' id='word_1_182' title='bbox 1260 2288 1289 2325; x_wconf 87' lang='lat' dir='ltr'><strong>a</strong></span> <span class='ocrx_word' id='word_1_183' title='bbox 1318 2272 1534 2327; x_wconf 77' lang='lat' dir='ltr'><strong>nomine</strong></span> <span class='ocrx_word' id='word_1_184' title='bbox 1562 2289 1575 2325; x_wconf 92' lang='lat'><strong>:</strong></span> <span class='ocrx_word' id='word_1_185' title='bbox 1612 2273 1728 2328; x_wconf 86' lang='lat' dir='ltr'><strong>Pri-</strong></span> 
     </span>
    </p>
   </div>
   <div class='ocr_carea' id='block_1_22' title="bbox 152 2359 1725 2435">
    <p class='ocr_par' dir='ltr' id='par_1_22' title="bbox 152 2359 1725 2435">
     <span class='ocr_line' id='line_1_22' title="bbox 152 2359 1725 2435; baseline 0.012 -29"><span class='ocrx_word' id='word_1_186' title='bbox 152 2372 265 2408; x_wconf 77' lang='lat' dir='ltr'><strong>snnn</strong></span> <span class='ocrx_word' id='word_1_187' title='bbox 289 2359 511 2428; x_wconf 78' lang='lat' dir='ltr'><strong>quidem,</strong></span> <span class='ocrx_word' id='word_1_188' title='bbox 541 2360 745 2431; x_wconf 85' lang='lat' dir='ltr'><strong>inquit,</strong></span> <span class='ocrx_word' id='word_1_189' title='bbox 774 2363 1138 2430; x_wconf 78' lang='lat' dir='ltr'><strong>interpretatur</strong></span> <span class='ocrx_word' id='word_1_190' title='bbox 1158 2365 1497 2435; x_wconf 61' lang='lat' dir='ltr'><strong>reccjnstitite.</strong></span> <span class='ocrx_word' id='word_1_191' title='bbox 1525 2365 1725 2425; x_wconf 70' lang='lat' dir='ltr'><strong>Recte:</strong></span> 
     </span>
    </p>
   </div>
   <div class='ocr_carea' id='block_1_23' title="bbox 151 2446 1729 2531">
    <p class='ocr_par' dir='ltr' id='par_1_23' title="bbox 151 2446 1729 2531">
     <span class='ocr_line' id='line_1_23' title="bbox 151 2446 1729 2531; baseline 0.008 -31"><span class='ocrx_word' id='word_1_192' title='bbox 151 2446 327 2504; x_wconf 81' lang='lat' dir='ltr'><strong>Sedech</strong></span> <span class='ocrx_word' id='word_1_193' title='bbox 358 2452 502 2506; x_wconf 86' lang='lat' dir='ltr'><strong>enim</strong></span> <span class='ocrx_word' id='word_1_194' title='bbox 536 2453 744 2508; x_wconf 89' lang='lat' dir='ltr'><strong>dicitur</strong></span> <span class='ocrx_word' id='word_1_195' title='bbox 768 2454 997 2523; x_wconf 85' lang='lat' dir='ltr'><strong>justitia,</strong></span> <span class='ocrx_word' id='word_1_196' title='bbox 1020 2455 1208 2512; x_wconf 81' lang='lat' dir='ltr'><strong>Melchi</strong></span> <span class='ocrx_word' id='word_1_197' title='bbox 1232 2466 1411 2513; x_wconf 88' lang='lat' dir='ltr'><strong>autem</strong></span> <span class='ocrx_word' id='word_1_198' title='bbox 1436 2474 1527 2514; x_wconf 75' lang='lat' dir='ltr'><strong>rex</strong></span> <span class='ocrx_word' id='word_1_199' title='bbox 1557 2478 1569 2513; x_wconf 90' lang='lat'><strong>:</strong></span> <span class='ocrx_word' id='word_1_200' title='bbox 1599 2476 1729 2531; x_wconf 82' lang='lat' dir='ltr'><strong>ergo</strong></span> 
     </span>
    </p>
   </div>
   <div class='ocr_carea' id='block_1_24' title="bbox 154 2538 1728 2613">
    <p class='ocr_par' dir='ltr' id='par_1_24' title="bbox 154 2538 1728 2613">
     <span class='ocr_line' id='line_1_24' title="bbox 154 2538 1728 2613; baseline 0.009 -22"><span class='ocrx_word' id='word_1_201' title='bbox 154 2538 513 2598; x_wconf 64' lang='lat' dir='ltr'><strong>Metellisedech</strong></span> <span class='ocrx_word' id='word_1_202' title='bbox 542 2560 645 2599; x_wconf 79' lang='lat' dir='ltr'><strong>rex</strong></span> <span class='ocrx_word' id='word_1_203' title='bbox 675 2543 902 2613; x_wconf 62' lang='lat' dir='ltr'><strong>iustitiae</strong></span> <span class='ocrx_word' id='word_1_204' title='bbox 927 2555 1027 2602; x_wconf 90' lang='lat' dir='ltr'><strong>est.</strong></span> <span class='ocrx_word' id='word_1_205' title='bbox 1058 2545 1223 2603; x_wconf 83' lang='lat' dir='ltr'><strong>Vides</strong></span> <span class='ocrx_word' id='word_1_206' title='bbox 1249 2549 1408 2604; x_wconf 87' lang='lat' dir='ltr'><strong>etiam</strong></span> <span class='ocrx_word' id='word_1_207' title='bbox 1453 2549 1505 2604; x_wconf 92' lang='lat' dir='ltr'><strong>in</strong></span> <span class='ocrx_word' id='word_1_208' title='bbox 1551 2552 1728 2605; x_wconf 83' lang='lat' dir='ltr'><strong>nomi-</strong></span> 
     </span>
    </p>
   </div>
   <div class='ocr_carea' id='block_1_25' title="bbox 155 2631 1725 2707">
    <p class='ocr_par' dir='ltr' id='par_1_25' title="bbox 155 2631 1725 2707">
     <span class='ocr_line' id='line_1_25' title="bbox 155 2631 1725 2707; baseline 0.011 -26"><span class='ocrx_word' id='word_1_209' title='bbox 155 2631 285 2685; x_wconf 80' lang='lat' dir='ltr'><strong>nibus</strong></span> <span class='ocrx_word' id='word_1_210' title='bbox 322 2646 639 2690; x_wconf 77' lang='lat' dir='ltr'><strong>accuratam</strong></span> <span class='ocrx_word' id='word_1_211' title='bbox 686 2635 1058 2707; x_wconf 79' lang='lat' dir='ltr'><strong>diligeutiam?</strong></span> <span class='ocrx_word' id='word_1_212' title='bbox 1103 2637 1234 2707; x_wconf 83' lang='lat' dir='ltr'><strong>Quis</strong></span> <span class='ocrx_word' id='word_1_213' title='bbox 1279 2648 1363 2695; x_wconf 88' lang='lat' dir='ltr'><strong>est</strong></span> <span class='ocrx_word' id='word_1_214' title='bbox 1400 2653 1580 2696; x_wconf 90' lang='lat' dir='ltr'><strong>autem</strong></span> <span class='ocrx_word' id='word_1_215' title='bbox 1624 2659 1725 2698; x_wconf 77' lang='lat' dir='ltr'><strong>rex</strong></span> 
     </span>
    </p>
   </div>
   <div class='ocr_carea' id='block_1_26' title="bbox 152 2723 1731 2793">
    <p class='ocr_par' dir='ltr' id='par_1_26' title="bbox 152 2723 1731 2793">
     <span class='ocr_line' id='line_1_26' title="bbox 152 2723 1731 2793; baseline 0.012 -19"><span class='ocrx_word' id='word_1_216' title='bbox 152 2723 362 2791; x_wconf 74' lang='lat' dir='ltr'><strong>justitize,</strong></span> <span class='ocrx_word' id='word_1_217' title='bbox 382 2728 487 2783; x_wconf 90' lang='lat' dir='ltr'><strong>nisi</strong></span> <span class='ocrx_word' id='word_1_218' title='bbox 512 2729 780 2784; x_wconf 84' lang='lat' dir='ltr'><strong>Dominus</strong></span> <span class='ocrx_word' id='word_1_219' title='bbox 812 2739 996 2787; x_wconf 83' lang='lat' dir='ltr'><strong>noster</strong></span> <span class='ocrx_word' id='word_1_220' title='bbox 1023 2731 1180 2787; x_wconf 85' lang='lat' dir='ltr'><strong>.lesus</strong></span> <span class='ocrx_word' id='word_1_221' title='bbox 1209 2733 1501 2790; x_wconf 79' lang='lat' dir='ltr'><strong>Christus?</strong></span> <span class='ocrx_word' id='word_1_222' title='bbox 1526 2736 1731 2793; x_wconf 81' lang='lat' dir='ltr'><strong>Deinde</strong></span> 
     </span>
    </p>
   </div>
   <div class='ocr_carea' id='block_1_27' title="bbox 155 2816 1731 2899">
    <p class='ocr_par' dir='ltr' id='par_1_27' title="bbox 155 2816 1731 2899">
     <span class='ocr_line' id='line_1_27' title="bbox 155 2816 1731 2899; baseline 0.011 -31"><span class='ocrx_word' id='word_1_223' title='bbox 155 2816 288 2870; x_wconf 81' lang='lat' dir='ltr'><strong>etiam</strong></span> <span class='ocrx_word' id='word_1_224' title='bbox 319 2836 409 2875; x_wconf 80' lang='lat' dir='ltr'><strong>res</strong></span> <span class='ocrx_word' id='word_1_225' title='bbox 439 2821 651 2887; x_wconf 87' lang='lat' dir='ltr'><strong>Salem,</strong></span> <span class='ocrx_word' id='word_1_226' title='bbox 684 2837 714 2876; x_wconf 87' lang='lat' dir='ltr'><strong>a</strong></span> <span class='ocrx_word' id='word_1_227' title='bbox 743 2824 958 2879; x_wconf 80' lang='lat' dir='ltr'><strong>civitate</strong></span> <span class='ocrx_word' id='word_1_228' title='bbox 990 2845 1003 2881; x_wconf 90' lang='lat'><strong>:</strong></span> <span class='ocrx_word' id='word_1_229' title='bbox 1036 2823 1141 2882; x_wconf 86' lang='lat' dir='ltr'><strong>hoc</strong></span> <span class='ocrx_word' id='word_1_230' title='bbox 1168 2836 1254 2884; x_wconf 85' lang='lat' dir='ltr'><strong>est</strong></span> <span class='ocrx_word' id='word_1_231' title='bbox 1282 2841 1378 2884; x_wconf 77' lang='lat' dir='ltr'><strong>rex</strong></span> <span class='ocrx_word' id='word_1_232' title='bbox 1406 2830 1553 2899; x_wconf 86' lang='lat' dir='ltr'><strong>pacis</strong></span> <span class='ocrx_word' id='word_1_233' title='bbox 1584 2847 1598 2883; x_wconf 89' lang='lat'><strong>:</strong></span> <span class='ocrx_word' id='word_1_234' title='bbox 1630 2830 1731 2885; x_wconf 87' lang='lat' dir='ltr'><strong>hoc</strong></span> 
     </span>
    </p>
   </div>
   <div class='ocr_carea' id='block_1_28' title="bbox 156 2910 1734 2985">
    <p class='ocr_par' dir='ltr' id='par_1_28' title="bbox 156 2910 1734 2985">
     <span class='ocr_line' id='line_1_28' title="bbox 156 2910 1734 2985; baseline 0.013 -25"><span class='ocrx_word' id='word_1_235' title='bbox 156 2910 278 2965; x_wconf 82' lang='lat' dir='ltr'><strong>enim</strong></span> <span class='ocrx_word' id='word_1_236' title='bbox 303 2912 578 2984; x_wconf 79' lang='lat' dir='ltr'><strong>signiﬁcat</strong></span> <span class='ocrx_word' id='word_1_237' title='bbox 606 2914 809 2972; x_wconf 84' lang='lat' dir='ltr'><strong>Salem.</strong></span> <span class='ocrx_word' id='word_1_238' title='bbox 847 2917 1001 2985; x_wconf 87' lang='lat' dir='ltr'><strong>Quod</strong></span> <span class='ocrx_word' id='word_1_239' title='bbox 1032 2934 1220 2976; x_wconf 82' lang='lat' dir='ltr'><strong>rursus</strong></span> <span class='ocrx_word' id='word_1_240' title='bbox 1241 2930 1323 2979; x_wconf 86' lang='lat' dir='ltr'><strong>est</strong></span> <span class='ocrx_word' id='word_1_241' title='bbox 1350 2921 1553 2978; x_wconf 85' lang='lat' dir='ltr'><strong>Chriin</strong></span> <span class='ocrx_word' id='word_1_242' title='bbox 1580 2941 1594 2977; x_wconf 88' lang='lat'><strong>:</strong></span> <span class='ocrx_word' id='word_1_243' title='bbox 1647 2924 1734 2980; x_wconf 90' lang='lat' dir='ltr'><strong>hic</strong></span> 
     </span>
    </p>
   </div>
   <div class='ocr_carea' id='block_1_29' title="bbox 158 3000 1732 3083">
    <p class='ocr_par' dir='ltr' id='par_1_29' title="bbox 158 3000 1732 3083">
     <span class='ocr_line' id='line_1_29' title="bbox 158 3000 1732 3083; baseline 0.013 -34"><span class='ocrx_word' id='word_1_244' title='bbox 158 3000 278 3054; x_wconf 77' lang='lat' dir='ltr'><strong>enim</strong></span> <span class='ocrx_word' id='word_1_245' title='bbox 307 3018 401 3058; x_wconf 85' lang='lat' dir='ltr'><strong>nos</strong></span> <span class='ocrx_word' id='word_1_246' title='bbox 430 3004 564 3060; x_wconf 76' lang='lat' dir='ltr'><strong>fecit</strong></span> <span class='ocrx_word' id='word_1_247' title='bbox 589 3006 774 3075; x_wconf 80' lang='lat' dir='ltr'><strong>jusms</strong></span> <span class='ocrx_word' id='word_1_248' title='bbox 793 3049 806 3069; x_wconf 87' lang='lat'><strong>.</strong></span> <span class='ocrx_word' id='word_1_249' title='bbox 835 3018 891 3063; x_wconf 92' lang='lat' dir='ltr'><strong>et</strong></span> <span class='ocrx_word' id='word_1_250' title='bbox 918 3009 1217 3079; x_wconf 74' lang='lat' dir='ltr'><strong>paciliravit</strong></span> <span class='ocrx_word' id='word_1_251' title='bbox 1244 3027 1367 3083; x_wconf 70' lang='lat' dir='ltr'><strong>qua:</strong></span> <span class='ocrx_word' id='word_1_252' title='bbox 1390 3022 1514 3068; x_wconf 91' lang='lat' dir='ltr'><strong>sunt</strong></span> <span class='ocrx_word' id='word_1_253' title='bbox 1544 3015 1596 3067; x_wconf 91' lang='lat' dir='ltr'><strong>in</strong></span> <span class='ocrx_word' id='word_1_254' title='bbox 1624 3031 1732 3069; x_wconf 84' lang='lat' dir='ltr'><strong>ca:-</strong></span> 
     </span>
    </p>
   </div>
   <div class='ocr_carea' id='block_1_30' title="bbox 160 3088 1736 3174">
    <p class='ocr_par' dir='ltr' id='par_1_30' title="bbox 160 3088 1736 3174">
     <span class='ocr_line' id='line_1_30' title="bbox 160 3088 1736 3174; baseline 0.013 -33"><span class='ocrx_word' id='word_1_255' title='bbox 160 3088 440 3166; x_wconf 82' lang='lat' dir='ltr'><strong>lis.etqu:e</strong></span> <span class='ocrx_word' id='word_1_256' title='bbox 471 3095 729 3152; x_wconf 87' lang='lat' dir='ltr'><strong>interra.</strong></span> <span class='ocrx_word' id='word_1_257' title='bbox 761 3098 893 3167; x_wconf 84' lang='lat' dir='ltr'><strong>Quis</strong></span> <span class='ocrx_word' id='word_1_258' title='bbox 942 3100 1103 3157; x_wconf 91' lang='lat' dir='ltr'><strong>homo</strong></span> <span class='ocrx_word' id='word_1_259' title='bbox 1144 3111 1227 3157; x_wconf 88' lang='lat' dir='ltr'><strong>est</strong></span> <span class='ocrx_word' id='word_1_260' title='bbox 1272 3119 1366 3158; x_wconf 86' lang='lat' dir='ltr'><strong>rex</strong></span> <span class='ocrx_word' id='word_1_261' title='bbox 1411 3103 1639 3174; x_wconf 75' lang='lat' dir='ltr'><strong>iustitia:</strong></span> <span class='ocrx_word' id='word_1_262' title='bbox 1681 3118 1736 3162; x_wconf 90' lang='lat' dir='ltr'><strong>ct</strong></span> 
     </span>
    </p>
   </div>
   <div class='ocr_carea' id='block_1_31' title="bbox 159 3183 1735 3253">
    <p class='ocr_par' dir='ltr' id='par_1_31' title="bbox 159 3183 1735 3253">
     <span class='ocr_line' id='line_1_31' title="bbox 159 3183 1735 3253; baseline 0.012 -19"><span class='ocrx_word' id='word_1_263' title='bbox 159 3183 321 3244; x_wconf 73' lang='lat' dir='ltr'><strong>pacis?</strong></span> <span class='ocrx_word' id='word_1_264' title='bbox 365 3186 555 3242; x_wconf 77' lang='lat' dir='ltr'><strong>Ntdlns</strong></span> <span class='ocrx_word' id='word_1_265' title='bbox 606 3199 691 3242; x_wconf 77' lang='lat' dir='ltr'><strong>est</strong></span> <span class='ocrx_word' id='word_1_266' title='bbox 736 3190 837 3245; x_wconf 88' lang='lat' dir='ltr'><strong>nisi</strong></span> <span class='ocrx_word' id='word_1_267' title='bbox 887 3192 1036 3247; x_wconf 89' lang='lat' dir='ltr'><strong>solus</strong></span> <span class='ocrx_word' id='word_1_268' title='bbox 1068 3192 1331 3250; x_wconf 90' lang='lat' dir='ltr'><strong>Dominus</strong></span> <span class='ocrx_word' id='word_1_269' title='bbox 1359 3205 1545 3250; x_wconf 89' lang='lat' dir='ltr'><strong>noster</strong></span> <span class='ocrx_word' id='word_1_270' title='bbox 1572 3196 1735 3253; x_wconf 83' lang='lat' dir='ltr'><strong>Jesns</strong></span> 
     </span>
    </p>
   </div>
   <div class='ocr_carea' id='block_1_32' title="bbox 162 3272 1728 3346">
    <p class='ocr_par' dir='ltr' id='par_1_32' title="bbox 162 3272 1728 3346">
     <span class='ocr_line' id='line_1_32' title="bbox 162 3272 1728 3346; baseline 0.002 -17"><span class='ocrx_word' id='word_1_271' title='bbox 162 3272 399 3333; x_wconf 82' lang='lat' dir='ltr'><strong>Christus.</strong></span> <span class='ocrx_word' id='word_1_272' title='bbox 433 3275 651 3333; x_wconf 86' lang='lat' dir='ltr'><strong>Deinde</strong></span> <span class='ocrx_word' id='word_1_273' title='bbox 690 3278 849 3332; x_wconf 87' lang='lat' dir='ltr'><strong>aliam</strong></span> <span class='ocrx_word' id='word_1_274' title='bbox 897 3290 1110 3346; x_wconf 86' lang='lat' dir='ltr'><strong>quoque</strong></span> <span class='ocrx_word' id='word_1_275' title='bbox 1153 3275 1427 3346; x_wconf 89' lang='lat' dir='ltr'><strong>subjungit</strong></span> <span class='ocrx_word' id='word_1_276' title='bbox 1472 3274 1728 3333; x_wconf 77' lang='lat' dir='ltr'><strong>diﬂ&#39;eren-</strong></span> 
     </span>
    </p>
   </div>
   <div class='ocr_carea' id='block_1_33' title="bbox 164 3364 1733 3439">
    <p class='ocr_par' dir='ltr' id='par_1_33' title="bbox 164 3364 1733 3439">
     <span class='ocr_line' id='line_1_33' title="bbox 164 3364 1733 3439; baseline 0.004 -21"><span class='ocrx_word' id='word_1_277' title='bbox 164 3364 290 3421; x_wconf 84' lang='lat' dir='ltr'><strong>tiam.</strong></span> <span class='ocrx_word' id='word_1_278' title='bbox 321 3367 443 3423; x_wconf 88' lang='lat' dir='ltr'><strong>Sine</strong></span> <span class='ocrx_word' id='word_1_279' title='bbox 464 3380 637 3437; x_wconf 85' lang='lat' dir='ltr'><strong>patre,</strong></span> <span class='ocrx_word' id='word_1_280' title='bbox 678 3365 787 3423; x_wconf 72' lang='lat' dir='ltr'><strong>sine</strong></span> <span class='ocrx_word' id='word_1_281' title='bbox 823 3376 1017 3429; x_wconf 76' lang='lat' dir='ltr'><strong>matre,</strong></span> <span class='ocrx_word' id='word_1_282' title='bbox 1058 3366 1170 3421; x_wconf 88' lang='lat' dir='ltr'><strong>sine</strong></span> <span class='ocrx_word' id='word_1_283' title='bbox 1205 3368 1533 3439; x_wconf 79' lang='lat' dir='ltr'><strong>genealogia,</strong></span> <span class='ocrx_word' id='word_1_284' title='bbox 1574 3384 1733 3439; x_wconf 78' lang='lat' dir='ltr'><strong>neque</strong></span> 
     </span>
    </p>
   </div>
   <div class='ocr_carea' id='block_1_34' title="bbox 164 3455 1733 3528">
    <p class='ocr_par' dir='ltr' id='par_1_34' title="bbox 164 3455 1733 3528">
     <span class='ocr_line' id='line_1_34' title="bbox 164 3455 1733 3528; baseline 0.003 -19"><span class='ocrx_word' id='word_1_285' title='bbox 164 3455 336 3510; x_wconf 78' lang='lat' dir='ltr'><strong>initium</strong></span> <span class='ocrx_word' id='word_1_286' title='bbox 356 3458 585 3522; x_wconf 84' lang='lat' dir='ltr'><strong>dierum,</strong></span> <span class='ocrx_word' id='word_1_287' title='bbox 610 3474 772 3528; x_wconf 85' lang='lat' dir='ltr'><strong>neque</strong></span> <span class='ocrx_word' id='word_1_288' title='bbox 795 3459 910 3512; x_wconf 76' lang='lat' dir='ltr'><strong>vita:</strong></span> <span class='ocrx_word' id='word_1_289' title='bbox 954 3458 1107 3526; x_wconf 79' lang='lat' dir='ltr'><strong>ﬁnem</strong></span> <span class='ocrx_word' id='word_1_290' title='bbox 1149 3458 1337 3513; x_wconf 83' lang='lat' dir='ltr'><strong>habens</strong></span> <span class='ocrx_word' id='word_1_291' title='bbox 1361 3501 1376 3524; x_wconf 95' lang='lat'><strong>,</strong></span> <span class='ocrx_word' id='word_1_292' title='bbox 1420 3460 1733 3514; x_wconf 81' lang='lat' dir='ltr'><strong>assimilatas</strong></span> 
     </span>
    </p>
   </div>
   <div class='ocr_carea' id='block_1_35' title="bbox 166 3550 1735 3623">
    <p class='ocr_par' dir='ltr' id='par_1_35' title="bbox 166 3550 1735 3623">
     <span class='ocr_line' id='line_1_35' title="bbox 166 3550 1735 3623; baseline 0.005 -22"><span class='ocrx_word' id='word_1_293' title='bbox 166 3558 307 3603; x_wconf 69' lang='lat' dir='ltr'><strong>autem</strong></span> <span class='ocrx_word' id='word_1_294' title='bbox 338 3550 471 3605; x_wconf 78' lang='lat' dir='ltr'><strong>Filio</strong></span> <span class='ocrx_word' id='word_1_295' title='bbox 502 3550 639 3615; x_wconf 86' lang='lat' dir='ltr'><strong>Dei,</strong></span> <span class='ocrx_word' id='word_1_296' title='bbox 668 3561 835 3604; x_wconf 87' lang='lat' dir='ltr'><strong>manet</strong></span> <span class='ocrx_word' id='word_1_297' title='bbox 866 3552 1103 3605; x_wconf 75' lang='lat' dir='ltr'><strong>sacerdos</strong></span> <span class='ocrx_word' id='word_1_298' title='bbox 1138 3551 1193 3605; x_wconf 92' lang='lat' dir='ltr'><strong>in</strong></span> <span class='ocrx_word' id='word_1_299' title='bbox 1232 3564 1547 3623; x_wconf 81' lang='lat' dir='ltr'><strong>perpetuum.</strong></span> <span class='ocrx_word' id='word_1_300' title='bbox 1591 3554 1735 3621; x_wconf 80' lang='lat' dir='ltr'><strong>Quo-</strong></span> 
     </span>
    </p>
   </div>
   <div class='ocr_carea' id='block_1_36' title="bbox 168 3639 1736 3714">
    <p class='ocr_par' dir='ltr' id='par_1_36' title="bbox 168 3639 1736 3714">
     <span class='ocr_line' id='line_1_36' title="bbox 168 3639 1736 3714; baseline 0.005 -22"><span class='ocrx_word' id='word_1_301' title='bbox 168 3639 287 3694; x_wconf 82' lang='lat' dir='ltr'><strong>niani</strong></span> <span class='ocrx_word' id='word_1_302' title='bbox 314 3657 443 3712; x_wconf 81' lang='lat' dir='ltr'><strong>ergo</strong></span> <span class='ocrx_word' id='word_1_303' title='bbox 468 3644 521 3698; x_wconf 82' lang='lat' dir='ltr'><strong>ei</strong></span> <span class='ocrx_word' id='word_1_304' title='bbox 553 3641 979 3697; x_wconf 77' lang='lat' dir='ltr'><strong>adversabantur</strong></span> <span class='ocrx_word' id='word_1_305' title='bbox 1014 3658 1133 3714; x_wconf 75' lang='lat' dir='ltr'><strong>qua:</strong></span> <span class='ocrx_word' id='word_1_306' title='bbox 1180 3642 1321 3698; x_wconf 90' lang='lat' dir='ltr'><strong>dicta</strong></span> <span class='ocrx_word' id='word_1_307' title='bbox 1366 3653 1520 3708; x_wconf 89' lang='lat' dir='ltr'><strong>sunt,</strong></span> <span class='ocrx_word' id='word_1_308' title='bbox 1568 3644 1649 3699; x_wconf 83' lang='lat' dir='ltr'><strong>Tu</strong></span> <span class='ocrx_word' id='word_1_309' title='bbox 1685 3662 1736 3700; x_wconf 89' lang='lat' dir='ltr'><strong>es</strong></span> 
     </span>
    </p>
   </div>
   <div class='ocr_carea' id='block_1_37' title="bbox 167 3733 1737 3802">
    <p class='ocr_par' dir='ltr' id='par_1_37' title="bbox 167 3733 1737 3802">
     <span class='ocr_line' id='line_1_37' title="bbox 167 3733 1737 3802; baseline 0.004 -19"><span class='ocrx_word' id='word_1_310' title='bbox 167 3734 373 3788; x_wconf 78' lang='lat' dir='ltr'><strong>sacerdos</strong></span> <span class='ocrx_word' id='word_1_311' title='bbox 403 3736 452 3788; x_wconf 74' lang='lat' dir='ltr'><strong>in</strong></span> <span class='ocrx_word' id='word_1_312' title='bbox 479 3743 733 3789; x_wconf 69' lang='lat' dir='ltr'><strong>tetanum</strong></span> <span class='ocrx_word' id='word_1_313' title='bbox 761 3733 1036 3788; x_wconf 85' lang='lat' dir='ltr'><strong>secundum</strong></span> <span class='ocrx_word' id='word_1_314' title='bbox 1060 3736 1289 3789; x_wconf 86' lang='lat' dir='ltr'><strong>ordinem</strong></span> <span class='ocrx_word' id='word_1_315' title='bbox 1325 3735 1737 3802; x_wconf 69' lang='lat' dir='ltr'><strong>Melchisedech;</strong></span> 
     </span>
    </p>
   </div>
   <div class='ocr_carea' id='block_1_38' title="bbox 170 3818 1737 3903">
    <p class='ocr_par' dir='ltr' id='par_1_38' title="bbox 170 3818 1737 3903">
     <span class='ocr_line' id='line_1_38' title="bbox 170 3818 1737 3903; baseline 0.008 -32"><span class='ocrx_word' id='word_1_316' title='bbox 170 3818 242 3874; x_wconf 85' lang='lat' dir='ltr'><strong>ille</strong></span> <span class='ocrx_word' id='word_1_317' title='bbox 260 3833 427 3879; x_wconf 87' lang='lat' dir='ltr'><strong>autem</strong></span> <span class='ocrx_word' id='word_1_318' title='bbox 455 3834 581 3881; x_wconf 82' lang='lat' dir='ltr'><strong>erat</strong></span> <span class='ocrx_word' id='word_1_319' title='bbox 605 3832 873 3890; x_wconf 89' lang='lat' dir='ltr'><strong>mortuus,</strong></span> <span class='ocrx_word' id='word_1_320' title='bbox 901 3833 1083 3880; x_wconf 89' lang='lat' dir='ltr'><strong>etnon</strong></span> <span class='ocrx_word' id='word_1_321' title='bbox 1111 3824 1208 3903; x_wconf 78' lang='lat' dir='ltr'><strong>fuit</strong></span> <span class='ocrx_word' id='word_1_322' title='bbox 1237 3825 1563 3884; x_wconf 88' lang='lat' dir='ltr'><strong>sacerdosin</strong></span> <span class='ocrx_word' id='word_1_323' title='bbox 1587 3838 1737 3883; x_wconf 72' lang='lat' dir='ltr'><strong>aztcr-</strong></span> 
     </span>
    </p>
   </div>
   <div class='ocr_carea' id='block_1_39' title="bbox 172 3916 1740 3989">
    <p class='ocr_par' dir='ltr' id='par_1_39' title="bbox 172 3916 1740 3989">
     <span class='ocr_line' id='line_1_39' title="bbox 172 3916 1740 3989; baseline 0.009 -26"><span class='ocrx_word' id='word_1_324' title='bbox 172 3926 277 3968; x_wconf 82' lang='lat' dir='ltr'><strong>nutn</strong></span> <span class='ocrx_word' id='word_1_325' title='bbox 306 3930 319 3967; x_wconf 87' lang='lat'><strong>:</strong></span> <span class='ocrx_word' id='word_1_326' title='bbox 350 3916 472 3973; x_wconf 85' lang='lat' dir='ltr'><strong>vide</strong></span> <span class='ocrx_word' id='word_1_327' title='bbox 500 3916 781 3988; x_wconf 79' lang='lat' dir='ltr'><strong>quomodo</strong></span> <span class='ocrx_word' id='word_1_328' title='bbox 811 3918 915 3973; x_wconf 89' lang='lat' dir='ltr'><strong>hoc</strong></span> <span class='ocrx_word' id='word_1_329' title='bbox 941 3916 1015 3971; x_wconf 89' lang='lat' dir='ltr'><strong>sit</strong></span> <span class='ocrx_word' id='word_1_330' title='bbox 1036 3918 1454 3989; x_wconf 72' lang='lat' dir='ltr'><strong>contemplatus.</strong></span> <span class='ocrx_word' id='word_1_331' title='bbox 1498 3919 1575 3975; x_wconf 83' lang='lat' dir='ltr'><strong>Ne</strong></span> <span class='ocrx_word' id='word_1_332' title='bbox 1617 3919 1740 3989; x_wconf 80' lang='lat' dir='ltr'><strong>quis</strong></span> 
     </span>
    </p>
   </div>
   <div class='ocr_carea' id='block_1_40' title="bbox 170 4003 1739 4077">
    <p class='ocr_par' dir='ltr' id='par_1_40' title="bbox 170 4003 1739 4077">
     <span class='ocr_line' id='line_1_40' title="bbox 170 4003 1739 4077; baseline 0.008 -22"><span class='ocrx_word' id='word_1_333' title='bbox 170 4003 293 4057; x_wconf 78' lang='lat' dir='ltr'><strong>enim</strong></span> <span class='ocrx_word' id='word_1_334' title='bbox 314 4006 597 4077; x_wconf 86' lang='lat' dir='ltr'><strong>objiccrct,</strong></span> <span class='ocrx_word' id='word_1_335' title='bbox 632 4006 700 4062; x_wconf 79' lang='lat' dir='ltr'><strong>Et</strong></span> <span class='ocrx_word' id='word_1_336' title='bbox 730 4007 851 4077; x_wconf 86' lang='lat' dir='ltr'><strong>quis</strong></span> <span class='ocrx_word' id='word_1_337' title='bbox 882 4007 985 4063; x_wconf 88' lang='lat' dir='ltr'><strong>hoc</strong></span> <span class='ocrx_word' id='word_1_338' title='bbox 1015 4007 1085 4064; x_wconf 92' lang='lat' dir='ltr'><strong>de</strong></span> <span class='ocrx_word' id='word_1_339' title='bbox 1115 4009 1332 4065; x_wconf 89' lang='lat' dir='ltr'><strong>homine</strong></span> <span class='ocrx_word' id='word_1_340' title='bbox 1360 4010 1595 4066; x_wconf 79' lang='lat' dir='ltr'><strong>dixerit?</strong></span> <span class='ocrx_word' id='word_1_341' title='bbox 1622 4009 1739 4069; x_wconf 85' lang='lat' dir='ltr'><strong>Non</strong></span> 
     </span>
    </p>
   </div>
   <div class='ocr_carea' id='block_1_41' title="bbox 173 4096 1739 4173">
    <p class='ocr_par' dir='ltr' id='par_1_41' title="bbox 173 4096 1739 4173">
     <span class='ocr_line' id='line_1_41' title="bbox 173 4096 1739 4173; baseline 0.006 -25"><span class='ocrx_word' id='word_1_342' title='bbox 173 4107 224 4148; x_wconf 79' lang='lat' dir='ltr'><strong>re</strong></span> <span class='ocrx_word' id='word_1_343' title='bbox 246 4096 380 4165; x_wconf 79' lang='lat' dir='ltr'><strong>ipsa,</strong></span> <span class='ocrx_word' id='word_1_344' title='bbox 408 4098 609 4171; x_wconf 86' lang='lat' dir='ltr'><strong>inquit,</strong></span> <span class='ocrx_word' id='word_1_345' title='bbox 666 4099 827 4156; x_wconf 89' lang='lat' dir='ltr'><strong>dico:</strong></span> <span class='ocrx_word' id='word_1_346' title='bbox 852 4099 955 4155; x_wconf 88' lang='lat' dir='ltr'><strong>hoc</strong></span> <span class='ocrx_word' id='word_1_347' title='bbox 983 4109 1087 4167; x_wconf 88' lang='lat' dir='ltr'><strong>est,</strong></span> <span class='ocrx_word' id='word_1_348' title='bbox 1120 4100 1402 4157; x_wconf 41' lang='lat' dir='ltr'><strong>Nescimus</strong></span> <span class='ocrx_word' id='word_1_349' title='bbox 1450 4116 1599 4173; x_wconf 71' lang='lat' dir='ltr'><strong>quem</strong></span> <span class='ocrx_word' id='word_1_350' title='bbox 1633 4101 1739 4158; x_wconf 87' lang='lat' dir='ltr'><strong>Pa-</strong></span> 
     </span>
    </p>
   </div>
   <div class='ocr_carea' id='block_1_42' title="bbox 174 4189 1740 4264">
    <p class='ocr_par' dir='ltr' id='par_1_42' title="bbox 174 4189 1740 4264">
     <span class='ocr_line' id='line_1_42' title="bbox 174 4189 1740 4264; baseline 0.008 -26"><span class='ocrx_word' id='word_1_351' title='bbox 174 4193 288 4241; x_wconf 83' lang='lat' dir='ltr'><strong>trem</strong></span> <span class='ocrx_word' id='word_1_352' title='bbox 308 4189 575 4250; x_wconf 82' lang='lat' dir='ltr'><strong>habuerit.</strong></span> <span class='ocrx_word' id='word_1_353' title='bbox 606 4201 698 4246; x_wconf 90' lang='lat' dir='ltr'><strong>aut</strong></span> <span class='ocrx_word' id='word_1_354' title='bbox 717 4207 877 4262; x_wconf 89' lang='lat' dir='ltr'><strong>quam</strong></span> <span class='ocrx_word' id='word_1_355' title='bbox 900 4202 1124 4249; x_wconf 84' lang='lat' dir='ltr'><strong>matrem</strong></span> <span class='ocrx_word' id='word_1_356' title='bbox 1152 4208 1167 4246; x_wconf 90' lang='lat'><strong>:</strong></span> <span class='ocrx_word' id='word_1_357' title='bbox 1203 4209 1309 4250; x_wconf 91' lang='lat' dir='ltr'><strong>non</strong></span> <span class='ocrx_word' id='word_1_358' title='bbox 1335 4194 1554 4264; x_wconf 87' lang='lat' dir='ltr'><strong>quando</strong></span> <span class='ocrx_word' id='word_1_359' title='bbox 1580 4210 1740 4251; x_wconf 82' lang='lat' dir='ltr'><strong>acce-</strong></span> 
     </span>
    </p>
   </div>
   <div class='ocr_carea' id='block_1_43' title="bbox 177 4278 1739 4358">
    <p class='ocr_par' dir='ltr' id='par_1_43' title="bbox 177 4278 1739 4358">
     <span class='ocr_line' id='line_1_43' title="bbox 177 4278 1739 4358; baseline 0.007 -26"><span class='ocrx_word' id='word_1_360' title='bbox 177 4278 294 4346; x_wconf 79' lang='lat' dir='ltr'><strong>perit</strong></span> <span class='ocrx_word' id='word_1_361' title='bbox 317 4281 525 4337; x_wconf 80' lang='lat' dir='ltr'><strong>initium</strong></span> <span class='ocrx_word' id='word_1_362' title='bbox 550 4323 569 4349; x_wconf 93' lang='lat'><strong>,</strong></span> <span class='ocrx_word' id='word_1_363' title='bbox 595 4300 706 4339; x_wconf 87' lang='lat' dir='ltr'><strong>non</strong></span> <span class='ocrx_word' id='word_1_364' title='bbox 736 4284 949 4354; x_wconf 85' lang='lat' dir='ltr'><strong>quando</strong></span> <span class='ocrx_word' id='word_1_365' title='bbox 976 4285 1047 4341; x_wconf 85' lang='lat' dir='ltr'><strong>sit</strong></span> <span class='ocrx_word' id='word_1_366' title='bbox 1075 4295 1340 4343; x_wconf 87' lang='lat' dir='ltr'><strong>mortuus.</strong></span> <span class='ocrx_word' id='word_1_367' title='bbox 1364 4286 1432 4343; x_wconf 82' lang='lat' dir='ltr'><strong>Et</strong></span> <span class='ocrx_word' id='word_1_368' title='bbox 1455 4287 1582 4358; x_wconf 90' lang='lat' dir='ltr'><strong>quid</strong></span> <span class='ocrx_word' id='word_1_369' title='bbox 1605 4298 1739 4357; x_wconf 87' lang='lat' dir='ltr'><strong>tum,</strong></span> 
     </span>
    </p>
   </div>
   <div class='ocr_carea' id='block_1_44' title="bbox 182 4368 1740 4450">
    <p class='ocr_par' dir='ltr' id='par_1_44' title="bbox 182 4368 1740 4450">
     <span class='ocr_line' id='line_1_44' title="bbox 182 4368 1740 4450; baseline 0.011 -28"><span class='ocrx_word' id='word_1_370' title='bbox 182 4368 369 4442; x_wconf 80' lang='lat' dir='ltr'><strong>inquit?</strong></span> <span class='ocrx_word' id='word_1_371' title='bbox 390 4392 520 4431; x_wconf 88' lang='lat' dir='ltr'><strong>num</strong></span> <span class='ocrx_word' id='word_1_372' title='bbox 547 4378 799 4447; x_wconf 86' lang='lat' dir='ltr'><strong>quoniam</strong></span> <span class='ocrx_word' id='word_1_373' title='bbox 827 4379 1099 4435; x_wconf 86' lang='lat' dir='ltr'><strong>nescimus</strong></span> <span class='ocrx_word' id='word_1_374' title='bbox 1120 4421 1135 4444; x_wconf 88' lang='lat'><strong>,</strong></span> <span class='ocrx_word' id='word_1_375' title='bbox 1180 4396 1285 4436; x_wconf 90' lang='lat' dir='ltr'><strong>nou</strong></span> <span class='ocrx_word' id='word_1_376' title='bbox 1334 4389 1418 4436; x_wconf 84' lang='lat' dir='ltr'><strong>est</strong></span> <span class='ocrx_word' id='word_1_377' title='bbox 1462 4392 1704 4438; x_wconf 90' lang='lat' dir='ltr'><strong>mortuus</strong></span> <span class='ocrx_word' id='word_1_378' title='bbox 1722 4422 1740 4450; x_wconf 89' lang='lat'><strong>,</strong></span> 
     </span>
    </p>
   </div>
   <div class='ocr_carea' id='block_1_45' title="bbox 179 4464 1745 4543">
    <p class='ocr_par' dir='ltr' id='par_1_45' title="bbox 179 4464 1745 4543">
     <span class='ocr_line' id='line_1_45' title="bbox 179 4464 1745 4543; baseline 0.006 -23"><span class='ocrx_word' id='word_1_379' title='bbox 179 4477 263 4521; x_wconf 82' lang='lat' dir='ltr'><strong>nec</strong></span> <span class='ocrx_word' id='word_1_380' title='bbox 287 4464 465 4522; x_wconf 85' lang='lat' dir='ltr'><strong>habuit</strong></span> <span class='ocrx_word' id='word_1_381' title='bbox 495 4470 790 4540; x_wconf 83' lang='lat' dir='ltr'><strong>parentes?</strong></span> <span class='ocrx_word' id='word_1_382' title='bbox 817 4470 985 4527; x_wconf 82' lang='lat' dir='ltr'><strong>Recte</strong></span> <span class='ocrx_word' id='word_1_383' title='bbox 1013 4472 1169 4539; x_wconf 87' lang='lat' dir='ltr'><strong>dicis,</strong></span> <span class='ocrx_word' id='word_1_384' title='bbox 1201 4481 1256 4527; x_wconf 88' lang='lat' dir='ltr'><strong>et</strong></span> <span class='ocrx_word' id='word_1_385' title='bbox 1278 4483 1519 4530; x_wconf 66' lang='lat' dir='ltr'><strong>mortuus</strong></span> <span class='ocrx_word' id='word_1_386' title='bbox 1540 4484 1622 4531; x_wconf 88' lang='lat' dir='ltr'><strong>est</strong></span> <span class='ocrx_word' id='word_1_387' title='bbox 1640 4517 1656 4543; x_wconf 95' lang='lat'><strong>,</strong></span> <span class='ocrx_word' id='word_1_388' title='bbox 1688 4484 1745 4530; x_wconf 83' lang='lat' dir='ltr'><strong>et</strong></span> 
     </span>
    </p>
   </div>
   <div class='ocr_carea' id='block_1_46' title="bbox 184 4555 1745 4635">
    <p class='ocr_par' dir='ltr' id='par_1_46' title="bbox 184 4555 1745 4635">
     <span class='ocr_line' id='line_1_46' title="bbox 184 4555 1745 4635; baseline 0.01 -26"><span class='ocrx_word' id='word_1_389' title='bbox 184 4555 344 4614; x_wconf 75' lang='lat' dir='ltr'><strong>habuit</strong></span> <span class='ocrx_word' id='word_1_390' title='bbox 378 4570 651 4632; x_wconf 73' lang='lat' dir='ltr'><strong>parenteS.</strong></span> <span class='ocrx_word' id='word_1_391' title='bbox 682 4561 963 4629; x_wconf 84' lang='lat' dir='ltr'><strong>Quomodo</strong></span> <span class='ocrx_word' id='word_1_392' title='bbox 990 4578 1139 4634; x_wconf 86' lang='lat' dir='ltr'><strong>ergo,</strong></span> <span class='ocrx_word' id='word_1_393' title='bbox 1168 4563 1296 4619; x_wconf 81' lang='lat' dir='ltr'><strong>Siue</strong></span> <span class='ocrx_word' id='word_1_394' title='bbox 1319 4575 1464 4635; x_wconf 83' lang='lat' dir='ltr'><strong>patre</strong></span> <span class='ocrx_word' id='word_1_395' title='bbox 1485 4576 1530 4619; x_wconf 87' lang='lat' dir='ltr'><strong>et</strong></span> <span class='ocrx_word' id='word_1_396' title='bbox 1552 4568 1745 4624; x_wconf 71' lang='lat' dir='ltr'><strong>matre!</strong></span> 
     </span>
    </p>
   </div>
   <div class='ocr_carea' id='block_1_47' title="bbox 180 4651 1748 4727">
    <p class='ocr_par' dir='ltr' id='par_1_47' title="bbox 180 4651 1748 4727">
     <span class='ocr_line' id='line_1_47' title="bbox 180 4651 1748 4727; baseline 0.01 -29"><span class='ocrx_word' id='word_1_397' title='bbox 180 4655 443 4719; x_wconf 84' lang='lat' dir='ltr'><strong>quomodo,</strong></span> <span class='ocrx_word' id='word_1_398' title='bbox 484 4651 668 4725; x_wconf 75' lang='lat' dir='ltr'><strong>Neque</strong></span> <span class='ocrx_word' id='word_1_399' title='bbox 704 4654 908 4708; x_wconf 84' lang='lat' dir='ltr'><strong>initium</strong></span> <span class='ocrx_word' id='word_1_400' title='bbox 953 4654 1184 4721; x_wconf 79' lang='lat' dir='ltr'><strong>dierum,</strong></span> <span class='ocrx_word' id='word_1_401' title='bbox 1226 4672 1389 4724; x_wconf 69' lang='lat' dir='ltr'><strong>neque</strong></span> <span class='ocrx_word' id='word_1_402' title='bbox 1435 4658 1587 4727; x_wconf 79' lang='lat' dir='ltr'><strong>ﬁnem</strong></span> <span class='ocrx_word' id='word_1_403' title='bbox 1632 4658 1748 4716; x_wconf 68' lang='lat' dir='ltr'><strong>vita</strong></span> 
     </span>
    </p>
   </div>
   <div class='ocr_carea' id='block_1_48' title="bbox 182 4738 1749 4819">
    <p class='ocr_par' dir='ltr' id='par_1_48' title="bbox 182 4738 1749 4819">
     <span class='ocr_line' id='line_1_48' title="bbox 182 4738 1749 4819; baseline 0.009 -24"><span class='ocrx_word' id='word_1_404' title='bbox 182 4738 342 4797; x_wconf 66' lang='lat' dir='ltr'><strong>Meas</strong></span> <span class='ocrx_word' id='word_1_405' title='bbox 359 4745 385 4799; x_wconf 79' lang='lat'><strong>.’</strong></span> <span class='ocrx_word' id='word_1_406' title='bbox 409 4745 738 4815; x_wconf 83' lang='lat' dir='ltr'><strong>Quomodo?</strong></span> <span class='ocrx_word' id='word_1_407' title='bbox 768 4762 834 4802; x_wconf 87' lang='lat' dir='ltr'><strong>eo</strong></span> <span class='ocrx_word' id='word_1_408' title='bbox 861 4749 1002 4818; x_wconf 92' lang='lat' dir='ltr'><strong>quod</strong></span> <span class='ocrx_word' id='word_1_409' title='bbox 1032 4747 1083 4804; x_wconf 92' lang='lat' dir='ltr'><strong>in</strong></span> <span class='ocrx_word' id='word_1_410' title='bbox 1115 4749 1391 4819; x_wconf 87' lang='lat' dir='ltr'><strong>Scriptura</strong></span> <span class='ocrx_word' id='word_1_411' title='bbox 1421 4768 1529 4808; x_wconf 90' lang='lat' dir='ltr'><strong>non</strong></span> <span class='ocrx_word' id='word_1_412' title='bbox 1554 4751 1749 4808; x_wconf 84' lang='lat' dir='ltr'><strong>all‘era-</strong></span> 
     </span>
    </p>
   </div>
   <div class='ocr_carea' id='block_1_49' title="bbox 183 4836 1748 4914">
    <p class='ocr_par' dir='ltr' id='par_1_49' title="bbox 183 4836 1748 4914">
     <span class='ocr_line' id='line_1_49' title="bbox 183 4836 1748 4914; baseline 0.012 -31"><span class='ocrx_word' id='word_1_413' title='bbox 183 4839 273 4889; x_wconf 87' lang='lat' dir='ltr'><strong>tur.</strong></span> <span class='ocrx_word' id='word_1_414' title='bbox 303 4836 363 4892; x_wconf 80' lang='lat' dir='ltr'><strong>Et</strong></span> <span class='ocrx_word' id='word_1_415' title='bbox 388 4839 519 4910; x_wconf 87' lang='lat' dir='ltr'><strong>quid</strong></span> <span class='ocrx_word' id='word_1_416' title='bbox 546 4839 648 4893; x_wconf 86' lang='lat' dir='ltr'><strong>hoc</strong></span> <span class='ocrx_word' id='word_1_417' title='bbox 670 4839 794 4896; x_wconf 72' lang='lat' dir='ltr'><strong>est?</strong></span> <span class='ocrx_word' id='word_1_418' title='bbox 844 4839 913 4896; x_wconf 84' lang='lat' dir='ltr'><strong>Ut</strong></span> <span class='ocrx_word' id='word_1_419' title='bbox 956 4840 1045 4896; x_wconf 88' lang='lat' dir='ltr'><strong>hic</strong></span> <span class='ocrx_word' id='word_1_420' title='bbox 1090 4842 1207 4899; x_wconf 87' lang='lat' dir='ltr'><strong>sine</strong></span> <span class='ocrx_word' id='word_1_421' title='bbox 1259 4842 1449 4905; x_wconf 84' lang='lat' dir='ltr'><strong>Patre.</strong></span> <span class='ocrx_word' id='word_1_422' title='bbox 1492 4844 1748 4914; x_wconf 88' lang='lat' dir='ltr'><strong>quoniam</strong></span> 
     </span>
    </p>
   </div>
   <div class='ocr_carea' id='block_1_50' title="bbox 186 4930 1749 5007">
    <p class='ocr_par' dir='ltr' id='par_1_50' title="bbox 186 4930 1749 5007">
     <span class='ocr_line' id='line_1_50' title="bbox 186 4930 1749 5007; baseline 0.008 -28"><span class='ocrx_word' id='word_1_423' title='bbox 186 4937 274 4979; x_wconf 72' lang='lat' dir='ltr'><strong>nos</strong></span> <span class='ocrx_word' id='word_1_424' title='bbox 298 4940 606 4986; x_wconf 80' lang='lat' dir='ltr'><strong>receusctur</strong></span> <span class='ocrx_word' id='word_1_425' title='bbox 628 4930 939 5003; x_wconf 76' lang='lat' dir='ltr'><strong>genealogis</strong></span> <span class='ocrx_word' id='word_1_426' title='bbox 971 4947 989 4986; x_wconf 90' lang='lat'><strong>:</strong></span> <span class='ocrx_word' id='word_1_427' title='bbox 1023 4932 1095 4988; x_wconf 88' lang='lat' dir='ltr'><strong>ita</strong></span> <span class='ocrx_word' id='word_1_428' title='bbox 1123 4932 1372 4991; x_wconf 83' lang='lat' dir='ltr'><strong>Christus</strong></span> <span class='ocrx_word' id='word_1_429' title='bbox 1399 4934 1514 5007; x_wconf 84' lang='lat' dir='ltr'><strong>ipsa</strong></span> <span class='ocrx_word' id='word_1_430' title='bbox 1543 4936 1621 4992; x_wconf 88' lang='lat' dir='ltr'><strong>rei</strong></span> <span class='ocrx_word' id='word_1_431' title='bbox 1650 4951 1749 4992; x_wconf 81' lang='lat' dir='ltr'><strong>na-</strong></span> 
     </span>
    </p>
   </div>
   <div class='ocr_carea' id='block_1_51' title="bbox 186 5020 302 5069">
    <p class='ocr_par' dir='ltr' id='par_1_51' title="bbox 186 5020 302 5069">
     <span class='ocr_line' id='line_1_51' title="bbox 186 5020 302 5069; baseline 0.026 -3"><span class='ocrx_word' id='word_1_432' title='bbox 186 5020 302 5069; x_wconf 80' lang='lat' dir='ltr'><strong>tura.</strong></span> 
     </span>
    </p>
   </div>
   <div class='ocr_carea' id='block_1_52' title="bbox 242 5105 1752 5189">
    <p class='ocr_par' dir='ltr' id='par_1_52' title="bbox 242 5105 1752 5189">
     <span class='ocr_line' id='line_1_52' title="bbox 242 5105 1752 5189; baseline 0.011 -28"><span class='ocrx_word' id='word_1_433' title='bbox 242 5105 292 5163; x_wconf 73' lang='grc'><strong>2.</strong></span> <span class='ocrx_word' id='word_1_434' title='bbox 318 5109 458 5168; x_wconf 79' lang='lat' dir='ltr'><strong>Ecce</strong></span> <span class='ocrx_word' id='word_1_435' title='bbox 484 5127 588 5169; x_wconf 85' lang='lat' dir='ltr'><strong>nec</strong></span> <span class='ocrx_word' id='word_1_436' title='bbox 613 5112 821 5169; x_wconf 89' lang='lat' dir='ltr'><strong>initium</strong></span> <span class='ocrx_word' id='word_1_437' title='bbox 856 5128 956 5171; x_wconf 90' lang='lat' dir='ltr'><strong>nec</strong></span> <span class='ocrx_word' id='word_1_438' title='bbox 978 5114 1138 5171; x_wconf 82' lang='lat' dir='ltr'><strong>linem</strong></span> <span class='ocrx_word' id='word_1_439' title='bbox 1166 5114 1390 5174; x_wconf 87' lang='lat' dir='ltr'><strong>habens.</strong></span> <span class='ocrx_word' id='word_1_440' title='bbox 1417 5116 1568 5176; x_wconf 87' lang='lat' dir='ltr'><strong>Sicut</strong></span> <span class='ocrx_word' id='word_1_441' title='bbox 1594 5118 1752 5189; x_wconf 88' lang='lat' dir='ltr'><strong>huius</strong></span> 
     </span>
    </p>
   </div>
   <div class='ocr_carea' id='block_1_53' title="bbox 187 5200 1750 5279">
    <p class='ocr_par' dir='ltr' id='par_1_53' title="bbox 187 5200 1750 5279">
     <span class='ocr_line' id='line_1_53' title="bbox 187 5200 1750 5279; baseline 0.008 -25"><span class='ocrx_word' id='word_1_442' title='bbox 187 5200 431 5258; x_wconf 82' lang='lat' dir='ltr'><strong>Iescimns</strong></span> <span class='ocrx_word' id='word_1_443' title='bbox 457 5218 634 5275; x_wconf 69' lang='lat' dir='ltr'><strong>neque</strong></span> <span class='ocrx_word' id='word_1_444' title='bbox 656 5205 866 5261; x_wconf 89' lang='lat' dir='ltr'><strong>initium</strong></span> <span class='ocrx_word' id='word_1_445' title='bbox 895 5204 1106 5262; x_wconf 89' lang='lat' dir='ltr'><strong>dierum</strong></span> <span class='ocrx_word' id='word_1_446' title='bbox 1132 5249 1147 5273; x_wconf 89' lang='lat'><strong>,</strong></span> <span class='ocrx_word' id='word_1_447' title='bbox 1177 5224 1353 5279; x_wconf 84' lang='lat' dir='ltr'><strong>neque</strong></span> <span class='ocrx_word' id='word_1_448' title='bbox 1380 5210 1503 5265; x_wconf 66' lang='lat' dir='ltr'><strong>vita:</strong></span> <span class='ocrx_word' id='word_1_449' title='bbox 1548 5210 1708 5268; x_wconf 82' lang='lat' dir='ltr'><strong>linem</strong></span> <span class='ocrx_word' id='word_1_450' title='bbox 1734 5252 1750 5279; x_wconf 88' lang='lat'><strong>,</strong></span> 
     </span>
    </p>
   </div>
   <div class='ocr_carea' id='block_1_54' title="bbox 188 5295 1754 5373">
    <p class='ocr_par' dir='ltr' id='par_1_54' title="bbox 188 5295 1754 5373">
     <span class='ocr_line' id='line_1_54' title="bbox 188 5295 1754 5373; baseline 0.01 -29"><span class='ocrx_word' id='word_1_451' title='bbox 188 5301 243 5344; x_wconf 80' lang='lat' dir='ltr'><strong>eo</strong></span> <span class='ocrx_word' id='word_1_452' title='bbox 267 5295 397 5359; x_wconf 81' lang='lat' dir='ltr'><strong>quod</strong></span> <span class='ocrx_word' id='word_1_453' title='bbox 432 5312 538 5351; x_wconf 87' lang='lat' dir='ltr'><strong>non</strong></span> <span class='ocrx_word' id='word_1_454' title='bbox 567 5298 763 5369; x_wconf 86' lang='lat' dir='ltr'><strong>scripta</strong></span> <span class='ocrx_word' id='word_1_455' title='bbox 795 5300 904 5354; x_wconf 89' lang='lat' dir='ltr'><strong>sint</strong></span> <span class='ocrx_word' id='word_1_456' title='bbox 937 5318 950 5354; x_wconf 89' lang='lat'><strong>:</strong></span> <span class='ocrx_word' id='word_1_457' title='bbox 982 5299 1056 5355; x_wconf 86' lang='lat' dir='ltr'><strong>ita</strong></span> <span class='ocrx_word' id='word_1_458' title='bbox 1099 5301 1227 5357; x_wconf 86' lang='lat' dir='ltr'><strong>.lesu</strong></span> <span class='ocrx_word' id='word_1_459' title='bbox 1278 5303 1549 5360; x_wconf 86' lang='lat' dir='ltr'><strong>nescimus</strong></span> <span class='ocrx_word' id='word_1_460' title='bbox 1572 5346 1589 5373; x_wconf 95' lang='lat'><strong>,</strong></span> <span class='ocrx_word' id='word_1_461' title='bbox 1643 5320 1754 5360; x_wconf 88' lang='lat' dir='ltr'><strong>non</strong></span> 
     </span>
    </p>
   </div>
   <div class='ocr_carea' id='block_1_55' title="bbox 189 5383 1754 5465">
    <p class='ocr_par' dir='ltr' id='par_1_55' title="bbox 189 5383 1754 5465">
     <span class='ocr_line' id='line_1_55' title="bbox 189 5383 1754 5465; baseline 0.012 -28"><span class='ocrx_word' id='word_1_462' title='bbox 189 5383 311 5449; x_wconf 64' lang='lat' dir='ltr'><strong>Quod</strong></span> <span class='ocrx_word' id='word_1_463' title='bbox 340 5404 440 5442; x_wconf 85' lang='lat' dir='ltr'><strong>non</strong></span> <span class='ocrx_word' id='word_1_464' title='bbox 472 5390 672 5460; x_wconf 87' lang='lat' dir='ltr'><strong>scripta</strong></span> <span class='ocrx_word' id='word_1_465' title='bbox 709 5390 821 5446; x_wconf 82' lang='lat' dir='ltr'><strong>sint</strong></span> <span class='ocrx_word' id='word_1_466' title='bbox 841 5433 856 5455; x_wconf 88' lang='lat'><strong>.</strong></span> <span class='ocrx_word' id='word_1_467' title='bbox 882 5391 979 5449; x_wconf 87' lang='lat' dir='ltr'><strong>sed</strong></span> <span class='ocrx_word' id='word_1_468' title='bbox 1007 5393 1132 5465; x_wconf 88' lang='lat' dir='ltr'><strong>quia</strong></span> <span class='ocrx_word' id='word_1_469' title='bbox 1166 5411 1271 5451; x_wconf 92' lang='lat' dir='ltr'><strong>non</strong></span> <span class='ocrx_word' id='word_1_470' title='bbox 1302 5404 1451 5453; x_wconf 89' lang='lat' dir='ltr'><strong>sunt.</strong></span> <span class='ocrx_word' id='word_1_471' title='bbox 1481 5395 1613 5453; x_wconf 84' lang='lat' dir='ltr'><strong>Nam</strong></span> <span class='ocrx_word' id='word_1_472' title='bbox 1662 5397 1754 5457; x_wconf 86' lang='lat' dir='ltr'><strong>ille</strong></span> 
     </span>
    </p>
   </div>
   <div class='ocr_carea' id='block_1_56' title="bbox 192 5474 1753 5558">
    <p class='ocr_par' dir='ltr' id='par_1_56' title="bbox 192 5474 1753 5558">
     <span class='ocr_line' id='line_1_56' title="bbox 192 5474 1753 5558; baseline 0.011 -29"><span class='ocrx_word' id='word_1_473' title='bbox 192 5474 379 5541; x_wconf 77' lang='lat' dir='ltr'><strong>quidem</strong></span> <span class='ocrx_word' id='word_1_474' title='bbox 404 5490 486 5535; x_wconf 85' lang='lat' dir='ltr'><strong>est</strong></span> <span class='ocrx_word' id='word_1_475' title='bbox 513 5481 705 5551; x_wconf 84' lang='lat' dir='ltr'><strong>ligura,</strong></span> <span class='ocrx_word' id='word_1_476' title='bbox 731 5492 787 5539; x_wconf 88' lang='lat' dir='ltr'><strong>et</strong></span> <span class='ocrx_word' id='word_1_477' title='bbox 813 5483 938 5540; x_wconf 87' lang='lat' dir='ltr'><strong>ideo</strong></span> <span class='ocrx_word' id='word_1_478' title='bbox 963 5500 1070 5541; x_wconf 89' lang='lat' dir='ltr'><strong>non</strong></span> <span class='ocrx_word' id='word_1_479' title='bbox 1094 5496 1176 5542; x_wconf 88' lang='lat' dir='ltr'><strong>est</strong></span> <span class='ocrx_word' id='word_1_480' title='bbox 1206 5486 1465 5558; x_wconf 83' lang='lat' dir='ltr'><strong>scriptum</strong></span> <span class='ocrx_word' id='word_1_481' title='bbox 1493 5506 1508 5543; x_wconf 90' lang='lat'>:</span> <span class='ocrx_word' id='word_1_482' title='bbox 1539 5488 1625 5545; x_wconf 90' lang='lat' dir='ltr'><strong>hic</strong></span> <span class='ocrx_word' id='word_1_483' title='bbox 1654 5504 1753 5545; x_wconf 84' lang='lat' dir='ltr'><strong>au-</strong></span> 
     </span>
    </p>
   </div>
   <div class='ocr_carea' id='block_1_57' title="bbox 194 5571 1757 5638">
    <p class='ocr_par' dir='ltr' id='par_1_57' title="bbox 194 5571 1757 5638">
     <span class='ocr_line' id='line_1_57' title="bbox 194 5571 1757 5638; baseline 0.012 -19"><span class='ocrx_word' id='word_1_484' title='bbox 194 5571 283 5619; x_wconf 76' lang='lat' dir='ltr'><strong>tem</strong></span> <span class='ocrx_word' id='word_1_485' title='bbox 311 5572 517 5632; x_wconf 80' lang='lat' dir='ltr'><strong>veritas.</strong></span> <span class='ocrx_word' id='word_1_486' title='bbox 536 5584 590 5627; x_wconf 88' lang='lat' dir='ltr'><strong>et</strong></span> <span class='ocrx_word' id='word_1_487' title='bbox 615 5572 738 5631; x_wconf 87' lang='lat' dir='ltr'><strong>ideo</strong></span> <span class='ocrx_word' id='word_1_488' title='bbox 765 5592 871 5630; x_wconf 89' lang='lat' dir='ltr'><strong>non</strong></span> <span class='ocrx_word' id='word_1_489' title='bbox 891 5586 975 5632; x_wconf 88' lang='lat' dir='ltr'><strong>est</strong></span> <span class='ocrx_word' id='word_1_490' title='bbox 993 5577 1133 5633; x_wconf 89' lang='lat' dir='ltr'><strong>talis.</strong></span> <span class='ocrx_word' id='word_1_491' title='bbox 1148 5577 1298 5634; x_wconf 90' lang='lat' dir='ltr'><strong>Sicut</strong></span> <span class='ocrx_word' id='word_1_492' title='bbox 1317 5580 1480 5635; x_wconf 87' lang='lat' dir='ltr'><strong>etiam</strong></span> <span class='ocrx_word' id='word_1_493' title='bbox 1504 5581 1556 5637; x_wconf 91' lang='lat' dir='ltr'><strong>in</strong></span> <span class='ocrx_word' id='word_1_494' title='bbox 1585 5582 1757 5638; x_wconf 81' lang='lat' dir='ltr'><strong>nomi-</strong></span> 
     </span>
    </p>
   </div>
   <div class='ocr_carea' id='block_1_58' title="bbox 196 5653 1756 5745">
    <p class='ocr_par' dir='ltr' id='par_1_58' title="bbox 196 5653 1756 5745">
     <span class='ocr_line' id='line_1_58' title="bbox 196 5653 1756 5745; baseline 0.017 -38"><span class='ocrx_word' id='word_1_495' title='bbox 196 5653 367 5714; x_wconf 74' lang='lat' dir='ltr'><strong>nibus:</strong></span> <span class='ocrx_word' id='word_1_496' title='bbox 398 5678 520 5718; x_wconf 88' lang='lat' dir='ltr'><strong>nam</strong></span> <span class='ocrx_word' id='word_1_497' title='bbox 549 5664 636 5719; x_wconf 91' lang='lat' dir='ltr'><strong>hic</strong></span> <span class='ocrx_word' id='word_1_498' title='bbox 674 5667 887 5738; x_wconf 88' lang='lat' dir='ltr'><strong>quidem</strong></span> <span class='ocrx_word' id='word_1_499' title='bbox 912 5677 1066 5723; x_wconf 88' lang='lat' dir='ltr'><strong>erant</strong></span> <span class='ocrx_word' id='word_1_500' title='bbox 1091 5670 1502 5743; x_wconf 77' lang='lat' dir='ltr'><strong>appellationes,</strong></span> <span class='ocrx_word' id='word_1_501' title='bbox 1527 5671 1638 5730; x_wconf 80' lang='lat' dir='ltr'><strong>Res</strong></span> <span class='ocrx_word' id='word_1_502' title='bbox 1664 5673 1756 5745; x_wconf 79' lang='lat' dir='ltr'><strong>ju-</strong></span> 
     </span>
    </p>
   </div>
   <div class='ocr_carea' id='block_1_59' title="bbox 259 5822 1339 5893">
    <p class='ocr_par' dir='ltr' id='par_1_59' title="bbox 259 5822 1339 5893">
     <span class='ocr_line' id='line_1_59' title="bbox 259 5822 1339 5893; baseline 0.013 -17"><span class='ocrx_word' id='word_1_503' title='bbox 259 5822 277 5857; x_wconf 80' lang='grc'><strong>⁸</strong></span> <span class='ocrx_word' id='word_1_504' title='bbox 296 5824 373 5877; x_wconf 78' lang='lat' dir='ltr'><strong>Hie</strong></span> <span class='ocrx_word' id='word_1_505' title='bbox 396 5830 559 5893; x_wconf 64' lang='lat' dir='ltr'><strong>inde“</strong></span> <span class='ocrx_word' id='word_1_506' title='bbox 582 5830 631 5879; x_wconf 90' lang='lat' dir='ltr'><strong>in</strong></span> <span class='ocrx_word' id='word_1_507' title='bbox 653 5829 785 5882; x_wconf 86' lang='lat' dir='ltr'><strong>oolb.</strong></span> <span class='ocrx_word' id='word_1_508' title='bbox 812 5828 1009 5883; x_wconf 76' lang='lat' dir='ltr'><strong>hanilia</strong></span> <span class='ocrx_word' id='word_1_509' title='bbox 1033 5833 1339 5891; x_wconf 74' lang='lat' dir='ltr'><strong>duddecima.</strong></span> 
     </span>
    </p>
   </div>
   <div class='ocr_carea' id='block_1_60' title="bbox 1817 588 3413 673">
    <p class='ocr_par' dir='ltr' id='par_1_60' title="bbox 1817 588 3413 673">
     <span class='ocr_line' id='line_1_60' title="bbox 1817 588 3413 673; baseline -0.008 -17"><span class='ocrx_word' id='word_1_510' title='bbox 1817 603 1903 657; x_wconf 91' lang='lat' dir='ltr'><strong>hic</strong></span> <span class='ocrx_word' id='word_1_511' title='bbox 1914 617 2130 673; x_wconf 89' lang='lat' dir='ltr'><strong>quoque</strong></span> <span class='ocrx_word' id='word_1_512' title='bbox 2157 610 2283 655; x_wconf 86' lang='lat' dir='ltr'><strong>sunt</strong></span> <span class='ocrx_word' id='word_1_513' title='bbox 2308 598 2720 669; x_wconf 74' lang='lat' dir='ltr'><strong>appellationes,</strong></span> <span class='ocrx_word' id='word_1_514' title='bbox 2745 594 2853 649; x_wconf 89' lang='lat' dir='ltr'><strong>illic</strong></span> <span class='ocrx_word' id='word_1_515' title='bbox 2880 602 3060 648; x_wconf 89' lang='lat' dir='ltr'><strong>autem</strong></span> <span class='ocrx_word' id='word_1_516' title='bbox 3076 606 3253 647; x_wconf 83' lang='lat' dir='ltr'><strong>rerum</strong></span> <span class='ocrx_word' id='word_1_517' title='bbox 3273 588 3413 645; x_wconf 81' lang='lat' dir='ltr'><strong>veri-</strong></span> 
     </span>
    </p>
   </div>
   <div class='ocr_carea' id='block_1_61' title="bbox 1820 685 3414 764">
    <p class='ocr_par' dir='ltr' id='par_1_61' title="bbox 1820 685 3414 764">
     <span class='ocr_line' id='line_1_61' title="bbox 1820 685 3414 764; baseline -0.009 -13"><span class='ocrx_word' id='word_1_518' title='bbox 1820 705 1921 751; x_wconf 89' lang='lat' dir='ltr'><strong>tas.</strong></span> <span class='ocrx_word' id='word_1_519' title='bbox 1951 694 2234 764; x_wconf 85' lang='lat' dir='ltr'><strong>Quomodo</strong></span> <span class='ocrx_word' id='word_1_520' title='bbox 2259 709 2390 763; x_wconf 89' lang='lat' dir='ltr'><strong>ergo</strong></span> <span class='ocrx_word' id='word_1_521' title='bbox 2421 692 2583 747; x_wconf 89' lang='lat' dir='ltr'><strong>habet</strong></span> <span class='ocrx_word' id='word_1_522' title='bbox 2612 690 2822 745; x_wconf 88' lang='lat' dir='ltr'><strong>initium</strong></span> <span class='ocrx_word' id='word_1_523' title='bbox 2843 686 3055 764; x_wconf 9' lang='lat' dir='ltr'><strong>?7Vides</strong></span> <span class='ocrx_word' id='word_1_524' title='bbox 3069 685 3262 741; x_wconf 87' lang='lat' dir='ltr'><strong>Filium</strong></span> <span class='ocrx_word' id='word_1_525' title='bbox 3290 698 3414 738; x_wconf 85' lang='lat' dir='ltr'><strong>esse</strong></span> 
     </span>
    </p>
   </div>
   <div class='ocr_carea' id='block_1_62' title="bbox 1820 763 3420 857">
    <p class='ocr_par' dir='ltr' id='par_1_62' title="bbox 1820 763 3420 857">
     <span class='ocr_line' id='line_1_62' title="bbox 1820 763 3420 857; baseline -0.009 -13"><span class='ocrx_word' id='word_1_526' title='bbox 1820 789 1937 844; x_wconf 86' lang='lat' dir='ltr'><strong>sine</strong></span> <span class='ocrx_word' id='word_1_527' title='bbox 1959 763 2132 853; x_wconf 86' lang='lat' dir='ltr'><strong>initio,</strong></span> <span class='ocrx_word' id='word_1_528' title='bbox 2149 801 2256 842; x_wconf 91' lang='lat' dir='ltr'><strong>non</strong></span> <span class='ocrx_word' id='word_1_529' title='bbox 2275 786 2420 857; x_wconf 89' lang='lat' dir='ltr'><strong>quod</strong></span> <span class='ocrx_word' id='word_1_530' title='bbox 2436 799 2541 839; x_wconf 89' lang='lat' dir='ltr'><strong>non</strong></span> <span class='ocrx_word' id='word_1_531' title='bbox 2560 763 2983 838; x_wconf 80' lang='lat' dir='ltr'><strong>liabeatcaiisam</strong></span> <span class='ocrx_word' id='word_1_532' title='bbox 3001 796 3017 845; x_wconf 88' lang='lat'><strong>;</strong></span> <span class='ocrx_word' id='word_1_533' title='bbox 3034 778 3137 834; x_wconf 89' lang='lat' dir='ltr'><strong>hoc</strong></span> <span class='ocrx_word' id='word_1_534' title='bbox 3148 776 3291 833; x_wconf 85' lang='lat' dir='ltr'><strong>enim</strong></span> <span class='ocrx_word' id='word_1_535' title='bbox 3312 788 3420 829; x_wconf 90' lang='lat' dir='ltr'><strong>non</strong></span> 
     </span>
    </p>
   </div>
   <div class='ocr_carea' id='block_1_63' title="bbox 1822 866 3423 950">
    <p class='ocr_par' dir='ltr' id='par_1_63' title="bbox 1822 866 3423 950">
     <span class='ocr_line' id='line_1_63' title="bbox 1822 866 3423 950; baseline -0.007 -17"><span class='ocrx_word' id='word_1_536' title='bbox 1822 887 1999 950; x_wconf 89' lang='lat' dir='ltr'><strong>potest</strong></span> <span class='ocrx_word' id='word_1_537' title='bbox 2043 878 2194 942; x_wconf 84' lang='lat' dir='ltr'><strong>ﬂeri;</strong></span> <span class='ocrx_word' id='word_1_538' title='bbox 2236 876 2397 932; x_wconf 88' lang='lat' dir='ltr'><strong>habet</strong></span> <span class='ocrx_word' id='word_1_539' title='bbox 2432 874 2579 931; x_wconf 90' lang='lat' dir='ltr'><strong>enim</strong></span> <span class='ocrx_word' id='word_1_540' title='bbox 2607 873 2821 929; x_wconf 81' lang='lat' dir='ltr'><strong>Patrem</strong></span> <span class='ocrx_word' id='word_1_541' title='bbox 2854 890 2869 927; x_wconf 91' lang='lat'>:</span> <span class='ocrx_word' id='word_1_542' title='bbox 2900 885 3025 923; x_wconf 86' lang='lat' dir='ltr'><strong>nam</strong></span> <span class='ocrx_word' id='word_1_543' title='bbox 3057 866 3258 938; x_wconf 86' lang='lat' dir='ltr'><strong>alioqui</strong></span> <span class='ocrx_word' id='word_1_544' title='bbox 3284 881 3423 937; x_wconf 84' lang='lat' dir='ltr'><strong>quo-</strong></span> 
     </span>
    </p>
   </div>
   <div class='ocr_carea' id='block_1_64' title="bbox 1826 956 3427 1037">
    <p class='ocr_par' dir='ltr' id='par_1_64' title="bbox 1826 956 3427 1037">
     <span class='ocr_line' id='line_1_64' title="bbox 1826 956 3427 1037; baseline -0.013 -11"><span class='ocrx_word' id='word_1_545' title='bbox 1826 969 1986 1026; x_wconf 84' lang='lat' dir='ltr'><strong>modo</strong></span> <span class='ocrx_word' id='word_1_546' title='bbox 2012 967 2193 1024; x_wconf 76' lang='lat' dir='ltr'><strong>illius?</strong></span> <span class='ocrx_word' id='word_1_547' title='bbox 2218 965 2314 1022; x_wconf 90' lang='lat' dir='ltr'><strong>sed</strong></span> <span class='ocrx_word' id='word_1_548' title='bbox 2336 966 2481 1037; x_wconf 87' lang='lat' dir='ltr'><strong>quod</strong></span> <span class='ocrx_word' id='word_1_549' title='bbox 2502 979 2608 1019; x_wconf 90' lang='lat' dir='ltr'><strong>non</strong></span> <span class='ocrx_word' id='word_1_550' title='bbox 2630 961 2826 1017; x_wconf 84' lang='lat' dir='ltr'><strong>habeat</strong></span> <span class='ocrx_word' id='word_1_551' title='bbox 2842 959 3054 1014; x_wconf 85' lang='lat' dir='ltr'><strong>initium</strong></span> <span class='ocrx_word' id='word_1_552' title='bbox 3073 956 3219 1019; x_wconf 73' lang='lat' dir='ltr'><strong>vitm,</strong></span> <span class='ocrx_word' id='word_1_553' title='bbox 3250 966 3427 1022; x_wconf 87' lang='lat' dir='ltr'><strong>neque</strong></span> 
     </span>
    </p>
   </div>
   <div class='ocr_carea' id='block_1_65' title="bbox 1828 1044 3429 1119">
    <p class='ocr_par' dir='ltr' id='par_1_65' title="bbox 1828 1044 3429 1119">
     <span class='ocr_line' id='line_1_65' title="bbox 1828 1044 3429 1119; baseline -0.012 0"><span class='ocrx_word' id='word_1_554' title='bbox 1828 1062 2011 1119; x_wconf 83' lang='lat' dir='ltr'><strong>linem.</strong></span> <span class='ocrx_word' id='word_1_555' title='bbox 2057 1061 2382 1117; x_wconf 79' lang='lat' dir='ltr'><strong>Assimilatns</strong></span> <span class='ocrx_word' id='word_1_556' title='bbox 2410 1068 2579 1113; x_wconf 83' lang='lat' dir='ltr'><strong>autem</strong></span> <span class='ocrx_word' id='word_1_557' title='bbox 2626 1053 2766 1110; x_wconf 83' lang='lat' dir='ltr'><strong>Filio</strong></span> <span class='ocrx_word' id='word_1_558' title='bbox 2805 1051 2923 1107; x_wconf 88' lang='lat' dir='ltr'><strong>Dei.</strong></span> <span class='ocrx_word' id='word_1_559' title='bbox 2960 1049 3063 1108; x_wconf 88' lang='lat' dir='ltr'><strong>Ubi</strong></span> <span class='ocrx_word' id='word_1_560' title='bbox 3104 1058 3189 1105; x_wconf 87' lang='lat' dir='ltr'><strong>est</strong></span> <span class='ocrx_word' id='word_1_561' title='bbox 3234 1044 3429 1102; x_wconf 87' lang='lat' dir='ltr'><strong>simili-</strong></span> 
     </span>
    </p>
   </div>
   <div class='ocr_carea' id='block_1_66' title="bbox 1828 1142 3428 1222">
    <p class='ocr_par' dir='ltr' id='par_1_66' title="bbox 1828 1142 3428 1222">
     <span class='ocr_line' id='line_1_66' title="bbox 1828 1142 3428 1222; baseline -0.01 -13"><span class='ocrx_word' id='word_1_562' title='bbox 1828 1154 1997 1211; x_wconf 71' lang='lat' dir='ltr'><strong>tudo?</strong></span> <span class='ocrx_word' id='word_1_563' title='bbox 2039 1153 2193 1222; x_wconf 84' lang='lat' dir='ltr'><strong>Quod</strong></span> <span class='ocrx_word' id='word_1_564' title='bbox 2244 1160 2300 1208; x_wconf 86' lang='lat' dir='ltr'><strong>et</strong></span> <span class='ocrx_word' id='word_1_565' title='bbox 2343 1150 2502 1221; x_wconf 83' lang='lat' dir='ltr'><strong>hujus</strong></span> <span class='ocrx_word' id='word_1_566' title='bbox 2542 1156 2600 1204; x_wconf 88' lang='lat' dir='ltr'><strong>et</strong></span> <span class='ocrx_word' id='word_1_567' title='bbox 2644 1147 2789 1203; x_wconf 85' lang='lat' dir='ltr'><strong>illius</strong></span> <span class='ocrx_word' id='word_1_568' title='bbox 2838 1145 2999 1200; x_wconf 86' lang='lat' dir='ltr'><strong>linem</strong></span> <span class='ocrx_word' id='word_1_569' title='bbox 3035 1142 3346 1213; x_wconf 76' lang='lat' dir='ltr'><strong>ignoramus</strong></span> <span class='ocrx_word' id='word_1_570' title='bbox 3371 1149 3428 1193; x_wconf 91' lang='lat' dir='ltr'><strong>et</strong></span> 
     </span>
    </p>
   </div>
   <div class='ocr_carea' id='block_1_67' title="bbox 1830 1230 3428 1313">
    <p class='ocr_par' dir='ltr' id='par_1_67' title="bbox 1830 1230 3428 1313">
     <span class='ocr_line' id='line_1_67' title="bbox 1830 1230 3428 1313; baseline -0.011 -13"><span class='ocrx_word' id='word_1_571' title='bbox 1830 1245 2040 1300; x_wconf 87' lang='lat' dir='ltr'><strong>initium</strong></span> <span class='ocrx_word' id='word_1_572' title='bbox 2068 1259 2082 1297; x_wconf 91' lang='lat'><strong>:</strong></span> <span class='ocrx_word' id='word_1_573' title='bbox 2114 1242 2210 1299; x_wconf 91' lang='lat' dir='ltr'><strong>sed</strong></span> <span class='ocrx_word' id='word_1_574' title='bbox 2236 1241 2396 1313; x_wconf 84' lang='lat' dir='ltr'><strong>hujus</strong></span> <span class='ocrx_word' id='word_1_575' title='bbox 2440 1239 2693 1312; x_wconf 88' lang='lat' dir='ltr'><strong>quidem,</strong></span> <span class='ocrx_word' id='word_1_576' title='bbox 2744 1252 2810 1292; x_wconf 80' lang='lat' dir='ltr'><strong>ex</strong></span> <span class='ocrx_word' id='word_1_577' title='bbox 2853 1251 2922 1292; x_wconf 91' lang='lat' dir='ltr'><strong>eo</strong></span> <span class='ocrx_word' id='word_1_578' title='bbox 2970 1232 3114 1305; x_wconf 90' lang='lat' dir='ltr'><strong>quod</strong></span> <span class='ocrx_word' id='word_1_579' title='bbox 3160 1247 3265 1287; x_wconf 90' lang='lat' dir='ltr'><strong>non</strong></span> <span class='ocrx_word' id='word_1_580' title='bbox 3316 1230 3428 1284; x_wconf 88' lang='lat' dir='ltr'><strong>sint</strong></span> 
     </span>
    </p>
   </div>
   <div class='ocr_carea' id='block_1_68' title="bbox 1826 1323 3429 1405">
    <p class='ocr_par' dir='ltr' id='par_1_68' title="bbox 1826 1323 3429 1405">
     <span class='ocr_line' id='line_1_68' title="bbox 1826 1323 3429 1405; baseline -0.009 -13"><span class='ocrx_word' id='word_1_581' title='bbox 1826 1338 2061 1405; x_wconf 76' lang='lat' dir='ltr'><strong>scripta;</strong></span> <span class='ocrx_word' id='word_1_582' title='bbox 2092 1337 2236 1392; x_wconf 88' lang='lat' dir='ltr'><strong>illius</strong></span> <span class='ocrx_word' id='word_1_583' title='bbox 2260 1351 2423 1402; x_wconf 86' lang='lat' dir='ltr'><strong>vero,</strong></span> <span class='ocrx_word' id='word_1_584' title='bbox 2449 1350 2513 1389; x_wconf 81' lang='lat' dir='ltr'><strong>es</strong></span> <span class='ocrx_word' id='word_1_585' title='bbox 2543 1346 2610 1388; x_wconf 88' lang='lat' dir='ltr'><strong>eo</strong></span> <span class='ocrx_word' id='word_1_586' title='bbox 2637 1330 2780 1403; x_wconf 91' lang='lat' dir='ltr'><strong>quod</strong></span> <span class='ocrx_word' id='word_1_587' title='bbox 2810 1344 2921 1384; x_wconf 92' lang='lat' dir='ltr'><strong>non</strong></span> <span class='ocrx_word' id='word_1_588' title='bbox 2947 1329 3075 1382; x_wconf 89' lang='lat' dir='ltr'><strong>sint.</strong></span> <span class='ocrx_word' id='word_1_589' title='bbox 3108 1324 3206 1381; x_wconf 89' lang='lat' dir='ltr'><strong>llic</strong></span> <span class='ocrx_word' id='word_1_590' title='bbox 3233 1333 3317 1379; x_wconf 86' lang='lat' dir='ltr'><strong>est</strong></span> <span class='ocrx_word' id='word_1_591' title='bbox 3354 1323 3429 1377; x_wconf 87' lang='lat' dir='ltr'><strong>si-</strong></span> 
     </span>
    </p>
   </div>
   <div class='ocr_carea' id='block_1_69' title="bbox 1828 1415 3427 1497">
    <p class='ocr_par' dir='ltr' id='par_1_69' title="bbox 1828 1415 3427 1497">
     <span class='ocr_line' id='line_1_69' title="bbox 1828 1415 3427 1497; baseline -0.009 -13"><span class='ocrx_word' id='word_1_592' title='bbox 1828 1430 2094 1484; x_wconf 86' lang='lat' dir='ltr'><strong>militudo.</strong></span> <span class='ocrx_word' id='word_1_593' title='bbox 2119 1429 2178 1484; x_wconf 89' lang='lat' dir='ltr'><strong>Si</strong></span> <span class='ocrx_word' id='word_1_594' title='bbox 2208 1437 2388 1484; x_wconf 87' lang='lat' dir='ltr'><strong>autem</strong></span> <span class='ocrx_word' id='word_1_595' title='bbox 2436 1426 2635 1497; x_wconf 90' lang='lat' dir='ltr'><strong>ubique</strong></span> <span class='ocrx_word' id='word_1_596' title='bbox 2681 1424 2857 1480; x_wconf 80' lang='lat' dir='ltr'><strong>futura</strong></span> <span class='ocrx_word' id='word_1_597' title='bbox 2907 1429 3054 1476; x_wconf 77' lang='lat' dir='ltr'><strong>esset</strong></span> <span class='ocrx_word' id='word_1_598' title='bbox 3096 1415 3427 1479; x_wconf 89' lang='lat' dir='ltr'><strong>similitudo,</strong></span> 
     </span>
    </p>
   </div>
   <div class='ocr_carea' id='block_1_70' title="bbox 1827 1509 3432 1592">
    <p class='ocr_par' dir='ltr' id='par_1_70' title="bbox 1827 1509 3432 1592">
     <span class='ocr_line' id='line_1_70' title="bbox 1827 1509 3432 1592; baseline -0.01 -15"><span class='ocrx_word' id='word_1_599' title='bbox 1827 1539 1934 1577; x_wconf 87' lang='lat' dir='ltr'><strong>non</strong></span> <span class='ocrx_word' id='word_1_600' title='bbox 1963 1520 2147 1592; x_wconf 70' lang='lat' dir='ltr'><strong>utique</strong></span> <span class='ocrx_word' id='word_1_601' title='bbox 2172 1528 2357 1576; x_wconf 85' lang='lat' dir='ltr'><strong>essent</strong></span> <span class='ocrx_word' id='word_1_602' title='bbox 2388 1527 2547 1589; x_wconf 78' lang='lat' dir='ltr'><strong>typus</strong></span> <span class='ocrx_word' id='word_1_603' title='bbox 2574 1524 2625 1571; x_wconf 89' lang='lat' dir='ltr'><strong>ct</strong></span> <span class='ocrx_word' id='word_1_604' title='bbox 2656 1515 2856 1570; x_wconf 86' lang='lat' dir='ltr'><strong>veritas</strong></span> <span class='ocrx_word' id='word_1_605' title='bbox 2876 1554 2889 1579; x_wconf 89' lang='lat'><strong>,</strong></span> <span class='ocrx_word' id='word_1_606' title='bbox 2923 1510 3018 1567; x_wconf 87' lang='lat' dir='ltr'><strong>sed</strong></span> <span class='ocrx_word' id='word_1_607' title='bbox 3048 1509 3209 1564; x_wconf 86' lang='lat' dir='ltr'><strong>ambo</strong></span> <span class='ocrx_word' id='word_1_608' title='bbox 3243 1514 3432 1563; x_wconf 67' lang='lat' dir='ltr'><strong>essent</strong></span> 
     </span>
    </p>
   </div>
   <div class='ocr_carea' id='block_1_71' title="bbox 1830 1598 3429 1684">
    <p class='ocr_par' dir='ltr' id='par_1_71' title="bbox 1830 1598 3429 1684">
     <span class='ocr_line' id='line_1_71' title="bbox 1830 1598 3429 1684; baseline -0.009 -17"><span class='ocrx_word' id='word_1_609' title='bbox 1830 1622 2008 1684; x_wconf 84' lang='lat' dir='ltr'><strong>typus.</strong></span> <span class='ocrx_word' id='word_1_610' title='bbox 2040 1612 2193 1668; x_wconf 82' lang='lat' dir='ltr'><strong>Sicut</strong></span> <span class='ocrx_word' id='word_1_611' title='bbox 2221 1612 2381 1665; x_wconf 86' lang='lat' dir='ltr'><strong>etiam</strong></span> <span class='ocrx_word' id='word_1_612' title='bbox 2416 1610 2468 1664; x_wconf 91' lang='lat' dir='ltr'><strong>in</strong></span> <span class='ocrx_word' id='word_1_613' title='bbox 2499 1606 2825 1673; x_wconf 71' lang='lat' dir='ltr'><strong>imaginibus</strong></span> <span class='ocrx_word' id='word_1_614' title='bbox 2849 1612 2932 1660; x_wconf 89' lang='lat' dir='ltr'><strong>est</strong></span> <span class='ocrx_word' id='word_1_615' title='bbox 2981 1599 3180 1672; x_wconf 85' lang='lat' dir='ltr'><strong>aliquid</strong></span> <span class='ocrx_word' id='word_1_616' title='bbox 3208 1598 3429 1671; x_wconf 78' lang='lat' dir='ltr'><strong>quidem</strong></span> 
     </span>
    </p>
   </div>
   <div class='ocr_carea' id='block_1_72' title="bbox 1826 1692 3426 1775">
    <p class='ocr_par' dir='ltr' id='par_1_72' title="bbox 1826 1692 3426 1775">
     <span class='ocr_line' id='line_1_72' title="bbox 1826 1692 3426 1775; baseline -0.01 -14"><span class='ocrx_word' id='word_1_617' title='bbox 1826 1708 2026 1771; x_wconf 83' lang='lat' dir='ltr'><strong>simile,</strong></span> <span class='ocrx_word' id='word_1_618' title='bbox 2048 1705 2246 1775; x_wconf 83' lang='lat' dir='ltr'><strong>aliquid</strong></span> <span class='ocrx_word' id='word_1_619' title='bbox 2278 1720 2407 1761; x_wconf 84' lang='lat' dir='ltr'><strong>vero</strong></span> <span class='ocrx_word' id='word_1_620' title='bbox 2430 1701 2697 1758; x_wconf 79' lang='lat' dir='ltr'><strong>dissimile</strong></span> <span class='ocrx_word' id='word_1_621' title='bbox 2730 1718 2743 1755; x_wconf 74' lang='grc' dir='ltr'>ε</span> <span class='ocrx_word' id='word_1_622' title='bbox 2776 1713 2899 1754; x_wconf 85' lang='lat' dir='ltr'><strong>nam</strong></span> <span class='ocrx_word' id='word_1_623' title='bbox 2928 1698 3191 1751; x_wconf 86' lang='lat' dir='ltr'><strong>linearum</strong></span> <span class='ocrx_word' id='word_1_624' title='bbox 3206 1692 3426 1765; x_wconf 89' lang='lat' dir='ltr'><strong>quidem</strong></span> 
     </span>
    </p>
   </div>
   <div class='ocr_carea' id='block_1_73' title="bbox 1827 1783 3433 1865">
    <p class='ocr_par' dir='ltr' id='par_1_73' title="bbox 1827 1783 3433 1865">
     <span class='ocr_line' id='line_1_73' title="bbox 1827 1783 3433 1865; baseline -0.01 -11"><span class='ocrx_word' id='word_1_625' title='bbox 1827 1808 1882 1855; x_wconf 86' lang='lat' dir='ltr'><strong>et</strong></span> <span class='ocrx_word' id='word_1_626' title='bbox 1930 1797 2302 1853; x_wconf 82' lang='lat' dir='ltr'><strong>characterum</strong></span> <span class='ocrx_word' id='word_1_627' title='bbox 2351 1805 2434 1851; x_wconf 89' lang='lat' dir='ltr'><strong>cst</strong></span> <span class='ocrx_word' id='word_1_628' title='bbox 2486 1793 2730 1865; x_wconf 83' lang='lat' dir='ltr'><strong>qna-dam</strong></span> <span class='ocrx_word' id='word_1_629' title='bbox 2780 1788 3109 1851; x_wconf 85' lang='lat' dir='ltr'><strong>similitudo;</strong></span> <span class='ocrx_word' id='word_1_630' title='bbox 3163 1783 3433 1856; x_wconf 85' lang='lat' dir='ltr'><strong>impositis</strong></span> 
     </span>
    </p>
   </div>
   <div class='ocr_carea' id='block_1_74' title="bbox 1828 1877 3432 1953">
    <p class='ocr_par' dir='ltr' id='par_1_74' title="bbox 1828 1877 3432 1953">
     <span class='ocr_line' id='line_1_74' title="bbox 1828 1877 3432 1953; baseline -0.008 -9"><span class='ocrx_word' id='word_1_631' title='bbox 1828 1902 2004 1945; x_wconf 85' lang='lat' dir='ltr'><strong>autem</strong></span> <span class='ocrx_word' id='word_1_632' title='bbox 2035 1889 2311 1945; x_wconf 88' lang='lat' dir='ltr'><strong>coloribus</strong></span> <span class='ocrx_word' id='word_1_633' title='bbox 2331 1929 2346 1953; x_wconf 93' lang='lat'><strong>,</strong></span> <span class='ocrx_word' id='word_1_634' title='bbox 2378 1897 2505 1942; x_wconf 91' lang='lat' dir='ltr'><strong>tunc</strong></span> <span class='ocrx_word' id='word_1_635' title='bbox 2537 1883 2822 1940; x_wconf 83' lang='lat' dir='ltr'><strong>manifeste</strong></span> <span class='ocrx_word' id='word_1_636' title='bbox 2850 1880 3155 1936; x_wconf 82' lang='lat' dir='ltr'><strong>ostenditur</strong></span> <span class='ocrx_word' id='word_1_637' title='bbox 3175 1877 3432 1933; x_wconf 84' lang='lat' dir='ltr'><strong>dill&#39;eren-</strong></span> 
     </span>
    </p>
   </div>
   <div class='ocr_carea' id='block_1_75' title="bbox 1828 1969 3427 2050">
    <p class='ocr_par' dir='ltr' id='par_1_75' title="bbox 1828 1969 3427 2050">
     <span class='ocr_line' id='line_1_75' title="bbox 1828 1969 3427 2050; baseline -0.006 -17"><span class='ocrx_word' id='word_1_638' title='bbox 1828 1982 1899 2035; x_wconf 90' lang='lat' dir='ltr'><strong>tia</strong></span> <span class='ocrx_word' id='word_1_639' title='bbox 1924 2022 1939 2041; x_wconf 89' lang='lat'><strong>.</strong></span> <span class='ocrx_word' id='word_1_640' title='bbox 1984 1990 2039 2037; x_wconf 86' lang='lat' dir='ltr'><strong>et</strong></span> <span class='ocrx_word' id='word_1_641' title='bbox 2085 1980 2187 2034; x_wconf 88' lang='lat' dir='ltr'><strong>huc</strong></span> <span class='ocrx_word' id='word_1_642' title='bbox 2238 1978 2454 2050; x_wconf 83' lang='lat' dir='ltr'><strong>quidem</strong></span> <span class='ocrx_word' id='word_1_643' title='bbox 2484 1978 2661 2031; x_wconf 81' lang='lat' dir='ltr'><strong>simile</strong></span> <span class='ocrx_word' id='word_1_644' title='bbox 2685 2018 2699 2040; x_wconf 90' lang='lat'><strong>,</strong></span> <span class='ocrx_word' id='word_1_645' title='bbox 2737 1974 2870 2030; x_wconf 89' lang='lat' dir='ltr'><strong>illud</strong></span> <span class='ocrx_word' id='word_1_646' title='bbox 2896 1989 3027 2029; x_wconf 86' lang='lat' dir='ltr'><strong>vero</strong></span> <span class='ocrx_word' id='word_1_647' title='bbox 3050 1969 3339 2027; x_wconf 84' lang='lat' dir='ltr'><strong>dissimile.</strong></span> <span class='ocrx_word' id='word_1_648' title='bbox 3371 1970 3427 2024; x_wconf 71' lang='grc' dir='ltr'><strong>ι.</strong></span> 
     </span>
    </p>
   </div>
   <div class='ocr_carea' id='block_1_76' title="bbox 1829 2059 3431 2141">
    <p class='ocr_par' dir='ltr' id='par_1_76' title="bbox 1829 2059 3431 2141">
     <span class='ocr_line' id='line_1_76' title="bbox 1829 2059 3431 2141; baseline -0.008 -16"><span class='ocrx_word' id='word_1_649' title='bbox 1829 2068 2111 2125; x_wconf 80' lang='lat' dir='ltr'><strong>Intuemini</strong></span> <span class='ocrx_word' id='word_1_650' title='bbox 2135 2080 2302 2124; x_wconf 82' lang='lat' dir='ltr'><strong>autem</strong></span> <span class='ocrx_word' id='word_1_651' title='bbox 2330 2080 2548 2141; x_wconf 82' lang='lat' dir='ltr'><strong>quantus</strong></span> <span class='ocrx_word' id='word_1_652' title='bbox 2573 2068 2637 2121; x_wconf 83' lang='lat' dir='ltr'><strong>sit</strong></span> <span class='ocrx_word' id='word_1_653' title='bbox 2666 2067 2769 2131; x_wconf 88' lang='lat' dir='ltr'><strong>hic,</strong></span> <span class='ocrx_word' id='word_1_654' title='bbox 2803 2064 2885 2117; x_wconf 82' lang='lat' dir='ltr'><strong>cui</strong></span> <span class='ocrx_word' id='word_1_655' title='bbox 2923 2073 2970 2117; x_wconf 88' lang='lat' dir='ltr'><strong>et</strong></span> <span class='ocrx_word' id='word_1_656' title='bbox 3019 2062 3244 2116; x_wconf 87' lang='lat' dir='ltr'><strong>decimas</strong></span> <span class='ocrx_word' id='word_1_657' title='bbox 3289 2059 3431 2113; x_wconf 82' lang='lat' dir='ltr'><strong>dedit</strong></span> 
     </span>
    </p>
   </div>
   <div class='ocr_carea' id='block_1_77' title="bbox 1828 2150 3433 2232">
    <p class='ocr_par' dir='ltr' id='par_1_77' title="bbox 1828 2150 3433 2232">
     <span class='ocr_line' id='line_1_77' title="bbox 1828 2150 3433 2232; baseline -0.006 -17"><span class='ocrx_word' id='word_1_658' title='bbox 1828 2163 1890 2217; x_wconf 84' lang='lat' dir='ltr'><strong>de</strong></span> <span class='ocrx_word' id='word_1_659' title='bbox 1911 2162 2183 2232; x_wconf 77' lang='lat' dir='ltr'><strong>pra&#39;cipuis</strong></span> <span class='ocrx_word' id='word_1_660' title='bbox 2213 2160 2472 2215; x_wconf 76' lang='lat' dir='ltr'><strong>Abraham</strong></span> <span class='ocrx_word' id='word_1_661' title='bbox 2498 2156 2809 2225; x_wconf 82' lang='lat' dir='ltr'><strong>patriarcha.</strong></span> <span class='ocrx_word' id='word_1_662' title='bbox 2842 2154 2959 2211; x_wconf 79' lang='lat' dir='ltr'><strong>Jam</strong></span> <span class='ocrx_word' id='word_1_663' title='bbox 2991 2151 3268 2223; x_wconf 83' lang='lat' dir='ltr'><strong>adaplavit</strong></span> <span class='ocrx_word' id='word_1_664' title='bbox 3299 2150 3433 2221; x_wconf 81' lang='lat' dir='ltr'><strong>ligu-</strong></span> 
     </span>
    </p>
   </div>
   <div class='ocr_carea' id='block_1_78' title="bbox 1830 2246 3435 2315">
    <p class='ocr_par' dir='ltr' id='par_1_78' title="bbox 1830 2246 3435 2315">
     <span class='ocr_line' id='line_1_78' title="bbox 1830 2246 3435 2315; baseline -0.007 -8"><span class='ocrx_word' id='word_1_665' title='bbox 1830 2269 1967 2315; x_wconf 76' lang='lat' dir='ltr'><strong>ram.</strong></span> <span class='ocrx_word' id='word_1_666' title='bbox 2005 2253 2077 2308; x_wconf 84' lang='lat' dir='ltr'><strong>De</strong></span> <span class='ocrx_word' id='word_1_667' title='bbox 2107 2263 2308 2308; x_wconf 63' lang='lat' dir='ltr'><strong>caetero</strong></span> <span class='ocrx_word' id='word_1_668' title='bbox 2348 2250 2630 2307; x_wconf 71' lang='lat' dir='ltr'><strong>cohﬂdeus</strong></span> <span class='ocrx_word' id='word_1_669' title='bbox 2676 2246 2911 2304; x_wconf 88' lang='lat' dir='ltr'><strong>ostendit</strong></span> <span class='ocrx_word' id='word_1_670' title='bbox 2956 2260 3075 2301; x_wconf 88' lang='lat' dir='ltr'><strong>eam</strong></span> <span class='ocrx_word' id='word_1_671' title='bbox 3122 2258 3245 2299; x_wconf 68' lang='lat' dir='ltr'><strong>esse</strong></span> <span class='ocrx_word' id='word_1_672' title='bbox 3295 2258 3435 2313; x_wconf 68' lang='lat' dir='ltr'><strong>prte-</strong></span> 
     </span>
    </p>
   </div>
   <div class='ocr_carea' id='block_1_79' title="bbox 1829 2337 3431 2414">
    <p class='ocr_par' dir='ltr' id='par_1_79' title="bbox 1829 2337 3431 2414">
     <span class='ocr_line' id='line_1_79' title="bbox 1829 2337 3431 2414; baseline -0.007 -12"><span class='ocrx_word' id='word_1_673' title='bbox 1829 2347 2113 2402; x_wconf 83' lang='lat' dir='ltr'><strong>clariorem</strong></span> <span class='ocrx_word' id='word_1_674' title='bbox 2140 2347 2280 2402; x_wconf 87' lang='lat' dir='ltr'><strong>veris</strong></span> <span class='ocrx_word' id='word_1_675' title='bbox 2311 2348 2473 2401; x_wconf 88' lang='lat' dir='ltr'><strong>rebus</strong></span> <span class='ocrx_word' id='word_1_676' title='bbox 2504 2360 2625 2414; x_wconf 74' lang='lat' dir='ltr'><strong>qua:</strong></span> <span class='ocrx_word' id='word_1_677' title='bbox 2672 2341 2813 2414; x_wconf 90' lang='lat' dir='ltr'><strong>apud</strong></span> <span class='ocrx_word' id='word_1_678' title='bbox 2856 2340 3094 2395; x_wconf 62' lang='lat' dir='ltr'><strong>Iudaeos.</strong></span> <span class='ocrx_word' id='word_1_679' title='bbox 3140 2337 3201 2396; x_wconf 85' lang='lat' dir='ltr'><strong>Si</strong></span> <span class='ocrx_word' id='word_1_680' title='bbox 3248 2348 3431 2393; x_wconf 88' lang='lat' dir='ltr'><strong>autem</strong></span> 
     </span>
    </p>
   </div>
   <div class='ocr_carea' id='block_1_80' title="bbox 1829 2430 3434 2507">
    <p class='ocr_par' dir='ltr' id='par_1_80' title="bbox 1829 2430 3434 2507">
     <span class='ocr_line' id='line_1_80' title="bbox 1829 2430 3434 2507; baseline -0.005 -16"><span class='ocrx_word' id='word_1_681' title='bbox 1829 2438 1918 2507; x_wconf 92' lang='lat' dir='ltr'><strong>qni</strong></span> <span class='ocrx_word' id='word_1_682' title='bbox 1947 2446 2130 2506; x_wconf 80' lang='lat' dir='ltr'><strong>typum</strong></span> <span class='ocrx_word' id='word_1_683' title='bbox 2159 2439 2319 2492; x_wconf 86' lang='lat' dir='ltr'><strong>habet</strong></span> <span class='ocrx_word' id='word_1_684' title='bbox 2368 2435 2609 2501; x_wconf 77' lang='lat' dir='ltr'><strong>Christi,</strong></span> <span class='ocrx_word' id='word_1_685' title='bbox 2663 2443 2746 2489; x_wconf 87' lang='lat' dir='ltr'><strong>est</strong></span> <span class='ocrx_word' id='word_1_686' title='bbox 2795 2432 2932 2488; x_wconf 86' lang='lat' dir='ltr'><strong>adeo</strong></span> <span class='ocrx_word' id='word_1_687' title='bbox 2981 2430 3327 2501; x_wconf 61' lang='lat' dir='ltr'><strong>praestantior</strong></span> <span class='ocrx_word' id='word_1_688' title='bbox 3368 2443 3434 2484; x_wconf 86' lang='lat' dir='ltr'><strong>ac</strong></span> 
     </span>
    </p>
   </div>
   <div class='ocr_carea' id='block_1_81' title="bbox 1833 2523 3435 2596">
    <p class='ocr_par' dir='ltr' id='par_1_81' title="bbox 1833 2523 3435 2596">
     <span class='ocr_line' id='line_1_81' title="bbox 1833 2523 3435 2596; baseline -0.005 -11"><span class='ocrx_word' id='word_1_689' title='bbox 1833 2531 2047 2594; x_wconf 83' lang='lat' dir='ltr'><strong>melior,</strong></span> <span class='ocrx_word' id='word_1_690' title='bbox 2068 2546 2175 2585; x_wconf 91' lang='lat' dir='ltr'><strong>non</strong></span> <span class='ocrx_word' id='word_1_691' title='bbox 2204 2530 2382 2585; x_wconf 90' lang='lat' dir='ltr'><strong>solum</strong></span> <span class='ocrx_word' id='word_1_692' title='bbox 2409 2528 2806 2591; x_wconf 81' lang='lat' dir='ltr'><strong>sacerdotibus,</strong></span> <span class='ocrx_word' id='word_1_693' title='bbox 2837 2526 2933 2582; x_wconf 86' lang='lat' dir='ltr'><strong>sed</strong></span> <span class='ocrx_word' id='word_1_694' title='bbox 2962 2525 3081 2596; x_wconf 80' lang='lat' dir='ltr'><strong>ipso</strong></span> <span class='ocrx_word' id='word_1_695' title='bbox 3107 2525 3270 2580; x_wconf 84' lang='lat' dir='ltr'><strong>etiam</strong></span> <span class='ocrx_word' id='word_1_696' title='bbox 3296 2523 3435 2595; x_wconf 92' lang='lat' dir='ltr'><strong>prin-</strong></span> 
     </span>
    </p>
   </div>
   <div class='ocr_carea' id='block_1_82' title="bbox 1830 2615 3437 2695">
    <p class='ocr_par' dir='ltr' id='par_1_82' title="bbox 1830 2615 3437 2695">
     <span class='ocr_line' id='line_1_82' title="bbox 1830 2615 3437 2695; baseline -0.006 -18"><span class='ocrx_word' id='word_1_697' title='bbox 1830 2624 1953 2690; x_wconf 87' lang='lat' dir='ltr'><strong>cipe</strong></span> <span class='ocrx_word' id='word_1_698' title='bbox 1987 2623 2203 2695; x_wconf 83' lang='lat' dir='ltr'><strong>generis</strong></span> <span class='ocrx_word' id='word_1_699' title='bbox 2231 2622 2575 2677; x_wconf 82' lang='lat' dir='ltr'><strong>saccrdotum</strong></span> <span class='ocrx_word' id='word_1_700' title='bbox 2610 2638 2623 2674; x_wconf 87' lang='lat'>:</span> <span class='ocrx_word' id='word_1_701' title='bbox 2657 2619 2784 2691; x_wconf 87' lang='lat' dir='ltr'><strong>quid</strong></span> <span class='ocrx_word' id='word_1_702' title='bbox 2817 2618 3021 2674; x_wconf 72' lang='lat' dir='ltr'><strong>dixeris</strong></span> <span class='ocrx_word' id='word_1_703' title='bbox 3050 2616 3118 2672; x_wconf 92' lang='lat' dir='ltr'><strong>de</strong></span> <span class='ocrx_word' id='word_1_704' title='bbox 3164 2617 3390 2672; x_wconf 88' lang='lat' dir='ltr'><strong>veritate</strong></span> <span class='ocrx_word' id='word_1_705' title='bbox 3411 2615 3437 2668; x_wconf 76' lang='lat' dir='ltr'><strong>‘l</strong></span> 
     </span>
    </p>
   </div>
   <div class='ocr_carea' id='block_1_83' title="bbox 1835 2709 3436 2787">
    <p class='ocr_par' dir='ltr' id='par_1_83' title="bbox 1835 2709 3436 2787">
     <span class='ocr_line' id='line_1_83' title="bbox 1835 2709 3436 2787; baseline -0.003 -18"><span class='ocrx_word' id='word_1_706' title='bbox 1835 2713 2000 2770; x_wconf 80' lang='lat' dir='ltr'><strong>Vides</strong></span> <span class='ocrx_word' id='word_1_707' title='bbox 2028 2730 2189 2787; x_wconf 86' lang='lat' dir='ltr'><strong>quam</strong></span> <span class='ocrx_word' id='word_1_708' title='bbox 2213 2714 2428 2771; x_wconf 84' lang='lat' dir='ltr'><strong>abunde</strong></span> <span class='ocrx_word' id='word_1_709' title='bbox 2459 2712 2696 2769; x_wconf 84' lang='lat' dir='ltr'><strong>ostendit</strong></span> <span class='ocrx_word' id='word_1_710' title='bbox 2721 2710 3229 2783; x_wconf 77' lang='lat' dir='ltr'><strong>cxsupcrationem?</strong></span> <span class='ocrx_word' id='word_1_711' title='bbox 3259 2709 3436 2764; x_wconf 84' lang='lat' dir='ltr'><strong>Intue-</strong></span> 
     </span>
    </p>
   </div>
   <div class='ocr_carea' id='block_1_84' title="bbox 1834 2802 3439 2880">
    <p class='ocr_par' dir='ltr' id='par_1_84' title="bbox 1834 2802 3439 2880">
     <span class='ocr_line' id='line_1_84' title="bbox 1834 2802 3439 2880; baseline -0.004 -17"><span class='ocrx_word' id='word_1_712' title='bbox 1834 2808 1982 2872; x_wconf 86' lang='lat' dir='ltr'><strong>mini,</strong></span> <span class='ocrx_word' id='word_1_713' title='bbox 2018 2809 2208 2878; x_wconf 84' lang='lat' dir='ltr'><strong>inquit,</strong></span> <span class='ocrx_word' id='word_1_714' title='bbox 2242 2817 2464 2880; x_wconf 86' lang='lat' dir='ltr'><strong>quantus</strong></span> <span class='ocrx_word' id='word_1_715' title='bbox 2491 2808 2554 2860; x_wconf 88' lang='lat' dir='ltr'><strong>sit</strong></span> <span class='ocrx_word' id='word_1_716' title='bbox 2579 2807 2660 2859; x_wconf 87' lang='lat' dir='ltr'><strong>hic</strong></span> <span class='ocrx_word' id='word_1_717' title='bbox 2705 2806 2788 2860; x_wconf 87' lang='lat' dir='ltr'><strong>cui</strong></span> <span class='ocrx_word' id='word_1_718' title='bbox 2833 2816 2879 2860; x_wconf 88' lang='lat' dir='ltr'><strong>et</strong></span> <span class='ocrx_word' id='word_1_719' title='bbox 2921 2804 3147 2858; x_wconf 81' lang='lat' dir='ltr'><strong>decimas</strong></span> <span class='ocrx_word' id='word_1_720' title='bbox 3190 2802 3327 2857; x_wconf 87' lang='lat' dir='ltr'><strong>dedit</strong></span> <span class='ocrx_word' id='word_1_721' title='bbox 3373 2803 3439 2857; x_wconf 86' lang='lat' dir='ltr'><strong>de</strong></span> 
     </span>
    </p>
   </div>
   <div class='ocr_carea' id='block_1_85' title="bbox 1834 2893 3438 2971">
    <p class='ocr_par' dir='ltr' id='par_1_85' title="bbox 1834 2893 3438 2971">
     <span class='ocr_line' id='line_1_85' title="bbox 1834 2893 3438 2971; baseline -0.001 -19"><span class='ocrx_word' id='word_1_722' title='bbox 1834 2900 2105 2971; x_wconf 76' lang='lat' dir='ltr'><strong>prtecipuis</strong></span> <span class='ocrx_word' id='word_1_723' title='bbox 2135 2899 2454 2968; x_wconf 85' lang='lat' dir='ltr'><strong>patriarcha.</strong></span> <span class='ocrx_word' id='word_1_724' title='bbox 2488 2897 2761 2967; x_wconf 53' lang='lat' dir='ltr'><strong>Praecipua</strong></span> <span class='ocrx_word' id='word_1_725' title='bbox 2791 2896 3049 2953; x_wconf 88' lang='lat' dir='ltr'><strong>dicuntur</strong></span> <span class='ocrx_word' id='word_1_726' title='bbox 3090 2894 3285 2965; x_wconf 86' lang='lat' dir='ltr'><strong>spolia.</strong></span> <span class='ocrx_word' id='word_1_727' title='bbox 3328 2893 3438 2951; x_wconf 86' lang='lat' dir='ltr'><strong>Nec</strong></span> 
     </span>
    </p>
   </div>
   <div class='ocr_carea' id='block_1_86' title="bbox 1833 2987 3440 3060">
    <p class='ocr_par' dir='ltr' id='par_1_86' title="bbox 1833 2987 3440 3060">
     <span class='ocr_line' id='line_1_86' title="bbox 1833 2987 3440 3060; baseline -0.002 -13"><span class='ocrx_word' id='word_1_728' title='bbox 1833 2992 1937 3047; x_wconf 85' lang='lat' dir='ltr'><strong>diei</strong></span> <span class='ocrx_word' id='word_1_729' title='bbox 1965 3000 2140 3060; x_wconf 78' lang='lat' dir='ltr'><strong>potest</strong></span> <span class='ocrx_word' id='word_1_730' title='bbox 2163 2988 2305 3060; x_wconf 91' lang='lat' dir='ltr'><strong>quod</strong></span> <span class='ocrx_word' id='word_1_731' title='bbox 2340 2990 2460 3045; x_wconf 90' lang='lat' dir='ltr'><strong>illas</strong></span> <span class='ocrx_word' id='word_1_732' title='bbox 2489 2992 2537 3045; x_wconf 90' lang='lat' dir='ltr'><strong>ei</strong></span> <span class='ocrx_word' id='word_1_733' title='bbox 2569 2988 2814 3052; x_wconf 81' lang='lat' dir='ltr'><strong>dederit.</strong></span> <span class='ocrx_word' id='word_1_734' title='bbox 2848 2996 2907 3043; x_wconf 93' lang='lat' dir='ltr'><strong>ut</strong></span> <span class='ocrx_word' id='word_1_735' title='bbox 2938 2987 3028 3057; x_wconf 91' lang='lat' dir='ltr'><strong>qui</strong></span> <span class='ocrx_word' id='word_1_736' title='bbox 3070 2997 3217 3042; x_wconf 82' lang='lat' dir='ltr'><strong>esset</strong></span> <span class='ocrx_word' id='word_1_737' title='bbox 3256 2987 3440 3044; x_wconf 86' lang='lat' dir='ltr'><strong>socius</strong></span> 
     </span>
    </p>
   </div>
   <div class='ocr_carea' id='block_1_87' title="bbox 1837 3079 3439 3153">
    <p class='ocr_par' dir='ltr' id='par_1_87' title="bbox 1837 3079 3439 3153">
     <span class='ocr_line' id='line_1_87' title="bbox 1837 3079 3439 3153; baseline -0.004 -12"><span class='ocrx_word' id='word_1_738' title='bbox 1837 3086 1960 3141; x_wconf 86' lang='lat' dir='ltr'><strong>hclli</strong></span> <span class='ocrx_word' id='word_1_739' title='bbox 1997 3102 2009 3136; x_wconf 91' lang='lat'><strong>:</strong></span> <span class='ocrx_word' id='word_1_740' title='bbox 2046 3092 2329 3153; x_wconf 82' lang='lat' dir='ltr'><strong>propterea</strong></span> <span class='ocrx_word' id='word_1_741' title='bbox 2381 3083 2527 3138; x_wconf 88' lang='lat' dir='ltr'><strong>enim</strong></span> <span class='ocrx_word' id='word_1_742' title='bbox 2576 3081 2739 3145; x_wconf 86' lang='lat' dir='ltr'><strong>dicit,</strong></span> <span class='ocrx_word' id='word_1_743' title='bbox 2788 3079 3038 3135; x_wconf 80' lang='lat' dir='ltr'><strong>Obviavit</strong></span> <span class='ocrx_word' id='word_1_744' title='bbox 3080 3093 3329 3151; x_wconf 88' lang='lat' dir='ltr'><strong>regresso</strong></span> <span class='ocrx_word' id='word_1_745' title='bbox 3369 3094 3439 3135; x_wconf 77' lang='lat' dir='ltr'><strong>es</strong></span> 
     </span>
    </p>
   </div>
   <div class='ocr_carea' id='block_1_88' title="bbox 1834 3171 3438 3249">
    <p class='ocr_par' dir='ltr' id='par_1_88' title="bbox 1834 3171 3438 3249">
     <span class='ocr_line' id='line_1_88' title="bbox 1834 3171 3438 3249; baseline -0.004 -16"><span class='ocrx_word' id='word_1_746' title='bbox 1834 3180 1982 3233; x_wconf 70' lang='lat' dir='ltr'><strong>ctedc</strong></span> <span class='ocrx_word' id='word_1_747' title='bbox 2007 3192 2215 3249; x_wconf 70' lang='lat' dir='ltr'><strong>regum.</strong></span> <span class='ocrx_word' id='word_1_748' title='bbox 2245 3175 2429 3242; x_wconf 90' lang='lat' dir='ltr'><strong>Domi,</strong></span> <span class='ocrx_word' id='word_1_749' title='bbox 2460 3176 2652 3246; x_wconf 78' lang='lat' dir='ltr'><strong>inquit,</strong></span> <span class='ocrx_word' id='word_1_750' title='bbox 2677 3174 2895 3230; x_wconf 79' lang='lat' dir='ltr'><strong>sedebat</strong></span> <span class='ocrx_word' id='word_1_751' title='bbox 2920 3213 2938 3241; x_wconf 93' lang='lat'><strong>,</strong></span> <span class='ocrx_word' id='word_1_752' title='bbox 2964 3180 3019 3229; x_wconf 86' lang='lat' dir='ltr'><strong>et</strong></span> <span class='ocrx_word' id='word_1_753' title='bbox 3053 3172 3209 3228; x_wconf 89' lang='lat' dir='ltr'><strong>dedit</strong></span> <span class='ocrx_word' id='word_1_754' title='bbox 3234 3172 3284 3228; x_wconf 89' lang='lat' dir='ltr'><strong>ei</strong></span> <span class='ocrx_word' id='word_1_755' title='bbox 3322 3171 3438 3244; x_wconf 83' lang='lat' dir='ltr'><strong>pri-</strong></span> 
     </span>
    </p>
   </div>
   <div class='ocr_carea' id='block_1_89' title="bbox 1838 3262 3445 3339">
    <p class='ocr_par' dir='ltr' id='par_1_89' title="bbox 1838 3262 3445 3339">
     <span class='ocr_line' id='line_1_89' title="bbox 1838 3262 3445 3339; baseline -0.003 -15"><span class='ocrx_word' id='word_1_756' title='bbox 1838 3271 2015 3324; x_wconf 85' lang='lat' dir='ltr'><strong>mitias</strong></span> <span class='ocrx_word' id='word_1_757' title='bbox 2042 3284 2231 3325; x_wconf 87' lang='lat' dir='ltr'><strong>eorum</strong></span> <span class='ocrx_word' id='word_1_758' title='bbox 2258 3283 2377 3339; x_wconf 71' lang='lat' dir='ltr'><strong>qua:</strong></span> <span class='ocrx_word' id='word_1_759' title='bbox 2402 3267 2515 3323; x_wconf 88' lang='lat' dir='ltr'><strong>suis</strong></span> <span class='ocrx_word' id='word_1_760' title='bbox 2540 3265 2813 3321; x_wconf 88' lang='lat' dir='ltr'><strong>laboribus</strong></span> <span class='ocrx_word' id='word_1_761' title='bbox 2838 3265 3185 3335; x_wconf 89' lang='lat' dir='ltr'><strong>acquisierat.</strong></span> <span class='ocrx_word' id='word_1_762' title='bbox 3214 3263 3269 3319; x_wconf 85' lang='lat'><strong>5.</strong></span> <span class='ocrx_word' id='word_1_763' title='bbox 3296 3262 3361 3318; x_wconf 76' lang='lat' dir='ltr'><strong>Et</strong></span> <span class='ocrx_word' id='word_1_764' title='bbox 3378 3279 3445 3319; x_wconf 72' lang='lat' dir='ltr'><strong>ex</strong></span> 
     </span>
    </p>
   </div>
   <div class='ocr_carea' id='block_1_90' title="bbox 1837 3354 3444 3431">
    <p class='ocr_par' dir='ltr' id='par_1_90' title="bbox 1837 3354 3444 3431">
     <span class='ocr_line' id='line_1_90' title="bbox 1837 3354 3444 3431; baseline -0.003 -17"><span class='ocrx_word' id='word_1_765' title='bbox 1837 3362 1961 3431; x_wconf 78' lang='lat' dir='ltr'><strong>ﬁliis</strong></span> <span class='ocrx_word' id='word_1_766' title='bbox 1988 3358 2193 3431; x_wconf 88' lang='lat' dir='ltr'><strong>quidem</strong></span> <span class='ocrx_word' id='word_1_767' title='bbox 2224 3358 2345 3413; x_wconf 77' lang='lat' dir='ltr'><strong>Levi</strong></span> <span class='ocrx_word' id='word_1_768' title='bbox 2374 3357 2716 3412; x_wconf 84' lang='lat' dir='ltr'><strong>sacerdotium</strong></span> <span class='ocrx_word' id='word_1_769' title='bbox 2748 3356 3052 3425; x_wconf 80' lang='lat' dir='ltr'><strong>accipientes</strong></span> <span class='ocrx_word' id='word_1_770' title='bbox 3076 3394 3093 3421; x_wconf 89' lang='lat'><strong>,</strong></span> <span class='ocrx_word' id='word_1_771' title='bbox 3138 3354 3444 3409; x_wconf 86' lang='lat' dir='ltr'><strong>mandatum</strong></span> 
     </span>
    </p>
   </div>
   <div class='ocr_carea' id='block_1_91' title="bbox 1839 3446 3440 3520">
    <p class='ocr_par' dir='ltr' id='par_1_91' title="bbox 1839 3446 3440 3520">
     <span class='ocr_line' id='line_1_91' title="bbox 1839 3446 3440 3520; baseline -0.004 -13"><span class='ocrx_word' id='word_1_772' title='bbox 1839 3453 2023 3507; x_wconf 79' lang='lat' dir='ltr'><strong>habent</strong></span> <span class='ocrx_word' id='word_1_773' title='bbox 2046 3451 2270 3507; x_wconf 69' lang='lat' dir='ltr'><strong>decimo:</strong></span> <span class='ocrx_word' id='word_1_774' title='bbox 2296 3466 2493 3504; x_wconf 87' lang='lat' dir='ltr'><strong>sumere</strong></span> <span class='ocrx_word' id='word_1_775' title='bbox 2517 3465 2548 3502; x_wconf 92' lang='lat' dir='ltr'><strong>a</strong></span> <span class='ocrx_word' id='word_1_776' title='bbox 2575 3449 2770 3520; x_wconf 82' lang='lat' dir='ltr'><strong>papula</strong></span> <span class='ocrx_word' id='word_1_777' title='bbox 2799 3447 3083 3503; x_wconf 84' lang='lat' dir='ltr'><strong>secundum</strong></span> <span class='ocrx_word' id='word_1_778' title='bbox 3129 3449 3289 3519; x_wconf 86' lang='lat' dir='ltr'><strong>legent</strong></span> <span class='ocrx_word' id='word_1_779' title='bbox 3319 3486 3335 3512; x_wconf 87' lang='lat'><strong>,</strong></span> <span class='ocrx_word' id='word_1_780' title='bbox 3383 3446 3440 3500; x_wconf 89' lang='lat' dir='ltr'><strong>id</strong></span> 
     </span>
    </p>
   </div>
   <div class='ocr_carea' id='block_1_92' title="bbox 1837 3522 3447 3598">
    <p class='ocr_par' dir='ltr' id='par_1_92' title="bbox 1837 3522 3447 3598">
     <span class='ocr_line' id='line_1_92' title="bbox 1837 3522 3447 3598; baseline -0.005 -14"><span class='ocrx_word' id='word_1_781' title='bbox 1837 3542 1946 3595; x_wconf 85' lang='lat' dir='ltr'><strong>est,</strong></span> <span class='ocrx_word' id='word_1_782' title='bbox 1975 3548 2007 3583; x_wconf 90' lang='lat' dir='ltr'><strong>a</strong></span> <span class='ocrx_word' id='word_1_783' title='bbox 2054 3528 2300 3598; x_wconf 77' lang='lat' dir='ltr'><strong>fratribus</strong></span> <span class='ocrx_word' id='word_1_784' title='bbox 2347 3528 2453 3580; x_wconf 80' lang='lat' dir='ltr'><strong>suis</strong></span> <span class='ocrx_word' id='word_1_785' title='bbox 2482 3541 2499 3579; x_wconf 88' lang='lat'><strong><em>:</em></strong></span> <span class='ocrx_word' id='word_1_786' title='bbox 2524 3541 2829 3594; x_wconf 81' lang='lat' dir='ltr'><strong>quamquam</strong></span> <span class='ocrx_word' id='word_1_787' title='bbox 2878 3535 2925 3576; x_wconf 82' lang='lat' dir='ltr'><strong>et</strong></span> <span class='ocrx_word' id='word_1_788' title='bbox 2969 3525 3068 3592; x_wconf 87' lang='lat' dir='ltr'><strong>ipsi</strong></span> <span class='ocrx_word' id='word_1_789' title='bbox 3112 3522 3328 3576; x_wconf 72' lang='lat' dir='ltr'><strong>exierint</strong></span> <span class='ocrx_word' id='word_1_790' title='bbox 3377 3523 3447 3576; x_wconf 78' lang='lat' dir='ltr'><strong>de</strong></span> 
     </span>
    </p>
   </div>
   <div class='ocr_carea' id='block_1_93' title="bbox 1836 3615 3441 3685">
    <p class='ocr_par' dir='ltr' id='par_1_93' title="bbox 1836 3615 3441 3685">
     <span class='ocr_line' id='line_1_93' title="bbox 1836 3615 3441 3685; baseline -0.006 -11"><span class='ocrx_word' id='word_1_791' title='bbox 1836 3621 2020 3675; x_wconf 51' lang='lat' dir='ltr'><strong>intrabis</strong></span> <span class='ocrx_word' id='word_1_792' title='bbox 2048 3620 2284 3674; x_wconf 75' lang='lat' dir='ltr'><strong>Abrahw.</strong></span> <span class='ocrx_word' id='word_1_793' title='bbox 2313 3616 2487 3674; x_wconf 85' lang='lat' dir='ltr'><strong>Tanta</strong></span> <span class='ocrx_word' id='word_1_794' title='bbox 2514 3616 2823 3680; x_wconf 86' lang='lat' dir='ltr'><strong>sacerdotii,</strong></span> <span class='ocrx_word' id='word_1_795' title='bbox 2856 3615 3063 3685; x_wconf 90' lang='lat' dir='ltr'><strong>inquit,</strong></span> <span class='ocrx_word' id='word_1_796' title='bbox 3096 3622 3180 3668; x_wconf 90' lang='lat' dir='ltr'><strong>cst</strong></span> <span class='ocrx_word' id='word_1_797' title='bbox 3201 3627 3407 3681; x_wconf 75' lang='lat' dir='ltr'><strong>exsnpe</strong></span> <span class='ocrx_word' id='word_1_798' title='bbox 3426 3640 3441 3653; x_wconf 83' lang='lat'><strong>-</strong></span> 
     </span>
    </p>
   </div>
   <div class='ocr_carea' id='block_1_94' title="bbox 1838 3703 3444 3781">
    <p class='ocr_par' dir='ltr' id='par_1_94' title="bbox 1838 3703 3444 3781">
     <span class='ocr_line' id='line_1_94' title="bbox 1838 3703 3444 3781; baseline -0.005 -14"><span class='ocrx_word' id='word_1_799' title='bbox 1838 3713 1997 3776; x_wconf 84' lang='lat' dir='ltr'><strong>ratio,</strong></span> <span class='ocrx_word' id='word_1_800' title='bbox 2030 3721 2087 3766; x_wconf 91' lang='lat' dir='ltr'><strong>ut</strong></span> <span class='ocrx_word' id='word_1_801' title='bbox 2117 3711 2206 3781; x_wconf 93' lang='lat' dir='ltr'><strong>qui</strong></span> <span class='ocrx_word' id='word_1_802' title='bbox 2237 3709 2443 3765; x_wconf 85' lang='lat' dir='ltr'><strong>honore</strong></span> <span class='ocrx_word' id='word_1_803' title='bbox 2471 3719 2591 3763; x_wconf 88' lang='lat' dir='ltr'><strong>sunt</strong></span> <span class='ocrx_word' id='word_1_804' title='bbox 2611 3723 2774 3780; x_wconf 78' lang='lat' dir='ltr'><strong>pares</strong></span> <span class='ocrx_word' id='word_1_805' title='bbox 2796 3722 2825 3760; x_wconf 88' lang='lat' dir='ltr'><strong>a</strong></span> <span class='ocrx_word' id='word_1_806' title='bbox 2854 3705 3149 3775; x_wconf 81' lang='lat' dir='ltr'><strong>majoribus</strong></span> <span class='ocrx_word' id='word_1_807' title='bbox 3162 3714 3218 3759; x_wconf 87' lang='lat' dir='ltr'><strong>et</strong></span> <span class='ocrx_word' id='word_1_808' title='bbox 3240 3703 3444 3759; x_wconf 84' lang='lat' dir='ltr'><strong>habent</strong></span> 
     </span>
    </p>
   </div>
   <div class='ocr_carea' id='block_1_95' title="bbox 1836 3796 3444 3873">
    <p class='ocr_par' dir='ltr' id='par_1_95' title="bbox 1836 3796 3444 3873">
     <span class='ocr_line' id='line_1_95' title="bbox 1836 3796 3444 3873; baseline -0.004 -14"><span class='ocrx_word' id='word_1_809' title='bbox 1836 3803 2086 3859; x_wconf 88' lang='lat' dir='ltr'><strong>eumdem</strong></span> <span class='ocrx_word' id='word_1_810' title='bbox 2119 3801 2204 3857; x_wconf 88' lang='lat' dir='ltr'><strong>sui</strong></span> <span class='ocrx_word' id='word_1_811' title='bbox 2229 3802 2446 3873; x_wconf 87' lang='lat' dir='ltr'><strong>generis</strong></span> <span class='ocrx_word' id='word_1_812' title='bbox 2476 3800 2776 3872; x_wconf 83' lang='lat' dir='ltr'><strong>principem</strong></span> <span class='ocrx_word' id='word_1_813' title='bbox 2797 3840 2813 3862; x_wconf 93' lang='lat'><strong>,</strong></span> <span class='ocrx_word' id='word_1_814' title='bbox 2847 3798 2956 3852; x_wconf 90' lang='lat' dir='ltr'><strong>sint</strong></span> <span class='ocrx_word' id='word_1_815' title='bbox 2982 3797 3155 3851; x_wconf 89' lang='lat' dir='ltr'><strong>multo</strong></span> <span class='ocrx_word' id='word_1_816' title='bbox 3186 3796 3444 3852; x_wconf 80' lang='lat' dir='ltr'><strong>meliores</strong></span> 
     </span>
    </p>
   </div>
   <div class='ocr_carea' id='block_1_96' title="bbox 1833 3887 3443 3968">
    <p class='ocr_par' dir='ltr' id='par_1_96' title="bbox 1833 3887 3443 3968">
     <span class='ocr_line' id='line_1_96' title="bbox 1833 3887 3443 3968; baseline -0.005 -15"><span class='ocrx_word' id='word_1_817' title='bbox 1833 3908 1887 3953; x_wconf 85' lang='lat' dir='ltr'><strong>et</strong></span> <span class='ocrx_word' id='word_1_818' title='bbox 1914 3897 2316 3968; x_wconf 71' lang='lat' dir='ltr'><strong>prmstantiores</strong></span> <span class='ocrx_word' id='word_1_819' title='bbox 2361 3895 2503 3949; x_wconf 87' lang='lat' dir='ltr'><strong>aliis.</strong></span> <span class='ocrx_word' id='word_1_820' title='bbox 2534 3893 2780 3948; x_wconf 74' lang='lat' dir='ltr'><strong>Decimas</strong></span> <span class='ocrx_word' id='word_1_821' title='bbox 2811 3890 3030 3962; x_wconf 86' lang='lat' dir='ltr'><strong>quidem</strong></span> <span class='ocrx_word' id='word_1_822' title='bbox 3057 3899 3207 3946; x_wconf 78' lang='lat' dir='ltr'><strong>certe</strong></span> <span class='ocrx_word' id='word_1_823' title='bbox 3241 3887 3310 3943; x_wconf 90' lang='lat' dir='ltr'><strong>ab</strong></span> <span class='ocrx_word' id='word_1_824' title='bbox 3332 3888 3443 3945; x_wconf 88' lang='lat' dir='ltr'><strong>illis</strong></span> 
     </span>
    </p>
   </div>
   <div class='ocr_carea' id='block_1_97' title="bbox 1833 3979 3446 4061">
    <p class='ocr_par' dir='ltr' id='par_1_97' title="bbox 1833 3979 3446 4061">
     <span class='ocr_line' id='line_1_97' title="bbox 1833 3979 3446 4061; baseline -0.006 -16"><span class='ocrx_word' id='word_1_825' title='bbox 1833 3990 2121 4061; x_wconf 80' lang='lat' dir='ltr'><strong>accipiunt.</strong></span> <span class='ocrx_word' id='word_1_826' title='bbox 2156 3987 2383 4058; x_wconf 87' lang='lat' dir='ltr'><strong>Quando</strong></span> <span class='ocrx_word' id='word_1_827' title='bbox 2421 4002 2552 4057; x_wconf 86' lang='lat' dir='ltr'><strong>ergo</strong></span> <span class='ocrx_word' id='word_1_828' title='bbox 2574 3986 2822 4041; x_wconf 83' lang='lat' dir='ltr'><strong>inventus</strong></span> <span class='ocrx_word' id='word_1_829' title='bbox 2855 3982 3014 4038; x_wconf 70' lang='lat' dir='ltr'><strong>fuerit</strong></span> <span class='ocrx_word' id='word_1_830' title='bbox 3039 3981 3238 4054; x_wconf 84' lang='lat' dir='ltr'><strong>aliquis</strong></span> <span class='ocrx_word' id='word_1_831' title='bbox 3261 3979 3332 4036; x_wconf 90' lang='lat' dir='ltr'><strong>ab</strong></span> <span class='ocrx_word' id='word_1_832' title='bbox 3359 3979 3446 4037; x_wconf 83' lang='lat' dir='ltr'><strong>his</strong></span> 
     </span>
    </p>
   </div>
   <div class='ocr_carea' id='block_1_98' title="bbox 1836 4074 3444 4153">
    <p class='ocr_par' dir='ltr' id='par_1_98' title="bbox 1836 4074 3444 4153">
     <span class='ocr_line' id='line_1_98' title="bbox 1836 4074 3444 4153; baseline -0.006 -14"><span class='ocrx_word' id='word_1_833' title='bbox 1836 4083 1969 4153; x_wconf 78' lang='lat' dir='ltr'><strong>ipsis</strong></span> <span class='ocrx_word' id='word_1_834' title='bbox 1991 4082 2229 4140; x_wconf 87' lang='lat' dir='ltr'><strong>decimas</strong></span> <span class='ocrx_word' id='word_1_835' title='bbox 2256 4079 2531 4152; x_wconf 84' lang='lat' dir='ltr'><strong>accipiens</strong></span> <span class='ocrx_word' id='word_1_836' title='bbox 2554 4121 2569 4147; x_wconf 95' lang='lat'><strong>,</strong></span> <span class='ocrx_word' id='word_1_837' title='bbox 2602 4093 2787 4133; x_wconf 89' lang='lat' dir='ltr'><strong>annon</strong></span> <span class='ocrx_word' id='word_1_838' title='bbox 2819 4076 2873 4131; x_wconf 92' lang='lat' dir='ltr'><strong>hi</strong></span> <span class='ocrx_word' id='word_1_839' title='bbox 2904 4074 3121 4147; x_wconf 87' lang='lat' dir='ltr'><strong>quidem</strong></span> <span class='ocrx_word' id='word_1_840' title='bbox 3146 4075 3326 4130; x_wconf 67' lang='lat' dir='ltr'><strong>locum</strong></span> <span class='ocrx_word' id='word_1_841' title='bbox 3354 4082 3444 4129; x_wconf 84' lang='lat' dir='ltr'><strong>te-</strong></span> 
     </span>
    </p>
   </div>
   <div class='ocr_carea' id='block_1_99' title="bbox 1838 4166 3447 4239">
    <p class='ocr_par' dir='ltr' id='par_1_99' title="bbox 1838 4166 3447 4239">
     <span class='ocr_line' id='line_1_99' title="bbox 1838 4166 3447 4239; baseline -0.006 -7"><span class='ocrx_word' id='word_1_842' title='bbox 1838 4185 1967 4232; x_wconf 88' lang='lat' dir='ltr'><strong>nent</strong></span> <span class='ocrx_word' id='word_1_843' title='bbox 1987 4176 2269 4239; x_wconf 80' lang='lat' dir='ltr'><strong>laicorom,</strong></span> <span class='ocrx_word' id='word_1_844' title='bbox 2290 4174 2381 4228; x_wconf 86' lang='lat' dir='ltr'><strong>ille</strong></span> <span class='ocrx_word' id='word_1_845' title='bbox 2397 4181 2579 4227; x_wconf 84' lang='lat' dir='ltr'><strong>autem</strong></span> <span class='ocrx_word' id='word_1_846' title='bbox 2596 4181 2679 4239; x_wconf 72' lang='lat' dir='ltr'><strong>est</strong></span> <span class='ocrx_word' id='word_1_847' title='bbox 2699 4171 2840 4226; x_wconf 90' lang='lat' dir='ltr'><strong>inter</strong></span> <span class='ocrx_word' id='word_1_848' title='bbox 2863 4167 3177 4224; x_wconf 85' lang='lat' dir='ltr'><strong>sacerdotes</strong></span> <span class='ocrx_word' id='word_1_849' title='bbox 3191 4166 3218 4222; x_wconf 75' lang='grc' dir='ltr'><strong><em>τ</em></strong></span> <span class='ocrx_word' id='word_1_850' title='bbox 3257 4166 3447 4235; x_wconf 77' lang='lat' dir='ltr'><strong>Neque</strong></span> 
     </span>
    </p>
   </div>
   <div class='ocr_carea' id='block_1_100' title="bbox 1839 4258 3443 4337">
    <p class='ocr_par' dir='ltr' id='par_1_100' title="bbox 1839 4258 3443 4337">
     <span class='ocr_line' id='line_1_100' title="bbox 1839 4258 3443 4337; baseline -0.007 -12"><span class='ocrx_word' id='word_1_851' title='bbox 1839 4269 1943 4325; x_wconf 87' lang='lat' dir='ltr'><strong>hoc</strong></span> <span class='ocrx_word' id='word_1_852' title='bbox 1962 4268 2165 4334; x_wconf 88' lang='lat' dir='ltr'><strong>solum,</strong></span> <span class='ocrx_word' id='word_1_853' title='bbox 2189 4266 2285 4323; x_wconf 85' lang='lat' dir='ltr'><strong>sed</strong></span> <span class='ocrx_word' id='word_1_854' title='bbox 2317 4283 2384 4321; x_wconf 89' lang='lat' dir='ltr'><strong>ne</strong></span> <span class='ocrx_word' id='word_1_855' title='bbox 2405 4266 2469 4320; x_wconf 90' lang='lat' dir='ltr'><strong>iis</strong></span> <span class='ocrx_word' id='word_1_856' title='bbox 2484 4263 2701 4337; x_wconf 87' lang='lat' dir='ltr'><strong>quidem</strong></span> <span class='ocrx_word' id='word_1_857' title='bbox 2730 4271 2849 4317; x_wconf 88' lang='lat' dir='ltr'><strong>erat</strong></span> <span class='ocrx_word' id='word_1_858' title='bbox 2878 4276 2975 4334; x_wconf 85' lang='lat' dir='ltr'><strong>par</strong></span> <span class='ocrx_word' id='word_1_859' title='bbox 2998 4259 3227 4328; x_wconf 89' lang='lat' dir='ltr'><strong>honore,</strong></span> <span class='ocrx_word' id='word_1_860' title='bbox 3253 4258 3349 4315; x_wconf 89' lang='lat' dir='ltr'><strong>sed</strong></span> <span class='ocrx_word' id='word_1_861' title='bbox 3375 4274 3443 4315; x_wconf 79' lang='lat' dir='ltr'><strong>es</strong></span> 
     </span>
    </p>
   </div>
   <div class='ocr_carea' id='block_1_101' title="bbox 1838 4346 3447 4432">
    <p class='ocr_par' dir='ltr' id='par_1_101' title="bbox 1838 4346 3447 4432">
     <span class='ocr_line' id='line_1_101' title="bbox 1838 4346 3447 4432; baseline -0.007 -15"><span class='ocrx_word' id='word_1_862' title='bbox 1838 4362 1945 4417; x_wconf 89' lang='lat' dir='ltr'><strong>alio</strong></span> <span class='ocrx_word' id='word_1_863' title='bbox 1972 4375 2194 4432; x_wconf 85' lang='lat' dir='ltr'><strong>genere.</strong></span> <span class='ocrx_word' id='word_1_864' title='bbox 2213 4346 2577 4428; x_wconf 80' lang='lat' dir='ltr'><strong>Quamobrem</strong></span> <span class='ocrx_word' id='word_1_865' title='bbox 2602 4372 2710 4411; x_wconf 92' lang='lat' dir='ltr'><strong>non</strong></span> <span class='ocrx_word' id='word_1_866' title='bbox 2734 4354 2978 4411; x_wconf 89' lang='lat' dir='ltr'><strong>dedisset</strong></span> <span class='ocrx_word' id='word_1_867' title='bbox 2991 4351 3231 4410; x_wconf 83' lang='lat' dir='ltr'><strong>decimas</strong></span> <span class='ocrx_word' id='word_1_868' title='bbox 3251 4352 3447 4406; x_wconf 77' lang='lat' dir='ltr'><strong>alieni-</strong></span> 
     </span>
    </p>
   </div>
   <div class='ocr_carea' id='block_1_102' title="bbox 1837 4442 3449 4526">
    <p class='ocr_par' dir='ltr' id='par_1_102' title="bbox 1837 4442 3449 4526">
     <span class='ocr_line' id='line_1_102' title="bbox 1837 4442 3449 4526; baseline -0.007 -17"><span class='ocrx_word' id='word_1_869' title='bbox 1837 4468 2012 4526; x_wconf 76' lang='lat' dir='ltr'><strong>genae,</strong></span> <span class='ocrx_word' id='word_1_870' title='bbox 2043 4451 2145 4507; x_wconf 88' lang='lat' dir='ltr'><strong>nisi</strong></span> <span class='ocrx_word' id='word_1_871' title='bbox 2176 4450 2380 4507; x_wconf 89' lang='lat' dir='ltr'><strong>multus</strong></span> <span class='ocrx_word' id='word_1_872' title='bbox 2406 4448 2599 4504; x_wconf 75' lang='lat' dir='ltr'><strong>fuisset</strong></span> <span class='ocrx_word' id='word_1_873' title='bbox 2625 4447 2823 4503; x_wconf 83' lang='lat' dir='ltr'><strong>honor.</strong></span> <span class='ocrx_word' id='word_1_874' title='bbox 2851 4444 3048 4516; x_wconf 67' lang='lat' dir='ltr'><strong>Papae!</strong></span> <span class='ocrx_word' id='word_1_875' title='bbox 3077 4442 3203 4515; x_wconf 90' lang='lat' dir='ltr'><strong>quid</strong></span> <span class='ocrx_word' id='word_1_876' title='bbox 3224 4442 3402 4500; x_wconf 78' lang='lat' dir='ltr'><strong>ell&#39;ecit</strong></span> <span class='ocrx_word' id='word_1_877' title='bbox 3422 4443 3449 4497; x_wconf 75' lang='grc' dir='ltr'><strong><em>τ</em></strong></span> 
     </span>
    </p>
   </div>
   <div class='ocr_carea' id='block_1_103' title="bbox 1839 4536 3448 4616">
    <p class='ocr_par' dir='ltr' id='par_1_103' title="bbox 1839 4536 3448 4616">
     <span class='ocr_line' id='line_1_103' title="bbox 1839 4536 3448 4616; baseline -0.005 -16"><span class='ocrx_word' id='word_1_878' title='bbox 1839 4544 2016 4616; x_wconf 87' lang='lat' dir='ltr'><strong>majus</strong></span> <span class='ocrx_word' id='word_1_879' title='bbox 2044 4558 2203 4614; x_wconf 87' lang='lat' dir='ltr'><strong>quam</strong></span> <span class='ocrx_word' id='word_1_880' title='bbox 2234 4552 2292 4596; x_wconf 94' lang='lat' dir='ltr'><strong>ut</strong></span> <span class='ocrx_word' id='word_1_881' title='bbox 2336 4541 2483 4597; x_wconf 90' lang='lat' dir='ltr'><strong>credi</strong></span> <span class='ocrx_word' id='word_1_882' title='bbox 2528 4539 2740 4613; x_wconf 83' lang='lat' dir='ltr'><strong>possit,</strong></span> <span class='ocrx_word' id='word_1_883' title='bbox 2792 4537 3005 4610; x_wconf 76' lang='lat' dir='ltr'><strong>agitans</strong></span> <span class='ocrx_word' id='word_1_884' title='bbox 3049 4536 3344 4593; x_wconf 83' lang='lat' dir='ltr'><strong>declaravit</strong></span> <span class='ocrx_word' id='word_1_885' title='bbox 3389 4536 3448 4592; x_wconf 91' lang='lat' dir='ltr'><strong>in</strong></span> 
     </span>
    </p>
   </div>
   <div class='ocr_carea' id='block_1_104' title="bbox 1842 4626 3450 4706">
    <p class='ocr_par' dir='ltr' id='par_1_104' title="bbox 1842 4626 3450 4706">
     <span class='ocr_line' id='line_1_104' title="bbox 1842 4626 3450 4706; baseline -0.006 -13"><span class='ocrx_word' id='word_1_886' title='bbox 1842 4636 2080 4706; x_wconf 83' lang='lat' dir='ltr'><strong>Epistula</strong></span> <span class='ocrx_word' id='word_1_887' title='bbox 2108 4634 2175 4689; x_wconf 88' lang='lat' dir='ltr'><strong>ad</strong></span> <span class='ocrx_word' id='word_1_888' title='bbox 2200 4633 2498 4689; x_wconf 81' lang='lat' dir='ltr'><strong>Romanos.</strong></span> <span class='ocrx_word' id='word_1_889' title='bbox 2525 4630 2660 4687; x_wconf 86' lang='lat' dir='ltr'><strong>Nam</strong></span> <span class='ocrx_word' id='word_1_890' title='bbox 2687 4626 2800 4686; x_wconf 84' lang='lat' dir='ltr'><strong>illic</strong></span> <span class='ocrx_word' id='word_1_891' title='bbox 2824 4638 2880 4685; x_wconf 93' lang='lat' dir='ltr'><strong>et</strong></span> <span class='ocrx_word' id='word_1_892' title='bbox 2908 4638 3108 4685; x_wconf 70' lang='lat' dir='ltr'><strong>aestu:</strong></span> <span class='ocrx_word' id='word_1_893' title='bbox 3132 4638 3188 4684; x_wconf 89' lang='lat' dir='ltr'><strong>et</strong></span> <span class='ocrx_word' id='word_1_894' title='bbox 3210 4626 3450 4684; x_wconf 68' lang='lat' dir='ltr'><strong>Iudaica)</strong></span> 
     </span>
    </p>
   </div>
   <div class='ocr_carea' id='block_1_105' title="bbox 1843 4721 3453 4794">
    <p class='ocr_par' dir='ltr' id='par_1_105' title="bbox 1843 4721 3453 4794">
     <span class='ocr_line' id='line_1_105' title="bbox 1843 4721 3453 4794; baseline -0.006 -11"><span class='ocrx_word' id='word_1_895' title='bbox 1843 4728 2058 4784; x_wconf 84' lang='lat' dir='ltr'><strong>vivendi</strong></span> <span class='ocrx_word' id='word_1_896' title='bbox 2090 4727 2317 4783; x_wconf 85' lang='lat' dir='ltr'><strong>rationis</strong></span> <span class='ocrx_word' id='word_1_897' title='bbox 2346 4736 2400 4781; x_wconf 93' lang='lat' dir='ltr'><strong>et</strong></span> <span class='ocrx_word' id='word_1_898' title='bbox 2426 4723 2653 4781; x_wconf 90' lang='lat' dir='ltr'><strong>instituti</strong></span> <span class='ocrx_word' id='word_1_899' title='bbox 2685 4721 2988 4794; x_wconf 79' lang='lat' dir='ltr'><strong>principem</strong></span> <span class='ocrx_word' id='word_1_900' title='bbox 3014 4731 3069 4777; x_wconf 85' lang='lat' dir='ltr'><strong>et</strong></span> <span class='ocrx_word' id='word_1_901' title='bbox 3093 4722 3323 4791; x_wconf 89' lang='lat' dir='ltr'><strong>primum</strong></span> <span class='ocrx_word' id='word_1_902' title='bbox 3356 4735 3453 4793; x_wconf 85' lang='lat' dir='ltr'><strong>pa-</strong></span> 
     </span>
    </p>
   </div>
   <div class='ocr_carea' id='block_1_106' title="bbox 1844 4813 3450 4875">
    <p class='ocr_par' dir='ltr' id='par_1_106' title="bbox 1844 4813 3450 4875">
     <span class='ocr_line' id='line_1_106' title="bbox 1844 4813 3450 4875; baseline -0.003 -1"><span class='ocrx_word' id='word_1_903' title='bbox 1844 4826 1982 4875; x_wconf 89' lang='lat' dir='ltr'><strong>trem</strong></span> <span class='ocrx_word' id='word_1_904' title='bbox 2012 4818 2145 4875; x_wconf 84' lang='lat' dir='ltr'><strong>dicit</strong></span> <span class='ocrx_word' id='word_1_905' title='bbox 2169 4834 2292 4875; x_wconf 85' lang='lat' dir='ltr'><strong>esse</strong></span> <span class='ocrx_word' id='word_1_906' title='bbox 2319 4817 2594 4874; x_wconf 83' lang='lat' dir='ltr'><strong>Abraham</strong></span> <span class='ocrx_word' id='word_1_907' title='bbox 2630 4833 2645 4869; x_wconf 93' lang='lat'><strong>:</strong></span> <span class='ocrx_word' id='word_1_908' title='bbox 2680 4814 2768 4871; x_wconf 91' lang='lat' dir='ltr'><strong>hic</strong></span> <span class='ocrx_word' id='word_1_909' title='bbox 2795 4824 2976 4869; x_wconf 88' lang='lat' dir='ltr'><strong>autem</strong></span> <span class='ocrx_word' id='word_1_910' title='bbox 3020 4813 3282 4869; x_wconf 85' lang='lat' dir='ltr'><strong>adversus</strong></span> <span class='ocrx_word' id='word_1_911' title='bbox 3324 4829 3450 4870; x_wconf 88' lang='lat' dir='ltr'><strong>cum</strong></span> 
     </span>
    </p>
   </div>
   <div class='ocr_carea' id='block_1_107' title="bbox 1841 4906 3454 4979">
    <p class='ocr_par' dir='ltr' id='par_1_107' title="bbox 1841 4906 3454 4979">
     <span class='ocr_line' id='line_1_107' title="bbox 1841 4906 3454 4979; baseline -0.001 -13"><span class='ocrx_word' id='word_1_912' title='bbox 1841 4911 2007 4968; x_wconf 82' lang='lat' dir='ltr'><strong>audet</strong></span> <span class='ocrx_word' id='word_1_913' title='bbox 2028 4912 2356 4979; x_wconf 88' lang='lat' dir='ltr'><strong>admodum,</strong></span> <span class='ocrx_word' id='word_1_914' title='bbox 2402 4921 2457 4967; x_wconf 93' lang='lat' dir='ltr'><strong>et</strong></span> <span class='ocrx_word' id='word_1_915' title='bbox 2496 4907 2738 4967; x_wconf 88' lang='lat' dir='ltr'><strong>ostendit</strong></span> <span class='ocrx_word' id='word_1_916' title='bbox 2776 4906 3157 4979; x_wconf 64' lang='lat' dir='ltr'><strong>praeputiatum</strong></span> <span class='ocrx_word' id='word_1_917' title='bbox 3205 4921 3274 4962; x_wconf 90' lang='lat' dir='ltr'><strong>eo</strong></span> <span class='ocrx_word' id='word_1_918' title='bbox 3328 4922 3454 4964; x_wconf 83' lang='lat' dir='ltr'><strong>esse</strong></span> 
     </span>
    </p>
   </div>
   <div class='ocr_carea' id='block_1_108' title="bbox 1844 4998 3455 5076">
    <p class='ocr_par' dir='ltr' id='par_1_108' title="bbox 1844 4998 3455 5076">
     <span class='ocr_line' id='line_1_108' title="bbox 1844 4998 3455 5076; baseline -0.002 -17"><span class='ocrx_word' id='word_1_919' title='bbox 1844 5007 2015 5059; x_wconf 89' lang='lat' dir='ltr'><strong>multo</strong></span> <span class='ocrx_word' id='word_1_920' title='bbox 2040 5004 2493 5076; x_wconf 69' lang='lat' dir='ltr'><strong>prasstantioretn.</strong></span> <span class='ocrx_word' id='word_1_921' title='bbox 2516 5000 2799 5069; x_wconf 88' lang='lat' dir='ltr'><strong>Quomodo</strong></span> <span class='ocrx_word' id='word_1_922' title='bbox 2815 5008 2996 5054; x_wconf 85' lang='lat' dir='ltr'><strong>autem</strong></span> <span class='ocrx_word' id='word_1_923' title='bbox 3011 4999 3288 5055; x_wconf 85' lang='lat' dir='ltr'><strong>ostendit?</strong></span> <span class='ocrx_word' id='word_1_924' title='bbox 3308 4998 3455 5071; x_wconf 84' lang='lat' dir='ltr'><strong>quod</strong></span> 
     </span>
    </p>
   </div>
   <div class='ocr_carea' id='block_1_109' title="bbox 1844 5090 3457 5163">
    <p class='ocr_par' dir='ltr' id='par_1_109' title="bbox 1844 5090 3457 5163">
     <span class='ocr_line' id='line_1_109' title="bbox 1844 5090 3457 5163; baseline -0.002 -11"><span class='ocrx_word' id='word_1_925' title='bbox 1844 5096 1975 5153; x_wconf 82' lang='lat' dir='ltr'><strong>Levi</strong></span> <span class='ocrx_word' id='word_1_926' title='bbox 2003 5097 2242 5152; x_wconf 89' lang='lat' dir='ltr'><strong>decimas</strong></span> <span class='ocrx_word' id='word_1_927' title='bbox 2271 5094 2533 5151; x_wconf 78' lang='lat' dir='ltr'><strong>dederit?</strong></span> <span class='ocrx_word' id='word_1_928' title='bbox 2560 5092 2866 5160; x_wconf 72' lang='lat' dir='ltr'><strong>Abraham,</strong></span> <span class='ocrx_word' id='word_1_929' title='bbox 2908 5091 3117 5163; x_wconf 88' lang='lat' dir='ltr'><strong>inquit,</strong></span> <span class='ocrx_word' id='word_1_930' title='bbox 3164 5090 3333 5148; x_wconf 89' lang='lat' dir='ltr'><strong>dedit.</strong></span> <span class='ocrx_word' id='word_1_931' title='bbox 3386 5091 3457 5150; x_wconf 81' lang='lat' dir='ltr'><strong>Et</strong></span> 
     </span>
    </p>
   </div>
   <div class='ocr_carea' id='block_1_110' title="bbox 1845 5180 3456 5258">
    <p class='ocr_par' dir='ltr' id='par_1_110' title="bbox 1845 5180 3456 5258">
     <span class='ocr_line' id='line_1_110' title="bbox 1845 5180 3456 5258; baseline 0.001 -17"><span class='ocrx_word' id='word_1_932' title='bbox 1845 5187 1974 5258; x_wconf 88' lang='lat' dir='ltr'><strong>quid</strong></span> <span class='ocrx_word' id='word_1_933' title='bbox 2003 5186 2107 5242; x_wconf 90' lang='lat' dir='ltr'><strong>hoc</strong></span> <span class='ocrx_word' id='word_1_934' title='bbox 2133 5186 2199 5240; x_wconf 88' lang='lat' dir='ltr'><strong>ad</strong></span> <span class='ocrx_word' id='word_1_935' title='bbox 2229 5185 2368 5241; x_wconf 70' lang='lat' dir='ltr'><strong>nos?</strong></span> <span class='ocrx_word' id='word_1_936' title='bbox 2392 5184 2619 5240; x_wconf 75' lang='lat' dir='ltr'><strong>Maxime</strong></span> <span class='ocrx_word' id='word_1_937' title='bbox 2643 5184 2859 5254; x_wconf 87' lang='lat' dir='ltr'><strong>quidem</strong></span> <span class='ocrx_word' id='word_1_938' title='bbox 2885 5180 2955 5237; x_wconf 88' lang='lat' dir='ltr'><strong>ad</strong></span> <span class='ocrx_word' id='word_1_939' title='bbox 2978 5196 3073 5237; x_wconf 85' lang='lat' dir='ltr'><strong>vos</strong></span> <span class='ocrx_word' id='word_1_940' title='bbox 3104 5200 3119 5236; x_wconf 91' lang='lat'><strong>:</strong></span> <span class='ocrx_word' id='word_1_941' title='bbox 3160 5198 3268 5239; x_wconf 89' lang='lat' dir='ltr'><strong>non</strong></span> <span class='ocrx_word' id='word_1_942' title='bbox 3306 5184 3456 5242; x_wconf 79' lang='lat' dir='ltr'><strong>enim</strong></span> 
     </span>
    </p>
   </div>
   <div class='ocr_carea' id='block_1_111' title="bbox 1847 5274 3454 5347">
    <p class='ocr_par' dir='ltr' id='par_1_111' title="bbox 1847 5274 3454 5347">
     <span class='ocr_line' id='line_1_111' title="bbox 1847 5274 3454 5347; baseline 0 -12"><span class='ocrx_word' id='word_1_943' title='bbox 1847 5278 2189 5336; x_wconf 85' lang='lat' dir='ltr'><strong>contendetis</strong></span> <span class='ocrx_word' id='word_1_944' title='bbox 2210 5278 2430 5334; x_wconf 86' lang='lat' dir='ltr'><strong>Levitas</strong></span> <span class='ocrx_word' id='word_1_945' title='bbox 2449 5293 2571 5334; x_wconf 88' lang='lat' dir='ltr'><strong>esse</strong></span> <span class='ocrx_word' id='word_1_946' title='bbox 2598 5276 3009 5347; x_wconf 65' lang='lat' dir='ltr'><strong>praestantiores</strong></span> <span class='ocrx_word' id='word_1_947' title='bbox 3036 5274 3365 5333; x_wconf 83' lang='lat' dir='ltr'><strong>Ahrahamo.</strong></span> <span class='ocrx_word' id='word_1_948' title='bbox 3396 5277 3454 5335; x_wconf 86' lang='lat'><strong>6.</strong></span> 
     </span>
    </p>
   </div>
   <div class='ocr_carea' id='block_1_112' title="bbox 1849 5368 3460 5443">
    <p class='ocr_par' dir='ltr' id='par_1_112' title="bbox 1849 5368 3460 5443">
     <span class='ocr_line' id='line_1_112' title="bbox 1849 5368 3460 5443; baseline 0 -17"><span class='ocrx_word' id='word_1_949' title='bbox 1849 5371 2011 5442; x_wconf 79' lang='lat' dir='ltr'><strong>Cujus</strong></span> <span class='ocrx_word' id='word_1_950' title='bbox 2035 5379 2203 5425; x_wconf 82' lang='lat' dir='ltr'><strong>autem</strong></span> <span class='ocrx_word' id='word_1_951' title='bbox 2228 5375 2487 5443; x_wconf 82' lang='lat' dir='ltr'><strong>generatio</strong></span> <span class='ocrx_word' id='word_1_952' title='bbox 2514 5386 2614 5423; x_wconf 90' lang='lat' dir='ltr'><strong>non</strong></span> <span class='ocrx_word' id='word_1_953' title='bbox 2640 5378 3015 5423; x_wconf 85' lang='lat' dir='ltr'><strong>annumeratur</strong></span> <span class='ocrx_word' id='word_1_954' title='bbox 3039 5370 3093 5422; x_wconf 87' lang='lat' dir='ltr'><strong>in</strong></span> <span class='ocrx_word' id='word_1_955' title='bbox 3113 5368 3206 5435; x_wconf 83' lang='lat' dir='ltr'><strong>eis,</strong></span> <span class='ocrx_word' id='word_1_956' title='bbox 3230 5368 3460 5426; x_wconf 73' lang='lat' dir='ltr'><strong>decim</strong></span> 
     </span>
    </p>
   </div>
   <div class='ocr_carea' id='block_1_113' title="bbox 1847 5460 3455 5534">
    <p class='ocr_par' dir='ltr' id='par_1_113' title="bbox 1847 5460 3455 5534">
     <span class='ocr_line' id='line_1_113' title="bbox 1847 5460 3455 5534; baseline -0.001 -16"><span class='ocrx_word' id='word_1_957' title='bbox 1847 5464 2061 5534; x_wconf 81' lang='lat' dir='ltr'><strong>sumpsit</strong></span> <span class='ocrx_word' id='word_1_958' title='bbox 2086 5462 2150 5516; x_wconf 84' lang='lat' dir='ltr'><strong>ab</strong></span> <span class='ocrx_word' id='word_1_959' title='bbox 2181 5462 2464 5516; x_wconf 79' lang='lat' dir='ltr'><strong>Abraham.</strong></span> <span class='ocrx_word' id='word_1_960' title='bbox 2503 5460 2706 5515; x_wconf 81' lang='lat' dir='ltr'><strong>Deinde</strong></span> <span class='ocrx_word' id='word_1_961' title='bbox 2747 5474 2855 5514; x_wconf 91' lang='lat' dir='ltr'><strong>non</strong></span> <span class='ocrx_word' id='word_1_962' title='bbox 2885 5460 3079 5515; x_wconf 87' lang='lat' dir='ltr'><strong>leviter</strong></span> <span class='ocrx_word' id='word_1_963' title='bbox 3108 5462 3455 5530; x_wconf 80' lang='lat' dir='ltr'><strong>pertransiit,</strong></span> 
     </span>
    </p>
   </div>
   <div class='ocr_carea' id='block_1_114' title="bbox 1848 5552 3462 5624">
    <p class='ocr_par' dir='ltr' id='par_1_114' title="bbox 1848 5552 3462 5624">
     <span class='ocr_line' id='line_1_114' title="bbox 1848 5552 3462 5624; baseline -0.003 -11"><span class='ocrx_word' id='word_1_964' title='bbox 1848 5556 1947 5613; x_wconf 89' lang='lat' dir='ltr'><strong>sed</strong></span> <span class='ocrx_word' id='word_1_965' title='bbox 1977 5554 2209 5623; x_wconf 81' lang='lat' dir='ltr'><strong>addidit,</strong></span> <span class='ocrx_word' id='word_1_966' title='bbox 2239 5552 2308 5608; x_wconf 82' lang='lat' dir='ltr'><strong>Et</strong></span> <span class='ocrx_word' id='word_1_967' title='bbox 2337 5554 2472 5608; x_wconf 83' lang='lat' dir='ltr'><strong>hunc</strong></span> <span class='ocrx_word' id='word_1_968' title='bbox 2495 5554 2582 5624; x_wconf 84' lang='lat' dir='ltr'><strong>qui</strong></span> <span class='ocrx_word' id='word_1_969' title='bbox 2609 5554 2829 5608; x_wconf 77' lang='lat' dir='ltr'><strong>habebat</strong></span> <span class='ocrx_word' id='word_1_970' title='bbox 2857 5554 3279 5623; x_wconf 82' lang='lat' dir='ltr'><strong>repromissiones</strong></span> <span class='ocrx_word' id='word_1_971' title='bbox 3306 5554 3462 5609; x_wconf 79' lang='lat' dir='ltr'><strong>bene-</strong></span> 
     </span>
    </p>
   </div>
   <div class='ocr_carea' id='block_1_115' title="bbox 1850 5646 3458 5718">
    <p class='ocr_par' dir='ltr' id='par_1_115' title="bbox 1850 5646 3458 5718">
     <span class='ocr_line' id='line_1_115' title="bbox 1850 5646 3458 5718; baseline -0.001 -11"><span class='ocrx_word' id='word_1_972' title='bbox 1850 5651 2003 5707; x_wconf 69' lang='lat' dir='ltr'><strong>dixit.</strong></span> <span class='ocrx_word' id='word_1_973' title='bbox 2046 5647 2314 5718; x_wconf 88' lang='lat' dir='ltr'><strong>Quoniam</strong></span> <span class='ocrx_word' id='word_1_974' title='bbox 2359 5646 2463 5703; x_wconf 87' lang='lat' dir='ltr'><strong>hoc</strong></span> <span class='ocrx_word' id='word_1_975' title='bbox 2503 5656 2623 5703; x_wconf 82' lang='lat' dir='ltr'><strong>erat</strong></span> <span class='ocrx_word' id='word_1_976' title='bbox 2668 5648 2816 5701; x_wconf 90' lang='lat' dir='ltr'><strong>omni</strong></span> <span class='ocrx_word' id='word_1_977' title='bbox 2847 5661 2913 5702; x_wconf 81' lang='lat' dir='ltr'><strong>es</strong></span> <span class='ocrx_word' id='word_1_978' title='bbox 2954 5656 3107 5717; x_wconf 86' lang='lat' dir='ltr'><strong>parte</strong></span> <span class='ocrx_word' id='word_1_979' title='bbox 3139 5648 3458 5716; x_wconf 68' lang='lat' dir='ltr'><strong>praclartnn</strong></span> 
     </span>
    </p>
   </div>
   <div class='ocr_carea' id='block_1_116' title="bbox 1852 5740 3460 5812">
    <p class='ocr_par' dir='ltr' id='par_1_116' title="bbox 1852 5740 3460 5812">
     <span class='ocr_line' id='line_1_116' title="bbox 1852 5740 3460 5812; baseline -0.005 -11"><span class='ocrx_word' id='word_1_980' title='bbox 1852 5744 2078 5809; x_wconf 67' lang='lat' dir='ltr'><strong>Iudaeis,</strong></span> <span class='ocrx_word' id='word_1_981' title='bbox 2107 5740 2349 5800; x_wconf 83' lang='lat' dir='ltr'><strong>ostendit</strong></span> <span class='ocrx_word' id='word_1_982' title='bbox 2376 5741 2527 5797; x_wconf 90' lang='lat' dir='ltr'><strong>illum</strong></span> <span class='ocrx_word' id='word_1_983' title='bbox 2554 5741 2635 5797; x_wconf 88' lang='lat' dir='ltr'><strong>eis</strong></span> <span class='ocrx_word' id='word_1_984' title='bbox 2660 5755 2783 5795; x_wconf 86' lang='lat' dir='ltr'><strong>esse</strong></span> <span class='ocrx_word' id='word_1_985' title='bbox 2812 5740 3185 5797; x_wconf 79' lang='lat' dir='ltr'><strong>honestiorem</strong></span> <span class='ocrx_word' id='word_1_986' title='bbox 3227 5752 3280 5795; x_wconf 93' lang='lat' dir='ltr'><strong>et</strong></span> <span class='ocrx_word' id='word_1_987' title='bbox 3322 5754 3460 5812; x_wconf 67' lang='lat' dir='ltr'><strong>pra:-</strong></span> 
     </span>
    </p>
   </div>
   <div class='ocr_carea' id='block_1_117' title="bbox 1855 5832 3463 5904">
    <p class='ocr_par' dir='ltr' id='par_1_117' title="bbox 1855 5832 3463 5904">
     <span class='ocr_line' id='line_1_117' title="bbox 1855 5832 3463 5904; baseline -0.006 -8"><span class='ocrx_word' id='word_1_988' title='bbox 1855 5840 2142 5896; x_wconf 86' lang='lat' dir='ltr'><strong>clariorem</strong></span> <span class='ocrx_word' id='word_1_989' title='bbox 2166 5852 2232 5894; x_wconf 81' lang='lat' dir='ltr'><strong>cs</strong></span> <span class='ocrx_word' id='word_1_990' title='bbox 2264 5836 2537 5892; x_wconf 88' lang='lat' dir='ltr'><strong>communi</strong></span> <span class='ocrx_word' id='word_1_991' title='bbox 2568 5833 2809 5890; x_wconf 88' lang='lat' dir='ltr'><strong>omnium</strong></span> <span class='ocrx_word' id='word_1_992' title='bbox 2836 5832 3063 5904; x_wconf 80' lang='lat' dir='ltr'><strong>judirio.</strong></span> <span class='ocrx_word' id='word_1_993' title='bbox 3096 5834 3149 5888; x_wconf 88' lang='lat'><strong>7.</strong></span> <span class='ocrx_word' id='word_1_994' title='bbox 3180 5832 3308 5887; x_wconf 78' lang='lat' dir='ltr'><strong>Sine</strong></span> <span class='ocrx_word' id='word_1_995' title='bbox 3348 5835 3463 5888; x_wconf 78' lang='lat' dir='ltr'><strong>ut.‘a</strong></span> 
     </span>
    </p>
   </div>
  </div>
