4068 6440
702 426 768 478 illi

701 544 864 584 autem
892 530 1307 592 contradictione,
1343 531 1533 598 inquit,
1560 528 1693 597 quod
1718 528 1882 580 minus
1907 537 1978 581 est
2005 544 2035 579 η
2064 524 2268 577 meliore

1408 432 1446 486 ς
1505 425 1775 487 ,ιοὶΧΝῙΞ
1813 418 2286 476 CllltYSOS'ITH"
2329 417 2637 475 ARCHIEP.
2678 418 3208 476 CONSTANTINOP.

3852 407 3974 457 ΙΟἿ

2357 520 2488 572 Nam
2516 537 2634 573 cum
2657 522 2897 584 dixis-sol,
2931 524 3192 593 Scriptum
3220 536 3292 578 est
3310 566 3324 587 ,
3354 526 3628 579 .lliseretiar
3652 530 3807 590 uritis
3847 530 3962 577 mi-

700 624 1024 680 bcuedicitur.
1055 624 1162 677 Hoc
1182 606 1283 685 est,
1313 622 1559 676 omnibus
1587 620 1799 675 videtur
1826 620 1897 683 id,
1926 621 2065 691 quod
2092 622 2268 676 minus
2348 612 2564 674 Μέὒον.
2594 625 2639 665 ει
2665 617 3051 671 romtttiserabor
3076 622 3223 689 cujus
3253 621 3641 673 commiseratior
3668 624 3685 689 (
3710 621 3857 672 Ibid.
3895 636 3955 672 ιο.

693 736 793 790 est,
829 723 1064 779 benedici
1091 738 1119 774 a
1152 719 1541 790 prtestantiore.
1602 714 1765 785 igitur
1794 713 1985 767 melior
2025 720 2079 766 et
2122 727 2259 780 prie-

694 814 923 869 stantior
942 824 1023 869 est
1050 822 1204 883 typus
1232 808 1449 871 Christi,
1479 807 1636 861 etiam
1665 820 1730 860 eo
1762 806 1877 873 ipso
1904 803 1991 872 qui
2030 801 2255 856 habebat

2343 703 2431 772 ‘5);
2461 703 2607 768 dicit,
2638 703 2755 758 Non
2785 723 2903 777 ergo
2940 710 3151 764 volentis
3176 750 3190 774 ,
3216 729 3303 765 nec
3344 713 3591 765 currentis
3610 755 3625 775 ,
3659 714 3752 765 sed
3782 716 3961 764 urbe-

2366 792 2495 845 catis
2523 805 2594 848 est
2632 795 2745 850 Dei.
2781 798 2933 853 Dices
2955 809 3133 854 autem
3164 801 3293 856 mihi
3321 844 3334 861 .
3366 803 3503 871 Quid
3533 803 3710 857 adhuc.
3738 806 3917 872 queri
3944 836 3953 841 ν

696 905 1090 973 promissiones.
1139 902 1192 957 8.
1248 899 1313 954 Et
1380 900 1460 952 hic
1514 898 1716 969 quidem
1770 896 1989 949 decimas
2041 891 2220 947 moriet

2340 884 2469 937 tur?
2496 884 2797 944 Secundum
2826 902 3027 957 autem,
3056 893 3182 947 illud
3216 894 3341 950 licet
3365 897 3561 961 dicere,
3596 897 3741 965 quod
3766 899 3953 964 cujus

690 1005 762 1047 re;
835 994 1057 1046 homines
1107 991 1358 1059 accipiunt
1385 1005 1403 1043 :
1432 989 1498 1043 ibi
1549 996 1715 1040 autent
1767 994 2072 1039 contestatur
2121 981 2258 1051 quod
2338 985 2421 1028 est
2452 975 2500 1029 id
2531 979 2669 1046 qttud
2708 990 2791 1033 cst
2816 983 3043 1051 amplius
3066 1024 3082 1049 ,
3104 984 3221 1053 ejus
3245 985 3373 1040 dicit
3404 1002 3526 1042 esse
3558 996 3753 1041 totum.
3786 987 3948 1042 Nam

688 1085 823 1139 vivit.
869 1084 974 1147 Sed
1024 1099 1090 1139 ne
1138 1082 1225 1138 illa
1269 1081 1545 1142 dicerent,
1572 1079 1679 1133 Cur
1705 1078 1974 1146 superiora
2019 1087 2253 1144 tempora

688 1178 803 1231 adis
824 1178 847 1230 ?
867 1176 989 1246 quid
1018 1175 1082 1229 ad
1109 1174 1414 1229 sacerdotes
1436 1180 1676 1233 nostros,
1718 1169 1762 1224 si
1810 1168 2076 1222 Abraham
2114 1168 2254 1221 deci-

688 1282 802 1321 mas
845 1267 1027 1321 dedit?
1080 1266 1166 1319 dic
1212 1280 1271 1319 ea
1302 1278 1418 1332 qua:
1447 1262 1512 1315 ad
1543 1277 1637 1314 nos
1662 1268 1903 1328 spectant
1936 1275 1949 1310 :
1983 1258 2252 1327 subjungit

682 1373 744 1410 ac
783 1356 957 1411 dicit:
999 1355 1052 1410 9.
1098 1353 1186 1420 Et,
1244 1363 1297 1406 ut
1338 1354 1407 1405 ita
1438 1352 1626 1404 dictum
1672 1351 1756 1405 sit.
1814 1348 1977 1402 [lecte
2045 1347 2092 1401 id
2144 1363 2247 1401 non

680 1458 864 1514 aperte
908 1445 1085 1506 dixit,,
1116 1443 1439 1512 ne-gravius
1466 1440 1800 1511 percellcret.
1856 1436 1956 1490 Per
1996 1438 2248 1490 Abraham

677 1548 724 1591 et
750 1537 889 1602 Levi,
913 1538 1000 1609 qui
1025 1536 1243 1590 decimas
1270 1535 1481 1603 accepit,
1513 1533 1788 1584 decimatas
1813 1538 1904 1582 est.
1934 1528 2247 1593 Quomodo?

678 1629 765 1685 10.
793 1628 972 1682 Adhuc
1000 1627 1132 1681 enim
1156 1626 1209 1678 in
1234 1625 1413 1678 lumbis
1442 1622 1599 1692 patris
1628 1629 1765 1684 erat,
1798 1619 2000 1683 quando
2037 1619 2246 1672 obuiauit

673 1722 717 1773 ei
749 1716 1139 1774 Melchisedech.
1173 1715 1283 1769 Hoc
1309 1724 1410 1777 est,
1444 1712 1569 1765 Levi
1597 1720 1711 1765 erat
1742 1709 1795 1763 in
1834 1710 1984 1779 ipso,
2037 1710 2241 1762 etiamsi

674 1812 904 1867 nondum
935 1818 1049 1865 erat
1078 1817 1230 1862 natus
1257 1824 1269 1859 :
1304 1821 1398 1876 per
1423 1820 1544 1859 eum
1577 1802 1847 1876 declinant
1868 1801 2033 1855 dedit.
2069 1800 2219 1855 Vide.

672 1916 779 1955 non
803 1900 962 1965 dixit,
1018 1897 1237 1961 Levites,
1286 1866 1402 1959 sed,
1452 1893 1572 1947 Levi
1618 1908 1637 1946 :
1680 1866 1847 1961 quod.
1874 1890 2044 1959 majus
2093 1901 2237 1949 erat,

670 1993 839 2047 libens
890 1990 1095 2046 induxit
1145 1988 1212 2042 ad
1265 1986 1517 2056 majorem
1572 1985 2019 2055 exsuperantiam.
2055 1983 2239 2037 Vidisti

665 2092 918 2154 quantum
972 2082 1179 2137 intersit
1217 2081 1369 2133 inter
1408 2077 1672 2132 Abraham
1712 2087 1766 2131 et
1814 2074 2237 2140 Melchisedech,

664 2178 750 2245 qui
797 2176 901 2231 fert
953 2183 1131 2245 typum
1173 2171 1339 2226 nostri
1379 2168 1681 2239 pontificis?
1730 2167 1797 2222 Et
1833 2166 2065 2222 ostendit
2106 2182 2239 2236 prte-

661 2267 959 2324 eellentiam
1014 2265 1178 2320 fuisse
1230 2271 1525 2334 potestate,
1580 2276 1683 2316 non
1727 2258 2069 2315 necessitate.
2135 2259 2229 2315 ille

663 2362 806 2415 enim
834 2359 980 2413 dedit
1007 2356 1267 2411 decimam
1289 2396 1303 2415 .
1346 2353 1485 2423 quod
1513 2352 1727 2423 quidem
1774 2361 1858 2406 est
1902 2350 2233 2407 sacerdotis:

664 2455 750 2508 hic
772 2451 1068 2513 benedixit,
1106 2448 1245 2520 quod
1275 2448 1488 2518 quidem
1518 2456 1599 2502 est
1626 2445 1866 2500 melioris
1894 2459 1959 2499 ac
1986 2453 2237 2515 prmstan-

661 2546 830 2598 tioris.
867 2543 989 2596 llzec
1021 2539 1379 2610 praecellentia
1427 2538 1619 2592 transit
1665 2536 1824 2591 etiam
1873 2536 1939 2591 ad
1989 2546 2231 2606 nepotes.

660 2634 1061 2689 Admirabiliter
1086 2640 1285 2687 etcum
1318 2629 1568 2697 praeclara
1598 2628 1815 2682 victoria
1858 2642 1945 2681 res
1988 2626 2231 2681 Judaicas

660 2727 800 2779 foras
860 2721 1079 2792 expulit.
1138 2719 1424 2788 Propterea
1479 2717 1731 2771 dicebat:
1765 2714 2049 2770 Imbecillos
2108 2717 2229 2787 {acti

656 2814 991 2885 estis(lfebr.
1043 2812 1099 2868 5.
1150 2810 1299 2881 ll):
1350 2809 1598 2880 quoniam
1641 2806 1756 2863 hinc
1797 2806 2011 2862 volebat
2050 2807 2229 2875 jacere

656 2907 996 2961 fundamenta
1023 2945 1039 2969 ,
1070 2917 1138 2958 ne
1168 2901 1267 2973 ipsi
1302 2901 1589 2956 resilirent.
1640 2899 1715 2953 Ea
1762 2906 1848 2953 est
1891 2898 2034 2952 enim
2083 2897 2226 2952 l'auli

655 2995 912 3066 sapientia
946 3011 959 3048 :
991 2994 1219 3064 primum
1251 2993 1635 3062 pramuniens,
1666 2988 1860 3043 deinde
1884 3002 1945 3043 ea
1969 3003 2085 3057 qtae
2110 2989 2220 3044 Yttil

653 3086 976 3157 aggreditur.
1000 3084 1093 3139 Est
1113 3083 1255 3139 enim
1278 3096 1445 3152 genus
1466 3080 1742 3135 hominum
1767 3078 1983 3134 difﬁcile
2008 3078 2073 3133 ad
2102 3094 2217 3148 per-

650 3175 1002 3240 suadendum,
1034 3182 1089 3229 et
1113 3173 1276 3228 multa
1302 3186 1428 3227 cura
1452 3171 1714 3240 indigens,
1746 3178 1799 3225 et
1838 3168 2025 3239 majori
2059 3184 2217 3237 quam

651 3268 867 3335 plantae.
899 3265 1029 3320 Nam
1062 3264 1173 3319 illic
1213 3263 1427 3334 quidem
1476 3273 1560 3316 est
1604 3272 1790 3316 natura
1836 3276 2119 3329 corporum
2164 3267 2220 3315 et

651 3367 831 3421 terrm,
862 3356 1061 3411 cedens
1088 3354 1332 3409 manibus
1360 3352 1713 3423 agricolarum
1739 3369 1751 3404 :
1784 3350 1868 3406 hic
1910 3362 2088 3405 autem
2134 3360 2220 3406 est

650 3448 812 3501 libera
842 3445 1069 3516 eligendi
1100 3445 1361 3509 voluntas,
1389 3459 1506 3513 qua:
1532 3444 1729 3497 multas
1777 3442 2002 3510 suscipit
2048 3453 2217 3495 muta-

647 3539 841 3605 tiunes,
872 3545 925 3592 et
949 3550 1089 3591 nunc
1112 3534 1323 3606 quidem
1350 3534 1470 3597 hoc,
1504 3547 1644 3587 nunc
1670 3542 1849 3587 autem
1872 3532 2001 3586 illud
2028 3532 2174 3601 eligit
2198 3547 2211 3585 :

648 3628 757 3696 ipsa
787 3628 928 3682 enim
956 3635 1039 3681 est
1064 3639 1325 3696 propensa
1352 3624 1417 3678 ad
1442 3624 1650 3678 vitium.

712 3712 766 3766 ὅ.
804 3713 1159 3780 Quamobrem
1189 3723 1397 3784 oportet
1434 3729 1531 3769 nos
1570 3727 1782 3781 semper
1805 3708 2107 3773 custodire,
2135 3720 2203 3761 ne

638 3804 1007 3859 dormitemus.
1034 3803 1163 3859 Ecce
1187 3806 1327 3859 enim
1356 3821 1457 3859 non
1494 3802 1803 3866 dormitabit,
1832 3799 2020 3870 inquit,
2048 3811 2205 3867 neque

639 3896 853 3949 dormiet
877 3897 962 3963 qui
974 3896 1187 3950 custodit
1204 3895 1368 3978 irae!
1390 3914 1409 3961 ;
1433 3909 1505 3961 et,
1529 3893 1581 3949 Ν
1586 3911 1613 3949 e
1641 3894 1729 3948 des
1750 3894 1805 3947 in
1823 3890 2203 3947 commotionem

639 3986 813 4057 pedem
842 3997 982 4041 tuum
1007 3985 1179 4057 (Psal.
1213 3987 1333 4043 130.
1361 3988 1413 4043 ι.
1443 3988 1523 4057 Ξ).
1554 3985 1668 4041 Non
1691 3985 1843 4050 dixit,
1867 3983 1944 4039 Ne
1966 3995 2203 4041 commo-

637 4080 837 4143 vearis,
864 4078 959 4133 sed
983 4119 1001 4145 ,
1044 4078 1121 4133 Ne
1147 4077 1261 4134 des.
1293 4078 1428 4134 Dare
1472 4093 1601 4150 ergo
1628 4085 1712 4133 est
1741 4077 1791 4131 in
1838 4082 2017 4130 nostra
2048 4079 2202 4143 pote-

637 4178 805 4233 state,
837 4184 942 4223 non
973 4168 1025 4223 in
1052 4168 1276 4238 alicujus
1303 4169 1542 4223 alterius.
1583 4168 1715 4223 Nam
1743 4167 1786 4221 si
1813 4165 2037 4220 velimus
2060 4173 2202 4217 stare

638 4259 775 4314 tlrmi
801 4301 817 4324 ,
845 4259 1063 4315 stabiles
1100 4270 1154 4314 et
1183 4260 1484 4315 immobiles
1505 4302 1521 4327 ,
1551 4276 1655 4314 non
1698 4257 2198 4314 commovehimur.:

636 4351 719 4405 his
744 4350 883 4405 enim
912 4349 1087 4405 verbis
1106 4350 1233 4405 illud
1252 4352 1625 4405 subindicavit.
1648 4349 1783 4416 Quid
1809 4348 1977 4418 ergo?
1999 4346 2202 4400 nihilne

635 4449 715 4495 est
743 4441 792 4494 in
838 4441 927 4495 Dei
970 4442 1271 4511 potestate?
1297 4441 1353 4496 ln
1382 4441 1473 4495 Dei
1511 4441 1724 4511 quidem
1766 4446 2027 4509 potestate
2080 4447 2204 4490 sunt

633 4535 832 4598 omnia,
857 4532 951 4606 sed
977 4548 1080 4586 non
1106 4534 1175 4587 ita
1204 4540 1264 4589 ut
1288 4542 1530 4588 nostrum
1558 4532 1781 4586 liberum
1816 4529 2035 4583 hcdatur
2061 4528 2203 4582 arbi-

636 4625 811 4678 trium.
863 4623 918 4677 Si
968 4640 1130 4694 ergo,
1160 4625 1378 4694 inquit,
1424 4636 1499 4680 est
1532 4625 1582 4678 in
1627 4624 1718 4677 Dei
1765 4632 2061 4692 potestate,
2107 4636 2203 4675 cur

636 4713 686 4766 in
739 4729 835 4767 nos
873 4714 1078 4769 confert
1121 4714 1370 4782 culpam?
1414 4715 1698 4785 Propterea
1724 4713 1855 4777 dixi,
1888 4712 1960 4765 Ita
1992 4720 2047 4766 ut
2094 4727 2200 4766 non

637 4804 856 4857 hedatur
904 4812 1143 4857 nostrum
1199 4803 1425 4857 liberum
1486 4803 1783 4858 arbitrium.
1835 4803 1927 4857 Est
1978 4817 2104 4872 ergo
2148 4800 2199 4855 in

634 4903 851 4974 nostra,
878 4900 933 4946 et
975 4892 1027 4947 in
1073 4892 1187 4962 ejus
1216 4903 1478 4963 potestate
1508 4912 1521 4947 :
1549 4902 1759 4962 oportet
1787 4892 1927 4948 enim
1957 4907 2053 4945 nos
2098 4890 2203 4959 pri-

635 4998 776 5038 mmu
830 4984 964 5064 bona
1003 4983 1234 5054 eligere,
1285 4994 1341 5040 et
1365 5000 1486 5039 cum
1516 4985 1851 5053 elegerimus,
1901 4994 2023 5038 tunc
2045 4982 2202 5037 atiert

624 5090 749 5145 qua;
778 5064 870 5129 sria
900 5086 1042 5129 sunt.

664 5156 667 5157 ν
704 5166 782 5219 De
807 5167 959 5231 Ubera
976 5167 1205 5221 arbitrio.
1240 5197 1312 5207 —
1340 5167 1454 5222 Non
1491 5167 1747 5237 pncvenit
1780 5176 1984 5219 nostras
2015 5164 2201 5220 volun-

637 5266 791 5323 tates,
822 5275 887 5313 ne
918 5258 1103 5328 perdat
1124 5268 1365 5313 nostrum
1396 5259 1622 5313 liberum
1648 5260 1923 5312 arbitrium
1950 5276 1961 5311 :
1988 5257 2199 5329 quando

635 5360 809 5403 autem
861 5363 957 5402 nos
999 5350 1333 5419 elegerimus,
1388 5359 1513 5405 tunc
1562 5350 1714 5404 nobis
1770 5350 1993 5403 inultum
2040 5348 2198 5402 all‘ert

636 5440 909 5493 auxilium.
943 5439 1221 5506 Quomodo
1246 5457 1371 5514 ergo
1398 5485 1412 5508 ,
1439 5443 1484 5496 si
1509 5443 1559 5496 in
1591 5451 1769 5496 nostra
1806 5450 2064 5511 potestate
2092 5450 2194 5507 est,

633 5532 762 5585 dicit
787 5530 980 5584 Paulus
1012 5547 1025 5583 ε
1054 5529 1172 5585 Non
1212 5536 1420 5588 volentis
1451 5551 1606 5606 neque
1633 5536 1877 5588 currentis
1898 5575 1914 5600 ,
1937 5535 2024 5588 sed
2045 5535 2195 5588 misc-

632 5624 787 5677 remis
808 5634 879 5679 est
929 5622 1066 5694 Dci(
1091 5624 1239 5678 Rom.
1266 5625 1317 5681 9.
1354 5626 1506 5695 l6)?
1553 5627 1784 5682 Primum
1827 5624 2041 5697 quidem
2092 5640 2195 5679 non

636 5726 899 5784 tamquam
927 5733 1074 5770 suam
1101 5715 1392 5773 introduxit
1416 5721 1750 5785 sententiam,
1780 5718 1870 5773 sed
1892 5716 2107 5787 collegit
2127 5731 2194 5771 ex

638 5823 700 5865 eo
722 5810 861 5863 «ιυυά
894 5818 1007 5863 crat
1036 5812 1383 5878 propositum,
1416 5822 1470 5867 et
1498 5827 1561 5866 ex
1594 5826 1657 5866 eo
1678 5810 1815 5887 quod
1843 5809 2194 5879 pramissum.

2336 1076 2577 1120 nostrum
2608 1070 2818 1138 quidem
2858 1084 2938 1127 est
2979 1076 3288 1145 prmeligere
3328 1088 3383 1132 et
3418 1079 3583 1145 velle;
3612 1081 3703 1134 Det
3734 1091 3946 1133 autem

2333 1166 2416 1211 est
2467 1162 2721 1229 perlicere
2762 1172 2815 1219 et
2842 1165 2908 1219 ad
2961 1166 3123 1222 linem
3154 1168 3442 1225 deducere.
3472 1171 3737 1237 Quoniam
3786 1188 3948 1242 ergo

2333 1248 2473 1315 quod
2505 1250 2625 1319 plus
2652 1261 2734 1307 est
2761 1294 2775 1318 ,
2807 1262 2888 1309 est
2916 1256 3058 1313 illius
3082 1298 3097 1325 ,
3130 1266 3298 1314 totum
3326 1261 3466 1315 illius
3490 1276 3610 1316 esse
3635 1262 3772 1316 dicit
3792 1302 3812 1325 .
3844 1263 3943 1317 lo-

2340 1360 2508 1417 quens
2536 1344 2918 1400 convenienter
2945 1344 3189 1398 humana:
3215 1344 3607 1398 consuetudini.
3650 1345 3791 1399 Nam
3834 1360 3952 1400 nos

2335 1449 2545 1505 quoque
2587 1435 2665 1489 sic
2708 1433 2931 1489 facimus
2981 1450 2997 1488 :
3049 1444 3105 1488 ut
3152 1436 3381 1503 exempli
3434 1449 3613 1501 causa,
3665 1437 3950 1494 videmus

2332 1526 2476 1579 :cdes
2500 1525 2719 1595 pulchre
2744 1524 3032 1580 mditicatas
3056 1568 3069 1590 ,
3097 1536 3149 1580 et
3173 1526 3401 1581 dicimus
3429 1537 3595 1581 totum
3627 1543 3753 1584 esse
3780 1533 3905 1583 arti
3924 1562 3945 1572 -

2337 1616 2453 1671 ficis
2480 1635 2494 1671 :
2521 1632 2841 1687 quamquam
2891 1632 2994 1671 non
3025 1626 3191 1671 totum
3223 1617 3291 1671 sit
3336 1618 3451 1687 ejus
3473 1658 3487 1681 ,
3519 1617 3609 1672 sed
3635 1628 3690 1672 et
3717 1634 3945 1689 opera-

2330 1708 2553 1769 riorum.
2578 1716 2631 1761 et
2652 1708 2850 1762 domini
2875 1709 2962 1778 qui
2992 1708 3191 1777 praebet
3221 1709 3517 1772 materiam.
3546 1712 3944 1768 etmultorum

2331 1802 2559 1856 aliorum
2585 1818 2599 1866 ;
2633 1801 2725 1857 sed
2760 1812 2934 1856 tamen
2962 1802 3211 1873 quoniam
3238 1802 3327 1857 ille
3346 1803 3488 1871 quod
3521 1803 3635 1872 plus
3664 1815 3753 1859 est
3774 1816 3944 1859 attu-

2330 1891 2427 1959 lit,
2464 1893 2602 1947 illius
2647 1902 2816 1947 totum
2857 1908 2978 1948 esse
3018 1893 3263 1948 dicimus.
3315 1893 3388 1948 Ita
3435 1893 3521 1949 hic
3565 1910 3809 1965 quoque.
3871 1899 3946 1951 lit

2327 2000 2511 2040 rursus
2548 1987 2602 2040 in
2641 1984 2999 2049 multitudine,
3044 1986 3132 2041 ubi
3173 1996 3299 2041 sunt
3330 1988 3524 2052 multi,
3566 2002 3759 2043 omnes
3793 2004 3939 2043 esse

2327 2077 2589 2142 dicituus;
2616 2077 2704 2132 ubi
2748 2090 2925 2132 autem
2954 2079 3104 2148 pauci
3132 2120 3147 2144 ,
3177 2079 3467 2133 neminem.
3499 2078 3593 2139 Sic,
3616 2081 3784 2134 etiam
3841 2084 3940 2135 hic

2326 2166 2456 2222 dicit
2480 2166 2673 2221 Paulus
2695 2208 2709 2232 ,
2742 2166 2861 2222 Non
2890 2168 3101 2222 colentis
3128 2184 3286 2237 usque
3323 2170 3574 2223 currentis
3598 2210 3614 2234 ,
3643 2171 3735 2223 sed
3765 2171 3940 2226 mise-

2325 2258 2480 2311 reutis
2501 2268 2573 2311 est
2608 2257 2717 2311 Dei.
2749 2258 2842 2312 llic
2863 2267 3039 2312 autem
3079 2258 3186 2311 duo
3216 2273 3404 2329 magna
3428 2268 3483 2313 et
3506 2260 3763 2328 praeclara
3799 2264 3937 2316 efti-

2325 2348 2400 2403 cit
2427 2366 2439 2403 :
2472 2364 2633 2403 unum
2660 2348 2873 2418 quidem
2892 2390 2907 2413 ,
2939 2364 3004 2403 ne
3029 2348 3315 2404 eii‘eramur
3338 2349 3406 2405 de
3433 2350 3586 2404 bonis
3614 2353 3892 2420 operibus
3919 2371 3935 2408 :

2324 2442 2640 2506 secundum,
2662 2452 2719 2496 ut
2744 2451 2891 2498 recte
2918 2441 3175 2497 factorum
3204 2456 3417 2497 causam
3448 2442 3556 2499 Deo
3587 2444 3933 2500 tribuamus.

2323 2533 2546 2589 Etiamsi
2608 2548 2841 2600 curras,
2886 2533 3093 2589 etiamsi
3142 2534 3375 2588 studium
3445 2550 3653 2605 ponas,
3712 2537 3929 2607 inquit.

2322 2640 2389 2680 ne
2414 2635 2560 2677 tuum
2593 2638 2714 2679 esse
2736 2625 3010 2680 exiStimes
3041 2625 3181 2694 quod
3216 2636 3359 2681 recte
3383 2636 3590 2697 gestum
3617 2636 3702 2681 est
3734 2644 3749 2681 :
3785 2644 3927 2685 nam

2322 2715 2421 2769 nisi
2446 2730 2729 2787 supernam
2752 2729 2909 2785 opem
2933 2716 3267 2788 adipiscaris,
3298 2716 3493 2771 frustra
3516 2727 3670 2773 erunt
3698 2722 3925 2780 omnia.

2318 2807 2423 2863 Sed
2450 2815 2533 2862 est
2566 2807 2903 2879 perspicuum
2930 2806 3045 2863 fore
3071 2817 3130 2863 ut
3154 2809 3248 2864 illo
3272 2810 3563 2867 auxiliante
3591 2814 3924 2883 assequar-is

2314 2896 2365 2951 id
2402 2897 2454 2951 in
2492 2914 2601 2967 quo
2633 2901 2794 2970 ponis
2814 2902 3056 2957 studium
3076 2920 3091 2966 ;
3116 2903 3211 2959 sed
3229 2904 3274 2959 si
3291 2914 3347 2960 et
3366 2914 3423 2961 tu
3442 2922 3652 2972 curras.
3672 2912 3721 2963 si
3736 2913 3914 2969 velis.

2314 2986 2431 3043 Non
2464 2991 2569 3044 hoc
2600 3006 2731 3061 ergo
2757 2990 2911 3058 dicit,
2934 2994 3081 3063 quod
3096 2994 3297 3051 frustra
3312 2998 3608 3065 currimus,
3626 3001 3724 3055 sed
3747 3005 3916 3073 quod

2314 3078 2517 3136 frustra
2549 3083 2845 3149 currimus,
2875 3085 2920 3139 si
2958 3094 3131 3141 totum
3160 3104 3281 3144 esse
3315 3098 3567 3145 nostrum
3605 3093 3914 3152 existima-

2315 3184 2456 3229 mus.
2487 3172 2531 3226 si
2566 3187 2675 3227 non
2718 3173 2841 3245 plus
2870 3175 2980 3230 Deo
3016 3176 3344 3234 tribuamus.
3391 3181 3510 3236 Non
3545 3184 3696 3239 enim
3729 3200 3912 3243 suum

2307 3272 2429 3313 esse
2467 3269 2640 3315 totum
2674 3263 2850 3317 voluit
2878 3265 3042 3330 Deus,
3068 3282 3137 3321 ne
3158 3268 3441 3324 videretur
3456 3286 3557 3326 nos
3570 3280 3780 3329 temere
3797 3292 3911 3332 eo-

2310 3365 2536 3417 ronare;
2566 3368 2744 3423 neque
2774 3370 2965 3410 rursus
2991 3366 3261 3425 nostrum,
3288 3377 3357 3417 ne
3382 3362 3693 3420 incidamus
3720 3366 3778 3421 in
3803 3382 3908 3423 ar-

2309 3442 2633 3508 rogantiam.
2660 3443 2793 3498 Nam
2816 3445 2861 3499 si
2884 3461 3008 3499 eum
3032 3447 3301 3504 minorem
3324 3451 3624 3509 habeamus
3651 3466 3906 3525 partem,

2306 3527 2609 3594 efferimur,
2658 3540 2714 3585 et
2773 3535 3031 3602 praeclare
3081 3537 3150 3593 de
3197 3539 3360 3596 nobis
3409 3542 3717 3598 sentimus:
3752 3548 3905 3616 quid

2306 3618 2631 3685 faceremus,
2662 3624 2707 3677 si
2732 3633 2906 3680 totum
2927 3638 3073 3685 esset
3099 3631 3153 3685 in
3176 3642 3361 3687 nostra
3385 3637 3696 3703 potestate?
3716 3638 3901 3695 Multa

2306 3709 2454 3799 enim
2510 3710 2641 3766 fecit
2700 3714 2844 3770 Deus
2881 3727 2942 3773 ut
2984 3731 3225 3776 nostram
3266 3734 3574 3795 amputaret
3623 3743 3901 3799 arrogan-

2310 3797 2460 3854 tiam.
2497 3800 2567 3856 Et
2599 3814 2854 3874 prseterea
2886 3809 3091 3864 excelsa
3126 3828 3314 3868 manus
3347 3816 3460 3884 ejus
3502 3815 3655 3888 (lsai.
3692 3797 3898 3891 5.55),

2306 3892 2509 3963 inquit.
2532 3893 2677 3963 Quot
2698 3912 2801 3955 nos
2824 3900 3191 3959 circumdedit
3216 3906 3587 3974 passionibus,
3618 3921 3678 3965 ut
3704 3914 3899 3970 ela‘tos

2304 3992 2510 4038 resecet
2537 3984 2756 4053 spiritus
2776 3984 2801 4038 ?
2828 4000 2986 4056 quam
3013 3987 3200 4042 multis
3219 3987 3387 4043 cinxit
3405 3989 3591 4045 bestiis
3611 3992 3636 4044 ?
3663 3990 3904 4059 Quamto

2301 4072 2444 4129 enim
2492 4073 2675 4130 dicunt
2716 4076 2901 4147 aliqui,
2942 4076 3081 4145 Quid
3122 4076 3270 4135 hoc?
3296 4095 3552 4151 quorsum
3600 4081 3747 4138 hoc?
3774 4083 3909 4142 hac

2299 4164 2483 4221 dicunt
2510 4176 2702 4235 prmter
2732 4168 2825 4225 Dei
2850 4169 3126 4239 placitum.
3156 4170 3213 4226 ln
3245 4181 3395 4227 tanto
3422 4183 3474 4229 te
3503 4176 3692 4229 statuit
3713 4187 3895 4245 metu,

2297 4267 2351 4310 et
2394 4273 2460 4311 ne
2511 4273 2589 4313 sic
2638 4257 2855 4329 quidem
2913 4260 2981 4317 de
3035 4271 3087 4318 te
3133 4262 3407 4319 humiliter
3461 4265 3649 4331 sentis,
3692 4267 3792 4323 sed
3849 4272 3898 4325 si

2296 4347 2511 4416 quando
2557 4348 2637 4404 vel
2686 4365 2882 4420 parvus
2926 4352 3021 4409 tibi
3066 4352 3269 4410 faustus
3307 4356 3548 4411 evenerit
3574 4371 3895 4425 successus,

2297 4438 2362 4495 ad
2391 4439 2560 4508 ipsum
2592 4456 2755 4511 usque
2783 4443 2973 4499 caelum
3003 4446 3191 4515 spiritu
3223 4448 3517 4505 extolleris.

2366 4530 2419 4584 4.
2448 4530 2733 4601 Propterea
2758 4533 3054 4592 celerrima:
3094 4535 3229 4591 fiunt
3261 4539 3662 4596 mutationeset
3687 4554 3895 4605 casus;

2297 4634 2351 4679 et
2378 4642 2443 4681 ne
2472 4627 2549 4682 sic
2578 4626 2790 4698 quidem
2818 4631 3173 4701 castigamur:
3204 4631 3324 4687 ideo
3353 4633 3658 4704 frequentes
3679 4646 3895 4693 mortva

2296 4716 2674 4773 etimmatura:
2703 4736 2718 4785 ;
2752 4735 2852 4775 nos
2894 4730 3073 4777 autem
3107 4732 3378 4795 tamquam
3420 4724 3752 4781 immortales
3786 4742 3893 4785 stt-

2299 4809 2457 4876 perbe
2483 4808 2552 4865 de
2573 4810 2728 4867 nobis
2753 4814 3013 4868 sentimus
3036 4855 3053 4881 ,
3085 4814 3236 4885 quasi
3268 4831 3555 4887 numquam
3577 4817 3833 4875 morituri
3872 4839 3889 4875 :

2296 4898 2366 4953 ita
2397 4899 2663 4970 rapimus,
2694 4902 2763 4957 ita
2813 4903 2863 4959 in
2894 4904 3121 4959 aliorum
3152 4905 3289 4961 bona
3331 4906 3670 4977 invadimus,
3718 4912 3891 4980 quasi

2297 5005 2586 5063 numquam
2616 4993 2873 5050 reddituri
2900 4996 3159 5052 rationem
3206 5015 3220 5051 :
3260 4998 3330 5053 ita
3368 4997 3698 5055 aedificamus
3738 5010 3891 5057 tam-

2295 5098 2455 5154 quam
2502 5082 2589 5140 hic
2628 5101 2843 5156 semper
2875 5097 3187 5153 manentes;
3230 5099 3287 5145 et
3312 5106 3487 5162 neque
3518 5092 3609 5147 Dei
3655 5093 3888 5152 verbum

2293 5176 2531 5245 quotidie
2559 5178 2609 5232 in
2643 5179 2839 5234 nostris
2879 5179 3134 5235 insonans
3159 5180 3399 5249 auribus,
3431 5197 3605 5253 neque
3630 5198 3725 5239 res
3749 5184 3887 5257 ipsa:

2294 5281 2392 5322 nos
2420 5267 2688 5323 erudiunt.
2718 5267 2833 5324 Non
2863 5270 2990 5326 licet
3037 5272 3219 5328 videre
3247 5272 3390 5327 diem
3443 5288 3544 5329 nec
3575 5272 3793 5344 horam,
3828 5278 3885 5333 in

2292 5374 2394 5430 qua
2421 5376 2525 5414 non
2571 5361 2788 5418 assidue
2832 5363 3000 5419 videri
3031 5365 3236 5433 possint
3262 5365 3425 5420 multa
3457 5366 3605 5422 eﬂ'cri
3633 5366 3827 5424 funera
3866 5389 3879 5423 :

2289 5451 2383 5507 sed
2414 5451 2609 5507 frustra
2630 5454 2830 5520 omnia,
2862 5470 2963 5511 nec
2987 5456 3277 5527 quidquam
3305 5462 3371 5512 ad
3401 5467 3639 5512 nostram
3667 5459 3882 5529 pertin-

2289 5544 2365 5617 git
2405 5544 2677 5601 duritiem.
2708 5546 2893 5617 Neque
2937 5549 2991 5603 in
3020 5548 3210 5605 alienis
3251 5549 3645 5607 calamitatibus
3684 5567 3885 5621 possu-

2289 5651 2406 5692 mus
2441 5636 2582 5692 effici
2630 5641 2918 5706 uteliores;
2967 5642 3076 5697 imo
3120 5658 3248 5698 vero
3290 5642 3539 5699 nolumus
3569 5661 3585 5697 :
3612 5645 3712 5701 sed
3752 5662 3881 5703 crint

2284 5728 2384 5785 soli
2413 5728 2652 5800 lugemus
2671 5773 2685 5795 ,
2718 5741 2845 5788 tunc
2874 5733 3254 5789 coturahimur
3276 5751 3296 5799 ;
3320 5746 3375 5790 et
3400 5736 3443 5790 si
3478 5735 3622 5791 Deus
3653 5753 3881 5794 manum

2290 5820 2558 5878 remiserit
2580 5863 2595 5891 ,
2625 5838 2810 5879 rursus
2841 5840 2938 5881 nos
2964 5840 3180 5882 manum
3206 5827 3529 5889 extollimus.
3555 5826 3728 5887 Nemo
3757 5848 3879 5905 quas
