4068 6406
125 397 195 453 τοι

118 519 296 559 sursum
346 508 474 555 sunt
505 496 691 571 sapit,
727 508 890 551 nemo
926 494 1149 563 despicit
1180 500 1393 545 terrena
1418 526 1435 553 ,
1465 498 1624 541 nemo
1655 482 1720 536 ad

114 600 276 653 celum
297 594 532 667 aspicit;
564 590 673 646 sed
698 590 848 645 sicut
874 586 1018 657 porci
1049 582 1202 655 proni
1228 592 1426 636 terram
1453 584 1720 647 spectant,

118 696 154 744 in
191 699 420 743 ventrem
474 680 791 745 inclinati,
832 678 882 733 in
915 690 1081 733 emno
1108 670 1329 727 volutati
1378 688 1395 725 :
1444 668 1519 723 ita
1559 666 1721 720 etiam

116 782 236 838 multi
268 779 523 834 homines
576 772 872 830 teterrima
899 782 1059 824 emno
1111 779 1171 820 se
1205 763 1549 833 inquinantes
1570 801 1587 826 ,
1616 772 1723 812 non

116 877 320 928 sentiunt
366 888 381 925 :
431 869 650 925 melius
691 866 835 922 enim
894 870 979 917 est
1029 857 1309 914 immundo
1384 853 1497 908 luto
1558 850 1723 922 pollui

115 981 245 1034 quam
289 961 559 1033 peccatis.
611 957 756 1014 Nam
787 955 875 1025 qui
923 953 1016 1008 illo
1064 960 1147 1006 est
1188 947 1500 1018 inquinatus
1526 985 1538 1005 .
1571 942 1722 997 hr‘evi

118 1033 328 1125 tempore
348 1052 626 1115 abluitur,
654 1059 713 1104 et
735 1043 1035 1103 redditurei
1065 1040 1257 1097 similis
1279 1038 1367 1109 qui
1385 1050 1484 1091 nec
1513 1033 1580 1087 ab
1606 1034 1717 1086 ini-

120 1149 176 1201 tio
219 1148 265 1199 in
296 1145 447 1197 illam
494 1141 703 1197 incidit
732 1138 1044 1209 voraginem
1075 1151 1089 1187 :
1121 1132 1213 1205 qui
1244 1139 1423 1186 autem
1445 1124 1639 1183 cecidit
1671 1124 1723 1178 in

128 1237 408 1292 barathrum
436 1231 689 1306 peccati,
708 1228 915 1299 accepit
932 1224 1399 1296 inquinamentum
1419 1216 1561 1288 quod
1582 1226 1722 1284 aqua

130 1344 214 1381 non
242 1326 539 1381 mandatur
560 1366 577 1391 ,
609 1320 711 1379 sed
745 1320 911 1375 multo
940 1325 1065 1387 eget
1106 1323 1351 1383 tempore
1375 1306 1723 1380 perfectaque

130 1418 417 1489 penitentia
443 1458 460 1485 ,
512 1414 782 1489 Iacrymis
819 1418 874 1467 et
913 1406 1258 1479 planctibus,
1313 1400 1617 1472 maiorique
1668 1406 1725 1453 et

130 1508 502 1565 vehementiori
534 1502 931 1561 lamentatione
967 1514 1126 1569 quam
1154 1510 1275 1566 qua:
1304 1503 1526 1565 pr0pter
1565 1490 1726 1547 caris-

132 1602 275 1655 simos
322 1598 659 1654 ostenditis.
705 1594 839 1650 Nam
886 1593 969 1646 lue
1013 1588 1230 1660 quidem
1278 1584 1471 1641 sordes
1509 1583 1576 1638 ad
1626 1596 1727 1638 nos

134 1693 445 1745 extrinsecus
477 1688 811 1753 adveniunt,
842 1694 896 1739 et
941 1682 1062 1737 ideo
1097 1695 1189 1736 eas
1222 1679 1331 1733 cito
1356 1676 1681 1747 deponimus
1710 1689 1724 1728 :

135 1781 221 1834 illie
257 1790 433 1835 autem
467 1780 737 1835 oriuntur
764 1776 1123 1839 intrinsecus,
1155 1779 1210 1825 et
1244 1769 1368 1824 ideo
1395 1767 1478 1820 vix
1507 1780 1600 1821 eas
1631 1764 1728 1820 ab-

138 1872 317 1927 luentes
354 1871 756 1926 emundamus.
806 1867 886 1921 Ea:
927 1865 1078 1919 corde
1107 1863 1261 1926 enim,
1316 1859 1507 1930 inquit,
1540 1866 1726 1912 exeunt

136 1962 438 2031 cogitationes
468 1962 658 2025 multa,
686 1959 1065 2031 fornicationes,
1094 1953 1373 2018 adulteria,
1402 1953 1565 2021 furta,
1590 1950 1726 2020 falsa

138 2057 393 2109 testimonia
419 2054 651 2125 (Matth.
681 2055 767 2107 15.
803 2050 913 2119 to).
938 2049 1000 2104 Et
1028 2048 1149 2103 ideo
1180 2045 1391 2101 dicebat
1417 2042 1685 2115 Propheta
1710 2059 1724 2097 :

141 2144 223 2199 Cor
259 2147 506 2200 mundum
537 2160 667 2199 creo
691 2146 743 2197 in
783 2158 861 2195 me
889 2139 1065 2211 οδω(
1090 2138 1233 2192 Psat.
1279 2135 1369 2192 50.
1401 2136 1470 2191 IS
1492 2136 1545 2205 );
1588 2134 1728 2189 alius

139 2248 312 2304 autent,
344 2238 512 2291 Ablue
536 2254 572 2290 a
602 2236 723 2290 vitio
746 2251 833 2288 cor
856 2242 1019 2296 tuum,
1048 2228 1334 2284 Jerusalem
1358 2225 1493 2299 (Jer.
1525 2226 1577 2281 ι.
1608 2224 1724 2291 Η).

143 2326 279 2383 Vides
300 2328 442 2399 quod
466 2337 629 2383 recte
651 2341 811 2396 agere
835 2332 1077 2378 nostrum
1106 2321 1176 2375 sit
1192 2328 1249 2375 et
1270 2319 1362 2373 Dei
1380 2318 1404 2372 i
1421 2317 1487 2372 Et
1508 2330 1728 2370 rursus:

146 2416 262 2471 Beati
310 2422 505 2475 mundo
580 2420 776 2482 corde,
833 2416 1075 2486 quoniam
1129 2413 1229 2481 ipsi
1274 2409 1443 2464 Deum
1490 2406 1729 2463 videbunt

145 2506 330 2579 (Matth.
360 2514 416 2569 5.
448 2512 534 2583 8).

206 2603 409 2657 Prccato
429 2601 701 2674 quomodo
724 2597 1076 2671 abstergenda.
1103 2626 1175 2638 —
1204 2591 1520 2650 Efficiamur
1540 2590 1729 2647 mundi

148 2710 227 2761 pro
252 2696 442 2750 nostris
458 2696 679 2749 viribus
700 2709 715 2757 ;
739 2693 1111 2760 abstergamus
1126 2698 1307 2742 nostra
1329 2693 1569 2755 peccata.
1584 2684 1735 2749 Quo-

151 2786 284 2840 modo
304 2798 479 2841 autem
502 2786 718 2857 possint
737 2782 992 2852 abstergi,
1010 2781 1168 2835 docet
1192 2776 1477 2848 pmphcta,
1498 2775 1685 2830 dicens
1715 2790 1729 2827 :

154 2874 410 2940 Larnntini,
437 2879 625 2931 mundi
644 2885 821 2939 estote,
844 2880 950 2944 auft
962 2883 1037 2926 rte
1052 2872 1171 2926 vitia
1192 2870 1252 2924 ab
1274 2868 1540 2922 animabus
1560 2870 1735 2921 vestris

155 2985 298 3020 corum
322 2972 480 3022 oculis
504 2969 636 3021 meis
671 2966 827 3037 (Isai.
861 2966 907 3020 ι.
943 2964 1065 3031 I6).
1095 2962 1234 3031 Quid
1266 2974 1376 3029 ese,
1398 2954 1587 3017 Coram
1608 2973 1735 3012 ocu-

158 3059 205 3107 lis
227 3062 370 3113 ιυρὴέ
395 3062 531 3119 Quia
559 3060 811 3110 videntur
836 3055 1053 3122 quidem
1079 3054 1384 3121 aliquiesse
1404 3052 1515 3105 vitii
1543 3066 1737 3120 exper-

170 3138 1523 3162 Μ’·-

912 381 977 442 ῙΝ
1017 379 1235 440 EPIST.
1280 378 1372 435 AD
1411 372 1777 433 HEDREOS.
1820 373 1972 430 CAP.
2019 369 2131 429 VII.
2174 370 2409 430 IIOMIL.
2453 372 2595 430 XIII.

3319 364 3425 419 illi

1829 493 1931 551 tes,
1963 482 2058 539 sed
2091 481 2421 546 hominibus,
2452 481 2561 535 lico
2588 488 2767 533 autem
2794 486 2920 531 sunt
2949 473 3217 529 manifesti
3245 474 3431 543 srpnl-

1826 590 1918 631 cra
1970 574 2219 631 dealbata
2246 592 2260 629 :
2292 575 2417 629 ideo
2441 573 2590 636 dicit,
2613 571 2703 627 Sit:
2723 569 2930 624 auferte
2956 569 3096 621 sicut
3126 582 3225 637 ego
3248 567 3427 620 viden.

1828 667 2021 723 Discite
2054 666 2243 721 bonum
2273 669 2464 736 facere,
2495 662 2742 734 exquirite
2776 660 3033 731 judicium
3061 700 3075 722 ,
3106 656 3350 711 humilem
3384 667 3431 709 ct

1828 777 2105 832 pauperem
2146 759 2429 831 justi/Scots
2481 774 2500 811 :
2533 766 2578 810 et
2620 757 2782 809 venite
2808 750 2856 808 εἰ
2884 753 3262 822 disceptemus,
3304 749 3431 803 dicit

1824 859 2108 920 Dominus;
2148 866 2195 909 et
2242 855 2286 908 si
2332 853 2431 907 sint
2479 858 2685 921 peccata
2736 856 2901 902 vestra
2944 846 3075 901 sicut
3132 851 3429 916 puniceum,

1822 952 1952 1006 sicut
1981 950 2145 1003 nivem
2185 943 2467 1007 dealbabo;
2502 943 2546 995 si
2584 942 2685 996 sint
2740 951 2910 994 autent
2948 938 3079 992 sicut
3140 937 3426 1001 coccinum,

1825 1054 2082 1112 tamquam
2109 1040 2283 1094 lanam
2307 1035 2552 1091 dealbabo
2586 1032 2738 1104 (lsai.
2775 1033 2825 1086 1.
2856 1032 2946 1086 17.
2976 1030 3083 1101 I8).
3114 1030 3274 1084 Vides
3289 1029 3429 1097 quod

1825 1140 2073 1203 oporteat
2098 1145 2195 1185 nos
2218 1130 2428 1199 priores
2446 1124 2729 1191 mundare,
2762 1132 2817 1178 et
2844 1134 2970 1178 tunc
2998 1123 3138 1177 Deus
3167 1122 3432 1176 mundat!

1824 1225 1957 1297 Nam
2004 1238 2127 1280 cum
2177 1222 2327 1293 prius
2374 1219 2647 1285 dixisset,
2683 1215 2973 1278 Laoamim’,
3016 1214 3199 1268 ntundi
3238 1225 3430 1277 estote,

1829 1326 1957 1373 tunc
2004 1312 2322 1384 subiunxit,
2358 1310 2470 1383 Ego
2523 1306 2794 1369 dealbabo.
2845 1305 3017 1362 Nemo
3059 1320 3189 1375 ergo
3241 1320 3308 1359 ex
3369 1304 3435 1357 iis

1826 1408 1919 1479 qui
1947 1406 2170 1462 veniunt
2211 1403 2278 1459 ad
2318 1416 2590 1459 summum
2638 1400 2850 1467 vitium,
2894 1399 2963 1455 de
3013 1414 3073 1454 se
3114 1398 3364 1468 desperet
3417 1416 3431 1450 z

1826 1499 1960 1556 Nam
1987 1497 2199 1555 etiamsi
2226 1496 2468 1562 intraris,
2500 1493 2697 1565 inquit,
2729 1492 2797 1549 ad
2831 1493 3072 1547 habitent
3100 1528 3116 1551 .
3157 1500 3212 1547 et
3240 1502 3438 1561 propc-

1829 1594 2048 1648 modum
2074 1589 2142 1644 ad
2168 1597 2415 1643 naturam
2448 1587 2621 1657 ipsius
2640 1585 2779 1652 vitii,
2806 1599 2873 1640 ne
2900 1593 3114 1639 timeas.
3140 1582 3436 1652 Propterea
3478 1580 3487 1595 '

1830 1700 1937 1741 non
1981 1682 2211 1739 exilibus
2250 1690 2307 1738 et
2351 1678 2595 1737 evanidis
2618 1677 2859 1751 acceptis
2889 1676 3161 1733 coloribus
3186 1718 3200 1739 ,
3225 1676 3318 1731 sed
3349 1678 3437 1746 qui

1829 1784 1954 1832 sunt
1985 1788 2155 1845 prope
2180 1772 2233 1828 in
2262 1774 2377 1843 ipsa
2408 1771 2487 1827 rei
2514 1769 2775 1837 essentia,
2816 1783 2910 1824 eos
2938 1768 3071 1823 dicit
3096 1777 3353 1823 venturos
3386 1768 3437 1821 in

1830 1877 2028 1924 statum
2060 1864 2415 1921 contrarium.
2435 1861 2554 1919 Non
2572 1862 2749 1919 solum
2774 1861 2922 1918 enim
2950 1860 3088 1916 dixit
3108 1860 3312 1927 lavare,
3343 1861 3439 1916 sed

1833 1969 2107 2030 tamquam
2138 1956 2317 2012 nivem
2347 1962 2403 2011 et
2434 1964 2709 2025 tamquam
2736 1954 2915 2008 lanam
2944 1951 3223 2017 dealbare,
3254 1962 3314 2005 ut
3344 1953 3439 2005 ho-

1831 2068 1957 2111 nam
1979 2067 2132 2124 spem
2164 2051 2321 2107 nobis
2349 2049 2608 2121 praebeat.
2643 2048 2789 2119 Ergo
2817 2060 3009 2119 magna
3050 2045 3135 2101 vis
3165 2045 3438 2117 pmnitena

1833 2147 1943 2214 tias,
1970 2143 2238 2216 siquidem
2265 2158 2369 2199 nos
2399 2141 2527 2198 facit
2549 2140 2705 2213 quasi
2728 2140 2929 2207 nivem,
2962 2152 3018 2196 et
3045 2138 3263 2196 dealhat
3286 2140 3441 2210 quasi

1832 2236 2035 2303 lanam,
2065 2234 2277 2293 etiamsi
2306 2233 2453 2305 quod
2483 2232 2680 2288 invasit
2706 2240 2989 2303 peccatum
3018 2243 3232 2288 nostras
3266 2233 3442 2287 tinxe-

1831 2332 1903 2387 rit
1922 2331 2153 2385 animas.
2178 2328 2506 2386 Studeamus
2527 2341 2657 2397 ergo
2690 2326 2808 2383 fieri
2839 2324 3027 2381 mundi
3058 2342 3074 2381 :
3117 2320 3252 2381 nihil
3280 2340 3445 2396 gravo

1828 2424 1990 2495 jussit
2018 2441 2031 2478 :
2058 2421 2302 2477 Judicate
2326 2421 2578 2493 orphano,
2602 2428 2651 2474 et
2679 2418 2846 2474 ridae
2866 2418 3004 2487 quod
3037 2426 3110 2473 est
3129 2418 3329 2489 justum
3354 2418 3444 2487 {a-

1831 2520 1929 2573 cite
1972 2516 2139 2586 (Ibid.
2184 2533 2235 2571 ν.
2279 2516 2410 2586 17).
2452 2513 2648 2585 inquit.
2699 2511 2867 2569 Vides
2908 2511 3184 2583 quomodo
3235 2512 3441 2583 ubique

1832 2610 1976 2682 apud
2025 2609 2192 2665 Deum
2233 2604 2429 2677 magna
2465 2606 2697 2662 habetur
2738 2603 2879 2660 ratio
2927 2604 3342 2670 misericordiae.
3388 2614 3448 2661 et

1832 2701 2167 2759 defensionis
2195 2714 2386 2755 eorum
2414 2698 2506 2771 qui
2528 2697 2844 2754 afficiuntur
2873 2695 3111 2768 injuria?
3139 2696 3265 2752 llam
3296 2696 3435 2752 bona

1832 2794 2213 2867 aggrediamur
2260 2806 2449 2864 opera,
2494 2800 2550 2846 et
2589 2791 2887 2862 poterimus
2935 2788 3033 2844 Dei
3080 2790 3251 2862 gratia
3300 2787 3443 2844 bona

1833 2892 1996 2945 etiam
2030 2889 2204 2943 futura
2236 2884 2497 2955 consequi
2532 2902 2545 2940 :
2574 2884 2770 2955 quibus
2801 2898 2901 2939 nos
2942 2898 3135 2939 omnes
3164 2883 3446 2953 contingat

1834 2984 2027 3055 dignos
2060 2981 2173 3037 fieri
2204 2982 2257 3036 in
2283 2980 2505 3035 Christo
2526 2978 2654 3035 Jesu
2685 2978 2916 3034 Domino
2942 2985 3154 3033 nostro.

2876 3122 2877 3125 η
2948 3124 2953 3125 ,

3364 3136 3470 3149 σω*

1570 3212 1922 3278 ΠΟΜῘΙᾸΑ
1964 3205 2142 3275 XIII.

176 3300 287 3353 Cu.
316 3301 369 3356 Ἰ.
399 3315 455 3355 v.
492 3300 590 3355 ιι.
624 3296 688 3353 St
734 3309 853 3366 ergo
881 3289 1251 3348 consummatio
1282 3303 1371 3356 per
1411 3284 1757 3339 sacerdotium

240 3388 504 3444 Lceiticm
527 3399 639 3443 erat
663 3386 911 3459 (populus
927 3384 1059 3439 enim
1086 3383 1175 3436 sub
1198 3382 1310 3449 ipso
1337 3379 1496 3449 legem
1516 3374 1758 3444 accepit),

235 3483 348 3550 quid
404 3484 582 3536 adhuc
644 3478 980 3534 necessarium
1043 3476 1140 3545 fuit
1192 3471 1473 3527 secundum
1531 3468 1763 3522 ordinem

246 3572 613 3637 Melchisedech
654 3572 813 3625 alium
858 3567 1169 3622 sacerdotem
1194 3604 1210 3629 ,
1248 3574 1292 3618 et
1336 3577 1436 3616 non
1485 3558 1763 3614 secundum

244 3666 463 3718 ordinem
512 3666 689 3719 Aaron
714 3662 857 3716 dici?
907 3660 995 3715 1‘2.
1028 3659 1273 3713 translato
1305 3656 1437 3709 enim
1481 3651 1763 3708 sacerdotio

249 3772 431 3812 necesse
459 3766 534 3811 est
560 3766 611 3808 ut
632 3766 677 3808 et
704 3754 829 3823 legis
855 3752 1123 3806 translatio
1154 3750 1263 3819 ﬁat.
1286 3748 1373 3802 l3.
1405 3745 1469 3799 In
1496 3760 1594 3814 quo
1630 3743 1767 3797 enim

248 3848 343 3901 hac
368 3850 645 3910 dicuntur,
681 3844 745 3899 de
777 3845 879 3897 alia
910 3844 1044 3896 tribu
1070 3849 1165 3899 cst,
1194 3840 1259 3892 de
1284 3852 1385 3906 qua
1420 3837 1592 3888 uultus
1613 3832 1767 3886 altari

252 3952 419 4007 prauo
446 3942 569 4011 fuit.
604 3940 692 3994 Η.
727 3937 1059 4007 Manifestum
1089 3944 1161 3987 est
1202 3933 1335 3986 enim
1374 3929 1511 4000 quod
1540 3944 1602 3981 ex
1626 3926 1769 3980 Juda

249 4047 373 4089 ortus
396 4038 461 4089 sit
494 4032 745 4087 Dominus
774 4038 943 4084 noster
962 4062 979 4093 ,
1026 4026 1082 4081 in
1112 4041 1211 4097 qua
1244 4022 1376 4077 tribu
1406 4021 1533 4076 nihil
1575 4021 1637 4074 de
1683 4030 1768 4074 sa-

254 4126 462 4179 cerdotio
492 4123 700 4193 κονίει
729 4122 962 4190 loquutus
998 4130 1089 4172 est.

255 4218 301 4268 l.
346 4219 401 4272 Si
444 4234 569 4288 ergo
608 4213 977 4269 consummatio
1006 4228 1093 4283 per
1122 4209 1461 4265 sacerdotium
1492 4206 1770 4262 Leriticum

204 4318 310 4370 erat,
339 4311 526 4380 inquit.
559 4307 693 4363 Cum
718 4307 944 4361 dixisset
968 4305 1037 4361 de
1062 4302 1479 4367 Melchisedech,
1509 4314 1565 4355 et
1584 4311 1771 4356 osten-

204 4396 347 4453 disset
370 4410 630 4470 quantum
658 4408 807 4455 esset
832 4397 1140 4453 Ahrahamo
1171 4396 1537 4466 ριηδιτιηιὶοτ,
1569 4404 1626 4448 et
1655 4408 1771 4451 ma-

207 4504 340 4556 gnam
369 4492 776 4561 pronuntiasset
820 4488 1179 4545 differentiam
1206 4534 1218 4547 ,
1254 4487 1375 4542 hinc
1402 4486 1657 4555 deinceps
1679 4486 1775 4541 de-

207 4591 436 4636 monstrat
465 4582 595 4652 quid
624 4582 836 4637 intersit
871 4581 1011 4635 inter
1036 4578 1443 4635 Testamentum
1474 4578 1647 4646 ipsum
1668 4620 1683 4642 ,
1722 4586 1779 4632 ct

208 4673 445 4737 quomodo
496 4672 627 4728 illud
658 4672 876 4739 quidem
925 4671 997 4725 sit
1047 4671 1454 4740 imperfecutm,
1504 4670 1605 4724 hoc
1648 4684 1777 4725 vero

212 4765 495 4830 perfectum.
531 4765 599 4821 Et
624 4764 859 4821 nondum
884 4763 951 4819 ad
976 4779 1064 4819 res
1089 4765 1233 4835 ipsas
1262 4764 1493 4828 accedit,
1524 4763 1616 4818 sed
1638 4764 1777 4817 inte-

214 4855 293 4906 rim
318 4856 580 4929 depugnat
600 4873 666 4913 ex
690 4856 989 4913 sacerdotio
1015 4866 1069 4912 et
1094 4857 1458 4912 Testamento.
1484 4855 1605 4911 Ilmc
1634 4858 1778 4911 enim

216 4952 321 5002 tunc
340 4950 623 5007 incredulis
655 4959 811 5004 erant
837 4950 1005 5019 magis
1034 4946 1335 5013 credibilia,
1375 4946 1592 5017 quando
1618 4962 1684 5001 ex
1716 4947 1781 5001 iis

219 5055 318 5106 (ποτε
338 5043 477 5110 prius
493 5051 712 5112 accepta
731 5040 939 5096 fuerant
954 5050 1010 5097 at
1026 5041 1228 5096 credita
1262 5040 1320 5093 fit
1368 5039 1777 5094 demonstratio.

217 5130 431 5191 Ostendit
456 5136 593 5192 Levi
619 5144 675 5191 et
694 5136 999 5191 Abrahamo
1031 5136 1188 5203 longe
1210 5148 1330 5189 esse
1354 5133 1782 5203 ptmstantiorem

220 5223 698 5292 Helehisedechum,
717 5230 806 5297 qui
836 5228 888 5281 in
916 5227 1105 5281 ordine
1145 5226 1483 5283 sacerdotum
1516 5226 1615 5281 fuit
1642 5228 1783 5297 apud

224 5330 318 5371 eos.
331 5318 401 5376 Ex
422 5323 527 5377 alio
547 5336 736 5377 rursus
757 5332 1182 5392 argumentatur.
1199 5320 1279 5376 Ει
1301 5336 1532 5391 quonam
1554 5323 1671 5377 ?Ex
1694 5338 1785 5375 sa-

224 5411 431 5469 cerdotio
454 5415 708 5486 praesenti
726 5424 779 5477 et
806 5430 869 5470 ex
889 5413 1133 5469 .lndaico.
1152 5413 1220 5468 Et
1246 5414 1369 5469 vide
1397 5414 1525 5470 mihi
1553 5416 1789 5485 prodeo-

228 5500 331 5557 tiam
358 5506 621 5577 ingentem
651 5523 663 5559 :
694 5523 760 5563 ex
790 5522 898 5578 quo
925 5510 1066 5562 enim
1104 5515 1219 5561 erat
1243 5506 1535 5562 verisimile
1564 5523 1688 5563 enm
1720 5526 1789 5566 ex

228 5597 491 5655 “cordolio
511 5600 891 5671 expellendum
909 5614 1053 5664 esse,
1072 5600 1322 5669 quoniam
1344 5616 1448 5654 non
1471 5611 1789 5657 eratsecun-

233 5686 333 5741 dum
355 5696 586 5750 ordinent
639 5696 842 5762 Aaron,
872 5709 935 5747 ex
965 5709 1030 5747 c0
1050 5692 1189 5747 hunc
1210 5692 1424 5761 quidem
1445 5696 1650 5760 statuit,
1674 5697 1793 5751 illos

235 5795 339 5837 vero
362 5790 517 5857 ejicit.
555 5788 667 5842 line
712 5796 892 5842 autem
923 5784 1047 5839 facit
1091 5800 1152 5840 se
1184 5795 1454 5856 tamquam
1491 5789 1557 5843 dc
1608 5791 1789 5860 aliquo

250 5871 543 5935 dubitantem
575 5880 857 5943 imbuens,
886 5892 987 5932 cur
1007 5890 1115 5930 non
1145 5874 1357 5933 dicatur
1383 5881 1675 5936 secundum
1705 5898 1792 5938 or-

506 5974 777 6035 l’s'mOL.
835 5977 954 6034 (in.
1013 5975 1231 6034 LXIII.

1864 3296 2048 3353 dinem
2079 3296 2259 3349 Aaron
2286 3335 2303 3361 ,
2331 3292 2517 3364 sicque
2544 3288 2765 3348 dubium
2794 3290 3099 3348 solventem
3142 3306 3157 3346 :
3200 3281 3273 3347 Et
3320 3300 3423 3363 ego
3450 3332 3468 3359 ,

1865 3388 2075 3460 inquit,
2105 3388 2205 3441 hac
2241 3385 2314 3441 de
2346 3396 2405 3441 re
2437 3384 2627 3440 dubito
2649 3426 2664 3449 ,
2696 3397 2797 3442 cur
2841 3399 2951 3440 non
2981 3384 3144 3441 fuerit
3168 3384 3471 3441 secundum

1864 3483 2113 3540 ordinem
2138 3480 2389 3536 Aaronis.
2422 3478 2540 3535 lloc
2567 3478 2712 3534 enim
2745 3477 3015 3549 significat
3036 3476 3247 3546 dicens,
3279 3477 3341 3533 Si
3369 3493 3473 3531 an.

1867 3586 1964 3630 tem
2004 3572 2375 3629 consummatio
2402 3580 2493 3641 per
2520 3568 2863 3625 sacerdotth
2905 3568 3186 3623 Lditic‘um
3217 3576 3343 3623 erat.
3397 3569 3471 3625 Et

1872 3666 2001 3722 illud
2022 3706 2038 3731 ,
2074 3663 2213 3732 Quid
2241 3662 2412 3717 adhuc
2465 3662 2806 3715 necessarium
2852 3661 2985 3731 fuit,
3018 3670 3267 3732 magnam
3298 3661 3463 3715 habet

1880 3754 2204 3824 emphasim.
2230 3752 2363 3806 Nam
2380 3752 2427 3806 sl
2459 3761 2587 3807 ante
2615 3761 2762 3806 esset
2787 3752 3011 3822 quidem
3028 3752 3302 3815 Christus,
3322 3753 3471 3821 quod

1879 3844 1946 3899 ad
1968 3856 2189 3900 carnem
2211 3844 2428 3908 attinet,
2446 3843 2752 3899 secundum
2772 3843 3023 3898 ordinem
3044 3833 3471 3908 Melchisedech,

1868 3942 2065 3998 deinde
2085 3941 2273 3997 luisset
2296 3940 2401 3997 les.
2433 3946 2490 3993 et
2515 3951 2636 4008 quat
2666 3941 2825 3992 erant
2884 3935 3151 3991 Aamnica
3176 3934 3479 3989 :Vcrislmi-

1872 4036 1996 4090 liter
2026 4034 2129 4089 dici
2184 4039 2402 4102 posset,
2436 4030 2571 4094 lucc,
2600 4036 2659 4085 ut
2695 4044 2814 4099 quae
2845 4028 2955 4084 sint
3004 4028 3347 4097 perfectiora,
3388 4028 3478 4082 illa

1870 4128 2189 4191 dissolvere,
2214 4132 2402 4195 ntqua:
2425 4122 2887 4193 sitpervenissent.
2918 4121 2975 4176 Si
3006 4128 3186 4175 autem
3232 4118 3481 4176 Christus

1873 4230 1956 4276 est
1984 4219 2274 4289 posterior,
2306 4223 2359 4271 et
2392 4214 2555 4270 alium
2589 4215 2783 4284 accipit
2837 4222 3021 4285 typum
3050 4209 3365 4278 sacerdotii,
3396 4222 3484 4269 est

1877 4312 2217 4382 perspicuum
2249 4309 2299 4362 id
2325 4309 2509 4373 fuisse,
2532 4305 2675 4378 quod
2721 4304 2810 4360 illa
2831 4314 3015 4361 essent
3056 4303 3479 4374 imperfectiorn.

1877 4404 2147 4459 Ponamus
2185 4402 2329 4457 enim
2356 4442 2372 4466 ,
2420 4399 2589 4470 inmtlt
2613 4441 2629 4465 ,
2662 4392 2811 4453 verbi
2842 4406 3004 4453 causa
3034 4428 3049 4462 -,
3080 4390 3259 4451 omnia
3315 4396 3483 4453 fuisse

1876 4495 2115 4565 impleta,
2136 4503 2186 4549 et
2220 4490 2351 4546 nihil
2380 4488 2884 4560 esseimperfectum
2906 4490 2957 4542 in
2982 4487 3286 4543 sacerdotio
3313 4503 3326 4542 :
3356 4486 3483 4555 quid

1876 4599 2006 4659 ergo
2056 4602 2192 4659 opus
2241 4590 2359 4642 erat
2413 4592 2470 4639 ut
2538 4582 2841 4649 diceretur,
2895 4579 3194 4636 Secundum
3254 4580 3487 4635 ordinent

1880 4680 2275 4744 Melchisedech,
2297 4689 2351 4734 et
2378 4694 2507 4741 non,
2536 4675 2844 4731 Secundam
2876 4676 3121 4731 ordinem
3140 4675 3363 4731 Aaron?
3389 4690 3487 4731 our

1878 4774 2102 4829 dimisso
2133 4770 2346 4827 Aarone
2385 4770 2614 4825 alterum
2648 4768 2856 4824 Induxit
2882 4779 2975 4822 sac
2998 4767 3267 4833 -rdotium,
3292 4774 3490 4839 nempe

1880 4866 2254 4924 Mclcltisedcci
2275 4865 2299 4915 Ἰ
2322 4864 2383 4919 Si
2404 4863 2773 4918 consummatio
2789 4871 2897 4917 erat
2918 4880 3007 4933 per
3023 4861 3299 4917 Lwitlcunt
3326 4878 3493 4917 sactr-

1881 4963 2076 5016 dotium
2097 5001 2113 5027 ,
2154 4972 2349 5027 nempe
2379 4957 2423 5011 si
2447 4971 2625 5011 rerum
2658 4966 2712 5010 et
2733 4955 2855 5010 vita
2882 4954 3193 5025 dogmatum
3232 4954 3492 5025 perfectio

1885 5068 1980 5123 per
2014 5050 2316 5107 Leviticum
2349 5057 2463 5103 erat
2511 5046 2898 5103 saecrdotidm.
2945 5046 3078 5101 Vide
3126 5057 3303 5101 autem
3355 5058 3494 5115 quo-

1885 5144 2046 5198 mmlo
2092 5150 2239 5196 recta
2269 5139 2350 5194 via
2386 5139 2780 5209 progrediatur.
2816 5138 2987 5203 Dixit,
3021 5138 3163 5208 quod
3194 5136 3397 5193 second
3421 5155 3491 5191 nn

1884 5236 2128 5290 ordinem
2179 5228 2610 5298 Melchisedech,
2643 5230 2938 5287 ostendens
2986 5231 3129 5303 quod
3174 5232 3249 5286 sit
3299 5232 3496 5288 melius

1886 5328 1939 5385 id
1984 5328 2124 5401 quod
2160 5335 2243 5383 est
2300 5326 2593 5383 secundum
2636 5325 2881 5380 ordinem
2928 5320 3365 5380 Melchisedech:
3410 5334 3496 5379 est

1887 5423 2031 5476 enim
2085 5420 2255 5475 multo
2324 5418 2537 5473 melius.
2589 5416 2852 5488 Deinceps
2904 5414 3007 5472 hoc
3056 5422 3217 5472 etiam
3263 5417 3498 5472 ostcndlt

1888 5531 1953 5571 ex
1988 5522 2230 5583 tempore
2253 5553 2267 5577 ,
2301 5511 2444 5583 quod
2473 5510 2681 5565 scilicet
2712 5518 2836 5579 post
2863 5510 3133 5564 Aaronum
3178 5512 3247 5564 sit
3287 5511 3333 5563 is
3359 5551 3372 5571 .
3405 5510 3497 5579 qui

1891 5619 1975 5663 est
2021 5607 2379 5677 p'rzestantior.
2428 5602 2496 5657 Et
2538 5600 2664 5672 quid
2709 5601 2809 5655 sibi
2862 5593 2974 5655 \ult
3041 5601 3184 5672 quod
3240 5601 3500 5670 deinceps

1892 5701 2135 5771 sequitur
2154 5740 2168 5761 ,
2203 5696 2436 5763 Papulas
2471 5695 2604 5748 enim
2632 5692 2722 5747 sub
2752 5694 2863 5762 ipso
2890 5694 3050 5763 legent
3098 5692 3339 5761 accepit?
3370 5690 3498 5760 quid

1893 5803 2012 5858 est,
2048 5792 2157 5846 Sub
2198 5790 2348 5859 ipso?
2408 5789 2508 5842 f‘cr
2561 5788 2735 5856 ipsum
2785 5787 3118 5855 ingreditur,
3176 5803 3270 5859 per
3302 5786 3501 5854 ‘ipsutn

1894 5887 2033 5956 gerit
2062 5882 2244 5938 omnia
2275 5900 2287 5936 :
2332 5896 2435 5935 non
2468 5889 2645 5950 potest
2695 5880 2799 5935 dici
2857 5878 2998 5948 quod
3029 5878 3149 5936 aliis
3197 5880 3266 5936 sit
3295 5879 3503 5935 datum.

3139 5966 3178 6029 '1
