4068 6432
632 437 730 492 103

650 550 875 607 Populus
916 548 1004 601 sub
1053 547 1160 614 ipso
1218 545 1371 615 legem
1416 539 1604 609 accepit
1631 554 1649 591 :
1676 538 1773 591 hoc
1801 547 1919 604 est,
1967 553 2028 591 ra
2077 553 2207 592 usus

642 656 743 701 est.
774 644 885 697 Non
939 647 1109 711 potest
1162 636 1264 691 dici
1312 631 1450 703 quod
1494 630 1719 700 perlecta
1766 629 1975 699 quidem
2021 640 2202 695 esset,

642 736 833 808 populo
882 743 1056 786 autem
1120 742 1221 781 non
1277 723 1556 794 prchosita
1597 720 1769 775 fuerit.
1822 719 1929 775 Sub
1980 724 2089 790 ipsa
2133 720 2205 773 le-

642 845 749 899 gem
793 824 981 893 accepit
1026 837 1043 874 :
1092 818 1192 872 hoc
1245 823 1365 881 est,
1418 814 1532 882 ipso
1585 826 1711 864 usus
1751 820 1853 864 est.
1907 810 2040 877 Quid
2074 824 2200 879 ergo

639 938 769 988 opus
800 926 912 971 erat
956 913 1059 966 alio
1100 907 1429 969 sacerdotio,
1459 906 1501 959 si
1548 903 1672 957 illttd
1724 902 2012 970 perfectum
2053 900 2204 955 erat?

640 1010 913 1066 Tt-anslato
954 1003 1092 1058 enim
1166 997 1500 1059 sacerdotio,
1567 1009 1784 1047 necesse
1828 1001 1910 1045 est
1965 1002 2021 1044 ut
2076 992 2204 1059 legis

637 1115 847 1172 quoque
878 1092 1149 1149 translatio
1181 1091 1309 1144 fiat:
1355 1088 1396 1140 si
1442 1097 1614 1139 autem
1644 1098 1859 1137 necesse
1903 1092 1984 1135 est
2030 1092 2086 1134 ut
2138 1082 2205 1134 sit

635 1194 769 1248 alius
816 1187 1084 1249 sacerdos,
1113 1182 1194 1236 vel
1244 1179 1414 1249 potius
1449 1176 1591 1229 aliud
1631 1174 2022 1239 sacerdotium,
2048 1173 2201 1225 aliaat

636 1295 845 1349 qunque
889 1278 1057 1345 legem
1086 1288 1206 1327 esse
1232 1282 1449 1323 necesse
1481 1277 1581 1320 cst.
1628 1266 1737 1319 lluc
1782 1264 1847 1318 ad
1877 1280 1969 1318 eos
1998 1264 2085 1333 qtti
2115 1262 2201 1315 di-

635 1382 793 1426 cunt:
818 1368 953 1437 Quid
976 1381 1108 1435 opus
1131 1371 1244 1417 erat
1269 1374 1403 1413 novo
1424 1355 1808 1411 Testamento?
1834 1355 1961 1409 Nam
1993 1361 2202 1423 poterat

634 1463 847 1531 quidem
876 1458 1036 1513 etiam
1063 1470 1127 1519 ex
1152 1448 1427 1523 pmphetis
1448 1448 1627 1501 dicere
1655 1445 2013 1499 testimonium
2044 1462 2054 1496 :
2091 1443 2202 1499 lloc

634 1563 714 1609 est
774 1556 1143 1605 testamentum
1218 1541 1358 1612 quod
1425 1540 1657 1607 disposui
1721 1538 1955 1606 patribus
2010 1538 2201 1590 vestris

639 1646 771 1714 (Act.
834 1641 887 1695 5.
915 1638 1006 1707 25)
1035 1654 1050 1710 ς
1080 1634 1287 1689 interim
1343 1638 1518 1684 autem
1567 1638 1761 1697 pugnat
1787 1644 1849 1681 cx
1879 1627 2196 1683 sacerdotio.

633 1735 700 1789 Et
728 1733 839 1786 vide
869 1744 1023 1800 quam
1064 1734 1268 1795 optaret
1297 1721 1347 1776 id
1398 1720 1567 1775 eli‘ari.
1610 1720 1767 1783 Dixit,
1798 1718 2086 1773 Secundmn
2113 1735 2197 1771 ar-

634 1827 798 1878 ttinem
828 1818 1213 1876 Melchisedech.
1241 1814 1353 1869 Hoc
1375 1811 1533 1881 cjccit
1551 1810 1909 1865 sacerdotimn
1940 1811 2195 1864 Aaronis:

635 1933 666 1969 n
706 1932 737 1968 tt
767 1915 907 1968 enim
932 1910 1189 1971 dixisset,
1224 1904 1510 1960 Secundum
1538 1903 1765 1955 ordinent
1806 1900 2195 1965 Melchisedech,

632 2008 675 2060 si
726 2004 850 2058 illud
882 2010 1022 2056 esset
1070 1998 1275 2052 melius.
1310 1995 1364 2049 Si
1393 2008 1519 2062 ergo
1546 1992 1903 2047 introductum
1934 1992 2026 2047 luit
2056 1994 2194 2048 aliud

631 2094 1002 2156 sacerdotium,
1027 2090 1252 2143 alterum
1278 2100 1486 2154 quoque
1506 2084 1735 2152 Oportuit
1766 2098 1883 2138 esse
1915 2093 2197 2139 testamen-

630 2198 741 2240 tum
767 2204 779 2238 :
814 2197 983 2251 neque
1023 2180 1164 2233 enim
1192 2178 1300 2231 ﬁeri
1335 2184 1507 2244 potest
1537 2183 1593 2227 ut
1619 2175 1687 2227 sit
1716 2175 1965 2229 sacerdos
1993 2176 2193 2247 absque

634 2284 950 2333 testamento
988 2283 1039 2327 et
1064 2270 1272 2340 legibus
1310 2278 1364 2322 et
1389 2265 1708 2336 praeceptis;
1749 2281 1927 2337 neque
1975 2280 2064 2332 ut,
2093 2270 2197 2323 alio

631 2379 848 2441 accepto
876 2363 1173 2421 sacerdotio
1192 2403 1208 2428 ,
1236 2361 1325 2415 illo
1354 2368 1548 2413 utatur.
1601 2357 1801 2413 Deinde
1823 2398 1839 2425 ,
1868 2358 2009 2429 quod
2038 2360 2197 2430 oltjici

628 2470 838 2536 poterat
859 2502 888 2527 ,.
906 2455 1175 2529 quomodo
1200 2452 1354 2507 fuerit
1378 2450 1628 2505 sacerdos
1651 2491 1665 2513 ,
1694 2451 1783 2519 qui
1822 2466 1929 2504 non
1956 2462 2069 2506 erat
2096 2452 2195 2508 Le-

627 2558 733 2611 vita
762 2572 776 2607 :
808 2553 925 2617 hoc,
952 2564 1071 2605 cum
1104 2561 1198 2616 per
1225 2543 1497 2613 superiora
1526 2541 1687 2595 veluti
1716 2541 1980 2610 quoddam
2009 2540 2195 2597 fundae

628 2656 859 2701 tuentum
890 2643 1034 2711 prius
1054 2638 1270 2709 jecisset
1300 2674 1314 2698 ,
1341 2648 1409 2687 ne
1436 2631 1546 2685 vult
1576 2631 1788 2701 quidem
1820 2633 2029 2703 solvere
2056 2675 2069 2698 ,
2100 2634 2192 2689 sed

629 2749 892 2806 tamquam
926 2725 1381 2801 prtetercun'eudo
1410 2722 1509 2777 hoc
1536 2722 1772 2777 inducit:
1809 2722 1922 2776 Dixi
1950 2763 1965 2787 ,
2001 2724 2191 2793 inquit,

628 2827 939 2882 translatum
970 2834 1091 2877 esse
1117 2817 1468 2873 sacerdotium
1496 2832 1509 2867 :
1540 2828 1667 2882 ergo
1694 2823 1747 2866 et
1791 2823 2188 2868 testamentum.

626 2915 916 2973 TrauStulit
969 2922 1143 2965 autent
1193 2923 1296 2961 non
1345 2906 1517 2961 solum
1583 2902 1775 2965 modo,
1822 2918 1996 2973 neque
2064 2920 2195 2972 pm-

625 3012 814 3082 ceptis,
846 3008 939 3064 sed
972 3007 1130 3062 etiam
1162 3003 1301 3057 tribu
1329 3018 1342 3052 :
1372 2997 1652 3068 oportebat
1679 2997 1818 3050 enim
1843 2998 1999 3052 etiam
2031 2998 2190 3052 tribu.

626 3101 939 3173 Quomodo?
989 3098 1257 3152 Translata
1305 3091 1615 3151 sacerdotio,
1666 3089 1856 3159 inquit.
1911 3089 2024 3143 lloe
2071 3098 2189 3156 est,

623 3200 751 3255 ideo
779 3194 1086 3250 translatum
1129 3198 1211 3245 est
1240 3203 1267 3240 a
1307 3186 1442 3239 tribu
1470 3185 1519 3237 in
1551 3182 1745 3236 tribum
1776 3223 1788 3244 ,
1819 3197 1848 3235 a
1878 3182 2192 3238 sacerdotali

625 3290 691 3344 ad
721 3288 951 3356 regalem
979 3324 993 3346 ,
1025 3289 1080 3335 ut
1106 3280 1289 3335 cadent
1338 3284 1478 3330 esset
1508 3281 1561 3328 et
1587 3273 1778 3342 regalis
1809 3285 1860 3327 et
1889 3275 2192 3329 sacerdota-

622 3382 706 3436 lis.
758 3376 890 3430 Vide
939 3384 1116 3427 autem
1162 3364 1767 3440 mysterium:primum
1815 3362 2029 3432 quidem
2074 3376 2190 3421 erat

622 3469 815 3538 regalis
836 3509 850 3534 ,
880 3479 932 3522 et
974 3482 1113 3521 nunc
1144 3467 1277 3520 facta
1311 3476 1391 3520 est
1421 3463 1765 3518 sacerdotalis
1794 3480 1806 3514 :
1836 3463 1972 3515 sicut
2018 3462 2175 3516 etiam

617 3558 669 3613 in
700 3559 950 3611 Christo:
984 3572 1105 3610 nam
1125 3571 1336 3624 semper
1358 3554 1568 3623 quidem
1598 3553 1693 3606 fuit
1725 3568 1817 3606 rex
1842 3593 1856 3616 ,
1903 3551 2071 3605 factus
2098 3556 2179 3605 est

617 3659 791 3702 autem
820 3647 1101 3712 sacerdos,
1151 3646 1361 3715 quando
1406 3659 1621 3698 carnem
1651 3644 1923 3712 suscepit,
1969 3640 2183 3711 quando

622 3736 940 3792 sacriﬁcium
997 3736 1205 3791 obtulit.
1302 3734 1460 3788 Vides
1507 3733 1901 3789 mutationem?
1954 3730 2022 3786 Et
2064 3745 2183 3801 quas

618 3840 771 3884 erant
800 3829 1092 3898 objicienda
1115 3868 1130 3893 ,
1166 3826 1278 3880 hate
1301 3825 1549 3892 adducit,
1579 3833 1639 3887 ut
1663 3824 1963 3893 postulabat
2005 3837 2181 3877 retum

619 3920 993 3990 consequentia
1024 3937 1037 3972 :
1082 3918 1149 3971 In
1202 3932 1299 3982 qua
1326 3916 1456 3970 cnim
1479 3954 1497 3982 ,
1526 3914 1697 3985 inquit
1723 3955 1738 3979 ,
1774 3916 1880 3967 han:
1910 3913 2145 3966 dicuntur
2166 3951 2183 3979 ,

619 4011 661 4063 is
687 4010 747 4062 de
773 4010 873 4062 alia
904 4008 1033 4061 tribu
1060 4018 1131 4061 est
1154 4049 1168 4073 ,
1216 4023 1242 4060 ε
1288 4022 1386 4076 qua
1429 4004 1602 4059 nullus
1651 4004 1801 4057 altari
1852 4014 2033 4072 prarsta
2064 4004 2183 4072 fuit.

625 4099 942 4170 Compertum
974 4109 1045 4152 est
1065 4100 1195 4151 enim
1224 4095 1449 4150 onmibus
1477 4095 1610 4165 quod
1638 4093 1887 4148 Dominus
1925 4104 2090 4148 noster
2127 4110 2187 4147 ea:

622 4188 764 4240 Juda
807 4202 971 4241 ortum
1016 4190 1255 4252 duxerit,
1287 4204 1439 4257 quam
1487 4187 1539 4239 in
1590 4186 1770 4238 tribum
1820 4186 1881 4237 de
1908 4185 2187 4246 sacerdotio

624 4281 752 4334 nihil
786 4282 1018 4350 loquutus
1045 4290 1114 4333 est
1148 4278 1367 4348 Moyses.
1400 4276 1549 4344 Quod
1587 4286 1764 4330 autem
1796 4277 1892 4341 ait,
1928 4276 2031 4329 tale
2061 4276 2185 4345 quid

623 4382 705 4428 est
733 4391 745 4427 :
793 4370 855 4427 Et
885 4386 983 4440 ego
1032 4384 1239 4439 quoque
1270 4369 1389 4423 dico
1431 4378 1485 4423 et
1524 4366 1635 4421 scio
1666 4366 1803 4435 quod
1834 4365 1963 4419 uiltil
2012 4366 2192 4419 habuit

624 4465 917 4520 sacerdotii.
939 4462 1052 4517 hare
1084 4461 1250 4517 tribus
1272 4501 1285 4525 ,
1323 4474 1419 4513 nec
1470 4458 1607 4511 ullus
1633 4472 1698 4512 ex
1729 4472 1789 4511 ea
1834 4455 2184 4510 sacerdotium

626 4559 863 4611 exercuit
909 4576 921 4610 :
967 4555 1106 4625 quod
1138 4556 1308 4624 ipsum
1378 4550 1656 4609 titanil'csle
1705 4548 1937 4607 ostendit
1983 4548 2181 4607 dictum

630 4651 777 4715 illud,
813 4648 997 4703 Nullus
1027 4649 1173 4701 altari
1205 4659 1382 4715 pra’sto
1403 4650 1515 4716 fuit.
1542 4648 1635 4701 Est
1660 4648 1802 4701 enim
1832 4655 1992 4699 totum
2018 4658 2191 4701 trans-

630 4742 775 4794 latio.
826 4739 914 4793 Sic
954 4739 1305 4793 necessarium
1354 4747 1467 4790 erat
1510 4739 1675 4806 legem
1729 4747 1781 4791 et
1826 4746 1975 4791 vetus
2036 4747 2195 4791 testa-

632 4841 865 4887 mentum
912 4829 1225 4894 transferri,
1270 4829 1527 4899 siquidem
1555 4838 1608 4881 et
1649 4829 1757 4897 ipsa
1803 4829 1967 4884 tribus
1997 4839 2193 4883 mutata

633 4934 734 4976 est.
767 4920 921 4975 Vides
949 4930 1008 4973 ut
1036 4921 1191 4973 aliam
1236 4919 1469 4973 ostendit
1513 4917 1860 4972 ditl‘crentiam
1898 4935 2053 4988 quam
2080 4936 2198 4989 qua:

633 5029 664 5066 a
706 5011 989 5066 mutatione
1038 5011 1203 5065 tribus
1247 5010 1480 5079 petitur?
1509 5007 1684 5078 Neque
1730 5024 1856 5063 vero
1887 5009 2005 5065 inde
2043 5010 2197 5065 dum-

635 5112 785 5157 taxat
833 5112 1026 5171 quanta
1077 5102 1145 5154 sit
1194 5100 1490 5154 dill‘ercntia
1548 5099 1871 5165 ostenditur,
1904 5101 1996 5155 sed
2045 5103 2201 5157 modo

637 5209 842 5263 quoque
871 5208 899 5246 a
951 5207 1193 5261 persona,
1221 5206 1249 5243 a
1278 5184 1593 5245 testame’nto
1618 5232 1631 5253 ,
1661 5209 1687 5243 a
1739 5192 1896 5246 modo
1921 5234 1935 5257 ,
1979 5193 2045 5245 alt
2088 5194 2203 5263 ipso

640 5296 781 5355 typo,
834 5284 916 5339 16.
964 5284 1061 5350 Qui
1101 5300 1199 5335 non
1226 5284 1497 5336 secundant
1548 5284 1704 5351 legent
1743 5286 1967 5338 mandati
2016 5302 2202 5341 carna-

640 5378 700 5429 lis
728 5382 889 5447 {actus
920 5386 1009 5438 est,
1039 5375 1127 5427 sed
1165 5373 1436 5426 secundum
1479 5374 1707 5427 virtutem
1756 5373 1871 5427 vim:
1898 5377 2198 5431 insolubilis.

708 5469 761 5521 ‘2.
805 5467 993 5521 Factus
1020 5476 1110 5528 est,
1144 5467 1327 5533 inquit
1364 5464 1635 5527 sacerdos,
1677 5466 1768 5518 sed
1802 5484 1899 5519 non
1928 5470 2201 5521 secundant

652 5563 806 5629 legent
836 5559 1054 5611 carnalis
1090 5556 1313 5609 mandati
1344 5572 1361 5609 :
1389 5556 1473 5609 lex
1503 5556 1641 5609 cnim
1686 5556 1771 5609 illa
1804 5556 1853 5608 itt
1887 5558 2063 5611 multis
2091 5569 2204 5613 erat

640 5668 747 5707 non
780 5652 1053 5721 legitiuta‘.
1091 5649 1152 5703 Et
1180 5656 1322 5703 recte
1364 5649 1566 5701 vocavit
1596 5647 1719 5701 illud
1748 5650 2054 5705 mandatum
2084 5666 2204 5705 car-

705 5791 722 5820 ί
748 5787 819 5835 lbi
846 5783 978 5833 Colit.
1020 5781 1185 5829 addit:
1213 5778 1333 5837 ()ttid
1372 5783 1456 5833 cst,
1492 5777 1701 5827 carnalis
1738 5779 1998 5829 mandati?
2036 5781 2209 5831 Postea

646 5853 704 5900 tis
724 5850 910 5895 omissis
939 5858 1045 5905 qua-
1073 5847 1119 5891 iu
1158 5841 1295 5890 l’tlito
1330 5841 1609 5902 interposita
1631 5849 1767 5900 sunt,
1806 5842 1868 5889 ita
1904 5846 2060 5906 pergit
2096 5845 2173 5893 ill:
2199 5860 2209 5894 :

644 5908 944 5963 Ltl't';.lllt'l.lt’
970 5918 1161 5955 carnem
1189 5918 1203 5965 ;
1231 5912 1326 5951 etc.

1322 427 1376 484 s.
1415 422 1687 481 JO.-\NNIS
1723 417 2188 477 cunt'sosrom
2232 416 2536 472 .tttettttzr.
2573 420 3112 483 RONsrAynNop.

3797 422 3903 480 Ιοὸ

2312 524 2430 577 nale
2454 543 2464 577 ε
2491 523 2669 577 omnia
2696 525 2839 578 enim
2868 541 2985 595 qua:
3007 525 3270 582 statuebat
3290 529 3523 583 carnalia
3551 542 3726 585 erant.
3754 532 3889 585 Nam

2307 616 2504 678 dicere,
2537 615 2872 670 Circumcide
2898 632 3135 685 carnem,
3178 634 3315 689 unge
3339 636 3576 685 carnem,
3612 622 3729 676 lata
3770 640 3890 677 cai-

2306 722 2452 771 ttem,
2484 706 2676 760 munda
2707 722 2944 773 carnem,
2975 710 3138 764 tonde
3166 724 3401 776 carnem,
3450 713 3606 784 alliga
3636 730 3882 784 catnetn,

2307 801 2447 854 nutri
2476 814 2710 861 carnem,
2745 800 2911 853 otium
2941 799 3006 853 da
3033 801 3178 855 carni
3214 819 3227 854 :
3260 801 3375 857 lucc
3418 820 3617 869 annon,
3669 822 3877 873 quaso,

2307 896 2539 949 carnalia
2613 898 2776 951 sunt?
2830 898 2884 952 Si
2932 899 3013 952 vis
3065 900 3273 957 discere
3316 919 3436 974 qua:
3489 903 3625 957 bona
3685 902 3898 971 promi-

2307 985 2458 1047 serit,
2502 983 2623 1038 audi
2656 1003 2671 1039 ι
2699 985 2879 1057 Longa
2924 988 3027 1042 vita
3097 991 3267 1056 carni,
3316 992 3505 1062 inquit,
3564 992 3646 1047 lae
3696 1001 3751 1047 et
3788 989 3900 1047 mel

2313 1076 2477 1150 carni,
2514 1090 2610 1144 pax
2644 1076 2814 1141 cnrni,
2869 1079 3116 1149 voluptas
3157 1083 3327 1135 carui.
3380 1083 3461 1137 Ab
3510 1083 3608 1138 hac
3650 1083 3768 1153 lege
3808 1097 3903 1137 sa-

2307 1167 2597 1222 cerdotium
2628 1172 2833 1240 aer-epit
2876 1173 3050 1225 Aaron
3080 1190 3092 1223 :
3126 1172 3517 1231 Melchisedech
3550 1185 3728 1229 autem
3778 1189 3892 1228 non

2308 1257 2397 1310 ita.
2434 1259 2519 1313 15.
2557 1259 2625 1313 Et
2650 1262 2873 1332 amplius
2907 1263 3076 1317 adhuc
3105 1266 3432 1335 manifestum
3470 1276 3562 1331 est,
3608 1267 3653 1320 si
3697 1282 3891 1320 secuit-

2306 1350 2424 1402 dum
2450 1350 2833 1406 similitudinem
2865 1353 3241 1408 Melchisedech
3271 1366 3513 1427 exsurgat
3547 1358 3680 1410 alius
3720 1372 3899 1410 sacer-

2305 1439 2417 1494 dos.
2451 1440 2585 1508 Quid
2629 1452 2711 1497 est
2758 1443 3139 1498 manifestum?
3185 1443 3454 1511 Quantum
3500 1447 3717 1501 intersit
3752 1448 3898 1500 inter

2307 1542 2594 1603 utrumque
2639 1534 3000 1588 sacerdotium
3022 1576 3035 1599 ,
3064 1544 3118 1589 et
3144 1539 3436 1611 quantasit
3464 1536 3765 1591 differentia
3793 1578 3807 1599 ,
3838 1545 3897 1590 et

2303 1634 2500 1693 quanto
2541 1628 2875 1695 pratstantior
2922 1628 3010 1697 qtti
3062 1643 3166 1682 non
3226 1620 3397 1683 tactus
3449 1640 3533 1683 est
3583 1628 3893 1683 secundum

2305 1716 2477 1787 legem
2500 1718 2734 1770 mandati
2764 1720 3015 1773 carnalis.
3044 1719 3214 1784 Quis?
3238 1721 3322 1774 hic
3344 1730 3422 1775 est
3448 1720 3849 1775 Melchisedech
3870 1720 3895 1771 ἲ

2300 1807 2442 1873 Non,
2473 1809 2563 1861 sed
2596 1808 2861 1862 Christus.
2891 1809 2996 1863 Sed
3021 1810 3298 1863 secundum
3330 1811 3563 1864 virtutem
3594 1811 3707 1863 vita:
3742 1811 3889 1863 inso-

2304 1899 2495 1951 lubilis.
2532 1901 2614 1953 l7.
2643 1899 2965 1953 Cantestatur
2995 1902 3126 1955 enim
3159 1916 3175 1953 :
3205 1900 3285 1953 Tu
3314 1918 3365 1955 es
3392 1902 3629 1955 sacerdos
3656 1903 3707 1954 in
3736 1912 3891 1955 atter—

2302 2008 2443 2057 nunt,
2477 1991 2750 2045 secundum
2785 1993 3011 2046 ordinem
3048 1992 3440 2046 Melchisedech.
3475 1993 3587 2048 [loc
3626 2004 3731 2053 est.
3782 2009 3890 2047 non

2301 2082 2367 2137 ad
2399 2092 2629 2151 tempus,
2661 2099 2830 2151 neque
2865 2084 3020 2135 liuent
3050 2083 3279 2144 habens,
3305 2083 3421 2146 scd,
3462 2085 3758 2138 Secundum
3787 2088 3891 2137 vir—

2301 2183 2454 2227 tutam
2484 2176 2601 2227 vita:
2630 2175 2935 2227 insolubilis.
2973 2173 3079 2228 lloc
3123 2174 3280 2237 dixit,
3331 2184 3386 2227 ttt
3423 2175 3672 2228 ostendat
3710 2177 3890 2245 ipsum

2300 2266 2633 2322 sacerdotem
2667 2282 2783 2321 esse
2814 2269 3004 2321 factum
3042 2282 3133 2335 per
3153 2281 3303 2320 suam
3335 2276 3389 2320 et
3418 2267 3588 2320 Patris
3609 2268 3889 2329 virtutem,

2302 2376 2397 2430 per
2428 2360 2585 2414 vitam
2620 2360 3066 2414 indissolubilcm.
3114 2361 3270 2427 Atqui
3305 2375 3409 2413 non
3440 2370 3521 2413 est
3559 2359 3659 2415 hoc
3696 2376 3891 2415 C(tttSL“

2302 2468 2473 2524 quens
2500 2453 2547 2508 ei
2579 2453 2716 2522 quod
2749 2453 2947 2505 dictum
2993 2461 3096 2517 est,
3132 2451 3233 2518 Qui
3274 2469 3372 2505 non
3417 2456 3691 2505 secundum
3726 2454 3892 2522 legent

2302 2545 2529 2598 mandati
2572 2544 2790 2597 carnalis
2844 2544 3006 2613 factus
3050 2553 3118 2595 est
3151 2559 3167 2595 :
3198 2554 3313 2596 erat
3359 2544 3500 2598 enim
3542 2558 3891 2612 consequens

2302 2633 2501 2699 dicere,
2536 2634 2642 2687 Sed
2675 2633 2906 2686 mandati
2944 2632 3255 2701 spiritualis.
3292 2632 3395 2688 Sed
3430 2648 3526 2703 per
3554 2634 3770 2687 carnale
3800 2649 3892 2686 os-

2305 2726 2473 2781 tendit
2500 2726 2793 2795 temporale
2823 2742 2836 2778 ε
2869 2727 3005 2779 sicut
3043 2728 3202 2779 etiam
3235 2725 3365 2779 dicit
3407 2726 3553 2787 alibi,
3600 2724 3783 2794 Usque
3822 2726 3891 2779 ad

2304 2828 2516 2888 tempus
2565 2816 2916 2871 correctionis
2964 2816 3241 2885 impositas
3304 2817 3447 2885 leges
3488 2817 3892 2885 justit‘tcitiouis

2302 2912 2479 2966 carnis
2516 2910 2807 2965 secundum
2846 2910 3095 2962 virtutem
3129 2908 3250 2961 vita:
3284 2925 3297 2959 :
3329 2908 3429 2962 hoc
3459 2917 3560 2973 est,
3589 2908 3718 2961 vivit
3761 2923 3891 2977 pro-

2306 3004 2420 3075 pria
2452 3004 2664 3057 virtute.
2698 3003 2839 3055 Dixit
2866 3002 2978 3055 ﬁeri
3004 3002 3133 3071 legis
3163 3001 3589 3063 translationem,
3620 3010 3673 3054 et
3706 3010 3895 3055 Osten-

2304 3094 2383 3149 dit
2421 3092 2689 3163 quomodo
2740 3110 2752 3145 :
2791 3092 2901 3161 jam
2945 3092 3135 3161 qumrit
3175 3107 3388 3145 causam
3425 3091 3604 3159 :quod
3654 3094 3893 3147 maxime

2303 3183 2540 3240 omnium
2582 3182 2839 3237 satisfacit
2878 3184 3071 3237 animis
3113 3182 3409 3247 hominum,
3444 3198 3633 3253 nempe
3664 3188 3894 3238 omnino

2303 3290 2516 3331 causam
2541 3275 2700 3339 seire,
2729 3284 2783 3328 et
2811 3274 2977 3342 magis
3015 3272 3138 3328 facit
3169 3272 3351 3337 tidem,
3384 3272 3595 3342 quando
3636 3274 3893 3329 didiceri-

2308 3382 2427 3423 mus
2452 3382 2667 3422 causam
2699 3374 2754 3419 et
2790 3365 3049 3419 rationem
3085 3379 3179 3433 per
3222 3379 3377 3433 quam
3425 3363 3501 3418 lit.
3549 3365 3637 3420 18.
3689 3364 3893 3436 Repra-

2303 3461 2437 3515 batio
2463 3459 2661 3529 quidem
2695 3458 2752 3525 ﬁt
2794 3456 3119 3523 pra’cedentis
3165 3455 3395 3509 mandati
3434 3466 3638 3525 propter
3669 3458 3894 3525 inﬁrmi-

2305 3560 2457 3605 tatem
2503 3549 2614 3619 ejus
2654 3557 2699 3601 et
2731 3547 3078 3600 inutilitatem.
3128 3544 3221 3599 llic
3272 3546 3551 3616 insurgunt
3600 3547 3864 3602 ltzcretici‘

2308 3640 2569 3717 [dicentes
2594 3657 2606 3691 ε
2634 3641 2772 3693 Ecce
2804 3638 2997 3693 Paulus
3028 3637 3223 3691 malum
3245 3637 3367 3690 dicit
3397 3639 3751 3711 mandatum].
3782 3640 3892 3696 Sed

2301 3732 2516 3789 attende
2552 3734 2880 3805 diligenter:
2916 3749 3018 3787 non
3059 3733 3194 3788 dixit
3237 3735 3377 3804 quod
3424 3736 3492 3789 sit
3536 3736 3787 3791 vitiosum
3828 3747 3887 3793 et

2299 3841 2537 3895 pravum,
2566 3825 2684 3893 sed,
2715 3825 2937 3896 Prapter
2963 3827 3305 3892 inﬁrmitatem
3332 3829 3441 3898 ejus
3468 3838 3511 3883 et
3533 3829 3886 3888 inutilitatem.

2298 3915 2434 3970 Alibi
2466 3931 2677 3985 quoque
2704 3917 2937 3971 ostendit
2962 3916 3077 3985 ejus
3107 3917 3544 3985 imbecillitatem,
3574 3929 3632 3974 ut
3654 3922 3876 3990 quando

2297 4009 2445 4073 dicit,
2475 4007 2540 4062 In
2566 4026 2665 4079 qua
2701 4008 3057 4077 inﬁrmubatur
3090 4028 3181 4080 per
3207 4026 3429 4067 carnem.
3476 4011 3592 4067 Non
3629 4022 3715 4069 est
3757 4030 3890 4086 ergo

2300 4100 2412 4154 hmc
2442 4102 2739 4164 imbecillis,
2774 4101 2867 4155 sed
2900 4117 3017 4156 nos.
3051 4102 3136 4157 l9.
3171 4101 3321 4156 Nihil
3352 4104 3486 4157 enim
3515 4104 3584 4156 ad
3609 4106 3892 4175 perfectam

2298 4192 2510 4244 adduxit
2547 4192 2645 4247 lcx.
2686 4193 2822 4259 Quid
2868 4203 2973 4260 est,
3024 4192 3175 4247 Nihil
3203 4194 3271 4246 ad
3312 4197 3589 4265 perfectum
3622 4198 3892 4251 adduxit?

2300 4282 2576 4337 Neminem
2625 4284 2746 4337 fecit
2789 4282 3082 4352 perfectum
3128 4300 3249 4339 cunt
3296 4288 3343 4340 ei
3378 4300 3484 4339 non
3529 4287 3891 4343 obediretur:

2300 4389 2616 4444 quamquam
2644 4390 2739 4429 nec
2768 4376 2811 4428 si
2840 4375 3017 4429 audita
3045 4386 3210 4443 esset,
3240 4376 3532 4447 perlectum
3560 4378 3899 4435 reddidisset

2301 4476 2353 4519 et
2382 4466 2575 4521 virtute
2605 4466 2909 4536 praeditum.
2953 4466 3168 4522 interim
3210 4478 3387 4524 autem
3433 4484 3537 4523 non
3582 4470 3683 4525 hoc
3721 4470 3883 4537 dicit,

2301 4556 2392 4611 sed
2446 4558 2585 4627 quod
2631 4558 2736 4611 vim
2775 4574 2879 4611 non
2921 4558 3203 4625 habuerit;
3264 4570 3318 4615 et
3357 4562 3588 4615 merito:
3623 4561 3715 4637 ita.
3746 4564 3899 4618 enim

2302 4650 2416 4703 sitae
2440 4660 2591 4704 erant
2623 4651 2790 4704 literzc
2824 4670 2837 4705 :
2874 4651 2985 4705 Hoc
3035 4651 3135 4716 lac,
3167 4662 3219 4707 et
3251 4652 3375 4707 illud
3419 4670 3521 4707 non
3567 4653 3646 4707 iac
3676 4672 3689 4708 :
3718 4657 3899 4712 solum

2303 4752 2681 4810 proponentes,
2707 4758 2811 4797 non
2844 4744 3004 4798 etiam
3021 4745 3124 4799 vim
3149 4756 3202 4799 et
3241 4755 3563 4816 potestatem
3586 4748 3899 4807 afferentes.

2304 4832 2443 4902 Spes
2475 4843 2651 4887 autem
2687 4850 2789 4888 nou
2818 4846 2900 4890 cst
2929 4836 3212 4905 ejusmodi.
3257 4837 3393 4905 Quid
3425 4848 3507 4895 est
3539 4840 3904 4910 reprobatio?

2305 4926 2529 4995 Ejectio.
2563 4926 2837 4997 [Qum-nant
2885 4936 3061 4981 autem
3113 4928 3225 4983 hcce
3253 4931 3319 4983 sit
3362 4932 3657 4986 ostendens
3685 4933 3891 5001 intulit,

2308 5018 2647 5074 Pra’ccdentis
2671 5021 2894 5072 mandati
2916 5020 2941 5073 .9
2965 5019 3052 5074 Sic
3080 5020 3249 5090 legem
3281 5037 3503 5087 vocans,
3527 5025 3648 5093 quia
3675 5034 3904 5096 propter

2308 5112 2666 5166 inﬁrmitatem
2688 5126 2837 5165 suam
2879 5112 3048 5180 ejecta
3078 5122 3194 5178 est;
3226 5112 3350 5166 illud
3379 5122 3554 5168 autem
3585 5115 3906 5185 prcccedens

2308 5213 2461 5258 vocat
2485 5204 2623 5273 quod
2651 5203 2808 5257 desiit
2834 5214 2885 5257 et
2916 5215 3132 5274 propter
3152 5206 3512 5261 inﬁrmitatem
3559 5210 3906 5279 antiquatum

2307 5296 2434 5366 est.)
2464 5295 2783 5364 lleprobatio
2823 5305 2903 5349 est
2932 5296 3206 5366 abrogatio
3232 5307 3285 5352 et
3312 5298 3509 5352 deletio
3550 5315 3735 5354 eorum
3781 5316 3909 5371 qua:

2308 5387 2413 5439 vim
2470 5386 2735 5441 habebant
2784 5397 2837 5441 et
2882 5388 3153 5443 valebant.
3215 5389 3347 5444 lline
3416 5392 3717 5447 ostenditur
3758 5395 3908 5462 quod

2312 5478 2415 5531 vim
2446 5477 2646 5542 habuit,
2672 5489 2725 5531 et
2770 5477 2950 5541 valuit,
2979 5478 3070 5532 sed
3100 5480 3195 5534 fuit
3226 5481 3405 5535 habita
3437 5482 3732 5551 dt‘SpeCllll,
3768 5501 3911 5555 quo-

2313 5569 2452 5620 niam
2492 5568 2617 5621 nihil
2642 5568 2839 5621 effecit.
2862 5568 3001 5622 Niliil
3027 5586 3156 5639 ergo
3186 5572 3263 5626 lex
3293 5572 3485 5642 profuit
3509 5575 3531 5626 ?
3558 5574 3764 5630 Proluit
3788 5580 3914 5647 qui-

2312 5660 2457 5721 dem,
2506 5673 2558 5715 et
2587 5660 2736 5715 valde
2787 5661 2997 5729 profuit,
3057 5664 3149 5716 sed
3181 5665 3246 5717 ad
3279 5666 3609 5720 reddendum
3642 5667 3911 5738 perfectos

2320 5753 2449 5806 nihil
2477 5754 2691 5822 prolttil.
2723 5753 2827 5807 Lex
2850 5754 2989 5807 cnim
3024 5755 3149 5807 ttiltil
3177 5756 3403 5811 reddidit
3439 5759 3761 5825 perlectum.

2386 5859 2397 5886 ι
2430 5858 2551 5924 Qua:
2571 5853 2758 5923 uncinis
2782 5852 2941 5924 clausa
2975 5861 3085 5923 sunt
3112 5865 3205 5924 non
3245 5852 3475 5924 leguntur
3511 5857 3558 5901 itt
3594 5855 3763 5924 Cultu;
3800 5876 3911 5924 qua:

2321 5927 2482 5967 autem
2510 5917 2582 5964 hic
2608 5916 2827 5977 proxime
2852 5913 3110 5963 clausimus
3132 5915 3310 5965 desunt
3339 5918 3384 5963 in
3409 5915 3695 5968 Commeliu.
