4068 6410
176 377 251 431 105

228 482 579 547 Circumcisio,
626 483 931 553 sacriﬁcia,
971 486 1231 539 sabbatum
1279 487 1459 541 umbra
1508 498 1745 543 crant.—

174 578 272 630 ldeo
298 576 444 641 dicit,
476 573 641 630 Nihil
675 577 772 630 lea:
803 577 1004 648 perfecit
1031 594 1049 632 :
1079 578 1258 632 outnia
1280 581 1423 633 enim
1450 591 1602 635 erant
1630 581 1764 652 typi,

172 669 321 722 omnia
362 668 585 732 mubra,
626 667 1007 735 circumcisio,
1061 670 1407 738 sacriﬁcium,
1458 672 1764 739 sabbatum,

170 780 262 830 quis
291 777 392 816 non
422 769 739 827 potuerunt
768 761 832 814 ad
855 761 1083 815 animam
1113 762 1408 831 pervadere
1435 781 1447 816 :
1478 775 1764 835 propterea

171 854 338 906 colunt
365 862 421 907 et
449 851 804 907 abscedunt.
854 853 1179 909 lntroductio
1224 872 1341 911 vero
1371 859 1597 913 melioris
1634 862 1763 931 spei,

170 960 398 1013 perquam
430 943 810 1013 proximamus
838 946 904 997 ad
941 944 1110 999 Deum
1148 963 1167 1001 .'
1198 946 1289 1002 9.0.
1324 959 1370 1001 et
1410 961 1769 1017 quantum.est

171 1052 250 1090 non
274 1035 377 1087 sine
391 1034 791 1105 jurejurando.
825 1036 983 1092 Vides
1008 1037 1150 1107 quod
1186 1038 1272 1093 hic
1303 1040 1462 1095 fuerit
1486 1041 1766 1110 jnramcn-

170 1142 257 1183 tum
298 1128 683 1184 necessarium
713 1130 741 1183 ἲ
769 1129 1126 1197 Quamobrem
1166 1134 1419 1202 superius
1458 1145 1577 1191 tam.
1607 1138 1771 1192 umlta

170 1231 235 1274 cst
260 1220 718 1291 philosophatus,
748 1222 888 1291 quod
922 1223 1061 1278 Deus
1085 1225 1372 1294 juraverit,
1418 1238 1472 1282 et
1508 1228 1771 1297 juraverit

170 1323 215 1368 ut
236 1320 366 1368 esset
400 1313 617 1369 certior
646 1322 709 1368 et
739 1314 945 1383 plenior
971 1318 1273 1385 persuasio.
1304 1316 1633 1374 lntroductio
1671 1339 1771 1374 an-

172 1422 253 1462 tem
290 1410 517 1464 melioris
568 1409 718 1478 spei.
752 1407 892 1475 Quid
922 1407 1026 1463 hoc
1069 1407 1198 1464 est?
1228 1406 1345 1461 Lex
1376 1420 1591 1475 quoque
1620 1419 1772 1474 Spem

172 1506 401 1567 habebat,
442 1503 545 1559 sed
603 1519 722 1559 non
765 1502 927 1559 talem
967 1520 981 1558 :
1029 1501 1321 1573 sperabant
1368 1500 1535 1565 enim,
1577 1500 1621 1554 si
1666 1500 1775 1554 Deo

171 1596 507 1665 placuissent,
541 1611 610 1652 se
643 1607 844 1652 terram
875 1595 1176 1662 habituros,
1212 1604 1269 1649 et
1293 1594 1427 1649 nihil
1457 1609 1619 1664 grave
1648 1608 1773 1663 pas-

169 1705 325 1745 suros.
350 1689 450 1744 llic
479 1700 683 1745 autem
716 1705 1016 1759 Speramus,
1047 1689 1093 1744 si
1122 1689 1232 1743 Deo
1264 1688 1647 1759 placuerimus,
1673 1704 1772 1743 nos

169 1797 257 1835 non
289 1792 493 1836 terram
526 1796 910 1852 possessuros,
947 1781 1044 1837 sed
1083 1783 1310 1849 cwlutn;
1346 1782 1476 1846 into,
1516 1782 1658 1851 quod
1691 1791 1773 1835 cst

170 1871 255 1927 hoc
279 1872 446 1926 multo
468 1874 852 1943 pnnstantius,
876 1888 1159 1944 speramus
1187 1872 1304 1929 fore
1330 1882 1386 1927 ut
1411 1874 1580 1928 simus
1603 1888 1771 1943 prope

168 1963 337 2029 Deum,
365 1964 433 2018 ad
467 1966 657 2035 ipsam
689 1964 879 2020 sedem
920 1966 1200 2019 veniamus
1233 1975 1532 2035 paternam,
1574 1965 1623 2020 ei
1672 1966 1765 2019 mi-

167 2057 420 2110 nistraturi
474 2072 609 2113 cum
655 2059 883 2129 angelis.
934 2059 999 2113 Et
1047 2059 1168 2114 vide
1197 2059 1469 2130 quomodo
1512 2076 1573 2113 ea
1621 2062 1770 2130 ponit

167 2148 421 2218 paulatim.
458 2148 605 2205 Nam
648 2150 760 2200 illic.
798 2148 1015 2223 quidem
1048 2149 1198 2217 dicit,
1246 2149 1577 2224 Ingredimur
1611 2166 1767 2222 usque

164 2241 221 2293 ad
251 2242 493 2297 interiora
537 2244 849 2308 velaminis;
881 2243 969 2298 hic
1010 2256 1217 2309 aurem,
1270 2245 1374 2298 l’er
1401 2261 1555 2314 quam
1590 2246 1770 2311 proxi-

166 2349 339 2389 marum
359 2335 429 2388 ad
460 2335 637 2390 Deum
662 2350 684 2391 :
704 2345 751 2391 et
775 2345 1020 2407 quantum
1042 2346 1115 2392 est
1138 2354 1241 2392 non
1267 2338 1377 2392 sine
1392 2340 1763 2410 jurejurando.

164 2424 280 2493 Quid
307 2438 407 2495 est,
438 2428 509 2483 Et
540 2440 799 2500 quantum
836 2441 931 2497 est,
974 2447 1075 2484 non
1106 2430 1217 2485 sine
1231 2432 1579 2502 jurejurando
1602 2434 1627 2487 .9
1652 2432 1767 2489 Hoc

166 2528 252 2584 est,
281 2520 392 2575 Non
419 2522 545 2578 sine
570 2521 910 2592 iuramento.
938 2521 1080 2578 Ecce
1100 2522 1204 2577 alia
1231 2522 1555 2578 differentia.
1581 2522 1765 2594 Neque

167 2608 265 2666 lucc
291 2612 406 2668 sine
447 2628 620 2669 causa
664 2622 793 2668 sunt
830 2613 1118 2682 promissa,
1168 2614 1362 2683 inquit.
1406 2613 1511 2667 Alii
1554 2614 1761 2685 quidem

167 2703 261 2755 sine
277 2704 625 2776 jurejurando
647 2706 939 2760 sacerdotes
978 2706 1106 2773 {acti
1146 2715 1302 2770 sunt;
1346 2704 1441 2760 21.
1482 2706 1566 2759 hic
1591 2715 1762 2761 autem

167 2809 241 2860 per
259 2797 639 2866 jusjurandum
670 2814 760 2866 per
787 2814 901 2851 eum
930 2798 1016 2868 qui
1053 2796 1186 2851 dixit
1226 2798 1295 2850 ad
1330 2798 1479 2851 illum
1510 2813 1529 2851 :
1551 2795 1760 2851 Iuravit

169 2882 398 2943 Dominus
442 2896 492 2941 et
546 2903 656 2941 non
693 2888 951 2957 paenitebit
996 2905 1109 2941 eum
1156 2887 1289 2942 :Tu
1326 2905 1377 2941 es
1422 2889 1661 2943 sacerdos
1707 2890 1761 2944 in

167 2989 387 3029 meritum
417 2979 715 3032 secundum
746 2979 975 3032 ordinem
1006 2978 1403 3035 Melchisedech.
1431 2980 1523 3035 2‘3.
1550 2979 1615 3034 In
1640 2992 1757 3036 tan-

168 3077 257 3119 tum
297 3072 520 3125 melioris
552 3072 847 3125 testamenti
885 3090 1101 3141 sponsor
1127 3074 1295 3143 factus
1340 3085 1411 3127 est
1458 3074 1631 3127 Jesus.
1662 3075 1754 3129 23.

170 3157 224 3209 Et
270 3163 355 3215 alii
397 3166 613 3233 quidem
662 3164 837 3233 plures
882 3167 1005 3235 facti
1051 3176 1167 3219 sunt
1214 3166 1520 3229 sacerdotes,
1566 3167 1759 3221 idcirco

168 3254 283 3317 quod
320 3268 479 3310 morte
531 3258 924 3326 prohiberentur
962 3274 1258 3327 permanere
1296 3274 1315 3311 :
1351 3257 1441 3312 21.
1477 3259 1558 3311 hic
1587 3268 1756 3313 autem

168 3361 216 3393 eo
240 3347 365 3411 quod
394 3357 605 3401 maneat
634 3349 689 3401 in
716 3358 981 3412 telernmn,
1006 3350 1372 3418 sempiternum
1416 3350 1562 3404 habet
1587 3366 1757 3405 sacer-

174 3439 357 3488 rouum.
412 3438 567 3492 Duas
611 3439 764 3509 ponit
809 3438 1164 3506 didercntias,
1212 3442 1355 3510 quod
1403 3458 1509 3497 non
1556 3442 1756 3499 habeat

169 3527 306 3580 tinem
332 3530 468 3584 sicut
500 3531 698 3601 legale,
722 3540 777 3585 et
800 3534 942 3601 quod
972 3548 1093 3586 cum
1118 3534 1451 3604 juramento.
1486 3536 1541 3590 Id
1575 3548 1754 3593 autem

170 3616 277 3672 facit
298 3636 323 3672 :t
349 3623 599 3684 Christo,
623 3624 714 3692 qui
743 3639 809 3678 eo
842 3626 1081 3695 fungitur
1117 3643 1129 3679 :
1164 3642 1285 3679 nam
1325 3626 1620 3682 Secundum
1650 3629 1754 3684 vir-

170 3722 323 3779 tutem,
353 3717 553 3786 inquit,
587 3716 705 3769 vita:
730 3716 1113 3772 indissolubilis.
1138 3717 1190 3770 Id
1224 3718 1345 3772 facit
1366 3719 1524 3773 etiam
1551 3735 1580 3773 τι
1604 3720 1754 3790 Ῑιινα-

169 3815 326 3860 mento
344 3809 483 3877 quod
512 3810 735 3877 juravit,
778 3820 831 3863 et
851 3825 878 3861 a
910 3826 968 3864 rc
999 3812 1110 3879 ipsa
1146 3830 1159 3864 :
1190 3812 1473 3880 siquidem,
1499 3813 1753 3882 quoniam

168 3907 267 3950 erat
303 3899 629 3956 imbecillum
657 3942 672 3965 ,
716 3901 843 3954 illud
887 3901 1117 3971 ejectum
1146 3915 1229 3957 est
1263 3922 1275 3958 :
1308 3904 1408 3958 hoc
1442 3917 1617 3959 autent
1646 3914 1753 3961 stat

166 3997 213 4041 et
274 4006 477 4059 manet,
532 3993 786 4063 quoniam
826 4002 909 4047 est
979 4005 1171 4064 potens
1220 4005 1274 4051 et
1332 3996 1592 4052 validum.
1645 3997 1750 4055 Fa-

168 4082 228 4133 cit
273 4084 500 4157 denique
546 4101 611 4140 ex
675 4088 974 4141 sacerdote.
1025 4089 1344 4154 Quomodo?
1383 4090 1636 4159 quoniam
1668 4100 1757 4149 est

168 4186 285 4228 Imus
314 4195 325 4229 :
356 4190 408 4232 et
441 4194 551 4230 non
583 4186 729 4232 esset
758 4193 892 4232 unus
916 4178 1016 4233 nisi
1050 4181 1391 4237 immortalis.
1422 4184 1572 4238 Sicut
1600 4186 1747 4239 ettitn

168 4270 296 4323 Ittulti
332 4280 466 4325 sunt
514 4270 827 4326 sacerdotes
877 4287 945 4326 eo
986 4274 1129 4340 quod
1176 4276 1281 4328 sint
1340 4278 1595 4329 tum-tales
1631 4296 1642 4331 :
1675 4277 1748 4332 ita

168 4373 285 4413 unus
319 4376 402 4418 est
450 4380 610 4427 unus,
654 4365 795 4433 quod
840 4366 912 4420 sit
949 4365 1284 4419 imumrtalis.
1329 4367 1491 4421 Tanto
1521 4369 1746 4424 melioris

168 4452 433 4505 testamenti
470 4467 688 4521 sponsor
740 4457 906 4525 factus
956 4466 1029 4511 est
1081 4455 1253 4522 Jesus,
1298 4460 1438 4528 quod
1474 4460 1741 4529 iuraverit

164 4548 265 4592 eum
293 4557 512 4612 semper
544 4543 779 4599 futurum
809 4547 1168 4612 Sacerdotem,
1203 4564 1308 4602 non
1339 4552 1439 4603 hoc
1474 4550 1735 4616 facturus,

164 4627 200 4681 si
220 4646 312 4686 nou
338 4646 488 4689 esset
518 4635 691 4691 vivus.
720 4636 809 4692 25.
855 4636 1002 4692 Unde
1029 4648 1075 4693 et
1111 4640 1310 4693 salt-are
1352 4641 1404 4694 in
1434 4652 1736 4710 perpetuum

162 4732 298 4785 potest
336 4726 638 4781 accedentes
682 4744 771 4797 per
815 4730 1137 4793 semetipsum
1174 4730 1245 4784 ad
1288 4729 1452 4785 Deum
1474 4772 1489 4797 ,
1534 4748 1735 4803 semper

160 4809 301 4869 νὶκπι
322 4818 393 4870 ad
422 4818 852 4889 interpellandum
880 4838 972 4889 pro
999 4822 1141 4892 ipsis.

216 4901 441 4961 3.Vides
458 4909 600 4978 quod
623 4908 725 4963 hoc
748 4911 899 4976 dicit,
930 4910 981 4965 id
1002 4926 1253 4981 spectans
1279 4912 1425 4984 quod
1444 4916 1635 4971 attinet
1662 4916 1731 4973 ad

157 5004 345 5053 cantem
368 5001 393 5053 τ
421 5002 644 5066 Quando
674 5018 796 5057 eum
828 5004 1161 5060 Sacerdotem
1179 5006 1437 5074 ostendit,
1469 4987 1601 5064 iunc
1626 5026 1729 5079 ορο

158 5100 361 5151 portune
385 5094 513 5149 dicit
540 5096 691 5162 illud,
717 5096 1077 5166 interpellare.
1098 5098 1276 5166 Itaque
1297 5116 1417 5155 Cum
1446 5102 1725 5158 diciti’auo

156 5175 224 5235 lus
248 5184 419 5255 ipsum
448 5187 787 5257 interpellare
817 5205 911 5259 pro
942 5190 1115 5253 nobis,
1135 5192 1439 5247 subindicat
1464 5194 1637 5262 ipsum
1664 5206 1726 5252 ut

155 5280 466 5335 sacerdotem
480 5278 529 5331 id
546 5278 746 5337 facere.
764 5281 897 5336 Nam
912 5284 1003 5352 qui
1020 5294 1076 5339 ut
1097 5286 1201 5339 vult
1217 5287 1439 5340 suscitat
1456 5296 1725 5356 mortuos,

153 5376 198 5418 et
211 5370 429 5425 virilicat
448 5372 989 5443 utPater,qnomodo
1018 5376 1102 5431 ubi
1130 5386 1343 5446 oportet
1365 5392 1603 5451 servare,
1632 5382 1715 5435 in-

155 5461 415 5527 terpellat?
437 5464 525 5533 qui
553 5479 714 5519 omne
742 5464 901 5521 habet
920 5466 1199 5535 judicium,
1245 5471 1516 5539 quomodo
1542 5474 1709 5528 inter-

150 5548 587 5624 cedittquimittit
620 5558 860 5629 angelos,
893 5571 949 5613 ut
977 5560 1108 5613 alios
1139 5562 1353 5631 quidem
1393 5564 1633 5633 injiciaut
1664 5570 1714 5621 in

151 5637 563 5717 maenalios
580 5661 760 5707 autem
779 5664 1013 5719 servent,
1033 5657 1303 5725 quomodo
1352 5658 1666 5730 interpellat
1699 5663 1725 5718 ?

154 5731 296 5803 Unde.
328 5740 517 5813 inquit,
538 5753 587 5799 et
607 5755 772 5815 potest
802 5746 1017 5802 salvare.
1046 5748 1335 5819 Propterea
1365 5765 1495 5822 ergo
1510 5761 1717 5809 servat.

149 5831 372 5901 qttontim
395 5850 495 5893 non
515 5838 761 5897 moritur.
780 5838 1041 5907 Quoniam
1068 5857 1172 5898 non
1195 5844 1485 5907 inorituret
1500 5858 1713 5919 semper

944 383 1007 441 ΙΝ
1046 383 1259 445 EPIST.
1302 382 1393 440 AD
1436 380 1805 444 liEBllrEOS.
1847 381 2003 440 CAP.
2047 381 2161 441 Ἧι.
2204 380 2583 443 ΙῙΟΜΙΙΑΧΙΙΙ.

3356 380 3460 437 106

1883 488 2031 551 vivit,
2066 501 2170 541 non
2202 486 2381 549 habet,
2411 485 2602 555 inquit,
2635 496 3044 539 successorem:
3074 481 3117 536 si
3148 491 3327 538 autem
3365 498 3470 539 non

1884 579 2043 634 habet
2088 594 2490 644 successorem,
2523 586 2703 647 potest
2743 580 2903 631 etiam
2933 592 3123 631 omnes
3150 575 3467 631 defendere.

1879 670 2010 725 Nam
2042 670 2130 725 hic
2159 670 2371 740 quidem
2404 668 2644 739 pontifex
2673 708 2688 736 ,
2716 669 2925 722 etiamsi
2967 668 3297 723 admirabilis
3320 712 3334 735 ,
3362 679 3481 724 erat

1880 781 2047 835 usque
2075 764 2140 820 ad
2170 764 2299 819 illud
2338 774 2547 833 tempus
2570 764 2622 817 in
2653 778 2757 832 quo
2773 771 2907 829 erat,
2933 771 2989 816 ut
3017 762 3252 824 Samuel,
3281 772 3333 817 et
3357 764 3477 832 qni-

1876 874 2107 931 cumque
2156 868 2311 914 erant
2356 856 2701 927 hujusmodi,
2731 864 2913 925 postea
2957 866 3148 909 autem.
3180 872 3284 909 non
3320 866 3479 910 erant

1876 951 2142 1022 eniplius;
2174 950 2369 1006 mortui
2421 950 2565 1005 enim
2598 948 2806 1002 fuerant
2838 966 2850 1001 :
2888 948 2973 1001 hic
3003 957 3179 1003 autem
3221 964 3323 1001 non
3356 951 3433 1002 sic
3460 991 3475 1014 ,

1875 1042 1971 1098 sed
2001 1053 2185 1098 servat
2218 1043 2271 1095 in
2319 1050 2659 1112 perpetuum.
2693 1038 2829 1107 Quid
2861 1049 2943 1093 est
2966 1080 2983 1105 ,
3032 1039 3094 1094 In
3124 1052 3421 1109 perpetuum
3447 1043 3472 1093 .7

1875 1133 2058 1189 Tacite
2085 1134 2347 1204 signitiCat
2381 1132 2593 1200 aliquod
2628 1132 2961 1201 mySIcrium.
2998 1131 3111 1185 Non
3139 1131 3223 1186 hic
3255 1133 3466 1198 solum,

1874 1226 2085 1298 inquit,
2118 1224 2213 1281 sed
2246 1226 2594 1293 illicuptoquc
2623 1238 2717 1277 eos
2747 1234 2925 1281 servat
2958 1224 3044 1292 qpi
3074 1239 3165 1292 per
3198 1224 3250 1291 ip
3286 1241 3371 1277 nm
3406 1225 3471 1278 ad

1875 1319 2042 1374 Deum
2069 1319 2354 1375 accedunt.
2385 1317 2666 1383 Quomodo
2694 1326 2868 1370 servat
2900 1316 2922 1367 ?
2954 1317 3168 1386 Semper
3199 1320 3364 1372 vivens
3405 1322 3474 1372 ad

1873 1410 2298 1481 interpellandum
2342 1424 2434 1479 pro
2486 1409 2640 1477 ipsis.
2672 1408 2860 1477 inquit.
2899 1407 3057 1462 Vich
3113 1408 3470 1465 humilitatem

1872 1502 2172 1558 secundum
2242 1501 2529 1555 humanam
2602 1500 2889 1553 naturam?
2933 1516 3038 1553 non
3083 1502 3227 1556 enim
3301 1504 3473 1572 ipsum

1871 1596 2038 1652 semel
2100 1594 2518 1650 intercedentem
2583 1594 2684 1646 hoc
2746 1607 3093 1665 asmrquutum
3148 1613 3269 1652 csse
3322 1600 3471 1665 dicit,

1870 1688 1965 1743 sed
2019 1702 2267 1755 Semper,
2311 1696 2365 1739 cl
2402 1683 2616 1754 quando
2648 1701 2779 1753 opus
2812 1686 2970 1739 fuerit
2996 1728 3008 1748 ,
3058 1691 3259 1756 procis
3305 1692 3471 1743 ίιιιυιο-

1871 1781 2106 1851 pellare:
2144 1778 2245 1833 hoc
2296 1778 2437 1831 cnim
2487 1778 2780 1847 signiﬁcat,
2842 1776 2908 1831 In
2968 1792 3281 1849 perpetuum.
3335 1785 3472 1851 Quid

1870 1886 1994 1941 est,
2055 1872 2122 1925 ln
2177 1872 2518 1939 perpetuum?
2571 1870 2683 1924 Non
2743 1871 2914 1925 solum
2947 1874 3011 1926 ad
3070 1886 3314 1944 tctupus,
3372 1880 3467 1933 sed

1873 1968 2034 2019 ctiam
2070 1965 2175 2016 illii-
2208 1967 2256 2015 in
2291 1964 2393 2014 vita
2427 1960 2623 2015 futura.
2655 1962 2880 2031 Semper
2907 1980 3033 2031 ergo
3056 1981 3189 2033 opus
3222 1968 3378 2022 habet
3412 1981 3468 2022 ut

1872 2060 2123 2122 precetur
2138 2052 2161 2105 ?
2174 2062 2228 2108 et
2244 2051 2513 2123 quomodo
2531 2053 2683 2107 luerit
2698 2056 3158 2108 consentaneum?
3183 2055 3339 2124 Sa-pe
3361 2058 3480 2126 qui-

1865 2144 1987 2197 dem
2005 2143 2247 2199 homines
2265 2143 2394 2213 juSti
2413 2159 2477 2198 ex
2502 2160 2602 2198 una
2628 2144 3064 2214 petitiouctotum
3086 2146 3468 2214 coriieccruut;

1862 2235 1977 2305 ipse
2002 2246 2178 2290 autem
2205 2251 2422 2304 semper
2446 2237 2741 2305 precatur?
2773 2251 2867 2290 cur
2895 2252 3022 2306 ergo
3050 2236 3341 2293 considet?
3374 2239 3461 2293 Vi—

1860 2328 1957 2382 des
1981 2328 2123 2397 qnod
2169 2328 2270 2382 hoc
2300 2329 2369 2381 sit
2400 2328 2480 2381 sui
2508 2327 2766 2382 demissio
2796 2328 2939 2399 quod
2990 2329 3225 2384 humana
3274 2331 3459 2399 loqua-

1860 2419 1986 2475 tur?
2020 2420 2131 2475 lloc
2152 2429 2330 2475 autem
2364 2421 2477 2473 vult
2502 2419 2804 2491 signiﬁcare
2830 2440 2842 2475 :
2875 2419 2951 2474 Nc
2982 2422 3234 2479 timentis.
3262 2422 3454 2490 inquit,

1856 2527 2031 2583 neque
2057 2512 2249 2567 dicatis
2277 2555 2289 2574 ,
2318 2514 2478 2567 (Ii-rte
2514 2531 2611 2567 nos
2638 2514 2853 2583 quidem
2881 2514 3051 2583 diligit
3078 2556 3090 2577 ,
3122 2526 3176 2569 et
3206 2514 3454 2570 liduciant

1858 2602 2017 2658 habet
2046 2605 2186 2674 apud
2221 2606 2431 2659 Patrem
2460 2647 2474 2669 ,
2506 2604 2599 2658 sed
2644 2623 2748 2658 IHHI
2779 2621 2994 2675 semper
3027 2608 3206 2662 vivere
3233 2618 3408 2676 potest
3438 2627 3450 2662 :

1854 2709 2069 2765 semper
2098 2698 2239 2750 cnim
2288 2697 2435 2748 vivit.
2468 2694 2559 2749 9.6.
2612 2695 2749 2749 Talis
2796 2697 2928 2749 enim
2971 2698 3175 2751 decebat
3213 2710 3265 2751 ut
3312 2700 3455 2754 nobis

1852 2799 1977 2843 esset
2009 2791 2264 2860 pontifex,
2299 2799 2503 2843 sanctus
2526 2830 2539 2850 .
2566 2790 2833 2851 innocens,
2865 2791 3183 2859 impollutus,
3215 2810 3454 2863 segrega-

1849 2894 1930 2938 tns
1960 2901 1991 2935 a
2023 2883 2394 2953 peccatoribus.
2448 2882 2608 2937 Vides
2645 2883 2793 2952 quod
2844 2893 3013 2937 totum
3043 2884 3245 2939 dietum
3290 2888 3358 2938 sit
3384 2887 3452 2939 de

1849 2975 2181 3029 humanitate
2207 2975 2229 3027 ‘l
2261 2974 2489 3042 Quando
2513 2984 2689 3028 autem
2716 2974 2839 3028 dico
2868 2974 3256 3029 humanitatem
3283 3019 3297 3041 ,
3330 2993 3449 3032 cam

1847 3067 1970 3121 dico
1998 3083 2118 3137 quae
2142 3067 2304 3120 habet
2323 3066 2657 3120 divinitatem
2681 3082 2695 3127 ;
2723 3083 2827 3119 non
2853 3067 3120 3135 dividens,
3145 3069 3239 3121 sed
3265 3070 3449 3125 sitiens

1846 3169 1904 3215 ut
1931 3176 2049 3229 qu:e
2078 3160 2237 3215 decet
2279 3160 2564 3229 intelligas.
2602 3159 2791 3213 Vidisti
2831 3160 3190 3214 differentiam
3225 3164 3447 3231 poutiti-

1842 3254 1965 3308 eis?
1997 3253 2053 3308 ln
2085 3268 2352 3307 summam
2389 3254 2598 3321 redegit
2625 3269 2745 3322 quae
2779 3267 2941 3321 supra
2975 3253 3116 3307 dicta
3150 3264 3277 3308 sunt
3320 3271 3446 3311 cum

1842 3349 2069 3415 diceret,
2108 3348 2353 3401 Tentatus
2381 3348 2431 3400 in
2474 3347 2713 3401 omnibus
2746 3348 3025 3401 secundum
3058 3348 3446 3404 similitudinem

1840 3445 2027 3514 absque
2058 3452 2283 3512 peccato.
2318 3440 2459 3495 Talis
2482 3481 2495 3507 ,
2549 3440 2761 3510 inquit,
2805 3440 3013 3494 decebat
3061 3450 3114 3493 ut
3145 3442 3288 3496 nobis
3314 3452 3444 3495 esset

1840 3537 2087 3607 pontifex,
2116 3544 2320 3589 sanctus
2345 3576 2360 3599 ,
2402 3535 2664 3589 innocens.
2710 3531 2966 3587 Innocens
2992 3534 3119 3603 quid
3152 3536 3277 3589 est?
3322 3535 3441 3590 Non

1839 3630 2010 3683 malus
2036 3669 2050 3693 ,
2098 3644 2199 3683 nec
2241 3627 2542 3681 subdolus:
2575 3627 2717 3697 quod
2768 3627 2905 3680 alius
2955 3626 3087 3681 dicit
3134 3628 3435 3697 propheta,

1840 3724 2003 3777 Dolus
2044 3740 2144 3777 non
2175 3733 2245 3775 est
2274 3723 2501 3775 inventus
2545 3721 2595 3774 in
2628 3736 2714 3774 ore
2741 3723 2852 3790 ejus
2883 3719 3035 3790 (lsai.
3069 3721 3158 3776 55.
3191 3722 3267 3789 9).
3307 3724 3438 3788 Quia

1838 3817 1939 3872 hoc
1975 3817 2043 3872 de
2073 3817 2184 3871 Deo
2211 3815 2409 3869 dixerit
2433 3858 2447 3877 ,
2493 3824 2685 3869 etnon
2724 3815 3007 3869 erubescat
3036 3815 3222 3871 dicens
3267 3816 3436 3870 Deum

1838 3927 1943 3967 non
1991 3926 2112 3965 esse
2156 3908 2402 3964 dolosam
2436 3918 2488 3963 et
2538 3907 2986 3963 fraudulentum?
3022 3909 3096 3962 De
3142 3924 3208 3962 eo
3254 3920 3436 3965 autem

1834 4003 1975 4073 quod
2003 4012 2086 4057 est
2132 4000 2426 4056 secundum
2471 4015 2736 4063 carnem,
2788 4000 2969 4054 dicere
3014 4011 3099 4054 est
3148 4012 3437 4056 consenta-

1834 4111 2017 4159 neum,
2052 4094 2303 4156 Sanctus,
2334 4092 2653 4161 impollutus.
2689 4092 2795 4145 Nec
2826 4090 2928 4147 hoc
2958 4092 3025 4145 de
3055 4092 3163 4146 Deo
3187 4094 3389 4148 dixeris
3416 4111 3432 4151 :

1836 4206 1952 4244 ram
1977 4190 2121 4245 enim
2155 4188 2317 4242 habet
2348 4196 2590 4241 naturam
2638 4204 2756 4257 quae
2789 4203 2893 4241 non
2930 4188 3205 4256 polluitur.
3241 4188 3433 4259 Segre-

1832 4295 1977 4356 gntus
1998 4301 2028 4336 a
2058 4282 2425 4352 peccatoribus.
2453 4280 2641 4335 iloene
2665 4296 2793 4350 ergo
2821 4281 2995 4335 ευΙιιηι
3021 4280 3259 4335 ostendit
3280 4281 3435 4336 dill'e-

1833 4377 2081 4439 rentiam,
2114 4390 2180 4431 an
2214 4374 2373 4428 etiam
2419 4374 2591 4442 ipsum
2621 4372 2942 4426 sacriﬁcium
2967 4374 2988 4425 ?
3018 4372 3190 4425 Etiam
3222 4374 3433 4428 sacrili-

1830 4471 1992 4523 cium.
2026 4466 2347 4535 Quomodo?
2377 4465 2443 4518 27
2463 4499 2480 4517 .
2501 4466 2597 4531 Qui
2627 4482 2727 4520 non
2760 4468 2905 4519 habet
2934 4468 3278 4521 necessitatem
3305 4485 3433 4534 quo-

1828 4562 1979 4625 tidie,
1999 4556 2427 4628 quemadmodum
2453 4557 2739 4610 sacerdotes
2766 4598 2778 4618 ,
2812 4559 2953 4626 prius
2982 4574 3074 4626 pro
3102 4559 3207 4611 suis
3234 4559 3433 4612 delictis

1832 4654 2020 4706 hostias
2044 4651 2245 4717 oﬂ'erre,
2271 4650 2455 4703 deinde
2483 4667 2574 4713 pro
2606 4650 2783 4719 populi
2816 4666 2831 4702 :
2862 4650 2955 4703 hoc
2981 4652 3111 4703 enim
3134 4652 3251 4719 fecit
3279 4652 3431 4707 semel

1831 4762 1885 4799 se
1908 4743 2188 4810 olTerendo.
2219 4742 2331 4795 Hoc
2369 4738 2545 4810 quid?
2582 4740 2667 4795 hic
2688 4740 2814 4795 facit
2832 4742 2991 4795 veluti
3013 4740 3278 4809 quoddam
3304 4758 3431 4811 pro-

1827 4837 2049 4893 omnium
2065 4832 2396 4890 excellentia:
2408 4832 2661 4903 apiritalis
2680 4834 2948 4888 satrilicii.
2964 4833 3103 4889 Dixit
3124 4836 3248 4903 quid
3273 4837 3436 4892 inter.

1832 4930 1901 4982 sit
1934 4929 2072 4982 inter
2099 4926 2457 4994 sacerdotem,
2481 4937 2534 4982 et
2554 4927 2679 4997 quid
2709 4928 2847 4983 inter
2873 4926 3300 4992 Testamentum,
3324 4944 3433 4986 non

1839 5033 2007 5077 totum
2035 5022 2272 5093 quidem,
2305 5021 2437 5075 dixit
2485 5031 2661 5075 tamen
2687 5040 2701 5076 :
2730 5021 2815 5075 hic
2831 5022 2941 5092 jam
2964 5021 3087 5077 facit
3116 5022 3433 5092 pra'iudimn

1831 5116 2000 5184 ipsius
2030 5114 2277 5168 sacriﬁcii
2304 5112 2407 5181 (a).
2439 5113 2516 5169 Ne
2543 5128 2672 5184 ergo
2700 5129 2823 5169 cum
2848 5130 2969 5169 eum
3016 5115 3251 5169 audieris
3282 5130 3453 5170 sacer-

1828 5206 2035 5269 dotem,
2057 5206 2332 5261 exisdmes
2351 5222 2471 5261 eum
2499 5221 2714 5275 semper
2742 5207 2883 5277 fungi
2912 5207 3245 5262 sacerdotio:
3266 5212 3438 5265 semel

1829 5301 1973 5354 enim
2000 5298 2211 5353 functus
2236 5308 2319 5353 est
2341 5313 2563 5354 munere
2584 5298 2925 5364 sacerdotali,
2941 5300 3264 5371 etdcinceps
3278 5303 3434 5356 sedit.

1828 5392 1907 5447 Ne
1930 5395 2072 5447 enim
2113 5392 2389 5448 existimes
2430 5408 2553 5447 eum
2585 5403 2727 5449 stare
2757 5392 2896 5463 apud
2926 5409 3152 5463 superos
3177 5436 3192 5461 ,
3225 5407 3278 5449 et
3310 5412 3430 5450 esse

1831 5488 2155 5555 ministrum,
2184 5487 2415 5542 ostendit
2440 5502 2551 5541 rem
2578 5502 2699 5541 esse
2724 5488 3162 5557 dispensationis.
3216 5488 3349 5544 Nam
3382 5500 3440 5546 ut

1831 5578 1925 5633 fuit
1949 5596 2152 5645 servus,
2185 5581 2253 5633 ita
2280 5581 2441 5636 etiam
2487 5581 2753 5635 saevrdos
2774 5592 2827 5635 et
2858 5582 3104 5636 minister
3133 5607 3145 5642 ε
3178 5581 3269 5637 sed
3295 5582 3438 5638 sicut

1829 5688 1951 5728 cum
1982 5672 2152 5727 factus
2174 5681 2318 5727 esset
2342 5688 2553 5731 servus.
2581 5688 2686 5725 non
2713 5673 2905 5727 mansit
2930 5688 3142 5739 servus,
3172 5675 3240 5728 ita
3269 5678 3432 5731 etiam

1888 5785 1962 5848 (tt)
1982 5782 2384 5850 llicfnllndcsin
2404 5785 2732 5847 nominaque
2755 5786 2913 5837 omnia
2936 5800 3094 5850 usque
3109 5788 3165 5837 ad
3190 5789 3430 5841 decimam

1830 5846 2047 5900 'lwar'tam
2076 5846 2339 5897 humilium.
