4068 6416
613 429 708 486 107

599 552 717 589 cum
744 533 912 585 tactus
934 534 1074 582 esset
1104 520 1366 589 minister,
1399 529 1501 569 non
1526 510 1722 567 manxit
1750 504 1993 560 minister
2018 518 2033 555 :
2063 514 2167 553 non

600 634 683 682 est
710 625 851 679 enim
900 606 1385 675 ministri'sederc,
1417 604 1510 659 sed
1555 615 1719 657 stare.
1754 600 1867 653 lloc
1909 608 2039 665 ergo
2086 592 2173 645 hic

602 715 899 772 suhindicat
934 703 1354 778 magnitudinem
1384 694 1647 758 sacriﬁcii,
1677 688 1837 762 quod,
1867 703 2028 742 unmu
2051 697 2173 738 cum

604 818 769 871 esset,
792 802 1022 863 sutl'ecit,
1046 809 1099 853 et
1118 796 1282 851 semel
1311 792 1544 846 ohlatum
1570 796 1770 841 tantum
1796 781 1986 853 potuit,
2010 792 2176 844 quan-

608 911 716 952 tum
760 870 863 949 non
905 895 1187 960 potuerunt
1204 882 1403 939 omnia.
1446 879 1548 935 Sed
1590 876 1769 933 deliis
1792 870 2173 926 nondumznon

607 992 748 1045 enim
774 987 898 1041 dicit
921 983 1019 1039 nisi
1053 998 1067 1035 :
1102 977 1363 1035 Hocenim
1386 1017 1403 1040 ,
1428 972 1613 1043 inquit,
1647 967 1798 1023 semet
1833 965 1971 1035 fecit.
1999 962 2174 1029 Quod-

610 1081 775 1137 nam?
809 1076 1023 1131 Necesse
1050 1081 1123 1127 est
1142 1112 1158 1137 ,
1192 1069 1381 1139 inquit,
1409 1066 1589 1119 habere
1616 1062 1767 1115 etiam
1796 1059 1931 1111 hunc
1958 1052 2174 1124 aliquid,

613 1172 799 1242 inquit,
826 1166 959 1239 quod
984 1163 1205 1231 oﬂ'erat;
1237 1176 1341 1215 non
1370 1172 1466 1228 pro
1492 1156 1669 1225 seipso
1697 1170 1711 1207 :
1741 1148 2007 1222 quomodo
2035 1147 2176 1201 enim

614 1240 709 1335 pro
746 1276 809 1316 se
852 1258 1066 1314 offerret
1094 1270 1212 1310 cum
1256 1248 1611 1319 impeccabilis
1666 1244 1785 1299 sit?
1838 1240 1930 1295 sed
1964 1256 2059 1311 pro
2090 1253 2181 1309 po-

615 1332 757 1425 pulo.
798 1350 933 1420 Quid
960 1347 1129 1405 dicis?
1157 1353 1213 1401 et
1254 1357 1359 1398 non
1388 1353 1522 1409 opus
1551 1338 1710 1391 habet
1752 1332 1948 1389 offerre
1985 1345 2082 1402 pro
2122 1344 2181 1384 se

613 1420 751 1517 ipSo,
782 1454 835 1499 et
862 1436 1298 1506 tantum-potest?
1340 1433 1518 1496 Certe,
1549 1426 1739 1498 inquit.
1788 1422 1919 1479 Nam
1957 1436 2026 1476 ne
2063 1420 2180 1476 cvi-

615 1512 861 1593 s'timares
889 1533 1013 1586 itlttd
1038 1574 1051 1596 ,
1087 1529 1229 1583 Fecit
1253 1524 1404 1581 semet
1429 1564 1444 1589 ,
1476 1520 1543 1575 de
1585 1520 1701 1588 ipso
1730 1529 1941 1587 quoque
1982 1512 2183 1567 dictum

616 1645 770 1694 rs~e,
811 1625 933 1680 andi
972 1622 1099 1693 quid
1148 1619 1290 1674 dicat
1327 1635 1339 1669 :
1376 1615 1480 1669 Lex
1517 1612 1649 1665 enim
1679 1609 1906 1663 homines
1933 1604 2186 1660 constituit

618 1719 899 1775 sacerdotes
937 1715 1170 1769 [tabentes
1217 1708 1601 1777 inﬁrmitatem;
1637 1704 1701 1757 et
1739 1699 1857 1754 ideo
1888 1697 2047 1751 etiam
2095 1706 2185 1761 pro

622 1828 679 1868 se
707 1824 916 1877 semper
940 1804 1171 1860 otl‘erunt
1199 1819 1213 1854 :
1244 1808 1432 1870 potens
1462 1804 1640 1849 autent
1689 1791 1780 1845 ille
1805 1831 1818 1848 .
1854 1798 1908 1843 et
1948 1787 2039 1855 qui
2082 1799 2187 1837 not

626 1906 785 1961 habet
828 1908 1100 1970 peccatum
1124 1937 1138 1959 ,
1170 1910 1264 1949 cur
1292 1904 1391 1962 pro
1424 1903 1483 1942 se
1512 1884 1745 1940 oﬂ‘erat?
1788 1881 1926 1950 Ergo
1960 1892 2063 1931 non
2098 1889 2193 1943 pro

624 1964 844 2065 seipso,
886 1989 977 2045 sed
1022 2004 1119 2061 pro
1149 1983 1343 2056 populo
1386 1977 1614 2040 obtulit,
1668 1973 1826 2041 idque
1871 1967 2059 2024 semel.
2099 1964 2191 2019 εει.

630 2058 807 2143 Sermo
834 2094 1001 2136 autem
1024 2058 1381 2147 vjurisjurandi
1407 2071 1491 2140 qui
1522 2075 1632 2136 post
1674 2067 1832 2134 legem
1861 2071 1933 2115 est
1952 2101 1967 2123 ,
2008 2058 2199 2111 Filium

628 2187 682 2236 in
709 2190 947 2233 a'ternum
978 2173 1270 2243 perfectum.
1296 2163 1430 2233 Quid
1462 2169 1564 2226 est,
1598 2155 1884 2226 Perfectum
1906 2152 1931 2205 .’
1956 2151 2069 2205 Non
2100 2164 2199 2219 po-

630 2272 709 2327 nit
753 2267 951 2322 Paulus
982 2242 1235 2333 proprias
1273 2271 1390 2326 qua:
1420 2258 1761 2322 opponuntur
1786 2242 2159 2299 distinctiOues
2185 2255 2198 2291 :

628 2378 753 2417 nam
782 2373 904 2415 eum
930 2332 1185 2418 dialsset,
1222 2350 1473 2405 Habentes
1503 2343 1874 2413 inﬁrmitatem,
1910 2352 2016 2390 non
2060 2332 2197 2389 dixit

631 2453 823 2508 Filium
856 2458 1124 2523 potentem
1150 2488 1165 2511 ,
1208 2443 1323 2508 sed,
1361 2441 1687 2511 Perfectum,
1724 2435 1822 2487 hoc
1847 2439 1963 2495 est,
2008 2435 2198 2497 poten-

632 2558 738 2601 tem
761 2562 775 2609 ;
802 2517 951 2614 quasi
983 2540 1164 2604 dicas,
1196 2537 1309 2591 Non
1343 2533 1488 2587 vides
1527 2528 1669 2599 quod
1716 2539 1908 2579 nomen
1932 2564 1947 2586 ,
1996 2517 2163 2573 Filius
2184 2558 2199 2583 ,

631 2639 829 2693 dictum
856 2635 945 2698 sit,
971 2643 1027 2687 ut
1046 2646 1168 2686 eum
1194 2642 1350 2682 servo
1376 2632 1609 2693 Opponat
1636 2630 1688 2674 et
1714 2618 1780 2672 ab
1801 2632 1865 2671 eo
1886 2613 2197 2681 distinguat.

634 2729 994 2782 Inlirmitatem
1026 2734 1203 2778 autem
1253 2728 1343 2774 aut
1374 2723 1647 2787 peceatum
1678 2712 1807 2765 dicit
1833 2717 1923 2763 aut
1952 2714 2200 2760 mortem.

633 2820 767 2887 Quid
792 2831 873 2872 est
902 2825 1074 2870 autem
1097 2856 1113 2878 ,
1143 2811 1206 2865 In
1245 2806 1522 2864 retentam?
1552 2803 1664 2857 Non
1690 2803 1862 2855 Solum
1900 2813 2040 2851 nunc
2074 2793 2205 2847 nulli

636 2921 853 2978 peccato
880 2906 1091 2961 affinem
1114 2945 1127 2969 ,
1160 2901 1251 2956 sed
1294 2913 1525 2967 semper.
1557 2897 1610 2949 Si
1635 2909 1761 2962 ergo
1782 2899 1865 2945 est
1900 2888 2163 2958 portemus
2188 2926 2203 2948 ,

635 3000 680 3054 si
710 3012 994 3065 numquam
1027 3002 1206 3064 peccat
1230 3032 1245 3054 ,
1276 2991 1318 3045 si
1350 3003 1567 3056 semper
1594 2984 1720 3039 vivit
1746 3023 1758 3046 ,
1802 2997 1897 3035 cur
1931 2994 2024 3048 pro
2051 2976 2207 3029 nobis

636 3107 781 3161 saepe
836 3089 1023 3143 oﬂeret
1062 3084 1360 3140 sacrificia?
1414 3079 1518 3135 Sed
1564 3076 1770 3131 interim
1828 3070 2039 3141 quidem
2108 3067 2210 3120 hoc

640 3159 745 3235 non
787 3180 998 3243 asserit,
1027 3176 1118 3230 sed
1150 3173 1287 3243 quod
1322 3186 1416 3241 pro
1464 3184 1521 3223 sc
1568 3168 1754 3221 offerat
1778 3207 1791 3225 ,
1824 3163 1926 3216 hoc
1975 3159 2228 3213 affirmat.

638 3272 898 3339 Quoniam
929 3283 1056 3337 ergo
1087 3266 1241 3319 talem
1276 3263 1533 3317 habemus
1565 3256 1865 3327 pontificem
1888 3296 1903 3317 ,
1936 3267 2057 3305 eum
2089 3249 2209 3303 imi-

638 3374 835 3424 temur,
872 3362 987 3429 ejus
1014 3356 1320 3411 insistamus
1350 3349 1609 3419 vestigiis.
1634 3348 1745 3401 Non
1772 3356 1851 3398 est
1875 3342 2017 3397 aliud
2042 3340 2211 3393 sacri-

640 3454 817 3508 ficium
856 3470 867 3504 :
902 3465 1060 3502 unum
1106 3461 1202 3499 nos
1234 3442 1516 3513 purgavit;
1554 3448 1735 3507 postea
1768 3444 1945 3487 autem
1994 3431 2131 3500 ignis
2161 3437 2215 3481 et.

638 3546 902 3612 gelieuua.
938 3540 1221 3606 Propterea
1263 3535 1402 3589 enim
1436 3532 1538 3585 hoc
1580 3543 1773 3597 susque
1801 3526 1972 3594 deque
2000 3530 2211 3585 versat,

640 3636 825 3687 dicens
855 3646 1015 3684 unum
1041 3642 1162 3682 esse
1188 3626 1544 3684 sacerdotem,
1574 3634 1735 3673 unum
1770 3615 2116 3679 sacrificium,
2146 3627 2214 3666 ne

638 3725 903 3795 quispiam
931 3719 1241 3775 existimans
1268 3729 1387 3770 esse
1419 3714 1601 3774 multa,
1633 3723 1818 3762 secure
1842 3713 2043 3774 peccet.

714 3818 767 3871 4.
812 3814 997 3868 Contra
1036 3828 1116 3864 eos
1153 3808 1238 3877 qui
1281 3806 1579 3875 baptismum
1627 3798 1925 3867 differebant
1964 3812 2121 3866 usque
2146 3795 2213 3847 ad

642 3919 873 3962 mortem.
896 3934 967 3947 -ο
984 3903 1315 3970 Quicumque
1336 3913 1461 3967 ergo
1482 3896 1682 3965 dignati
1711 3908 1894 3948 sumus
1916 3890 2212 3961 signaculo,

641 4002 961 4069 quicumque
983 3992 1315 4063 percepimus
1345 3989 1569 4041 fructum
1598 3984 1863 4044 sacriﬁcii,
1895 3982 2215 4052 quicumque

644 4089 958 4144 immortalis
988 4098 1185 4138 mensa:
1226 4096 1406 4135 sumus
1438 4078 1737 4147 participes,
1776 4088 2087 4127 maneamus
2116 4086 2216 4124 no-

644 4198 809 4238 stram
858 4189 1133 4235 servantes
1173 4176 1505 4229 nobilitatem
1560 4181 1612 4225 et
1650 4170 1909 4223 honorem
1940 4185 1953 4222 :
1983 4181 2087 4221 ιιοιι
2136 4175 2218 4221 est

656 4276 797 4331 cuitu
854 4274 1030 4341 lapsus
1068 4281 1264 4339 expers
1293 4264 1533 4336 periculi.
1557 4263 1886 4331 Quicumque
1926 4268 2102 4313 autem
2134 4258 2220 4312 his

647 4368 880 4423 nonduin
911 4372 1036 4418 sunt
1060 4362 1286 4431 dignati,
1335 4373 1399 4412 ne
1431 4358 1461 4410 ii
1487 4356 1701 4426 quidem
1733 4363 2012 4422 propterea
2045 4352 2218 4405 confi-

646 4464 773 4515 dant
800 4479 809 4511 :
838 4472 961 4512 nam
986 4454 1197 4522 quando
1221 4452 1483 4522 quispiam
1518 4448 1636 4501 ideo
1660 4457 1863 4516 peccat,
1893 4454 1950 4499 ut
1978 4454 2221 4499 sanetum

646 4551 907 4619 ιιιιιιιίδιιιιι
933 4547 1158 4615 accipiat
1187 4544 1237 4596 iu
1270 4553 1509 4597 extrema
1543 4538 1912 4608 respiratione,
1943 4550 2085 4604 saepe
2116 4551 2218 4589 non

646 4652 978 4712 assequctur.
1012 4638 1135 4692 Mihi
1165 4636 1367 4690 credite
1398 4649 1417 4685 ι
1448 4647 1550 4685 non
1582 4646 1673 4683 vos
1702 4638 1906 4682 terrens
1938 4627 2057 4681 dico
2080 4626 2220 4697 quod

648 4752 765 4790 sum
808 4737 1047 4787 dicturus
1077 4748 1089 4782 :
1116 4729 1235 4781 novi
1284 4726 1479 4780 multos
1517 4723 1707 4791 quibus
1745 4721 1843 4773 hoc
1884 4720 2097 4784 accidit,
2130 4720 2221 4789 qui

649 4844 749 4895 pro
778 4837 869 4875 ter
908 4818 1308 4875 illuminationis
1336 4816 1547 4886 quidem
1577 4811 1865 4880 exspectati
1888 4828 2021 4863 mem
2057 4814 2217 4866 multa

648 4930 958 5002 percahaut,
983 4928 1034 4979 in
1058 4924 1158 4977 fine
1180 4932 1355 4977 autem
1381 4918 1631 4971 decessus
1647 4919 1993 4967 excesserunt
2013 4910 2217 4965 inanes.

574 5062 581 5067 ι
648 5028 786 5076 Dens
811 5023 954 5076 enim
978 5026 1256 5087 propterea
1284 5013 1425 5066 dedit
1447 5009 1725 5078 baptisma,
1758 5017 1815 5060 nt
1843 5006 2072 5059 solveret
2098 5021 2221 5073 pec-

647 5125 786 5177 cata,
813 5128 917 5167 non
942 5122 993 5165 ut
1020 5117 1233 5179 peccata
1262 5112 1479 5172 augeret
1499 5120 1511 5155 :
1531 5103 1574 5156 si
1601 5100 1719 5171 quis
1744 5112 1921 5153 autem
1952 5118 2016 5153 eo
2047 5110 2225 5153 utatur

650 5214 706 5258 ut
723 5218 906 5258 secure
929 5202 1095 5271 magis
1114 5207 1313 5267 peccet,
1338 5195 1436 5248 hoc
1454 5203 1533 5247 est
1551 5206 1706 5247 eausa
1724 5191 1975 5247 Socordio:
1994 5202 2048 5247 et
2073 5192 2228 5263 negli-

653 5296 863 5367 gentiae.
881 5294 1008 5347 Nam
1038 5297 1081 5346 si
1104 5305 1207 5344 non
1231 5299 1373 5343 esset
1400 5288 1685 5351 lavacrum,
1709 5287 1865 5339 tutius
1893 5287 2146 5345 γίγνῃ-ιιι.
2174 5295 2230 5339 ιιι

655 5390 741 5457 qui
762 5404 864 5440 non
885 5386 1140 5440 haberent
1162 5379 1715 5437 reinissimient.Vides
1727 5378 1862 5449 quod
1882 5380 2027 5444 illud,
2047 5379 2233 5434 Facia-

657 5496 767 5533 mus
794 5479 927 5530 mala
948 5485 1001 5530 ut
1020 5475 1217 5529 veniant
1242 5474 1367 5526 bona
1389 5472 1560 5538 (Rom.
1580 5470 1715 5541 5.8),
1736 5486 1831 5525 uos
1851 5487 2032 5525 sumus
2051 5473 2136 5541 qui
2159 5471 2234 5525 fa-

658 5572 829 5623 cimus
851 5577 908 5623 ut
928 5564 1170 5621 dicatur?
1186 5561 1540 5630 Quamobrem
1579 5577 1705 5632 rogo
1726 5577 1839 5623 vos,
1871 5560 1959 5632 qui
1980 5578 2082 5615 non
2106 5564 2234 5617 estis

663 5660 934 5731 mysteriis
948 5655 1156 5721 initiati,
1173 5653 1627 5725 expergiscimini:
1650 5668 1803 5707 nemo
1818 5662 2082 5722 tamquam
2099 5670 2238 5707 mer-

660 5751 929 5814 canarius,
973 5764 1128 5803 nemo
1159 5756 1425 5816 tamquam
1457 5744 1691 5815 ingratus
1727 5744 1792 5800 ad
1820 5745 2063 5799 virtutem
2090 5760 2240 5801 acce-

666 5842 787 5906 dat;
822 5854 977 5894 nemo
1005 5854 1119 5893 eam
1148 5837 1483 5909 aggrediatur
1513 5843 1777 5905 tamquam
1805 5850 1915 5890 rem
1948 5850 2157 5902 gravem
2186 5844 2239 5891 et

1312 420 1372 477 S.
1411 413 1686 474 JOANNIS
1723 394 2196 465 CHRYSOSTO)"
2250 387 2564 448 ARClllEP.
2605 380 3138 439 CONSTA‘NTINJP.

2270 495 2569 551 molestam.
2608 487 2687 542 Ad
2727 499 2844 539 eam
2875 496 3003 551 ergo
3029 475 3345 534 accedamus
3384 471 3545 527 alacri
3590 470 3772 524 animo
3799 476 3857 523 et

2272 586 2397 642 laeti.
2428 582 2559 638 Nam
2581 576 2789 635 etiamsi
2814 585 3022 626 merces
3045 582 3149 623 non
3182 577 3333 621 es:et
3354 563 3649 634 prOposita,
3674 577 3857 613 annon

2271 681 2543 746 oporteret
2570 683 2691 726 esse
2720 662 2952 721 bonum?
2996 660 3090 715 sed
3120 669 3293 713 tamen
3335 655 3496 711 etiam
3552 668 3675 706 cum
3707 668 3855 705 Iner-

3748 363 3848 418 108

2274 745 2404 822 cede
2432 764 2601 819 simus
2637 758 2780 814 boui.
2816 754 2883 809 Et
2907 750 3179 822 quomodo
3207 763 3313 803 non
3341 756 3424 801 est
3466 746 3569 799 hoc
3599 745 3862 814 probrum

2276 868 2330 914 ct
2368 855 2654 910 niaximum
2700 842 2972 903 dedecus?
3026 842 3084 896 Si
3130 839 3279 905 mihi,
3326 838 3515 906 iuqtttt,
3555 836 3867 889 mercedem

2278 965 2385 1006 non
2415 946 2648 1008 dederis,
2698 956 2803 996 non
2834 954 2951 992 sunt
2991 933 3265 989 modestus
3310 942 3364 987 et
3395 942 3721 1000 temperans.
3754 933 3871 981 Λιι-

2281 1047 2437 1101 deam
2468 1044 2643 1109 itaque
2670 1033 2869 1104 aliquid
2900 1030 3120 1086 dicere?
3142 1026 3438 1095 Numquam
3479 1022 3628 1078 'ueris
3658 1035 3875 1091 tempe—

2282 1142 2408 1193 rans
2434 1145 2485 1189 et
2502 1131 2791 1194 modestus,
2811 1126 2970 1181 etiam
3019 1123 3063 1177 si
3094 1118 3333 1175 modeste
3362 1133 3507 1188 agas,
3528 1118 3570 1170 si
3599 1117 3700 1172 hoc
3735 1116 3877 1169 facis

2283 1226 2532 1287 mercede
2578 1243 2592 1278 :
2639 1222 2889 1275 virtutem
2952 1215 3094 1270 enim
3139 1210 3269 1267 nihil
3313 1212 3607 1273 existimas,
3653 1211 3696 1263 si
3744 1226 3872 1262 eam

2288 1337 2392 1377 non
2437 1331 2605 1373 amas.
2654 1312 2761 1369 Sed
2793 1312 2930 1365 Deus
2958 1314 3171 1376 pri-pter
3198 1316 3443 1373 magnam
3502 1311 3736 1356 nostram
3766 1299 3882 1353 iiii-

2289 1412 2629 1471 hecillitatem
2678 1419 2797 1460 eam
2846 1400 3004 1456 etiam
3053 1394 3302 1452 mercede
3349 1393 3513 1447 voluit
3567 1391 3713 1453 fieri;
3777 1405 3884 1445 nos

2290 1517 2469 1564 autem
2522 1518 2588 1559 ne
2633 1501 2709 1555 sic
2758 1496 2971 1568 quidem
3028 1507 3145 1546 eam
3199 1487 3555 1559 aggredimur.
3605 1486 3886 1539 Ponamus

2292 1610 2491 1663 autem;
2539 1596 2583 1651 si
2614 1593 2765 1656 velis,
2798 1589 2938 1659 quod
2985 1587 3147 1639 homo
3180 1583 3392 1653 quidam
3446 1580 3668 1635 excedat
3719 1580 3891 1632 malis

2297 1690 2615 1766 perpetratis
2642 1680 3138 1744 innumerabilibus,
3184 1686 3239 1731 et
3274 1674 3535 1743 baptismo
3586 1672 3839 1743 dignatus
3873 1691 3888 1726 :

2299 1784 2439 1857 quod
2472 1781 2723 1837 existimo
2767 1791 2875 1831 non
2917 1774 3024 1827 cito
3053 1768 3272 1826 evenire
3303 1783 3317 1821 :
3350 1766 3636 1837 quomodo,
3670 1780 3891 1836 quatso,

2303 1880 2429 1935 illuc
2452 1872 2654 1930 abibit?
2686 1870 2789 1924 Pro
2819 1868 2882 1919 iis
2906 1864 3259 1932 quidemquae
3287 1860 3412 1913 fecit
3442 1875 3545 1911 non
3576 1868 3892 1922 accusans,

2306 1970 2399 2026 sed
2429 1982 2535 2022 non
2564 1964 2763 2019 habens
2792 1958 3060 2016 fiduciam,
3095 1954 3254 2021 idque
3276 1952 3486 2004 merito.
3511 1950 3642 2002 Nam
3675 1949 3902 2016 quando

2306 2080 2425 2124 cum
2441 2071 2653 2119 centum
2675 2073 2846 2114 annos
2866 2057 3078 2121 vixerit,
3094 2054 3295 2108 nullum
3321 2052 3460 2107 aliud
3487 2051 3684 2105 bonum
3707 2058 3893 2102 osten-

2299 2159 2396 2220 dit,
2413 2156 2511 2210 nisi
2540 2151 2678 2223 quod
2710 2165 2813 2204 non
2844 2149 3110 2217 peccarit;
3131 2146 3238 2201 imo
3268 2159 3395 2199 vero
3415 2158 3482 2197 ne
3508 2142 3609 2196 hoc
3638 2138 3890 2210 quidem,

2300 2248 2394 2304 sed
2420 2246 2585 2317 gratia
2617 2243 2794 2313 potius
2820 2239 2933 2294 sola
2960 2248 3042 2292 est
3069 2244 3331 2299 servatus,
3364 2234 3498 2288 alios
3518 2240 3697 2286 autem
3725 2229 3895 2283 vide-

2302 2341 2367 2395 rit
2397 2346 2700 2396 coronttos,
2732 2332 3015 2401 praeclaros
3056 2337 3110 2383 et
3159 2328 3209 2381 in
3255 2326 3392 2379 bona
3434 2322 3838 2379 existimatione
3875 2336 3891 2371 :

2301 2431 2504 2487 etiamsi
2522 2431 2572 2482 in
2586 2428 2880 2498 gehennam
2903 2438 3007 2477 non
3030 2418 3301 2482 ceciderit,
3324 2418 3542 2478 feretne,
3563 2413 3648 2468 dic
3677 2427 3894 2483 qumso,

2304 2540 2553 2595 angorem
2579 2532 2632 2576 et
2670 2518 2833 2572 animi
2854 2510 3266 2586 a-gritudinem?
3312 2510 3377 2565 Ut
3422 2516 3598 2561 autem
3637 2503 3898 2570 exemplo

2305 2593 2404 2670 hoc
2438 2615 2649 2683 planum
2682 2609 2869 2663 faciam
2892 2624 2907 2663 :
2928 2606 3035 2659 sint
3066 2604 3174 2657 duo
3196 2601 3412 2665 milites,
3435 2605 3490 2651 et
3508 2598 3643 2650 alter
3671 2593 3898 2663 quidem

2311 2710 2530 2769 foretur,
2561 2702 2718 2756 faciat
2761 2698 3006 2767 injuriam
3050 2703 3105 2747 et
3150 2692 3324 2745 aliena
3356 2685 3609 2751 invadat;
3645 2683 3731 2737 hic
3760 2697 3901 2735 vero

2314 2800 2441 2853 nihil
2491 2800 2674 2849 borum
2708 2791 2884 2853 faciat,
2931 2786 3023 2841 sed
3058 2784 3266 2838 fortiter
3310 2796 3370 2835 se
3410 2786 3581 2850 gerat,
3629 2774 3900 2845 prmclara

2313 2893 2431 2946 edat
2464 2889 2717 2948 facinora,
2751 2880 2979 2936 inbellis
3013 2889 3211 2947 tropaea
3241 2883 3461 2936 statuat,
3494 2870 3725 2926 hostium
3760 2884 3902 2922 san-

2315 2985 2469 3055 gnine
2514 2984 2757 3032 cruentet
2797 2973 3073 3027 dexteram
3108 2988 3121 3024 :
3152 2968 3348 3022 deimle
3391 2965 3715 3019 adveniente
3760 2971 3903 3016 tem-

2318 3091 2467 3145 pore,
2496 3072 2561 3125 ab
2591 3070 2675 3123 illa
2707 3066 2961 3135 dignitate
2990 3063 3041 3116 in
3076 3078 3177 3131 qua
3209 3060 3367 3112 etiam
3404 3056 3485 3110 fur
3512 3056 3600 3109 ille
3636 3062 3777 3117 erat,
3812 3068 3906 3107 re—

2318 3178 2473 3235 petite
2493 3164 2714 3219 ducatur
2731 3158 2797 3212 ad
2820 3157 3000 3212 sedem
3024 3156 3244 3223 regiam,
3275 3163 3332 3206 et
3357 3150 3604 3205 induatur
3626 3163 3901 3217 purpura;

2318 3259 2402 3313 bic
2420 3265 2595 3309 autem
2629 3252 2737 3305 illic
2768 3258 3000 3311 maneat,
3023 3246 3110 3299 tibi
3138 3254 3273 3308 erat,
3302 3240 3635 3296 solummodo
3656 3240 3905 3293 clemen-

2320 3352 2387 3406 tia
2408 3348 2574 3418 regia,
2600 3361 2703 3399 non
2718 3344 2806 3401 det
2823 3355 3011 3411 pcenas
3032 3353 3215 3393 eorum
3234 3352 3353 3406 qua:
3373 3334 3605 3398 admisit,
3620 3335 3689 3387 sit
3715 3343 3904 3386 autem

2320 3441 2369 3494 in
2403 3442 2516 3493 loco
2546 3437 2751 3496 ultimo,
2782 3444 2833 3487 et
2864 3431 2965 3485 sub
3010 3445 3133 3499 rege
3171 3428 3459 3483 collocetur
3491 3444 3503 3478 :
3532 3424 3761 3488 feretne,
3815 3424 3908 3478 dic

2320 3547 2519 3603 quaso,
2543 3543 2795 3597 angorem
2816 3533 2869 3578 et
2885 3523 3043 3577 animi
3068 3518 3455 3589 :egritudiuem,
3472 3514 3684 3584 quando
3704 3514 3907 3569 viderit

2320 3642 2439 3681 eum
2472 3622 2683 3691 quidem
2711 3619 2798 3687 qui
2828 3624 2944 3670 erat
2973 3630 3092 3679 cum
3124 3612 3259 3681 ipso,
3282 3608 3597 3664 ascendisse
3626 3606 3693 3661 ad
3720 3607 3908 3676 ipsum

2320 3717 2631 3786 dignitatum
2663 3709 2948 3778 fastigium,
2976 3716 3029 3759 et
3055 3703 3289 3758 evasisse
3319 3700 3454 3754 adeo
3485 3698 3824 3769 pneclarum,
3850 3707 3911 3751 et

2322 3811 2470 3865 orbis
2502 3818 2658 3862 teri-te
2690 3814 2871 3857 tenere
2904 3798 3295 3868 principatum;
3326 3810 3384 3850 se
3404 3805 3583 3849 autem
3610 3790 3749 3847 infra
3783 3806 3908 3847 ma-

2322 3920 2473 3967 nere,
2500 3910 2554 3955 et
2580 3913 2677 3952 nec
2718 3896 2769 3950 id
2802 3896 2972 3964 ipsum
3000 3891 3239 3960 quidem,
3268 3888 3408 3958 quod
3457 3903 3564 3941 non
3593 3887 3751 3940 luerit
3778 3901 3913 3956 sup-

2326 3999 2562 4067 plieinm,
2596 3990 2790 4044 habere
2811 4001 2932 4041 cum
2961 3984 3186 4046 honore,
3211 3982 3303 4035 sed
3332 3997 3362 4034 a
3389 3982 3557 4050 gratia
3586 3988 3640 4034 et
3668 3979 3911 4033 clemen-

2326 4093 2394 4144 tia
2429 4086 2607 4157 regia?
2639 4100 2758 4138 nam
2805 4078 3013 4135 etiamsi
3047 4092 3137 4131 rex
3181 4091 3301 4129 eum
3328 4073 3610 4137 dimiserit,
3645 4082 3700 4125 et
3730 4087 3759 4124 a
3792 4071 3912 4125 eri-

2327 4182 2560 4237 minibus
2598 4174 2907 4238 absolverit,
2952 4172 3093 4225 vivet
3137 4180 3313 4222 tamen
3347 4166 3545 4235 pudore
3586 4163 3814 4218 atl'ectus
3856 4174 3914 4218 et

2329 4274 2616 4345 ignominia
2647 4285 2661 4321 :
2693 4282 2795 4321 non
2827 4267 2968 4319 enim
3000 4264 3159 4317 etiam
3197 4260 3285 4313 alii
3316 4275 3437 4313 eum
3481 4257 3912 4311 admirabuntur.

2328 4369 2459 4425 Nam
2478 4368 2527 4421 in
2552 4360 2813 4433 ejusmodi
2835 4355 3318 4412 condonatiouibus
3336 4368 3441 4405 non
3466 4367 3558 4405 eos
3580 4351 3916 4404 admiramur

2326 4460 2416 4528 qui
2463 4456 2748 4525 accipiunt,
2782 4452 2878 4508 sed
2924 4465 3019 4506 eos
3059 4452 3146 4519 qui
3176 4447 3421 4501 donant:
3453 4453 3509 4499 et
3553 4459 3659 4514 quo
3703 4445 3910 4514 majora

2320 4556 2457 4615 dona
2486 4556 2751 4617 dederint,
2783 4568 2847 4607 eo
2874 4552 3061 4621 majori
3089 4550 3289 4620 pudore
3310 4547 3619 4602 afficiuntur
3639 4545 3729 4615 qui
3760 4544 3910 4600 acci-

2321 4650 2487 4719 piunt,
2524 4648 2738 4718 quando
2784 4662 2973 4717 magna
3005 4645 3236 4698 admissa
3282 4650 3406 4697 sunt
3435 4641 3502 4695 ab
3550 4640 3627 4695 eis
3657 4647 3908 4709 peccata.

2321 4740 2519 4807 Quibus
2560 4754 2685 4808 ergo
2714 4737 2883 4791 oeulis
2926 4737 2969 4790 is
2999 4734 3191 4789 intueri
3225 4735 3421 4803 po:erit
3450 4746 3544 4786 eos
3582 4730 3670 4799 qui
3697 4736 3825 4783 sunt
3854 4729 3910 4783 in

2323 4832 2484 4901 regia,
2527 4832 2633 4885 illis
2664 4830 2893 4884 sudores
2921 4826 3342 4881 innumerabiles
3378 4834 3433 4877 et
3458 4822 3680 4887 vulnera
3713 4830 3906 4876 osten-

2323 4922 2589 4985 dentibus,
2637 4936 2755 4974 eum
2803 4922 2917 4988 ipse
2969 4917 3099 4973 nihil
3152 4916 3323 4987 possit
3368 4916 3673 4975 ostendere,
3713 4911 3810 4965 sed
3860 4922 3914 4964 ct

2324 5013 2463 5083 quod
2511 5014 2688 5065 Salvus
2742 5012 2899 5065 abeat
2951 4991 2996 5061 θ’
3032 5010 3145 5063 sola
3195 5007 3285 5062 Dei
3329 5004 3659 5073 benignitate
3702 5013 3756 5056 et
3800 5004 3914 5055 cle-

2330 5104 2563 5157 mentia?
2610 5101 3075 5170 Quemadmodum
3120 5101 3261 5153 enim
3305 5096 3348 5149 si
3392 5096 3512 5165 quis
3566 5092 3912 5155 homicidam,

2331 5198 2520 5263 furem,
2550 5198 2845 5251 adulterum
2873 5194 2937 5248 ad
2966 5192 3284 5262 supplicium
3308 5188 3502 5257 capitis
3528 5183 3906 5240 adducendum

2329 5290 2514 5344 donari
2545 5288 2643 5342 sibi
2674 5284 3043 5357 postulaverit,
3090 5293 3144 5337 et
3186 5296 3309 5335 eum
3350 5294 3468 5332 esse
3492 5278 3709 5345 jusserit
3744 5277 3794 5327 in
3821 5289 3905 5325 ις.-

2331 5384 2543 5439 stibulis
2568 5383 2767 5453 regiae;
2800 5380 2888 5434 ille
2913 5379 3022 5448 jam
3050 5389 3340 5443 numquam
3373 5375 3567 5441 poterit
3592 5369 3828 5437 aliquem
3854 5386 3912 5423 «ιι

2332 5476 2555 5531 adverso
2587 5471 2803 5536 intueri,
2838 5470 3048 5525 etiamsi
3072 5470 3141 5522 sit
3169 5467 3425 5520 liberatus
3456 5479 3484 5516 a
3512 5461 3779 5531 supplicio
3806 5480 3817 5515 :
3851 5464 3916 5515 ita

2332 5567 2493 5621 etiam
2521 5565 2608 5619 hic
2637 5579 2871 5633 quoque.

2407 5659 2458 5713 5.
2500 5656 2618 5712 Non
2658 5656 2827 5719 enim,
2870 5652 3123 5724 quoniam
3163 5650 3308 5721 regia
3337 5647 3555 5709 dicitur,
3602 5646 3919 5701 existimetis

2335 5764 2523 5806 omnes
2553 5746 2743 5804 eadem
2776 5745 3009 5816 assequi.
3041 5742 3175 5799 Nam
3205 5743 3249 5797 si
3281 5743 3366 5797 hic
3394 5747 3519 5795 sunt
3542 5748 3595 5793 et
3615 5738 3917 5808 praifeetus,

2335 5854 2389 5901 et
2415 5856 2598 5899 omnes
2626 5838 2841 5911 quiregi
2874 5836 3148 5903 assistunt,
3185 5842 3236 5890 et
3270 5836 3357 5906 qui
3384 5842 3505 5886 sunt
3538 5830 3619 5884 his
3652 5830 3812 5899 longe
3842 5832 3918 5885 in-
