4068 6400
164 390 243 444 “’9
957 407 1020 463 IN
1060 404 1277 461 EPiS’I‘.
1322 402 1410 458 AD
1453 397 1817 457 HEBRA'JOS.

154 508 373 571 feriorcs,
416 512 473 558 et
524 511 733 560 tenent
780 502 951 558 locum
996 516 1183 558 eorum
1228 501 1318 571 qui
1364 499 1617 555 dicuntur
1653 499 1752 553 de-

157 606 250 653 cani
281 601 380 670 (η),
410 610 547 655 sunt
579 600 641 654 in
673 598 851 669 regia,
883 596 1087 651 etiamsi
1117 594 1347 649 mullum
1376 592 1590 649 intersit
1612 592 1754 646 inter

158 692 443 757 praefectum
494 700 555 744 et
609 690 888 744 deeanutu
920 705 932 743 :
966 687 1135 741 multo
1183 684 1353 755 magis
1409 683 1511 740 hoc
1561 684 1663 737 erit
1700 683 1753 736 in

152 798 358 851 superna
394 782 575 851 regia.
611 782 686 836 Et
711 780 815 835 hoc
836 794 935 834 non
964 795 1031 834 ex
1059 794 1146 833 me
1175 776 1296 833 dico
1326 790 1486 833 :nam
1514 786 1567 831 et
1596 776 1753 829 aliam

156 874 224 928 his
248 877 506 943 majorem
543 873 914 929 differentiam
944 873 1093 943 ponit
1122 872 1340 927 Pauius.
1381 871 1550 939 Quatn
1576 869 1755 923 multm

154 966 296 1029 ιιιὶιιι,
332 964 533 1035 inquit,
570 964 903 1020 differentia:
932 973 1055 1018 sunt
1076 979 1103 1017 a
1136 964 1253 1019 sole
1278 977 1448 1031 usque
1474 961 1541 1017 ad
1572 961 1752 1018 lunam

154 1058 385 1109 etstellas
411 1067 465 1111 et
503 1057 802 1111 minimam
834 1056 1068 1119 stellam,
1116 1066 1223 1108 tam
1252 1054 1434 1109 multa:
1464 1055 1629 1109 etiam
1657 1073 1699 1108 e-
1729 1082 1752 1095 -

155 1161 252 1200 nun
278 1146 366 1216 qui
392 1155 533 1201 sunt
560 1148 623 1202 in
658 1148 823 1217 regia.
856 1147 923 1203 Et
944 1146 1086 1216 quod
1120 1148 1276 1216 longe
1299 1146 1473 1217 major
1502 1146 1565 1199 sit
1599 1145 1754 1199 difTe~

155 1240 304 1293 rentia
336 1240 538 1295 decani
572 1241 673 1312 qui
700 1240 907 1296 dicitur
932 1252 986 1296 et
1019 1239 1281 1310 prmfecti,
1319 1249 1373 1295 et
1402 1238 1531 1293 solis
1561 1249 1619 1294 et
1660 1237 1755 1289 tui-

154 1334 293 1387 nunc
346 1335 575 1402 stellze,
634 1345 721 1391 est
768 1336 1021 1391 omnibus
1072 1336 1438 1405 perspicuum.
1484 1331 1619 1389 Nam
1664 1329 1749 1385 sol

153 1423 347 1489 qttidem
385 1434 575 1481 totum
610 1428 797 1483 orbem
828 1435 988 1483 terra:
1013 1427 1169 1482 simul
1195 1426 1430 1481 illustrat
1465 1434 1519 1480 et
1544 1422 1753 1479 exhila-

156 1524 243 1581 rat,
272 1516 576 1587 lunamque
606 1518 889 1575 abscondit
912 1527 966 1575 et
991 1520 1175 1575 stellas
1204 1538 1217 1573 :
1248 1519 1341 1574 ille
1384 1528 1565 1573 autem
1609 1527 1754 1582 saepe

155 1618 247 1658 non
295 1618 553 1677 appiret,
609 1608 769 1679 idque
810 1610 862 1664 in
895 1611 1178 1666 tenebris:
1210 1609 1391 1665 multm
1434 1608 1579 1665 enim
1629 1615 1756 1661 sunt

156 1696 305 1750 stella:
332 1714 473 1767 quas
507 1716 627 1754 non
653 1700 920 1757 videmus.
947 1702 1174 1770 Quando
1195 1717 1324 1772 ergo
1352 1700 1593 1755 videmus
1622 1698 1757 1752 alios

156 1787 256 1842 fieri
286 1792 472 1859 soles;
508 1811 619 1849 nos
664 1804 844 1850 autem
874 1797 1218 1851 minimarum
1247 1797 1521 1851 stellarum
1553 1804 1607 1851 et
1635 1808 1757 1863 qua:

158 1895 216 1934 ne
242 1891 512 1951 apparent
545 1885 767 1954 quidem
800 1888 976 1942 locum
1008 1900 1213 1951 tenere,
1251 1902 1496 1956 quamam
1525 1884 1629 1940 erit
1661 1898 1758 1938 no-

171 1974 243 2027 bis
274 1979 633 2033 consolatio?
660 1980 757 2045 Ne.
788 1998 941 2053 rogo,
989 1998 1056 2039 ne
1102 1984 1273 2039 simus
1304 1982 1438 2038 adeo
1476 1981 1629 2046 tardi,
1660 1995 1760 2036 nec

160 2065 280 2121 adeo
310 2069 446 2139 pigri
498 2081 561 2126 et
589 2071 787 2142 ignavi,
820 2090 885 2128 ne
926 2076 1160 2144 segniter
1196 2075 1423 2129 Salutem
1456 2074 1547 2127 Dei
1592 2088 1761 2143 appe-

162 2166 342 2229 tamus,
385 2162 487 2218 sed
542 2177 901 2221 mercaturam
955 2184 1021 2222 (3X
1070 2184 1132 2223 ea
1181 2184 1529 2223 exerceamus
1562 2178 1614 2223 Cl
1640 2183 1758 2223 eam

162 2254 602 2323 multiplicemus.
636 2257 768 2313 Nam
793 2259 1001 2315 etiamsi
1028 2261 1147 2329 quis
1203 2264 1270 2314 sit
1313 2260 1753 2322 catechumenus,

163 2352 382 2401 attamen
430 2351 593 2404 novit
635 2349 929 2419 Christum,
988 2352 1133 2407 novit
1166 2352 1345 2419 fidem,
1393 2353 1567 2406 divina
1615 2351 1765 2406 audit

164 2436 381 2507 eloquia,
418 2457 535 2496 non
583 2452 673 2498 est
721 2445 906 2513 procul
963 2460 990 2497 a
1028 2445 1204 2499 divina
1260 2447 1586 2515 cognitione,
1618 2445 1766 2499 novit

169 2526 363 2585 Domini
380 2534 465 2587 sui
493 2534 855 2590 voluntatem.
877 2535 988 2590 Cur
1016 2536 1162 2607 igitur
1198 2536 1394 2603 differt,
1426 2554 1521 2593 cur
1541 2547 1765 2593 cuncta-

170 2628 246 2673 tur
269 2632 319 2675 et
338 2626 633 2680 moratur?

233 2716 371 2773 Bona
392 2720 499 2774 vita
526 2720 663 2775 nihil
683 2721 884 2775 melius.
903 2752 973 2761 —-
996 2722 1141 2776 Bona
1168 2724 1272 2775 vita
1305 2723 1435 2776 nihil
1463 2733 1543 2778 est
1574 2723 1769 2780 melius

174 2821 223 2864 et
245 2812 328 2867 hic
348 2824 403 2868 et
430 2813 554 2869 illic
578 2856 593 2878 ,
626 2825 683 2868 et
715 2814 767 2868 itt
802 2814 868 2869 iis
898 2816 988 2884 qui
1018 2816 1391 2871 illittuiuantnr
1416 2827 1470 2871 et
1493 2818 1546 2871 in
1582 2817 1645 2870 iis
1678 2816 1768 2886 qtti

177 2907 433 2961 cateehesi
484 2907 866 2961 instituuntur.
917 2908 1047 2961 Nam
1089 2908 1234 2976 quid,
1258 2923 1466 2977 quaeso,
1486 2909 1642 2963 nobis
1690 2918 1772 2962 est

184 3010 503 3068 perceptum
550 3015 715 3070 grave
762 3012 815 3054 et
850 3000 1286 3055 intolerandum?
1317 3002 1464 3055 llabe
1496 3041 1511 3065 ,
1555 3001 1769 3069 inquit,

184 3103 390 3144 uuirem
419 3131 434 3155 ,
468 3099 529 3143 et
565 3092 641 3143 sis
674 3101 981 3160 temperans
1016 3101 1071 3145 et
1110 3092 1413 3145 continens.
1465 3091 1650 3146 llocnc
1691 3102 1775 3145 est

186 3181 441 3239 dfficiie?
473 3185 774 3253 quomodo,
805 3200 927 3239 cum
961 3186 1162 3255 alisque
1194 3200 1361 3238 uxore
1384 3183 1533 3237 multi
1566 3199 1623 3237 se
1643 3200 1773 3237 con—

189 3275 286 3329 tine
324 3290 380 3330 nt
409 3317 423 3339 ,
464 3292 579 3329 non
620 3277 794 3329 solum
826 3275 1113 3330 Christiani
1141 3319 1155 3340 ,
1184 3274 1276 3329 sed
1303 3286 1356 3328 et
1383 3274 1595 3329 Grami?
1624 3275 1775 3348 Quod

190 3364 395 3419 ϐτςιιςιις
426 3376 657 3435 superat
688 3376 909 3435 pr0pter
945 3367 1159 3421 inanem
1199 3367 1421 3437 gloriam
1446 3408 1459 3429 ,
1497 3376 1549 3420 tu
1581 3383 1647 3420 ne
1678 3368 1779 3421 hoc

190 3458 392 3524 quidem
438 3473 633 3514 servas
680 3469 902 3527 propter
944 3459 1033 3513 Dei
1084 3459 1381 3513 timorem?
1422 3457 1530 3521 Da,
1564 3458 1778 3528 inquit,

196 3551 487 3616 pauperibus
519 3567 584 3605 ea:
620 3551 723 3604 tuis
751 3550 1082 3619 facuttatibus
1112 3549 1261 3618 (Tob.
1288 3550 1341 3605 4.
1373 3550 1454 3621 7).
1486 3550 1669 3603 llocue
1700 3558 1782 3604 est

196 3658 343 3708 grave
364 3655 419 3699 et
449 3642 893 3698 intolerandum?
915 3643 1020 3698 Sed
1047 3644 1134 3698 hic
1152 3659 1369 3715 quoque
1397 3658 1499 3699 nos
1527 3652 1787 3699 accusant

199 3731 376 3795 lli-xei.
411 3736 505 3806 qui
542 3751 735 3789 omnes
764 3750 890 3789 suas
918 3735 1226 3791 effuderunt
1258 3735 1539 3791 facultates
1570 3746 1787 3805 propter

202 3826 403 3880 inanem
423 3825 679 3895 gloriam.
714 3824 793 3879 Ne
824 3825 985 3880 verba
1016 3825 1256 3895 loquaris
1278 3828 1535 3883 obscmua
1565 3825 1702 3895 (Col.
1731 3826 1785 3883 3.

248 3936 323 4007 (a),
349 3938 406 3986 iii
435 3940 624 4011 alet-aui
664 3942 861 4011 lictores
899 3950 1039 4011 erant
1069 3942 1120 3992 iu
1157 3943 1265 3994 aula
1299 3946 1630 4010 Imperatoris.
1654 3953 1777 4011 Vide

195 3994 407 4054 Caudium
434 4003 487 4049 in
514 4002 762 4051 Glossario
786 4003 869 4052 (ir.
896 4004 954 4053 ad
981 4019 1150 4055 vocem
1174 3994 1340 4065 Δυιανόξ.

1859 395 2014 452 CAP.
2060 395 2194 450 \‘lll.
2238 393 2469 451 IIOMIL.
2511 393 2652 451 XIV.
3363 409 3467 467 110

1867 496 1945 567 8).
1977 498 2158 555 llocue
2179 502 2533 561 cstdifficile?
2564 506 2783 561 Etiamsi
2819 523 2924 562 non
2950 516 3091 564 esset
3116 517 3465 578 prmceptum,

1865 605 2047 647 annon
2078 606 2359 665 oporteret
2397 612 2497 651 nos
2540 599 2611 653 ita
2639 614 2832 670 gerere
2856 641 2870 666 ,
2905 615 2971 655 ne
3006 600 3109 654 huc
3137 600 3294 656 nobis
3323 611 3473 657 esset

1864 696 2109 764 probro?
2138 698 2272 754 Nam
2305 698 2446 769 quod
2477 699 2807 754 contrarium
2836 699 2913 754 sit
2940 698 3157 756 difficile
3186 742 3202 767 ,
3235 702 3399 756 verba
3426 741 3444 765 ,

1873 788 2110 860 inquam,
2154 791 2299 859 loqui
2321 793 2598 857 obscaena,
2616 799 2701 846 est
2723 793 3062 860 perspicuum
3089 808 3154 847 ex
3182 792 3286 849 hoc
3309 794 3454 862 quod

1863 880 2072 951 pudore
2114 883 2347 938 afficitur
2380 890 2437 938 et
2480 881 2753 937 erubescit
2798 885 3013 938 animus
3042 925 3060 952 ,
3104 885 3148 939 si
3190 884 3460 944 adductus

1866 971 2026 1028 fuerit
2054 983 2111 1029 ut
2134 973 2238 1028 tale
2268 972 2400 1043 quid
2424 972 2587 1041 dicat,
2616 984 2672 1030 et
2700 990 2877 1045 neque
2906 974 3072 1043 dicat,
3104 977 3205 1031 nisi
3237 977 3372 1031 forte
3397 978 3470 1033 sit

1869 1063 2074 1118 ebrius.
2094 1062 2205 1118 Cur
2232 1065 2376 1117 enim
2406 1065 2455 1119 in
2489 1063 2607 1120 foro
2632 1064 2849 1130 sedens,
2872 1068 3082 1122 etiamsi
3105 1066 3251 1123 domi
3280 1068 3465 1132 fzioias.

1870 1156 1980 1211 illic
2008 1173 2114 1210 non
2144 1154 2279 1211 facis
2306 1154 2329 1208 ?
2362 1171 2543 1211 annon
2577 1166 2798 1228 propter
2824 1172 2920 1213 eos
2952 1160 3039 1229 qui
3079 1159 3279 1215 adsunt
3306 1162 3331 1215 ?
3367 1176 3467 1215 cur

1868 1250 1913 1305 si
1943 1249 2081 1303 adsit
2104 1265 2237 1303 uxor
2266 1259 2375 1314 tua,
2400 1250 2452 1304 id
2477 1265 2582 1304 non
2614 1252 2747 1307 facis
2773 1252 2797 1306 ἲ
2823 1268 3003 1308 annon
3030 1263 3087 1309 ut
3109 1269 3177 1311 ne
3198 1270 3315 1311 eam
3347 1271 3471 1310 con-

1872 1342 2087 1395 tumelia
2114 1340 2317 1395 afficias
2341 1341 2364 1393 ?
2392 1334 2545 1410 Quod
2573 1357 2703 1413 ergo
2732 1353 2955 1414 propter
2995 1360 3217 1401 uxorem
3250 1363 3356 1402 non
3387 1347 3468 1401 fa-

1868 1433 1969 1497 cis,
2005 1432 2172 1487 Deum
2201 1433 2523 1488 contumelia
2554 1434 2798 1490 afficiens
2828 1451 2933 1490 non
2964 1438 3286 1493 erubescis?
3316 1440 3471 1494 adest

1870 1524 2014 1578 enim
2047 1524 2240 1594 ubique
2263 1533 2317 1577 et
2343 1522 2492 1577 audit
2524 1527 2728 1580 omnia.
2754 1526 2873 1581 Noli
2906 1569 2920 1589 ,
2965 1527 3180 1597 inquit,
3210 1529 3471 1585 inebriari

1874 1614 2090 1686 (Ep/tes.
2128 1616 2180 1669 5.
2210 1615 2300 1685 18)
2332 1632 2345 1668 :
2374 1624 2544 1670 recte.
2574 1616 2706 1670 Nam
2736 1618 2901 1672 etiam
2936 1619 3039 1673 hoc
3072 1620 3246 1688 ipsum
3287 1637 3383 1692 per
3409 1637 3469 1677 se

1872 1721 2048 1759 annon
2076 1714 2158 1760 est
2184 1706 2548 1775 supplicium?
2582 1706 2700 1762 Non
2734 1709 2910 1774 dixit,
2961 1710 3219 1765 Distende
3265 1727 3467 1780 corpus

1873 1806 2056 1860 tuum;
2086 1796 2180 1853 sed
2208 1797 2335 1867 quid
2360 1798 2383 1852 ‘i
2413 1797 2530 1853 Noli
2564 1798 2817 1854 inebriari
2848 1818 2863 1855 :
2896 1800 2948 1855 id
2978 1811 3082 1866 ρει,
3130 1800 3210 1855 Ne
3232 1802 3311 1855 sic
3336 1802 3468 1856 illud

1875 1888 2189 1959 praecipites
2217 1931 2232 1957 ,
2274 1898 2331 1944 ut
2368 1890 2649 1945 auferatur
2684 1893 3021 1962 principatus
3064 1894 3279 1946 animai.
3331 1891 3472 1958 Quid

1867 1979 2220 2049 ergo?annon
2237 1977 2490 2066 corpqris
2503 1977 2759 2032 habenda
2771 1993 2904 2032 cura
2920 1977 3029 2033 est?
3041 1976 3220 2041 Absit,
3234 1993 3343 2031 non
3354 1976 3462 2031 hoc

1870 2072 2017 2135 dico,
2030 2070 2266 2126 sicenim
2280 2070 2484 2125 Paulus
2496 2070 2783 2141 praecepit:
2799 2069 2989 2126 Carnis
3003 2088 3191 2125 curam
3204 2086 3267 2124 ne
3283 2071 3467 2140 feceri—

1872 2165 2002 2218 tisin
2022 2163 2293 2217 desideriis
2310 2162 2485 2231 (Rom.
2506 2163 2592 2217 13.
2615 2163 2725 2235 14).
2747 2163 2854 2219 Sed
2874 2179 2941 2217 ne
2964 2179 3155 2218 curam
3174 2178 3332 2233 geras
3346 2163 3466 2233 ejus

1874 2254 2359 2325 concupiscentiae,
2391 2270 2460 2309 ne
2492 2255 2675 2325 rapias
2700 2270 2822 2324 quae
2852 2262 2945 2309 tua
2969 2270 3077 2308 non
3111 2262 3261 2318 sunt,
3287 2270 3355 2308 ne
3370 2270 3467 2324 per

1875 2346 2165 2401 avaritiam
2194 2344 2424 2401 invadas
2448 2345 2650 2411 aliena,
2682 2362 2752 2401 ne
2780 2347 2996 2417 pejercs
3028 2345 3244 2417 (Matth.
3283 2347 3337 2401 5.
3360 2345 3473 2415 55).

1878 2438 2210 2504 Quibusnam
2237 2444 2397 2507 egent
2426 2434 2543 2491 baro
2570 2434 2866 2499 laboribus,
2900 2437 3223 2507 quibusaiam
3248 2435 3465 2490 sudori-

1881 2530 1981 2584 bus
2010 2545 2022 2582 :
2050 2526 2129 2583 Ne
2158 2525 2461 2582 crimineris
2483 2567 2497 2591 ,
2530 2526 2696 2596 inquit
2730 2567 2745 2591 ,
2778 2542 2843 2581 nc
2864 2526 3211 2580 calumnicris
3237 2524 3388 2595 (an.
3414 2527 3468 2582 5.

1883 2621 1998 2691 14).
2030 2619 2160 2686 Quis
2192 2620 2244 2673 in
2273 2618 2373 2673 hac
2403 2633 2461 2673 re
2485 2618 2677 2673 labor?
2706 2616 3047 2673 Contrarium
3074 2617 3290 2689 quidem
3323 2629 3473 2673 certe

1884 2723 1968 2767 cst
1996 2712 2166 2767 labor.
2201 2710 2335 2766 Nam
2365 2711 2580 2779 quando
2609 2710 2913 2767 maledictis
2942 2712 3236 2782 appetieris
3256 2754 3271 2778 ,
3300 2712 3481 2765 Statim

1885 2827 1945 2866 es
1972 2809 2026 2864 in
2060 2806 2305 2878 periculo
2330 2848 2344 2871 ,
2375 2807 2425 2861 in
2452 2807 2783 2876 suspicione,
2816 2806 2892 2861 Ne
2921 2806 3058 2861 forte
3086 2806 3321 2861 audierit
3349 2788 3489 2860 isde

1886 2918 1993 2974 quo
2022 2901 2130 2955 dixi
2159 2942 2175 2967 ,
2207 2900 2321 2954 sive
2349 2900 2421 2953 sit
2450 2915 2699 2968 magnus,
2755 2901 2869 2955 sive
2906 2916 3104 2964 parvus
3135 2918 3149 2955 :
3178 2915 3300 2954 nam
3338 2899 3382 2953 si
3418 2898 3490 2955 sit

1890 2994 2106 3065 quidem
2133 3007 2378 3062 magnus,
2408 2993 2587 3044 statim
2621 3006 2679 3045 re
2710 2992 2820 3060 ipsa
2849 2992 3033 3045 venies
3065 2992 3114 3045 in
3142 2991 3437 3061 perieulum
3463 3005 3481 3057 ;

1891 3086 1973 3140 sin
2002 3100 2198 3156 parvus
2224 3125 2238 3141 .
2270 3098 2365 3149 par
2391 3083 2503 3152 pari
2536 3081 2736 3137 referet
2765 3123 2779 3146 ,
2809 3085 2918 3137 imo
2944 3085 3192 3153 graviora
3229 3083 3492 3151 rependet

1890 3187 1944 3232 et
1989 3184 2040 3228 te
2086 3172 2380 3242 majoribus
2422 3181 2639 3242 appetet
2686 3173 3012 3228 maledictis.
3042 3173 3184 3228 Nihil
3218 3174 3437 3229 difficile
3474 3216 3489 3237 ,

1894 3266 2027 3321 nihil
2056 3280 2217 3335 grave
2249 3264 2402 3318 nobis
2433 3275 2517 3319 est
2550 3273 2901 3334 praeceptum,
2931 3266 2972 3319 si
2997 3265 3226 3320 velimus
3249 3284 3261 3319 :
3286 3267 3367 3320 sin
3395 3282 3491 3319 au-

1896 3369 2000 3413 tem
2028 3357 2283 3421 nolimus,
2308 3356 2469 3409 etiam
2494 3372 2612 3424 qua:
2642 3365 2768 3410 sunt
2794 3356 3040 3411 facillima
3077 3399 3091 3422 ,
3130 3358 3285 3412 nobis
3314 3375 3483 3425 appa-

1894 3452 2087 3507 rebunt
2113 3452 2313 3523 gravia.
2340 3452 2475 3519 Quid
2503 3461 2582 3507 est
2612 3452 2817 3505 facilius
2843 3467 3002 3522 quam
3030 3450 3315 3507 comedere
3340 3452 3366 3506 ’ἓ
3394 3453 3490 3509 sed

1900 3554 2121 3614 propter
2163 3546 2383 3599 multaut
2427 3545 2707 3599 mollitiem
2735 3545 2887 3599 multi
2920 3544 2969 3599 id
2999 3560 3213 3615 quoque
3242 3561 3385 3616 aegre
3414 3546 3493 3602 fe-

1900 3644 2029 3692 runt
2060 3653 2072 3690 :
2102 3638 2299 3691 multos
2327 3636 2485 3690 audio
2514 3637 2757 3693 dicentes
2781 3680 2795 3703 ,
2840 3636 2983 3708 quod
3013 3638 3176 3692 etiam
3203 3640 3493 3695 comedere

1897 3734 1983 3783 est
2011 3727 2177 3783 labor.
2210 3727 2352 3783 Nihil
2381 3728 2570 3782 ltornm
2602 3739 2683 3783 est
2713 3728 3060 3795 laboriosum,
3081 3728 3124 3782 si
3140 3729 3310 3785 velis:
3344 3747 3489 3791 nam,

1887 3834 2010 3873 cum
2053 3818 2219 3886 gratia
2263 3830 2515 3886 superna,
2553 3816 2603 3868 in
2649 3818 2920 3869 voluntate
2959 3816 3059 3867 sita
3112 3825 3237 3870 sunt
3282 3820 3485 3877 omnia.

1890 3911 2136 3968 Velimus
2176 3922 2304 3977 ergo
2353 3906 2528 3972 bona,
2582 3918 2638 3960 ut
2684 3908 2848 3963 etiam
2897 3907 3039 3965 bona
3081 3922 3480 3980 consequamur

1891 4014 2093 4060 aeterna
2134 4044 2146 4061 .
2180 3999 2346 4064 pratia
2373 4009 2424 4052 et
2450 3998 2797 4063 benignitate.

216 4094 3407 4121 W

1540 4180 1889 4242 HOMILIA
1940 4176 2114 4239 XIV.

192 4274 302 4331 Car.
326 4280 375 4336 8.
407 4282 460 4336 1.
509 4280 801 4351 Capitulum
830 4291 1002 4338 autem
1040 4300 1195 4349 super
1238 4299 1298 4338 ea
1339 4300 1454 4354 qua:
1482 4283 1722 4338 dicuntur
1749 4299 1768 4337 :

253 4370 422 4427 Talem
452 4373 699 4429 habemus
732 4377 1026 4445 pontiﬁcem
1052 4418 1069 4445 ,
1098 4378 1186 4446 qui
1215 4378 1441 4432 consedit
1478 4379 1531 4431 in
1561 4378 1773 4431 dextera

252 4466 376 4521 sedis
408 4468 780 4538 magnitudinis
805 4471 857 4523 in
880 4470 1018 4525 caelis
1039 4512 1053 4535 ,
1084 4470 1139 4525 2.
1171 4480 1459 4524 sanctorum
1490 4471 1719 4523 minister
1751 4510 1766 4533 ,

251 4567 295 4608 et
329 4557 651 4613 tabernaculi
689 4561 797 4614 veri
826 4602 842 4629 ,
879 4560 1016 4633 quod
1075 4562 1190 4631 ﬁxit
1227 4560 1481 4616 Dominus
1505 4602 1520 4627 ,
1575 4570 1621 4616 et
1668 4579 1769 4615 non

254 4652 421 4708 homo.

253 4744 299 4798 1.
320 4747 400 4818 (a)
415 4746 646 4802 Humilia
670 4747 992 4825 sublimibus
1015 4749 1280 4805 admiscet
1300 4750 1513 4817 Paulus,
1529 4752 1773 4825 quisem-

194 4845 276 4899 per
298 4852 454 4893 suum
489 4820 731 4893 imitattir
759 4839 1070 4909 Magistrum
1096 4882 1111 4905 ,
1146 4851 1203 4894 ut
1236 4842 1454 4896 humilia
1480 4843 1618 4897 viam
1653 4859 1771 4898 mu-

192 4926 323 4983 niant
359 4928 430 4983 ad
458 4930 709 4985 sublimia
737 4973 751 4995 ,
779 4940 834 4987 et
866 4947 961 5001 per
1001 4947 1065 4987 ea
1093 4932 1159 4986 ad
1204 4932 1291 4986 illa
1327 4933 1680 4998 deducamur,
1714 4941 1772 4987 et

191 5031 296 5072 cum
326 5021 395 5076 ad
426 5037 620 5092 magna
644 5025 1067 5091 pervenerimus,
1088 5024 1360 5081 discamus
1383 5044 1444 5080 ea
1476 5028 1639 5082 fuisse
1661 5042 1771 5081 sua:

195 5105 523 5168 demissionis
541 5112 609 5168 ad
634 5124 845 5185 captum
869 5127 1131 5171 nostrum.
1161 5117 1272 5172 lloc
1293 5134 1422 5188 ergo
1450 5119 1534 5173 hic
1560 5134 1772 5189 quoque

200 5197 340 5257 facit:
373 5204 566 5260 dicens
610 5206 753 5277 quod
790 5222 851 5263 se
889 5208 1177 5284 obtulerit,
1215 5220 1268 5264 et
1304 5226 1425 5265 eum
1455 5211 1765 5278 pontificem

196 5307 298 5350 eum
328 5313 454 5353 esse
491 5298 839 5367 ostendisset,
872 5301 1002 5357 dicit
1032 5320 1046 5355 :
1082 5301 1373 5373 Capitulnm
1411 5313 1577 5356 autem
1618 5320 1773 5374 super

196 5400 245 5437 ια
264 5406 372 5459 quc
394 5391 639 5444 dicuntur
667 5406 685 5447 :
708 5389 890 5446 Talem
914 5392 1155 5446 habemus
1180 5395 1491 5463 pontiﬁcem,
1518 5395 1606 5463 qui
1634 5412 1761 5447 con-

196 5479 301 5533 sedit
328 5481 381 5535 in
404 5480 616 5537 dextera
632 5481 769 5538 sedis
791 5482 1156 5554 magnitudinis
1194 5484 1246 5537 in
1268 5484 1433 5539 cretis.
1474 5486 1639 5557 Atqui
1670 5485 1772 5542 hoc

245 5662 312 5724 (a)
322 5662 582 5715 Homilism
598 5666 670 5716 sic
681 5665 853 5725 incipit
868 5661 1253 5725 Oolbpuomodo
1266 5662 1345 5711 hic
1359 5659 1543 5725 dicitur
1555 5660 1774 5725 minister

245 5677 312 5724 ta)
325 5677 582 5715 uomutsm
598 5678 670 5716 sic
681 5679 777 5715 inet
816 5677 853 5714 tt
868 5677 1253 5725 mtuouomoao
1266 5677 1345 5711 mc
1362 5677 1543 5711 mcuur
1555 5677 1774 5711 nmuster

198 5728 236 5773 et
254 5726 462 5793 monster
485 5735 760 5793 scutatorum
778 5677 903 5775 ghic
925 5723 1053 5793 enim
1088 5722 1449 5793 hibernaculum
1483 5722 1619 5793 dicit.
1654 5722 1777 5773 Vide

194 5790 410 5842 fluctuatio
444 5788 601 5851 erexit
632 5788 825 5839 animas
862 5788 1162 5851 Juda’orunt.
1199 5788 1278 5839 Sic
1316 5787 1614 5851 jaueissiuiis
1642 5800 1776 5835 ama-

198 5856 377 5905 ntem
396 5850 485 5903 ille
508 5850 657 5911 multa
681 5850 1075 5916 comprehendit.

1884 4294 1991 4336 non
2021 4280 2401 4351 estpontiflcis,
2434 4280 2529 4338 sed
2550 4282 2689 4352 ejus,
2727 4281 2813 4337 cui
2834 4289 3049 4352 oportet
3076 4279 3221 4352 fungi
3256 4297 3480 4339 munere

1884 4372 2197 4432 sacerdotis.
2222 4373 2529 4429 Sanctorum
2555 4373 2799 4428 minister.
2818 4372 2928 4429 Nec
2943 4373 3182 4428 absolute
3211 4373 3475 4439 minister,

1882 4464 2315 4526 sed,Sanctorum
2362 4467 2609 4521 minister.
2642 4466 2710 4521 Et
2736 4466 3049 4520 tabernaculi
3084 4466 3187 4519 veri
3211 4466 3347 4533 quod
3367 4467 3481 4533 ﬁxit

1880 4557 2150 4621 Dominus,
2178 4571 2223 4614 et
2241 4577 2339 4614 non
2356 4560 2704 4615 homo.Vides
2734 4561 2814 4615 sui
2843 4559 3261 4615 demissionem?
3285 4560 3477 4612 Annon

1884 4652 2044 4721 paulo
2068 4661 2191 4706 ante
2217 4651 2481 4719 distinxit,
2514 4651 2699 4707 dicens
2724 4670 2736 4705 :
2765 4650 2951 4705 Nonne
2978 4667 3149 4703 omnes
3171 4660 3285 4703 sunt
3307 4650 3475 4703 admi-

1892 4741 2173 4794 nistratorii
2196 4742 2406 4810 spiritus
2442 4744 2459 4813 (
2492 4741 2650 4796 Hebr.
2683 4743 2729 4797 1.
2772 4742 2836 4795 14
2861 4741 2920 4810 )?
2965 4741 3033 4795 Et
3060 4750 3342 4812 propterea
3372 4755 3479 4793 non

1881 4832 2103 4915 an‘diunt
2128 4874 2142 4896 ,
2177 4831 2311 4887 Sede
2354 4850 2387 4887 a
2427 4834 2617 4887 dextris
2660 4833 2804 4887 meis.
2841 4832 2952 4885 lloc
2987 4843 3167 4885 autem
3197 4832 3272 4885 ait
3298 4873 3311 4893 ,
3335 4832 3480 4900 quod

1881 4924 2102 4979 omnino
2133 4940 2237 4979 non
2268 4926 2338 4980 sit
2364 4926 2607 4980 minister
2632 4925 2721 4995 qui
2751 4922 2923 4979 sedet.
2943 4923 3227 4993 Quomodo
3258 4939 3385 4992 ergo
3400 4923 3483 4976 di-

1882 5026 2003 5071 ctus
2030 5029 2111 5072 est
2132 5016 2220 5072 bic
2240 5018 2484 5073 minister
2497 5017 2832 5073 sanctorum?
2854 5016 3277 5070 Tabernaculum
3300 5026 3480 5069 autem

1885 5109 1974 5165 hic
2000 5111 2191 5166 cadum
2214 5112 2363 5167 dicit.
2398 5112 2521 5167 ideo
2550 5114 2709 5167 etiam
2738 5119 2796 5165 ut
2819 5110 3066 5166 ostendat
3092 5124 3251 5177 quam
3272 5108 3485 5162 differat

1880 5225 1907 5263 a
1934 5208 2175 5271 Judaico,
2223 5204 2373 5269 dicit,
2408 5202 2556 5269 Quod
2587 5204 2698 5271 ﬁxit
2726 5200 2895 5266 Deus,
2927 5210 2974 5253 με
3000 5216 3101 5255 non
3124 5200 3292 5253 homo.
3343 5198 3480 5253 Vide

1880 5297 2153 5368 quomodo
2190 5294 2366 5350 erexit
2409 5295 2621 5348 animos
2662 5307 2850 5347 eorum
2894 5292 2981 5361 qui
3026 5290 3373 5347 crediderunt
3416 5290 3468 5343 in

1881 5390 2105 5446 Judzuis.
2156 5387 2290 5443 Nam
2334 5385 2588 5455 quoniam
2619 5382 2915 5439 verisimile
2945 5392 3064 5438 erat
3093 5398 3189 5437 eos
3222 5383 3483 5453 imagina-

1882 5493 1967 5539 tos
1993 5497 2113 5537 esse
2145 5494 2243 5535 nos
2286 5492 2392 5533 non
2424 5476 2625 5532 habere
2664 5476 2769 5531 tale
2809 5474 3219 5530 tabernaculum
3254 5492 3267 5529 :
3302 5476 3439 5529 Ecce
3460 5514 3477 5541 ,

1886 5574 2079 5644 inquit,
2108 5570 2385 5635 sacerdos,
2418 5578 2470 5624 et
2501 5582 2749 5638 magnus,
2781 5577 2836 5622 et
2862 5566 2955 5621 illo
2980 5566 3150 5621 multo
3181 5566 3353 5635 major
3378 5607 3394 5631 ,
3427 5576 3485 5620 ut

1886 5664 2258 5719 admirabilius
2300 5661 2495 5717 obtulit
2548 5657 2898 5715 sacrificium.
2949 5658 3020 5713 At
3064 5656 3323 5725 numquid
3369 5656 3483 5710 hate

1888 5766 2013 5812 sunt
2048 5754 2305 5825 jactantia
2336 5763 2409 5809 et
2450 5751 2614 5807 animi
2656 5750 2990 5805 oblectatio?
3027 5749 3320 5816 Pr0pterea
3367 5762 3481 5802 rem

1891 5853 2037 5925 prius
2069 5850 2195 5913 facit
2222 5847 2536 5909 credibilem
2563 5862 2627 5904 ex
2650 5843 3004 5917 jurejurando
3026 5886 3041 5912 ,
3078 5840 3277 5900 deinde
3320 5841 3482 5898 etiam
