4068 6404
630 379 651 433 1
670 376 725 430 Η
856 396 857 399 ‘
1338 374 1395 433 S.
1436 372 1711 430 JOANNIS
1747 360 2223 425 CIIRYSOSTOMI

618 509 681 547 ex
716 486 1079 545 tabernaculo.
1112 486 1241 542 Erat
1259 482 1469 556 quidem
1493 479 1609 536 haec
1635 494 1849 551 quoque
1875 488 2059 550 aperta
2084 476 2185 533 dit-

614 584 841 639 fereutia
868 600 880 635 :
912 582 1026 650 ipse
1050 594 1176 641 vero
1194 577 1349 632 aliam
1377 588 1588 645 quoque
1613 573 1879 643 excogitat
1910 589 1924 627 :
1961 570 2107 636 Quod
2122 570 2185 639 ﬁ-

615 676 690 731 uit
718 717 733 739 ,
764 674 934 743 inquit
957 713 972 735 ,
1000 670 1158 733 Deus,
1190 677 1236 721 et
1284 683 1386 721 non
1415 666 1582 719 homo.
1616 663 1717 721 Ubi
1738 672 1863 718 sunt
1886 663 1972 732 qui
2000 661 2184 716 dicunt

615 765 820 821 tuuvcri
867 759 1219 818 cminm?ubi
1270 765 1395 813 suut
1436 757 1523 825 qui
1573 755 1918 827 pronuntiant
1970 751 2021 807 id
2066 766 2187 807 esse

615 856 935 924 Sphzrricum
958 852 1061 922 (a)?
1084 860 1303 919 utraque
1322 848 1462 903 enim
1488 847 1570 901 hic
1584 857 1707 899 sunt
1722 846 1944 899 sublata.
1971 842 2185 909 Capitu-

616 947 721 1000 lum
746 954 932 1008 autem,
955 941 1146 1011 inquit,
1175 956 1328 1008 super
1350 954 1408 993 ea
1428 952 1539 1005 qua
1563 936 1817 990 dicuntur.
1845 934 2018 1003 Caput
2046 948 2186 988 sent-

618 1051 717 1107 per
756 1033 951 1087 dicitur
997 1030 1049 1084 id
1095 1028 1235 1099 quod
1271 1036 1354 1082 est
1392 1025 1700 1082 maximum.
1736 1024 1938 1077 Rursus
1964 1021 2186 1077 dimittit

620 1126 911 1181 orationem
941 1144 954 1177 :
985 1136 1107 1177 cum
1136 1122 1359 1175 dixisset
1385 1116 1526 1187 quod
1555 1125 1637 1171 est
1666 1115 1897 1171 sublime
1917 1155 1932 1179 ,
1966 1114 2182 1167 humilia

626 1226 810 1288 postea
840 1214 1007 1269 libere
1049 1210 1268 1283 profert.
1318 1206 1522 1264 Deinde
1564 1216 1621 1262 ut
1655 1207 1793 1261 scias
1834 1203 1975 1275 quod
2006 1203 2134 1257 illud
2166 1243 2181 1267 ,

619 1307 853 1362 Minister
879 1348 894 1372 ,
925 1304 1125 1359 dictum
1162 1302 1227 1355 sit
1257 1301 1325 1355 de
1368 1300 1697 1353 humanitate
1722 1338 1739 1365 ,
1770 1295 1893 1351 vide
1914 1293 2185 1365 quomodo

616 1412 807 1455 rursus
836 1399 937 1449 hoc
960 1390 1239 1464 signiﬁcet.
1270 1390 1323 1444 3.
1350 1387 1523 1443 Omnis
1543 1389 1675 1442 enim
1701 1388 1927 1457 pontifex
1946 1427 1960 1451 ,
1990 1384 2181 1453 inquit,

616 1489 684 1542 ad
727 1485 1036 1554 o/ferendum
1076 1496 1291 1534 munera
1325 1490 1369 1532 et
1412 1480 1598 1533 hostias
1635 1477 1955 1532 constituitur
1986 1490 2005 1528 :
2038 1473 2185 1529 Unde

618 1593 813 1633 necesse
857 1559 949 1628 est‘
972 1583 1016 1628 et
1056 1572 1189 1625 hunc
1236 1569 1417 1623 habere
1452 1567 1643 1637 aliquid
1671 1566 1805 1637 quod
1833 1562 2034 1632 offerat.
2065 1563 2142 1618 Ne
2168 1601 2182 1628 ,

618 1668 864 1739 quoniam
882 1663 1033 1719 audis
1051 1677 1172 1717 eum
1194 1660 1399 1725 sedere,
1423 1660 1692 1713 existimes
1712 1674 1832 1713 esse
1859 1671 2023 1727 nugas
2044 1656 2182 1726 quati

617 1761 790 1831 dictus
824 1760 893 1812 sit
922 1756 1156 1827 poutiiex
1182 1772 1193 1806 :
1222 1768 1342 1807 nam
1381 1751 1508 1806 illud
1538 1749 1750 1822 quidem
1779 1760 1863 1805 est
1894 1750 1984 1803 Dei
2012 1748 2185 1818 digni-

617 1852 743 1905 tatis
766 1891 781 1917 ,
814 1845 1262 1917 uempescdere;
1305 1845 1406 1899 hnc
1430 1851 1607 1897 autem
1635 1841 1815 1896 multa:
1855 1841 1906 1895 in
1936 1840 2181 1896 homines

617 1926 1000 1996 benevolentia:
1030 1947 1083 1992 et
1110 1950 1313 2006 magnas
1336 1949 1476 1988 cura:
1503 1948 1659 2003 quam
1688 1934 1851 1986 nostri
1875 1933 2027 2003 gerit.
2049 1932 2184 1987 Pro-

617 2042 799 2101 pterea
828 2031 928 2084 hoc
960 2030 1109 2095 lenit,
1138 2040 1192 2083 et
1220 2029 1269 2081 in
1294 2041 1359 2081 eo
1384 2025 1580 2080 diutius
1608 2026 1923 2080 immoratur
1953 2043 1965 2078 :
2010 2026 2190 2081 timuit

618 2115 762 2169 enim
810 2130 878 2171 ne
918 2116 1045 2172 illud
1084 2125 1369 2173 everteret.
1411 2116 1703 2184 Propterea
1750 2115 1815 2170 ad
1863 2116 1962 2171 hoc
2004 2130 2191 2171 rursus

618 2204 833 2260 deducit
851 2209 1165 2272 orationem,
1186 2208 1433 2279 quoniam
1455 2208 1763 2278 quierebant
1785 2208 1946 2277 aliqui
1973 2226 1986 2262 :
2014 2209 2191 2275 Quare

619 2302 703 2350 est
738 2306 979 2351 mortuus
1002 2338 1017 2360 .
1045 2313 1165 2353 cum
1203 2307 1347 2353 esset
1389 2298 1643 2354 sacerdos
1666 2298 1691 2351 τ
1718 2298 1967 2354 sacerdos
2009 2307 2189 2354 autem

620 2399 729 2441 non
761 2396 845 2442 est
882 2388 1081 2460 absque
1126 2388 1390 2445 sacriﬁcio
1419 2408 1432 2444 :
1464 2399 1674 2459 oportet
1714 2404 1841 2459 ergo
1886 2403 2006 2443 eum
2056 2403 2192 2460 quo—

618 2490 722 2543 que
760 2475 955 2533 habere
997 2478 1339 2534 sacriﬁcium.
1394 2480 1643 2550 Alioquin
1698 2491 1876 2534 autem
1930 2496 2048 2535 cum
2101 2480 2188 2533 di-

619 2565 788 2621 xisset
840 2568 979 2636 quod
1038 2569 1108 2622 sit
1169 2569 1306 2639 apud
1356 2585 1579 2638 superos
1610 2610 1626 2636 ,
1674 2570 1802 2624 dicit
1854 2579 1908 2625 et
1957 2570 2190 2626 ostendit

616 2658 758 2727 quod
812 2659 885 2714 sit
935 2660 1187 2717 sacerdos
1238 2662 1507 2732 undique,
1536 2678 1599 2718 ex
1654 2662 2083 2729 Melchisedech,
2120 2679 2185 2719 ex

610 2750 912 2819 juramento
937 2794 951 2818 ,
993 2769 1055 2807 ex
1098 2769 1164 2810 eo
1207 2754 1349 2825 quod
1382 2755 1569 2810 oﬁ'crat
1599 2754 1937 2809 sacriﬁcium.
1984 2755 2058 2808 Ex
2087 2754 2188 2809 hoc

616 2842 686 2895 de
715 2853 912 2898 ctetero
938 2846 1095 2898 etiam
1138 2845 1297 2899 alium
1342 2848 1578 2901 contexit
1621 2848 2007 2918 syllogismum.
2039 2848 2091 2901 4.
2125 2846 2187 2902 Si

617 2950 735 3002 ergo
761 2946 904 2997 esset,
924 2936 1113 3007 inquit,
1130 2955 1280 3008 super
1298 2949 1502 3002 terram,
1535 2957 1623 2993 nec
1642 2951 1770 2994 esset
1796 2943 2048 3006 sacerdos,
2069 2957 2186 2993 cum

615 3033 774 3075 essent
797 3027 1078 3081 sacerdotes
1104 3027 1190 3096 qui
1218 3027 1454 3093 oﬂ'errent
1478 3030 1748 3083 secundum
1772 3030 1927 3101 legem
1954 3046 2181 3087 munera.

617 3113 674 3169 Si
704 3131 829 3186 ergo
866 3127 947 3172 est
983 3120 1233 3175 sacerdos
1258 3161 1272 3185 ,
1300 3122 1437 3176 sicut
1464 3130 1739 3185 certe-est,
1772 3133 1980 3193 Oportet
2010 3124 2183 3193 ipsum

618 3227 858 3281 quzercre
898 3215 1059 3270 alium
1103 3216 1299 3271 locum.
1342 3217 1475 3272 Nam
1517 3219 1560 3273 si
1600 3229 1742 3273 esset
1783 3220 1993 3289 quidem
2024 3234 2185 3289 super

615 3313 833 3371 terram,
854 3321 955 3360 non
970 3315 1115 3362 esset
1133 3307 1402 3364 sacerdos.
1430 3309 1706 3375 Quomodo
1725 3312 1865 3365 enim
1885 3312 1908 3364 'l
1938 3312 2050 3367 Non
2080 3313 2183 3368 ob-

612 3395 838 3462 tulisset,
857 3412 962 3453 non
980 3399 1187 3453 functus
1204 3412 1347 3456 esset
1364 3416 1585 3457 munere
1610 3404 1957 3470 sacerdotali;
1992 3416 2045 3460 et
2062 3407 2185 3475 jure

611 3487 822 3556 quidem
849 3506 862 3542 :
894 3504 1013 3543 nam
1043 3490 1161 3545 istic
1180 3501 1333 3546 erant
1350 3493 1676 3549 sacerdotes.
1701 3494 1767 3548 Et
1789 3495 2021 3550 ostendit
2041 3497 2183 3566 quod

610 3594 710 3635 nec
733 3579 845 3635 ﬁeri
869 3581 1037 3649 potuit
1064 3590 1124 3635 ut
1148 3594 1289 3637 esset
1317 3585 1569 3640 sacerdos
1596 3601 1755 3655 super
1778 3596 1970 3642 terram
2004 3607 2017 3643 :
2051 3605 2185 3659 quo-

612 3670 772 3725 modo
789 3671 968 3725 enim?
987 3672 1255 3742 Siquidem
1287 3689 1460 3744 neque
1485 3679 1807 3731 assurrectio
1834 3688 1969 3744 erat,
1990 3678 2180 3749 inquit.

684 3760 837 3815 Pauli
863 3762 1363 3833 prudentia.—Hic
1416 3780 1637 3823 necesse
1664 3776 1746 3821 est
1794 3779 2021 3824 mentem
2068 3772 2181 3827 eri-

612 3869 760 3924 gere,
807 3865 861 3910 et
901 3855 1248 3924 apostolicam
1289 3859 1640 3929 contemplari
1667 3860 2037 3931 prudentiam:
2066 3880 2186 3919 rur-

608 3962 703 4003 sus
746 3948 888 4002 enim
939 3949 1174 4005 ostendit
1222 3949 1576 4006 dilTerentiam
1624 3953 1930 4007 sacerdotii.
1984 3957 2037 4011 5.
2084 3956 2184 4024 Qui

622 4038 940 4108 exemplari,
988 4040 1192 4109 inquit,
1240 4050 1286 4094 et
1332 4041 1521 4097 umbrae
1567 4046 1847 4098 deserviunt
1890 4046 2178 4102 ccelestium.

612 4128 866 4196 Quaenam
895 4130 982 4185 hic
1006 4130 1133 4186 dicit
1157 4133 1426 4188 czelestia?
1447 4134 1751 4203 Spiritualia
1780 4153 1793 4188 :
1823 4152 1944 4189 nam
1975 4139 2180 4193 etiamsi

610 4222 834 4293 mystice
866 4222 994 4281 ﬁant
1027 4239 1187 4294 super
1218 4235 1436 4290 terram,
1466 4236 1590 4281 sunt
1631 4237 1805 4282 tamen
1839 4230 1992 4299 digna
2023 4232 2180 4287 ca-le-

602 4308 798 4369 stibus.
827 4313 1051 4382 Quando
1078 4318 1219 4371 enim
1254 4318 1510 4372 Dominus
1542 4329 1721 4373 noster
1760 4320 1914 4374 lesus
1943 4320 2184 4377 Christus

607 4406 922 4475 proponitur
946 4415 1209 4461 mactatus
1251 4417 1304 4462 et
1346 4408 1685 4471 immolatus,
1718 4411 1927 4477 quando
1971 4412 2183 4467 advenit

608 4496 874 4567 Spiritus,
904 4498 1119 4567 quando
1167 4498 1252 4553 hic
1290 4499 1444 4553 adest
1485 4499 1572 4568 qui
1614 4499 1765 4553 sedet
1805 4500 1867 4554 ad
1911 4501 2181 4557 dexteram

609 4585 803 4653 Patris,
835 4588 1048 4656 quando
1080 4590 1211 4642 ﬁunt
1242 4590 1332 4642 ﬁlii
1362 4605 1457 4658 par
1487 4590 1778 4652 lavacrum,
1820 4592 2035 4659 quando
2059 4604 2184 4649 sunt

609 4678 754 4732 cives
780 4692 963 4733 eorum
988 4679 1075 4745 qui
1105 4688 1226 4733 sunt
1251 4679 1303 4733 in
1335 4680 1480 4733 cmlis
1505 4721 1520 4744 ,
1549 4678 1759 4747 quando
1788 4680 1897 4735 illic
1928 4681 2182 4738 habemus

609 4769 835 4837 patriam
867 4779 919 4824 et
955 4770 1219 4824 civitatem
1242 4812 1256 4834 ,
1303 4770 1515 4837 quando
1548 4768 1632 4825 hic
1686 4784 1870 4823 sumus
1913 4774 2177 4842 peregrini

608 4870 662 4914 et
706 4859 939 4928 hospites
975 4860 1240 4929 quomodo
1280 4876 1383 4914 non
1431 4868 1553 4914 sunt
1580 4860 1690 4914 haec
1716 4861 1889 4913 omnia
1916 4862 2179 4918 crelestia?

678 4948 731 5001 2.
766 4948 901 5015 Quid
935 4952 1097 5003 vero?
1143 4950 1321 5022 hymni
1354 4968 1459 5006 non
1504 4965 1628 5009 sunt
1673 4955 1955 5010 caelestes?
2000 4972 2177 5013 annon

607 5054 727 5108 qua:
759 5038 896 5109 apud
928 5055 1151 5109 superos
1187 5052 1385 5096 canunt
1428 5043 1577 5098 chori
1611 5044 1877 5099 Virtulum
1930 5047 2179 5117 incorpo-

610 5144 844 5197 rearum,
872 5146 934 5185 ea
963 5146 1062 5187 nos
1088 5147 1300 5202 quoque
1329 5136 1416 5204 qui
1447 5135 1581 5190 infra
1604 5152 1790 5191 sumus
1812 5139 2055 5194 canimus
2078 5142 2180 5197 illis

609 5222 991 5277 consonantia?
1018 5238 1194 5279 annon
1236 5236 1290 5280 et
1318 5242 1407 5280 ara
1439 5237 1519 5282 est
1548 5228 1814 5283 cmlestis?
1860 5230 2180 5298 Quomodo?

611 5311 744 5367 nihil
773 5313 930 5368 habet
953 5317 1165 5373 carnale
1195 5336 1208 5372 :
1238 5328 1362 5374 sunt
1386 5320 1679 5389 spiritualia
1712 5324 1890 5376 omnia
1918 5341 2036 5393 qua:
2058 5334 2181 5380 sunt

610 5409 883 5475 proposita
918 5424 931 5461 :
962 5423 1066 5461 non
1096 5409 1146 5462 in
1183 5411 1415 5465 cinerem
1441 5454 1455 5478 ,
1499 5428 1603 5467 non
1634 5415 1683 5467 in
1718 5414 1917 5469 firmum
1945 5458 1959 5481 ,
1994 5433 2096 5471 non
2128 5420 2178 5473 in

614 5496 853 5551 nidorem
884 5496 1199 5554 diﬁ'unditur
1227 5503 1566 5569 sacriﬁcium,
1597 5505 1690 5560 sed
1722 5506 1997 5572 splendida
2030 5508 2180 5563 laeta-

616 5602 719 5656 que
744 5586 906 5643 eiﬁcit
932 5604 1050 5660 qua:
1080 5602 1203 5647 sunt
1232 5594 1522 5663 proposita.
1555 5597 1831 5664 Quomodo
1864 5605 2044 5655 autem
2076 5615 2180 5654 non

675 5791 748 5865 (α)
759 5795 1054 5867 βριιεινίῳω
1081 5814 1189 5852 esse
1202 5803 1371 5867 caelum
1386 5807 1592 5867 negabat
1610 5782 1983 5867 Chrvmstomus.
2000 5810 2099 5867 Qua
2116 5811 2181 5862 de

615 5864 669 5904 re
696 5858 803 5909 side
826 5873 931 5923 qua:
955 5862 1164 5914 diximus
1180 5866 1229 5916 in
1254 5858 1539 5919 Praelatibbc
1569 5870 1624 5918 ad
1650 5858 1863 5921 Ceus-niam
1888 5858 2175 5936 .flgyp'imn:

2288 358 2605 416 ARCHIEP.
2646 352 3176 413 CONSTANTINOP.
3776 344 3799 397 ί
3822 346 3895 399 l3

2290 466 2412 510 sunt
2435 457 2667 512 celestis
2697 474 2816 527 quae
2842 459 3188 529 perﬁciuntur
3210 463 3486 534 mysteria,
3509 479 3631 520 cum
3667 479 3733 520 ex
3768 481 3894 535 quo

2290 545 2489 602 dictum
2509 557 2612 612 est,
2644 546 2867 616 Quorum
2901 552 3204 607 minueritis
3242 566 3465 623 peccata,
3486 568 3679 611 retenta
3707 569 3839 612 sunt
3865 575 3890 624 ;

2286 654 2495 709 quorum
2515 640 2822 704 remiseritis,
2841 642 3159 697 remittuntur
3178 644 3351 717 (Joun.
3369 647 3458 702 20.
3478 648 3591 719 25),
3614 649 3709 720 qui
3728 666 3896 705 nnttc

2287 732 2590 785 ministrant
2610 731 2713 785 sibi
2757 730 2887 804 ipsis
2913 733 2964 788 id
2996 735 3168 803 ipsum
3196 736 3419 792 audiunt
3446 739 3691 794 dictum?
3738 756 3889 810 quo-

2287 824 2445 879 modo
2472 839 2575 878 non
2614 825 2789 879 omnia
2809 826 3038 881 cmlcstia
3060 842 3179 882 cum
3211 828 3261 883 bi
3292 832 3449 885 ctiam
3469 832 3641 888 claves
3671 831 3897 888 habent

2286 915 2433 984 regni
2461 916 2749 970 calorum?
2807 915 2907 983 Qui
2932 919 3228 987 exemplari,
3255 920 3443 991 inquit,
3470 931 3516 976 et
3558 923 3751 977 υπιὺηε
3783 926 3893 977 de-

2284 1008 2811 1074 serviuntctelestiulh,
2839 1009 2968 1064 sicut
2994 1027 3283 1081 responsum
3304 1024 3377 1067 est
3407 1014 3576 1086 Moysi
3602 1032 3715 1069 cum
3740 1033 3887 1070 con-

2284 1110 2555 1153 summaret
2589 1100 2965 1154 tabernaculum
2995 1116 3015 1155 :
3049 1100 3194 1168 Vide,
3216 1103 3393 1175 inquit,
3420 1107 3586 1160 omnia
3609 1108 3773 1178 facito
3801 1126 3895 1162 se-

2284 1190 2506 1242 cundum
2521 1190 2779 1260 exemplar
2802 1191 2938 1261 quod
2963 1192 3049 1246 tibi
3073 1203 3325 1247 ostensum
3351 1205 3421 1249 est
3443 1196 3495 1250 in
3522 1209 3707 1251 monte.
3723 1198 3894 1263 Quo-

2287 1282 2427 1335 niam
2469 1282 2678 1336 auditus
2707 1292 2887 1338 noster
2927 1292 3013 1339 est
3049 1284 3114 1338 ad
3144 1284 3453 1342 discendum
3479 1289 3680 1344 tardior
3706 1307 3892 1359 quam

2288 1374 2431 1429 visus
2459 1378 2589 1447 (non
2616 1377 2757 1431 enim
2783 1392 2903 1447 qua:
2927 1378 3251 1433 audierimus
3291 1379 3541 1435 similiter
3571 1382 3641 1435 ita
3667 1383 3875 1441 animo

2287 1467 2600 1523 mandamus
2635 1478 2793 1539 atque
2839 1485 2957 1540 quae
2999 1470 3335 1543 viderimus),
3384 1473 3616 1529 ostendit
3644 1476 3697 1530 ei
3751 1490 3893 1531 ou:-

2288 1562 2392 1616 nia.
2444 1562 2551 1616 Aut
2592 1563 2693 1617 hoc
2728 1562 2797 1617 ab
2821 1563 3068 1634 exemplo
3087 1564 3321 1619 ostendit
3345 1574 3400 1620 et
3430 1565 3636 1630 umbra,
3681 1576 3779 1621 aut
3811 1568 3897 1625 de

2287 1654 2487 1724 templo
2526 1655 2913 1725 subintelligit;
2946 1656 3216 1727 subjunxit
3253 1658 3433 1724 enim,
3469 1657 3615 1726 Vide,
3662 1660 3878 1728 inquit,

2286 1744 2457 1797 omnia
2483 1745 2638 1814 facito
2653 1746 2930 1800 secundum
2960 1747 3215 1817 exemplar
3233 1748 3369 1818 quod
3390 1749 3478 1802 tibi
3502 1760 3759 1805 ostensum
3801 1763 3889 1807 est

2286 1835 2341 1888 in
2363 1844 2549 1889 monte.
2576 1835 2842 1906 Numquid
2872 1837 3000 1892 vidit
3033 1836 3101 1891 de
3136 1840 3533 1895 constructione
3562 1842 3745 1910 templi
3778 1858 3886 1895 so-

2286 1924 2419 1993 lum,
2449 1940 2516 1980 an
2540 1927 2606 1982 de
2634 1927 2927 1995 sacriﬁciis,
2951 1937 3003 1983 et
3030 1927 3097 1983 de
3117 1928 3234 1982 aliis
3260 1930 3506 1984 omnibus
3530 1930 3553 1983 ?
3585 1930 3693 1984 lmu
3741 1947 3889 1985 Vero

2286 2031 2387 2073 nec
2423 2016 2745 2073 aberraverit
2773 2019 2861 2088 qui
2894 2019 2992 2073 hoc
3029 2018 3186 2072 etiam
3217 2018 3425 2075 dixerit.
3459 2020 3695 2075 Ca-lvstis
3723 2023 3893 2078 enim

2284 2122 2368 2167 est
2384 2110 2708 2175 Ecclesia,et
2733 2112 2862 2166 nihil
2887 2111 3029 2166 aliud
3048 2127 3206 2182 quam
3232 2114 3439 2167 cadum.
3456 2114 3508 2169 6.
3524 2112 3677 2167 Nunc
3706 2126 3894 2169 autem

2285 2204 2465 2257 melius
2487 2203 2691 2258 sortitus
2710 2213 2781 2258 est
2801 2205 3151 2272 ministerium,
3178 2215 3367 2276 quanto
3388 2216 3433 2260 et
3464 2208 3685 2261 melioris
3709 2219 3881 2262 testa-

2288 2296 2440 2352 menti
2467 2296 2713 2350 mediator
2748 2306 2817 2391 e‘st
2846 2295 2943 2367 (a).
2974 2296 3171 2363 Vides,
3205 2299 3409 2367 inquit,
3444 2308 3643 2367 quanto
3674 2301 3893 2354 melius

2288 2395 2372 2442 est
2393 2386 2743 2441 ministerium
2775 2386 3093 2449 ministerio,
3122 2386 3385 2456 siquidem
3418 2387 3545 2442 illud
3570 2399 3649 2441 est
3680 2404 3886 2443 exem—

2294 2478 2409 2549 plar
2429 2487 2475 2533 et
2514 2480 2699 2549 ﬁgura,
2724 2481 2822 2534 hoc
2842 2488 3019 2534 autem
3048 2479 3398 2535 veritas?Scd
3432 2479 3530 2535 hoc
3552 2480 3686 2535 nihil
3710 2482 3895 2550 prod-

2293 2579 2409 2627 erat
2456 2571 2827 2635 audientibus,
2860 2585 3030 2640 neque
3067 2585 3161 2625 eos
3184 2570 3450 2626 afﬁciebat
3488 2570 3693 2625 lmtitta.
3741 2571 3892 2625 Pro-

2293 2674 2473 2736 pterea
2517 2664 2646 2719 dicit
2693 2664 2743 2718 id
2784 2664 2923 2735 quod
2956 2664 3181 2719 maxima
3232 2664 3409 2719 lmtitia
3437 2677 3531 2719 eos
3558 2663 3835 2717 afﬁciebat
3870 2682 3888 2718 :

2298 2758 2448 2824 Quod
2473 2758 2525 2811 in
2553 2757 2837 2811 melioribus
2858 2757 3325 2826 repromissionibus
3346 2757 3591 2810 sancitum
3617 2766 3709 2809 est.
3738 2754 3895 2810 Cum

2295 2848 2344 2902 id
2398 2848 2671 2902 extulisset
2703 2862 2731 2900 a
2771 2847 2889 2901 loco
2916 2857 2969 2902 et
3004 2846 3282 2902 sacerdote
3334 2855 3387 2902 et
3429 2846 3714 2911 sacriﬁcio,
3747 2856 3891 2901 tunc

2296 2938 2441 3007 ponit
2515 2948 2567 2992 et
2646 2937 2771 3007 quid
2817 2937 3024 2992 intersit
3079 2938 3216 2993 inter
3262 2947 3668 3002 testamentum;
3721 2947 3893 2992 antea

2292 3044 2501 3099 quoque
2549 3028 2761 3085 dixerat
2804 3028 2944 3099 quod
2994 3038 3138 3084 esset
3196 3028 3514 3082 imbecillum
3571 3039 3624 3081 et
3666 3027 3886 3082 inutile.

2295 3121 2360 3175 Et
2419 3120 2539 3175 vide
2586 3129 2783 3190 quanta
2829 3121 3073 3175 cautione
3118 3128 3329 3185 utatur,
3370 3134 3489 3173 cum
3524 3118 3690 3186 ipsum
3734 3127 3895 3173 esset

2295 3223 2658 3269 accusaturus.
2688 3213 2819 3268 Nam
2847 3230 2966 3269 cum
2996 3212 3102 3267 illic
3132 3214 3378 3279 dixisset,
3400 3211 3691 3266 Secundum
3720 3211 3892 3263 virtu-

2297 3316 2395 3360 tem
2421 3306 2533 3360 vitat
2568 3306 2870 3369 insolubilis,
2915 3314 3040 3360 tunc
3083 3304 3234 3370 dixit,
3273 3302 3578 3373 Reprobatio
3604 3303 3659 3368 Iit
3684 3317 3888 3370 prince-

2298 3397 2459 3450 dentis
2484 3398 2753 3449 mandati:
2783 3395 2978 3451 deinde
3021 3396 3180 3449 etiam
3227 3406 3410 3464 postea
3458 3408 3705 3462 magnum
3748 3392 3889 3459 quid

2302 3490 2495 3558 posuit,
2526 3488 2731 3554 dicens,
2759 3487 2863 3542 Per
2887 3488 3023 3558 quod
3051 3486 3158 3541 Deo
3190 3486 3657 3557 appropinqnamns
3686 3481 3881 3555 (Hebr.

2300 3579 2351 3633 7.
2384 3579 2492 3647 19).
2520 3579 2614 3633 Hic
2640 3588 2818 3633 autem
2847 3595 2969 3634 cum
3000 3593 3098 3633 nus
3126 3580 3176 3632 in
3220 3581 3409 3633 caelum
3439 3577 3783 3637 sustulisset,
3833 3584 3893 3630 et

2297 3672 2617 3726 ostendisset
2654 3671 2792 3741 quod
2839 3686 2938 3741 pro
2986 3671 3181 3740 templo
3211 3670 3401 3724 caelum
3450 3670 3775 3733 habeamus,
3832 3677 3892 3723 et

2296 3762 2435 3831 quod
2477 3763 2565 3816 illa
2590 3772 2742 3817 erant
2768 3762 2950 3832 ﬁgura:
2978 3780 3155 3817 rerum
3192 3774 3492 3816 nostrarum
3514 3804 3532 3828 ,
3555 3770 3608 3817 et
3639 3777 3735 3831 per
3763 3762 3890 3816 haec

2294 3854 2572 3908 extulisset
2598 3854 2971 3919 ministerium,
2994 3854 3247 3923 deinceps
3270 3856 3434 3908 etiam
3455 3855 3645 3909 merito
3664 3854 3888 3909 cx'loltit

2296 3945 2673 4000 sacerdotium.
2706 3945 2811 4001 Sed
2844 3988 2858 4012 ,
2889 3947 3026 4000 sicut
3050 3946 3157 4000 dixi
3185 3947 3285 4011 ,,id
3330 3945 3473 4014 quod
3505 3961 3597 4001 cos
3642 3947 3892 4002 maxime

2293 4033 2457 4091 afﬁcit
2494 4038 2673 4091 laetitia
2698 4080 2713 4103 ,
2745 4038 2891 4108 ponit
2932 4036 3116 4092 dicens
3144 4054 3158 4091 :
3195 4037 3343 4102 Quod
3372 4039 3423 4091 in
3454 4038 3741 4092 melioribus
3786 4056 3877 4091 rc-

2294 4130 2709 4197 promissionibus
2756 4132 3006 4185 sancitum
3043 4141 3136 4185 est.
3170 4130 3321 4187 Unde
3366 4130 3468 4186 hoc
3497 4132 3752 4185 constat9
3803 4133 3887 4187 Ex

2294 4222 2517 4287 e0quod
2549 4222 2721 4292 ipsum
2760 4222 2974 4293 quidem
3003 4232 3086 4278 est
3131 4223 3363 4292 ejectum
3392 4263 3409 4289 ,
3451 4222 3567 4291 ejus
3597 4238 3727 4277 vero
3759 4223 3887 4278 locu

2295 4311 2422 4365 illud
2456 4312 2811 4368 introductum
2844 4332 2856 4368 :
2888 4324 3169 4385 pr0ptcrea
3216 4314 3358 4369 enim
3403 4314 3735 4368 dominatum
3776 4317 3885 4370 ob-

2295 4403 2427 4457 tinet
2449 4404 2590 4472 quud
2619 4406 2687 4459 sit
2716 4407 2930 4461 melius.
2965 4407 3093 4461 Nam
3124 4408 3262 4461 sicut
3289 4406 3417 4460 dicit
3447 4422 3459 4458 :
3498 4404 3557 4461 Si
3590 4423 3681 4474 per
3709 4408 3883 4475 ipsum

2292 4503 2399 4546 erat
2425 4499 2791 4551 consummatio
2815 4540 2830 4562 ,
2860 4500 2983 4568 quid
3008 4498 3175 4553 adhuc
3204 4516 3331 4567 opus
3359 4500 3457 4569 fuit
3484 4499 3764 4553 secundum
3793 4518 3889 4555 or-

2293 4584 2460 4638 dinent
2486 4586 2850 4642 Melchisedech
2874 4590 3033 4643 alium
3061 4607 3263 4660 surgere
3286 4590 3595 4644 sacerdotem
3619 4590 3645 4644 Ρ
3685 4591 3758 4646 ita
3792 4592 3885 4649 hic

2294 4690 2504 4745 quoque
2530 4693 2654 4733 usus
2682 4690 2766 4735 est
2794 4680 2983 4735 eodem
3015 4680 3346 4751 syllogismo.
3378 4680 3567 4737 dicens
3600 4700 3613 4737 :
3643 4685 3696 4737 'l.
3732 4683 3880 4740 Nam

2292 4770 2337 4823 si
2361 4769 2491 4822 illud
2516 4772 2655 4841 prius
2698 4772 2849 4842 culpa
2878 4780 3102 4827 vacasset
3123 4814 3138 4841 ,
3168 4789 3269 4828 non
3296 4774 3467 4846 utique
3494 4775 3707 4830 secundi
3736 4777 3889 4834 locus

2287 4877 2663 4945 inqwreretur,
2714 4878 2818 4929 hoc
2851 4886 2955 4941 est,
2995 4877 3039 4929 si
3075 4876 3212 4930 nihil
3247 4877 3348 4947 ipsi
3376 4865 3664 4942 defuisset,
3703 4880 3749 4932 si
3778 4894 3875 4935 eos

2286 4966 2559 5020 effecisset
2580 4966 2715 5019 nulli
2738 4966 2910 5036 culpa:
2930 4966 3136 5021 aﬁines.
3162 4967 3296 5022 Nam
3319 4969 3467 5038 quod
3483 4969 3551 5025 de
3574 4968 3681 5023 hoc
3697 4968 3872 5034 dicat,

2288 5057 2417 5111 audi
2454 5057 2740 5127 sequentia
2796 5076 2809 5112 :
2860 5058 3172 5129 Vituperans
3212 5062 3349 5131 ipsos
3377 5062 3521 5113 dicit.
3557 5061 3678 5115 Non
3706 5061 3874 5127 dixit,

2289 5148 2617 5218 Vituperans
2640 5150 2841 5219 ipsum,
2861 5150 2979 5217 sed,
3004 5151 3317 5222 Vituperans
3340 5170 3421 5208 eos
3438 5154 3581 5208 dicit.
3609 5153 3746 5208 Ecce
3761 5156 3877 5209 dies

2288 5240 2517 5307 venient,
2564 5240 2682 5295 dicit
2708 5240 2977 5308 Dominus,
3018 5254 3064 5296 et
3104 5242 3455 5298 consummabo
3477 5260 3630 5315 super
3656 5245 3871 5300 domum

2292 5329 2490 5399 Israel,
2522 5343 2570 5387 et
2595 5351 2745 5401 super
2774 5335 2980 5388 domum
3015 5334 3047 5389 J
3056 5336 3158 5389 uda
3197 5346 3546 5391 tutamentum
3578 5355 3787 5403 novum,
3821 5340 3882 5395 9.

2292 5440 2396 5477 non
2426 5426 2703 5478 secundum
2735 5435 3083 5480 testamentum
3121 5428 3257 5496 quod
3298 5428 3394 5497 feci
3421 5429 3649 5498 patribus
3676 5446 3880 5496 eorum,

2293 5516 2344 5567 in
2374 5516 2455 5569 die
2484 5533 2581 5583 qna
2611 5518 2925 5584 apprehendi
2951 5534 3155 5572 manum
3185 5536 3378 5583 eorum,
3401 5529 3453 5571 ut
3478 5520 3743 5573 educerem
3764 5521 3883 5575 illos

2294 5608 2356 5661 de
2382 5617 2515 5661 terra
2547 5608 2765 5680 Αἴθρη)ιί
2793 5626 2810 5662 :
2837 5612 3077 5679 quoniam
3116 5613 3215 5681 ipsi
3254 5630 3353 5666 non
3402 5627 3792 5679 permanserunt
3835 5618 3886 5668 in

2296 5709 2591 5753 testamento
2638 5718 2767 5765 meo,
2824 5712 2870 5755 et
2910 5718 2999 5771 ego
3051 5704 3250 5773 neglexi
3300 5721 3414 5768 eos,
3448 5707 3568 5758 dicit
3609 5704 3888 5762 Dominus.

2296 5790 2543 5856 Maxime,
2566 5791 2732 5859 inquit
2760 5810 2773 5845 :
2802 5800 2857 5847 et
2910 5794 3047 5849 unde
3084 5806 3293 5853 constat
3344 5798 3482 5869 quod
3534 5802 3693 5859 tinem
3729 5818 3881 5857 acce-

2353 5888 2423 5951 (u)
2450 5887 2504 5938 lu
2529 5886 2662 5939 Culb.
2691 5886 2849 5936 hiatus
2874 5898 3074 5949 magnus
3101 5891 3192 5934 est.
