  <div class='ocr_page' id='page_1' title='image "/cluster/home/n/w/nwhite01/storage/ocr_20150623/63/uva.x030486929/122.png"; bbox 0 0 4068 6406; ppageno 0'>
   <div class='ocr_carea' id='block_1_1' title="bbox 214 378 304 436">
    <p class='ocr_par' dir='ltr' id='par_1_1' title="bbox 214 378 304 436">
     <span class='ocr_line' id='line_1_1' title="bbox 214 378 304 436; baseline -0.067 0"><span class='ocrx_word' id='word_1_1' title='bbox 214 378 304 436; x_wconf 62' lang='lat' dir='ltr'><strong><em>illi</em></strong></span> 
     </span>
    </p>
   </div>
   <div class='ocr_carea' id='block_1_2' title="bbox 209 490 1817 569">
    <p class='ocr_par' dir='ltr' id='par_1_2' title="bbox 209 490 1817 569">
     <span class='ocr_line' id='line_1_2' title="bbox 209 490 1817 569; baseline -0.001 -20"><span class='ocrx_word' id='word_1_2' title='bbox 209 494 742 569; x_wconf 77' lang='lat' dir='ltr'><strong><em>perit?Ostonderat</em></strong></span> <span class='ocrx_word' id='word_1_3' title='bbox 780 490 1070 566; x_wconf 83' lang='lat' dir='ltr'><strong><em>quidemet</em></strong></span> <span class='ocrx_word' id='word_1_4' title='bbox 1116 511 1181 550; x_wconf 83' lang='lat' dir='ltr'><strong><em>ex</em></strong></span> <span class='ocrx_word' id='word_1_5' title='bbox 1214 493 1493 555; x_wconf 85' lang='lat' dir='ltr'><strong><em>sacerdote</em></strong></span> <span class='ocrx_word' id='word_1_6' title='bbox 1526 512 1540 546; x_wconf 91' lang='lat'><strong>:</strong></span> <span class='ocrx_word' id='word_1_7' title='bbox 1581 492 1817 547; x_wconf 88' lang='lat' dir='ltr'><strong><em>ostendit</em></strong></span> 
     </span>
    </p>
   </div>
   <div class='ocr_carea' id='block_1_3' title="bbox 209 586 1816 656">
    <p class='ocr_par' dir='ltr' id='par_1_3' title="bbox 209 586 1816 656">
     <span class='ocr_line' id='line_1_3' title="bbox 209 586 1816 656; baseline -0.004 -13"><span class='ocrx_word' id='word_1_8' title='bbox 209 604 333 643; x_wconf 87' lang='lat' dir='ltr'><strong><em>nunc</em></strong></span> <span class='ocrx_word' id='word_1_9' title='bbox 361 603 586 656; x_wconf 85' lang='lat' dir='ltr'><strong><em>quoque</em></strong></span> <span class='ocrx_word' id='word_1_10' title='bbox 621 588 926 643; x_wconf 78' lang='lat' dir='ltr'><strong><em>dilucidius</em></strong></span> <span class='ocrx_word' id='word_1_11' title='bbox 966 588 1179 641; x_wconf 76' lang='lat' dir='ltr'><strong><em>disertis</em></strong></span> <span class='ocrx_word' id='word_1_12' title='bbox 1208 586 1386 640; x_wconf 84' lang='lat' dir='ltr'><strong><em>verbis</em></strong></span> <span class='ocrx_word' id='word_1_13' title='bbox 1408 627 1422 649; x_wconf 87' lang='lat'><strong><em>,</em></strong></span> <span class='ocrx_word' id='word_1_14' title='bbox 1470 586 1645 655; x_wconf 87' lang='lat' dir='ltr'><strong><em>ipsmn</em></strong></span> <span class='ocrx_word' id='word_1_15' title='bbox 1693 598 1816 639; x_wconf 87' lang='lat' dir='ltr'><strong><em>esse</em></strong></span> 
     </span>
    </p>
   </div>
   <div class='ocr_carea' id='block_1_4' title="bbox 209 676 1815 748">
    <p class='ocr_par' dir='ltr' id='par_1_4' title="bbox 209 676 1815 748">
     <span class='ocr_line' id='line_1_4' title="bbox 209 676 1815 748; baseline -0.002 -16"><span class='ocrx_word' id='word_1_16' title='bbox 209 679 444 747; x_wconf 78' lang='lat' dir='ltr'><strong><em>ejectum.</em></strong></span> <span class='ocrx_word' id='word_1_17' title='bbox 481 679 834 745; x_wconf 76' lang='lat' dir='ltr'><strong><em>Quomodo?</em></strong></span> <span class='ocrx_word' id='word_1_18' title='bbox 881 678 940 731; x_wconf 90' lang='lat' dir='ltr'><strong><em>lu</em></strong></span> <span class='ocrx_word' id='word_1_19' title='bbox 982 678 1271 730; x_wconf 82' lang='lat' dir='ltr'><strong><em>melioribus</em></strong></span> <span class='ocrx_word' id='word_1_20' title='bbox 1317 676 1815 748; x_wconf 84' lang='lat' dir='ltr'><strong><em>repromissionibus,</em></strong></span> 
     </span>
    </p>
   </div>
   <div class='ocr_carea' id='block_1_5' title="bbox 208 769 1819 838">
    <p class='ocr_par' dir='ltr' id='par_1_5' title="bbox 208 769 1819 838">
     <span class='ocr_line' id='line_1_5' title="bbox 208 769 1819 838; baseline -0.003 -14"><span class='ocrx_word' id='word_1_21' title='bbox 208 771 396 825; x_wconf 87' lang='lat' dir='ltr'><strong><em>dicens.</em></strong></span> <span class='ocrx_word' id='word_1_22' title='bbox 453 770 556 826; x_wconf 87' lang='lat' dir='ltr'><strong><em>Ubi</em></strong></span> <span class='ocrx_word' id='word_1_23' title='bbox 596 772 777 832; x_wconf 86' lang='lat' dir='ltr'><strong><em>enim,</em></strong></span> <span class='ocrx_word' id='word_1_24' title='bbox 808 770 1103 838; x_wconf 76' lang='lat' dir='ltr'><strong><em>dicqmeso,</em></strong></span> <span class='ocrx_word' id='word_1_25' title='bbox 1126 780 1206 823; x_wconf 87' lang='lat' dir='ltr'><strong><em>est</em></strong></span> <span class='ocrx_word' id='word_1_26' title='bbox 1239 770 1376 823; x_wconf 88' lang='lat' dir='ltr'><strong><em>inter</em></strong></span> <span class='ocrx_word' id='word_1_27' title='bbox 1392 769 1583 823; x_wconf 60' lang='lat' dir='ltr'><strong><em>ctclum</em></strong></span> <span class='ocrx_word' id='word_1_28' title='bbox 1622 782 1675 822; x_wconf 86' lang='lat' dir='ltr'><strong><em>et</em></strong></span> <span class='ocrx_word' id='word_1_29' title='bbox 1710 777 1819 820; x_wconf 86' lang='lat' dir='ltr'><strong><em>Ier-</em></strong></span> 
     </span>
    </p>
   </div>
   <div class='ocr_carea' id='block_1_6' title="bbox 210 856 1818 930">
    <p class='ocr_par' dir='ltr' id='par_1_6' title="bbox 210 856 1818 930">
     <span class='ocr_line' id='line_1_6' title="bbox 210 856 1818 930; baseline -0.004 -15"><span class='ocrx_word' id='word_1_30' title='bbox 210 877 308 915; x_wconf 69' lang='lat' dir='ltr'><strong><em>ram</em></strong></span> <span class='ocrx_word' id='word_1_31' title='bbox 340 861 688 930; x_wconf 79' lang='lat' dir='ltr'><strong><em>:cqualitas?</em></strong></span> <span class='ocrx_word' id='word_1_32' title='bbox 736 861 813 915; x_wconf 84' lang='lat' dir='ltr'><strong><em>Tu</em></strong></span> <span class='ocrx_word' id='word_1_33' title='bbox 851 871 1025 915; x_wconf 88' lang='lat' dir='ltr'><strong><em>autem</em></strong></span> <span class='ocrx_word' id='word_1_34' title='bbox 1069 859 1348 914; x_wconf 88' lang='lat' dir='ltr'><strong><em>considera</em></strong></span> <span class='ocrx_word' id='word_1_35' title='bbox 1392 858 1663 928; x_wconf 87' lang='lat' dir='ltr'><strong><em>quomodo</em></strong></span> <span class='ocrx_word' id='word_1_36' title='bbox 1708 856 1818 911; x_wconf 85' lang='lat' dir='ltr'><strong><em>illic</em></strong></span> 
     </span>
    </p>
   </div>
   <div class='ocr_carea' id='block_1_7' title="bbox 210 945 1820 1023">
    <p class='ocr_par' dir='ltr' id='par_1_7' title="bbox 210 945 1820 1023">
     <span class='ocr_line' id='line_1_7' title="bbox 210 945 1820 1023; baseline -0.005 -16"><span class='ocrx_word' id='word_1_37' title='bbox 210 968 411 1023; x_wconf 83' lang='lat' dir='ltr'><strong><em>quoque</em></strong></span> <span class='ocrx_word' id='word_1_38' title='bbox 432 952 597 1015; x_wconf 89' lang='lat' dir='ltr'><strong><em>dicit,</em></strong></span> <span class='ocrx_word' id='word_1_39' title='bbox 630 950 703 1005; x_wconf 84' lang='lat' dir='ltr'><strong><em>In</em></strong></span> <span class='ocrx_word' id='word_1_40' title='bbox 726 952 1214 1021; x_wconf 83' lang='lat' dir='ltr'><strong><em>repromissionibus,</em></strong></span> <span class='ocrx_word' id='word_1_41' title='bbox 1240 965 1307 1004; x_wconf 90' lang='lat' dir='ltr'><strong><em>ne</em></strong></span> <span class='ocrx_word' id='word_1_42' title='bbox 1338 960 1392 1003; x_wconf 92' lang='lat' dir='ltr'><strong><em>tu</em></strong></span> <span class='ocrx_word' id='word_1_43' title='bbox 1424 949 1472 1004; x_wconf 87' lang='lat' dir='ltr'><strong><em>id</em></strong></span> <span class='ocrx_word' id='word_1_44' title='bbox 1496 962 1707 1018; x_wconf 91' lang='lat' dir='ltr'><strong><em>quoque</em></strong></span> <span class='ocrx_word' id='word_1_45' title='bbox 1731 945 1820 1000; x_wconf 81' lang='lat' dir='ltr'><strong><em>ac-</em></strong></span> 
     </span>
    </p>
   </div>
   <div class='ocr_carea' id='block_1_8' title="bbox 210 1039 1819 1112">
    <p class='ocr_par' dir='ltr' id='par_1_8' title="bbox 210 1039 1819 1112">
     <span class='ocr_line' id='line_1_8' title="bbox 210 1039 1819 1112; baseline -0.007 -12"><span class='ocrx_word' id='word_1_46' title='bbox 210 1062 370 1101; x_wconf 82' lang='lat' dir='ltr'><strong><em>cases.</em></strong></span> <span class='ocrx_word' id='word_1_47' title='bbox 402 1045 635 1099; x_wconf 85' lang='lat' dir='ltr'><strong><em>Etenim</em></strong></span> <span class='ocrx_word' id='word_1_48' title='bbox 670 1044 801 1107; x_wconf 89' lang='lat' dir='ltr'><strong><em>illic,</em></strong></span> <span class='ocrx_word' id='word_1_49' title='bbox 839 1042 936 1097; x_wconf 82' lang='lat' dir='ltr'><strong><em>Per</em></strong></span> <span class='ocrx_word' id='word_1_50' title='bbox 964 1039 1402 1112; x_wconf 84' lang='lat' dir='ltr'><strong><em>quamspentDeo</em></strong></span> <span class='ocrx_word' id='word_1_51' title='bbox 1435 1039 1819 1110; x_wconf 85' lang='lat' dir='ltr'><strong><em>appropinqua-</em></strong></span> 
     </span>
    </p>
   </div>
   <div class='ocr_carea' id='block_1_9' title="bbox 209 1128 1825 1206">
    <p class='ocr_par' dir='ltr' id='par_1_9' title="bbox 209 1128 1825 1206">
     <span class='ocr_line' id='line_1_9' title="bbox 209 1128 1825 1206; baseline -0.006 -16"><span class='ocrx_word' id='word_1_52' title='bbox 209 1154 331 1203; x_wconf 82' lang='lat' dir='ltr'><strong><em>mus,</em></strong></span> <span class='ocrx_word' id='word_1_53' title='bbox 356 1135 561 1206; x_wconf 88' lang='lat' dir='ltr'><strong><em>inquit,</em></strong></span> <span class='ocrx_word' id='word_1_54' title='bbox 600 1135 870 1189; x_wconf 77' lang='lat' dir='ltr'><strong><em>meliorem</em></strong></span> <span class='ocrx_word' id='word_1_55' title='bbox 898 1132 1080 1199; x_wconf 81' lang='lat' dir='ltr'><strong><em>(Hebr.</em></strong></span> <span class='ocrx_word' id='word_1_56' title='bbox 1114 1134 1164 1186; x_wconf 87' lang='grc'><strong>7.</strong></span> <span class='ocrx_word' id='word_1_57' title='bbox 1196 1132 1286 1202; x_wconf 79' lang='grc'><strong><em>19)</em></strong></span> <span class='ocrx_word' id='word_1_58' title='bbox 1314 1150 1328 1198; x_wconf 85' lang='lat'>;</span> <span class='ocrx_word' id='word_1_59' title='bbox 1361 1131 1658 1186; x_wconf 89' lang='lat' dir='ltr'><strong><em>ostendens</em></strong></span> <span class='ocrx_word' id='word_1_60' title='bbox 1684 1128 1825 1199; x_wconf 88' lang='lat' dir='ltr'><strong><em>quod</em></strong></span> 
     </span>
    </p>
   </div>
   <div class='ocr_carea' id='block_1_10' title="bbox 213 1225 1828 1305">
    <p class='ocr_par' dir='ltr' id='par_1_10' title="bbox 213 1225 1828 1305">
     <span class='ocr_line' id='line_1_10' title="bbox 213 1225 1828 1305; baseline -0.007 -15"><span class='ocrx_word' id='word_1_61' title='bbox 213 1237 309 1290; x_wconf 89' lang='lat' dir='ltr'><strong><em>illic</em></strong></span> <span class='ocrx_word' id='word_1_62' title='bbox 332 1249 562 1305; x_wconf 87' lang='lat' dir='ltr'><strong><em>quoque</em></strong></span> <span class='ocrx_word' id='word_1_63' title='bbox 594 1234 675 1287; x_wconf 91' lang='lat' dir='ltr'><strong><em>sit</em></strong></span> <span class='ocrx_word' id='word_1_64' title='bbox 703 1247 860 1303; x_wconf 87' lang='lat' dir='ltr'><strong><em>spes;</em></strong></span> <span class='ocrx_word' id='word_1_65' title='bbox 893 1241 947 1286; x_wconf 89' lang='lat' dir='ltr'><strong><em>et</em></strong></span> <span class='ocrx_word' id='word_1_66' title='bbox 986 1231 1071 1285; x_wconf 87' lang='lat' dir='ltr'><strong><em>hic</em></strong></span> <span class='ocrx_word' id='word_1_67' title='bbox 1092 1271 1105 1293; x_wconf 91' lang='lat'><strong><em>,</em></strong></span> <span class='ocrx_word' id='word_1_68' title='bbox 1135 1229 1408 1284; x_wconf 84' lang='lat' dir='ltr'><strong><em>Meliorem</em></strong></span> <span class='ocrx_word' id='word_1_69' title='bbox 1448 1225 1828 1297; x_wconf 82' lang='lat' dir='ltr'><strong><em>repromissio-</em></strong></span> 
     </span>
    </p>
   </div>
   <div class='ocr_carea' id='block_1_11' title="bbox 213 1316 1830 1393">
    <p class='ocr_par' dir='ltr' id='par_1_11' title="bbox 213 1316 1830 1393">
     <span class='ocr_line' id='line_1_11' title="bbox 213 1316 1830 1393; baseline -0.007 -11"><span class='ocrx_word' id='word_1_70' title='bbox 213 1342 348 1390; x_wconf 88' lang='lat' dir='ltr'><strong><em>nem,</em></strong></span> <span class='ocrx_word' id='word_1_71' title='bbox 377 1323 756 1379; x_wconf 86' lang='lat' dir='ltr'><strong><em>subindicans</em></strong></span> <span class='ocrx_word' id='word_1_72' title='bbox 785 1322 927 1393; x_wconf 88' lang='lat' dir='ltr'><strong><em>quod</em></strong></span> <span class='ocrx_word' id='word_1_73' title='bbox 956 1322 1063 1376; x_wconf 87' lang='lat' dir='ltr'><strong><em>illic</em></strong></span> <span class='ocrx_word' id='word_1_74' title='bbox 1083 1335 1298 1391; x_wconf 86' lang='lat' dir='ltr'><strong><em>quoque</em></strong></span> <span class='ocrx_word' id='word_1_75' title='bbox 1323 1318 1656 1390; x_wconf 75' lang='lat' dir='ltr'><strong><em>promiserit.</em></strong></span> <span class='ocrx_word' id='word_1_76' title='bbox 1685 1316 1830 1384; x_wconf 85' lang='lat' dir='ltr'><strong><em>Quo-</em></strong></span> 
     </span>
    </p>
   </div>
   <div class='ocr_carea' id='block_1_12' title="bbox 212 1409 1830 1485">
    <p class='ocr_par' dir='ltr' id='par_1_12' title="bbox 212 1409 1830 1485">
     <span class='ocr_line' id='line_1_12' title="bbox 212 1409 1830 1485; baseline -0.007 -13"><span class='ocrx_word' id='word_1_77' title='bbox 212 1420 345 1473; x_wconf 88' lang='lat' dir='ltr'><strong><em>niam</em></strong></span> <span class='ocrx_word' id='word_1_78' title='bbox 374 1428 570 1472; x_wconf 89' lang='lat' dir='ltr'><strong><em>autem</em></strong></span> <span class='ocrx_word' id='word_1_79' title='bbox 619 1430 842 1485; x_wconf 88' lang='lat' dir='ltr'><strong><em>semper</em></strong></span> <span class='ocrx_word' id='word_1_80' title='bbox 867 1414 1230 1479; x_wconf 83' lang='lat' dir='ltr'><strong><em>accusabant,</em></strong></span> <span class='ocrx_word' id='word_1_81' title='bbox 1264 1412 1396 1466; x_wconf 86' lang='lat' dir='ltr'><strong>Ecce</strong></span> <span class='ocrx_word' id='word_1_82' title='bbox 1435 1412 1590 1473; x_wconf 83' lang='lat' dir='ltr'><strong><em>enim,</em></strong></span> <span class='ocrx_word' id='word_1_83' title='bbox 1635 1409 1830 1479; x_wconf 84' lang='lat' dir='ltr'><strong>inquit,</strong></span> 
     </span>
    </p>
   </div>
   <div class='ocr_carea' id='block_1_13' title="bbox 218 1500 1833 1574">
    <p class='ocr_par' dir='ltr' id='par_1_13' title="bbox 218 1500 1833 1574">
     <span class='ocr_line' id='line_1_13' title="bbox 218 1500 1833 1574; baseline -0.007 -11"><span class='ocrx_word' id='word_1_84' title='bbox 218 1510 315 1563; x_wconf 79' lang='lat' dir='ltr'><strong><em>dies</em></strong></span> <span class='ocrx_word' id='word_1_85' title='bbox 346 1510 579 1574; x_wconf 74' lang='lat' dir='ltr'><strong><em>venient,</em></strong></span> <span class='ocrx_word' id='word_1_86' title='bbox 615 1508 746 1560; x_wconf 85' lang='lat' dir='ltr'><strong><em>dicit</em></strong></span> <span class='ocrx_word' id='word_1_87' title='bbox 784 1506 1037 1560; x_wconf 88' lang='lat' dir='ltr'><strong><em>Dominus</em></strong></span> <span class='ocrx_word' id='word_1_88' title='bbox 1060 1545 1076 1571; x_wconf 96' lang='lat'><strong><em>,</em></strong></span> <span class='ocrx_word' id='word_1_89' title='bbox 1106 1513 1152 1558; x_wconf 88' lang='lat' dir='ltr'><strong><em>et</em></strong></span> <span class='ocrx_word' id='word_1_90' title='bbox 1179 1503 1540 1558; x_wconf 81' lang='lat' dir='ltr'><strong><em>consumutabo</em></strong></span> <span class='ocrx_word' id='word_1_91' title='bbox 1570 1516 1723 1570; x_wconf 80' lang='lat' dir='ltr'><strong><em>super</em></strong></span> <span class='ocrx_word' id='word_1_92' title='bbox 1740 1500 1833 1553; x_wconf 83' lang='lat' dir='ltr'><strong><em>do-</em></strong></span> 
     </span>
    </p>
   </div>
   <div class='ocr_carea' id='block_1_14' title="bbox 214 1594 1829 1669">
    <p class='ocr_par' dir='ltr' id='par_1_14' title="bbox 214 1594 1829 1669">
     <span class='ocr_line' id='line_1_14' title="bbox 214 1594 1829 1669; baseline -0.006 -15"><span class='ocrx_word' id='word_1_93' title='bbox 214 1620 343 1654; x_wconf 83' lang='lat' dir='ltr'><strong><em>mum</em></strong></span> <span class='ocrx_word' id='word_1_94' title='bbox 370 1601 568 1663; x_wconf 86' lang='lat' dir='ltr'><strong><em>lsraet,</em></strong></span> <span class='ocrx_word' id='word_1_95' title='bbox 590 1610 644 1654; x_wconf 86' lang='lat' dir='ltr'><strong><em>et</em></strong></span> <span class='ocrx_word' id='word_1_96' title='bbox 674 1615 826 1669; x_wconf 89' lang='lat' dir='ltr'><strong><em>super</em></strong></span> <span class='ocrx_word' id='word_1_97' title='bbox 844 1597 1047 1652; x_wconf 86' lang='lat' dir='ltr'><strong><em>domum</em></strong></span> <span class='ocrx_word' id='word_1_98' title='bbox 1072 1594 1107 1649; x_wconf 79' lang='lat' dir='ltr'><em>J</em></span> <span class='ocrx_word' id='word_1_99' title='bbox 1115 1596 1215 1649; x_wconf 88' lang='lat' dir='ltr'><strong><em>uda</em></strong></span> <span class='ocrx_word' id='word_1_100' title='bbox 1245 1601 1596 1650; x_wconf 70' lang='lat' dir='ltr'><strong><em>testamentum</em></strong></span> <span class='ocrx_word' id='word_1_101' title='bbox 1625 1606 1829 1646; x_wconf 84' lang='lat' dir='ltr'><strong><em>novum.</em></strong></span> 
     </span>
    </p>
   </div>
   <div class='ocr_carea' id='block_1_15' title="bbox 216 1682 1834 1762">
    <p class='ocr_par' dir='ltr' id='par_1_15' title="bbox 216 1682 1834 1762">
     <span class='ocr_line' id='line_1_15' title="bbox 216 1682 1834 1762; baseline -0.009 -14"><span class='ocrx_word' id='word_1_102' title='bbox 216 1692 323 1748; x_wconf 81' lang='lat' dir='ltr'><strong><em>Non</em></strong></span> <span class='ocrx_word' id='word_1_103' title='bbox 351 1702 513 1747; x_wconf 76' lang='lat' dir='ltr'><strong><em>vetus</em></strong></span> <span class='ocrx_word' id='word_1_104' title='bbox 547 1690 778 1762; x_wconf 81' lang='lat' dir='ltr'><strong><em>aliquod</em></strong></span> <span class='ocrx_word' id='word_1_105' title='bbox 821 1697 1200 1745; x_wconf 84' lang='lat' dir='ltr'><strong><em>testamentum</em></strong></span> <span class='ocrx_word' id='word_1_106' title='bbox 1245 1686 1394 1741; x_wconf 87' lang='lat' dir='ltr'><strong>dicit.</strong></span> <span class='ocrx_word' id='word_1_107' title='bbox 1442 1683 1576 1739; x_wconf 83' lang='lat' dir='ltr'><strong><em>Nam</em></strong></span> <span class='ocrx_word' id='word_1_108' title='bbox 1620 1697 1687 1738; x_wconf 87' lang='lat' dir='ltr'><strong><em>ne</em></strong></span> <span class='ocrx_word' id='word_1_109' title='bbox 1731 1682 1834 1735; x_wconf 83' lang='lat' dir='ltr'><strong><em>hoc</em></strong></span> 
     </span>
    </p>
   </div>
   <div class='ocr_carea' id='block_1_16' title="bbox 217 1772 1833 1853">
    <p class='ocr_par' dir='ltr' id='par_1_16' title="bbox 217 1772 1833 1853">
     <span class='ocr_line' id='line_1_16' title="bbox 217 1772 1833 1853; baseline -0.007 -15"><span class='ocrx_word' id='word_1_110' title='bbox 217 1791 432 1853; x_wconf 80' lang='lat' dir='ltr'><strong><em>possent</em></strong></span> <span class='ocrx_word' id='word_1_111' title='bbox 488 1782 729 1845; x_wconf 86' lang='lat' dir='ltr'><strong><em>dicere,</em></strong></span> <span class='ocrx_word' id='word_1_112' title='bbox 781 1789 993 1849; x_wconf 84' lang='lat' dir='ltr'><strong><em>tempus</em></strong></span> <span class='ocrx_word' id='word_1_113' title='bbox 1036 1792 1250 1849; x_wconf 83' lang='lat' dir='ltr'><strong><em>qucque</em></strong></span> <span class='ocrx_word' id='word_1_114' title='bbox 1297 1772 1629 1845; x_wconf 65' lang='lat' dir='ltr'><strong><em>prmscripsit</em></strong></span> <span class='ocrx_word' id='word_1_115' title='bbox 1668 1789 1681 1826; x_wconf 90' lang='lat'><strong>:</strong></span> <span class='ocrx_word' id='word_1_116' title='bbox 1726 1786 1833 1827; x_wconf 90' lang='lat' dir='ltr'><strong><em>non</em></strong></span> 
     </span>
    </p>
   </div>
   <div class='ocr_carea' id='block_1_17' title="bbox 221 1867 1837 1941">
    <p class='ocr_par' dir='ltr' id='par_1_17' title="bbox 221 1867 1837 1941">
     <span class='ocr_line' id='line_1_17' title="bbox 221 1867 1837 1941; baseline -0.007 -10"><span class='ocrx_word' id='word_1_117' title='bbox 221 1878 353 1931; x_wconf 83' lang='lat' dir='ltr'><strong><em>enim</em></strong></span> <span class='ocrx_word' id='word_1_118' title='bbox 389 1877 660 1932; x_wconf 75' lang='lat' dir='ltr'><strong><em>absolute</em></strong></span> <span class='ocrx_word' id='word_1_119' title='bbox 686 1877 813 1932; x_wconf 88' lang='lat' dir='ltr'><strong>dicit</strong></span> <span class='ocrx_word' id='word_1_120' title='bbox 832 1918 846 1941; x_wconf 88' lang='lat'><strong><em>,</em></strong></span> <span class='ocrx_word' id='word_1_121' title='bbox 879 1876 1172 1932; x_wconf 77' lang='lat' dir='ltr'><strong><em>Secundum</em></strong></span> <span class='ocrx_word' id='word_1_122' title='bbox 1204 1882 1558 1928; x_wconf 72' lang='lat' dir='ltr'><strong><em>testamentum</em></strong></span> <span class='ocrx_word' id='word_1_123' title='bbox 1583 1868 1718 1940; x_wconf 88' lang='lat' dir='ltr'><strong><em>quod</em></strong></span> <span class='ocrx_word' id='word_1_124' title='bbox 1739 1867 1837 1939; x_wconf 79' lang='lat' dir='ltr'><strong><em>feci</em></strong></span> 
     </span>
    </p>
   </div>
   <div class='ocr_carea' id='block_1_18' title="bbox 221 1960 1835 2035">
    <p class='ocr_par' dir='ltr' id='par_1_18' title="bbox 221 1960 1835 2035">
     <span class='ocr_line' id='line_1_18' title="bbox 221 1960 1835 2035; baseline -0.002 -18"><span class='ocrx_word' id='word_1_125' title='bbox 221 1968 448 2035; x_wconf 81' lang='lat' dir='ltr'><strong><em>patribus</em></strong></span> <span class='ocrx_word' id='word_1_126' title='bbox 481 1985 709 2031; x_wconf 85' lang='lat' dir='ltr'><strong><em>eorum;</em></strong></span> <span class='ocrx_word' id='word_1_127' title='bbox 739 1984 806 2023; x_wconf 91' lang='lat' dir='ltr'><strong><em>ne</em></strong></span> <span class='ocrx_word' id='word_1_128' title='bbox 848 1968 899 2022; x_wconf 93' lang='lat' dir='ltr'><strong><em>id</em></strong></span> <span class='ocrx_word' id='word_1_129' title='bbox 942 1968 1090 2023; x_wconf 86' lang='lat' dir='ltr'><strong><em>dicas</em></strong></span> <span class='ocrx_word' id='word_1_130' title='bbox 1119 1965 1263 2035; x_wconf 92' lang='lat' dir='ltr'><strong><em>quod</em></strong></span> <span class='ocrx_word' id='word_1_131' title='bbox 1297 1966 1494 2019; x_wconf 80' lang='lat' dir='ltr'><strong><em>factum</em></strong></span> <span class='ocrx_word' id='word_1_132' title='bbox 1540 1960 1835 2017; x_wconf 84' lang='lat' dir='ltr'><strong><em>l&#39;uitAbra-</em></strong></span> 
     </span>
    </p>
   </div>
   <div class='ocr_carea' id='block_1_19' title="bbox 222 2053 1832 2130">
    <p class='ocr_par' dir='ltr' id='par_1_19' title="bbox 222 2053 1832 2130">
     <span class='ocr_line' id='line_1_19' title="bbox 222 2053 1832 2130; baseline -0.004 -19"><span class='ocrx_word' id='word_1_133' title='bbox 222 2058 396 2122; x_wconf 80' lang='lat' dir='ltr'><strong><em>hamo,</em></strong></span> <span class='ocrx_word' id='word_1_134' title='bbox 429 2070 528 2112; x_wconf 87' lang='lat' dir='ltr'><strong><em>aut</em></strong></span> <span class='ocrx_word' id='word_1_135' title='bbox 560 2060 714 2130; x_wconf 88' lang='lat' dir='ltr'><strong><em>quod</em></strong></span> <span class='ocrx_word' id='word_1_136' title='bbox 754 2061 948 2114; x_wconf 78' lang='lat' dir='ltr'><strong><em>factum</em></strong></span> <span class='ocrx_word' id='word_1_137' title='bbox 979 2059 1077 2113; x_wconf 82' lang='lat' dir='ltr'><strong><em>l‘uit</em></strong></span> <span class='ocrx_word' id='word_1_138' title='bbox 1119 2058 1264 2122; x_wconf 88' lang='lat' dir='ltr'><strong><em>Noe;</em></strong></span> <span class='ocrx_word' id='word_1_139' title='bbox 1299 2057 1391 2112; x_wconf 89' lang='lat' dir='ltr'><strong><em>sed</em></strong></span> <span class='ocrx_word' id='word_1_140' title='bbox 1421 2054 1691 2126; x_wconf 79' lang='lat' dir='ltr'><strong><em>quodnam</em></strong></span> <span class='ocrx_word' id='word_1_141' title='bbox 1721 2053 1791 2106; x_wconf 85' lang='lat' dir='ltr'><strong><em>sit</em></strong></span> <span class='ocrx_word' id='word_1_142' title='bbox 1816 2090 1832 2114; x_wconf 84' lang='lat'><strong><em>,</em></strong></span> 
     </span>
    </p>
   </div>
   <div class='ocr_carea' id='block_1_20' title="bbox 223 2145 1837 2219">
    <p class='ocr_par' dir='ltr' id='par_1_20' title="bbox 223 2145 1837 2219">
     <span class='ocr_line' id='line_1_20' title="bbox 223 2145 1837 2219; baseline -0.004 -14"><span class='ocrx_word' id='word_1_143' title='bbox 223 2148 388 2219; x_wconf 82' lang='lat' dir='ltr'><strong><em>inquit</em></strong></span> <span class='ocrx_word' id='word_1_144' title='bbox 413 2151 768 2206; x_wconf 87' lang='lat' dir='ltr'><strong><em>declarans:</em></strong></span> <span class='ocrx_word' id='word_1_145' title='bbox 812 2150 935 2206; x_wconf 85' lang='lat' dir='ltr'><strong><em>Non</em></strong></span> <span class='ocrx_word' id='word_1_146' title='bbox 974 2150 1255 2205; x_wconf 84' lang='lat' dir='ltr'><strong><em>secundum</em></strong></span> <span class='ocrx_word' id='word_1_147' title='bbox 1303 2156 1656 2203; x_wconf 76' lang='lat' dir='ltr'><strong><em>testamentum</em></strong></span> <span class='ocrx_word' id='word_1_148' title='bbox 1700 2145 1837 2217; x_wconf 79' lang='lat' dir='ltr'><strong><em>quod</em></strong></span> 
     </span>
    </p>
   </div>
   <div class='ocr_carea' id='block_1_21' title="bbox 225 2240 1835 2314">
    <p class='ocr_par' dir='ltr' id='par_1_21' title="bbox 225 2240 1835 2314">
     <span class='ocr_line' id='line_1_21' title="bbox 225 2240 1835 2314; baseline -0.001 -18"><span class='ocrx_word' id='word_1_149' title='bbox 225 2245 315 2312; x_wconf 77' lang='lat' dir='ltr'><strong><em>[cci</em></strong></span> <span class='ocrx_word' id='word_1_150' title='bbox 345 2246 591 2312; x_wconf 84' lang='lat' dir='ltr'><strong><em>patribus</em></strong></span> <span class='ocrx_word' id='word_1_151' title='bbox 624 2261 801 2298; x_wconf 84' lang='lat' dir='ltr'><strong><em>eorum</em></strong></span> <span class='ocrx_word' id='word_1_152' title='bbox 827 2286 841 2306; x_wconf 90' lang='lat'><strong><em>,</em></strong></span> <span class='ocrx_word' id='word_1_153' title='bbox 888 2246 973 2314; x_wconf 91' lang='lat' dir='ltr'><strong><em>qui</em></strong></span> <span class='ocrx_word' id='word_1_154' title='bbox 1002 2244 1222 2298; x_wconf 87' lang='lat' dir='ltr'><strong><em>erantin</em></strong></span> <span class='ocrx_word' id='word_1_155' title='bbox 1246 2243 1401 2297; x_wconf 75' lang='lat' dir='ltr'><strong><em>exitu.</em></strong></span> <span class='ocrx_word' id='word_1_156' title='bbox 1439 2242 1503 2296; x_wconf 79' lang='lat' dir='ltr'><strong><em>Et</em></strong></span> <span class='ocrx_word' id='word_1_157' title='bbox 1548 2240 1669 2296; x_wconf 90' lang='lat' dir='ltr'><strong><em>ideo</em></strong></span> <span class='ocrx_word' id='word_1_158' title='bbox 1706 2240 1835 2296; x_wconf 81' lang='lat' dir='ltr'><strong><em>sub-</em></strong></span> 
     </span>
    </p>
   </div>
   <div class='ocr_carea' id='block_1_22' title="bbox 222 2332 1837 2407">
    <p class='ocr_par' dir='ltr' id='par_1_22' title="bbox 222 2332 1837 2407">
     <span class='ocr_line' id='line_1_22' title="bbox 222 2332 1837 2407; baseline -0.001 -19"><span class='ocrx_word' id='word_1_159' title='bbox 222 2335 407 2405; x_wconf 69' lang='lat' dir='ltr'><strong><em>iunxit,</em></strong></span> <span class='ocrx_word' id='word_1_160' title='bbox 445 2337 519 2391; x_wconf 88' lang='lat' dir='ltr'><strong><em>In</em></strong></span> <span class='ocrx_word' id='word_1_161' title='bbox 569 2340 660 2391; x_wconf 89' lang='lat' dir='ltr'><strong><em>die</em></strong></span> <span class='ocrx_word' id='word_1_162' title='bbox 683 2354 782 2403; x_wconf 81' lang='lat' dir='ltr'><strong><em>qua</em></strong></span> <span class='ocrx_word' id='word_1_163' title='bbox 811 2337 1128 2407; x_wconf 84' lang='lat' dir='ltr'><strong><em>apprehendi</em></strong></span> <span class='ocrx_word' id='word_1_164' title='bbox 1150 2353 1352 2389; x_wconf 87' lang='lat' dir='ltr'><strong><em>manum</em></strong></span> <span class='ocrx_word' id='word_1_165' title='bbox 1392 2351 1586 2399; x_wconf 85' lang='lat' dir='ltr'><strong><em>eorum,</em></strong></span> <span class='ocrx_word' id='word_1_166' title='bbox 1619 2342 1674 2386; x_wconf 90' lang='lat' dir='ltr'><strong><em>ut</em></strong></span> <span class='ocrx_word' id='word_1_167' title='bbox 1704 2332 1837 2387; x_wconf 83' lang='lat' dir='ltr'><strong><em>edn-</em></strong></span> 
     </span>
    </p>
   </div>
   <div class='ocr_carea' id='block_1_23' title="bbox 224 2428 1828 2499">
    <p class='ocr_par' dir='ltr' id='par_1_23' title="bbox 224 2428 1828 2499">
     <span class='ocr_line' id='line_1_23' title="bbox 224 2428 1828 2499; baseline -0.002 -19"><span class='ocrx_word' id='word_1_168' title='bbox 224 2445 378 2481; x_wconf 79' lang='lat' dir='ltr'><strong><em>cerem</em></strong></span> <span class='ocrx_word' id='word_1_169' title='bbox 406 2430 535 2484; x_wconf 87' lang='lat' dir='ltr'><strong><em>illos</em></strong></span> <span class='ocrx_word' id='word_1_170' title='bbox 581 2432 649 2484; x_wconf 88' lang='lat' dir='ltr'><strong><em>dc</em></strong></span> <span class='ocrx_word' id='word_1_171' title='bbox 687 2441 824 2483; x_wconf 85' lang='lat' dir='ltr'><strong><em>terra</em></strong></span> <span class='ocrx_word' id='word_1_172' title='bbox 855 2429 1074 2499; x_wconf 55' lang='grc' dir='ltr'><strong><em>Αἰξωνιιὶ</em></strong></span> <span class='ocrx_word' id='word_1_173' title='bbox 1102 2446 1119 2482; x_wconf 90' lang='lat'><strong><em>:</em></strong></span> <span class='ocrx_word' id='word_1_174' title='bbox 1144 2430 1381 2498; x_wconf 88' lang='lat' dir='ltr'><strong><em>quoniam</em></strong></span> <span class='ocrx_word' id='word_1_175' title='bbox 1428 2428 1523 2496; x_wconf 88' lang='lat' dir='ltr'><strong><em>ipsi</em></strong></span> <span class='ocrx_word' id='word_1_176' title='bbox 1571 2442 1672 2480; x_wconf 85' lang='lat' dir='ltr'><strong><em>non</em></strong></span> <span class='ocrx_word' id='word_1_177' title='bbox 1715 2442 1828 2495; x_wconf 87' lang='lat' dir='ltr'><strong><em>per-</em></strong></span> 
     </span>
    </p>
   </div>
   <div class='ocr_carea' id='block_1_24' title="bbox 226 2517 1835 2591">
    <p class='ocr_par' dir='ltr' id='par_1_24' title="bbox 226 2517 1835 2591">
     <span class='ocr_line' id='line_1_24' title="bbox 226 2517 1835 2591; baseline -0.001 -21"><span class='ocrx_word' id='word_1_178' title='bbox 226 2534 519 2576; x_wconf 71' lang='lat' dir='ltr'><strong><em>manserunt</em></strong></span> <span class='ocrx_word' id='word_1_179' title='bbox 550 2524 607 2576; x_wconf 81' lang='lat' dir='ltr'><strong><em>in</em></strong></span> <span class='ocrx_word' id='word_1_180' title='bbox 634 2532 932 2576; x_wconf 81' lang='lat' dir='ltr'><strong><em>testamento</em></strong></span> <span class='ocrx_word' id='word_1_181' title='bbox 965 2538 1094 2587; x_wconf 86' lang='lat' dir='ltr'><strong><em>meo,</em></strong></span> <span class='ocrx_word' id='word_1_182' title='bbox 1128 2531 1173 2574; x_wconf 91' lang='lat' dir='ltr'><strong><em>et</em></strong></span> <span class='ocrx_word' id='word_1_183' title='bbox 1211 2536 1299 2591; x_wconf 75' lang='lat' dir='ltr'><strong><em>rgo</em></strong></span> <span class='ocrx_word' id='word_1_184' title='bbox 1328 2519 1525 2591; x_wconf 73' lang='lat' dir='ltr'><strong><em>neglexi</em></strong></span> <span class='ocrx_word' id='word_1_185' title='bbox 1556 2534 1639 2572; x_wconf 89' lang='lat' dir='ltr'><strong><em>eos</em></strong></span> <span class='ocrx_word' id='word_1_186' title='bbox 1661 2559 1675 2585; x_wconf 93' lang='lat'><strong><em>,</em></strong></span> <span class='ocrx_word' id='word_1_187' title='bbox 1714 2517 1835 2570; x_wconf 84' lang='lat' dir='ltr'><strong>dicit</strong></span> 
     </span>
    </p>
   </div>
   <div class='ocr_carea' id='block_1_25' title="bbox 227 2608 494 2668">
    <p class='ocr_par' dir='ltr' id='par_1_25' title="bbox 227 2608 494 2668">
     <span class='ocr_line' id='line_1_25' title="bbox 227 2608 494 2668; baseline 0.03 -8"><span class='ocrx_word' id='word_1_188' title='bbox 227 2608 494 2668; x_wconf 82' lang='lat' dir='ltr'><strong><em>Dominus.</em></strong></span> 
     </span>
    </p>
   </div>
   <div class='ocr_carea' id='block_1_26' title="bbox 291 2698 1831 2776">
    <p class='ocr_par' dir='ltr' id='par_1_26' title="bbox 291 2698 1831 2776">
     <span class='ocr_line' id='line_1_26' title="bbox 291 2698 1831 2776; baseline -0.004 -16"><span class='ocrx_word' id='word_1_189' title='bbox 291 2706 345 2760; x_wconf 81' lang='lat'><strong><em>3.</em></strong></span> <span class='ocrx_word' id='word_1_190' title='bbox 379 2704 549 2762; x_wconf 80' lang='lat' dir='ltr'><strong><em>Vides</em></strong></span> <span class='ocrx_word' id='word_1_191' title='bbox 574 2705 812 2776; x_wconf 89' lang='lat' dir='ltr'><strong><em>primum</em></strong></span> <span class='ocrx_word' id='word_1_192' title='bbox 849 2705 987 2759; x_wconf 88' lang='lat' dir='ltr'><strong><em>mala</em></strong></span> <span class='ocrx_word' id='word_1_193' title='bbox 1022 2720 1051 2759; x_wconf 88' lang='lat' dir='ltr'><strong><em>a</em></strong></span> <span class='ocrx_word' id='word_1_194' title='bbox 1080 2703 1235 2759; x_wconf 88' lang='lat' dir='ltr'><strong><em>nobis</em></strong></span> <span class='ocrx_word' id='word_1_195' title='bbox 1258 2702 1535 2772; x_wconf 77' lang='lat' dir='ltr'><strong><em>incipere?</em></strong></span> <span class='ocrx_word' id='word_1_196' title='bbox 1587 2701 1710 2771; x_wconf 90' lang='lat' dir='ltr'><strong><em>Ipsi,</em></strong></span> <span class='ocrx_word' id='word_1_197' title='bbox 1745 2698 1831 2754; x_wconf 88' lang='lat' dir='ltr'><strong><em>in-</em></strong></span> 
     </span>
    </p>
   </div>
   <div class='ocr_carea' id='block_1_27' title="bbox 226 2794 1835 2869">
    <p class='ocr_par' dir='ltr' id='par_1_27' title="bbox 226 2794 1835 2869">
     <span class='ocr_line' id='line_1_27' title="bbox 226 2794 1835 2869; baseline -0.004 -18"><span class='ocrx_word' id='word_1_198' title='bbox 226 2800 355 2868; x_wconf 83' lang='lat' dir='ltr'><strong><em>quit,</em></strong></span> <span class='ocrx_word' id='word_1_199' title='bbox 388 2801 639 2869; x_wconf 76' lang='lat' dir='ltr'><strong><em>primum</em></strong></span> <span class='ocrx_word' id='word_1_200' title='bbox 682 2814 784 2851; x_wconf 88' lang='lat' dir='ltr'><strong><em>non</em></strong></span> <span class='ocrx_word' id='word_1_201' title='bbox 816 2806 1245 2867; x_wconf 80' lang='lat' dir='ltr'><strong><em>permanserunt.</em></strong></span> <span class='ocrx_word' id='word_1_202' title='bbox 1274 2798 1416 2867; x_wconf 80' lang='lat' dir='ltr'><strong><em>Ergo</em></strong></span> <span class='ocrx_word' id='word_1_203' title='bbox 1453 2794 1589 2863; x_wconf 86' lang='lat' dir='ltr'><strong><em>apud</em></strong></span> <span class='ocrx_word' id='word_1_204' title='bbox 1624 2807 1721 2847; x_wconf 92' lang='lat' dir='ltr'><strong><em>nos</em></strong></span> <span class='ocrx_word' id='word_1_205' title='bbox 1752 2798 1835 2845; x_wconf 89' lang='lat' dir='ltr'><strong><em>est</em></strong></span> 
     </span>
    </p>
   </div>
   <div class='ocr_carea' id='block_1_28' title="bbox 228 2886 1828 2962">
    <p class='ocr_par' dir='ltr' id='par_1_28' title="bbox 228 2886 1828 2962">
     <span class='ocr_line' id='line_1_28' title="bbox 228 2886 1828 2962; baseline -0.004 -18"><span class='ocrx_word' id='word_1_206' title='bbox 228 2892 556 2962; x_wconf 79' lang='lat' dir='ltr'><strong><em>negligentia</em></strong></span> <span class='ocrx_word' id='word_1_207' title='bbox 584 2908 599 2955; x_wconf 88' lang='lat'><strong>;</strong></span> <span class='ocrx_word' id='word_1_208' title='bbox 631 2891 770 2944; x_wconf 85' lang='lat' dir='ltr'><strong><em>bona</em></strong></span> <span class='ocrx_word' id='word_1_209' title='bbox 800 2901 977 2944; x_wconf 87' lang='lat' dir='ltr'><strong><em>autem</em></strong></span> <span class='ocrx_word' id='word_1_210' title='bbox 1007 2891 1074 2943; x_wconf 90' lang='lat' dir='ltr'><strong><em>ab</em></strong></span> <span class='ocrx_word' id='word_1_211' title='bbox 1103 2891 1239 2958; x_wconf 82' lang='lat' dir='ltr'><strong><em>ipso,</em></strong></span> <span class='ocrx_word' id='word_1_212' title='bbox 1269 2887 1550 2951; x_wconf 73' lang='lat' dir='ltr'><strong><em>beneficia,</em></strong></span> <span class='ocrx_word' id='word_1_213' title='bbox 1586 2886 1828 2954; x_wconf 84' lang='lat' dir='ltr'><strong><em>inquam.</em></strong></span> 
     </span>
    </p>
   </div>
   <div class='ocr_carea' id='block_1_29' title="bbox 227 2977 1833 3054">
    <p class='ocr_par' dir='ltr' id='par_1_29' title="bbox 227 2977 1833 3054">
     <span class='ocr_line' id='line_1_29' title="bbox 227 2977 1833 3054; baseline -0.004 -17"><span class='ocrx_word' id='word_1_214' title='bbox 227 2984 317 3037; x_wconf 88' lang='lat' dir='ltr'><strong><em>llic</em></strong></span> <span class='ocrx_word' id='word_1_215' title='bbox 361 2987 516 3054; x_wconf 88' lang='lat' dir='ltr'><strong><em>ponit</em></strong></span> <span class='ocrx_word' id='word_1_216' title='bbox 574 2994 849 3053; x_wconf 75' lang='lat' dir='ltr'><strong><em>tamquam</em></strong></span> <span class='ocrx_word' id='word_1_217' title='bbox 898 2982 1290 3045; x_wconf 69' lang='lat' dir='ltr'><strong><em>defensionem,</em></strong></span> <span class='ocrx_word' id='word_1_218' title='bbox 1341 2983 1510 3048; x_wconf 87' lang='lat' dir='ltr'><strong><em>ipsam</em></strong></span> <span class='ocrx_word' id='word_1_219' title='bbox 1542 2977 1833 3032; x_wconf 66' lang='lat' dir='ltr'><strong><em>omendens</em></strong></span> 
     </span>
    </p>
   </div>
   <div class='ocr_carea' id='block_1_30' title="bbox 228 3068 1831 3146">
    <p class='ocr_par' dir='ltr' id='par_1_30' title="bbox 228 3068 1831 3146">
     <span class='ocr_line' id='line_1_30' title="bbox 228 3068 1831 3146; baseline -0.004 -19"><span class='ocrx_word' id='word_1_220' title='bbox 228 3088 461 3144; x_wconf 87' lang='lat' dir='ltr'><strong><em>causam,</em></strong></span> <span class='ocrx_word' id='word_1_221' title='bbox 491 3086 725 3146; x_wconf 79' lang='lat' dir='ltr'><strong><em>propter</em></strong></span> <span class='ocrx_word' id='word_1_222' title='bbox 746 3089 904 3143; x_wconf 86' lang='lat' dir='ltr'><strong><em>quam</em></strong></span> <span class='ocrx_word' id='word_1_223' title='bbox 928 3088 1021 3128; x_wconf 88' lang='lat' dir='ltr'><strong><em>eos</em></strong></span> <span class='ocrx_word' id='word_1_224' title='bbox 1045 3073 1313 3141; x_wconf 51' lang='lat' dir='ltr'><strong><em>relinquit.</em></strong></span> <span class='ocrx_word' id='word_1_225' title='bbox 1342 3072 1427 3125; x_wconf 82' lang='lat'><strong><em>10.</em></strong></span> <span class='ocrx_word' id='word_1_226' title='bbox 1456 3070 1709 3134; x_wconf 83' lang='lat' dir='ltr'><strong><em>Quoniam</em></strong></span> <span class='ocrx_word' id='word_1_227' title='bbox 1736 3068 1831 3121; x_wconf 82' lang='lat' dir='ltr'><strong><em>hoc</em></strong></span> 
     </span>
    </p>
   </div>
   <div class='ocr_carea' id='block_1_31' title="bbox 230 3158 1824 3234">
    <p class='ocr_par' dir='ltr' id='par_1_31' title="bbox 230 3158 1824 3234">
     <span class='ocr_line' id='line_1_31' title="bbox 230 3158 1824 3234; baseline -0.004 -17"><span class='ocrx_word' id='word_1_228' title='bbox 230 3175 700 3226; x_wconf 73' lang='lat' dir='ltr'><strong><em>esttestamentum,</em></strong></span> <span class='ocrx_word' id='word_1_229' title='bbox 730 3166 920 3234; x_wconf 83' lang='lat' dir='ltr'><strong><em>inquit,</em></strong></span> <span class='ocrx_word' id='word_1_230' title='bbox 959 3164 1094 3233; x_wconf 81' lang='lat' dir='ltr'><strong><em>quod</em></strong></span> <span class='ocrx_word' id='word_1_231' title='bbox 1135 3164 1402 3232; x_wconf 79' lang='lat' dir='ltr'><strong><em>disponam</em></strong></span> <span class='ocrx_word' id='word_1_232' title='bbox 1438 3160 1612 3214; x_wconf 83' lang='lat' dir='ltr'><strong><em>domui</em></strong></span> <span class='ocrx_word' id='word_1_233' title='bbox 1657 3158 1824 3213; x_wconf 81' lang='lat' dir='ltr'><strong><em>Israel</em></strong></span> 
     </span>
    </p>
   </div>
   <div class='ocr_carea' id='block_1_32' title="bbox 232 3252 1833 3323">
    <p class='ocr_par' dir='ltr' id='par_1_32' title="bbox 232 3252 1833 3323">
     <span class='ocr_line' id='line_1_32' title="bbox 232 3252 1833 3323; baseline -0.003 -15"><span class='ocrx_word' id='word_1_234' title='bbox 232 3260 460 3323; x_wconf 79' lang='lat' dir='ltr'><strong><em>postdics</em></strong></span> <span class='ocrx_word' id='word_1_235' title='bbox 492 3258 639 3319; x_wconf 86' lang='lat' dir='ltr'><strong><em>illos,</em></strong></span> <span class='ocrx_word' id='word_1_236' title='bbox 661 3256 782 3308; x_wconf 81' lang='lat' dir='ltr'><strong><em>dicit</em></strong></span> <span class='ocrx_word' id='word_1_237' title='bbox 814 3253 1065 3308; x_wconf 87' lang='lat' dir='ltr'><strong><em>Dominus</em></strong></span> <span class='ocrx_word' id='word_1_238' title='bbox 1086 3253 1262 3307; x_wconf 84' lang='lat' dir='ltr'><strong><em>:Dabo</em></strong></span> <span class='ocrx_word' id='word_1_239' title='bbox 1301 3253 1432 3322; x_wconf 74' lang='lat' dir='ltr'><strong><em>leges</em></strong></span> <span class='ocrx_word' id='word_1_240' title='bbox 1447 3268 1580 3305; x_wconf 86' lang='lat' dir='ltr'><strong><em>meas</em></strong></span> <span class='ocrx_word' id='word_1_241' title='bbox 1600 3252 1651 3303; x_wconf 88' lang='lat' dir='ltr'><strong><em>in</em></strong></span> <span class='ocrx_word' id='word_1_242' title='bbox 1670 3260 1833 3303; x_wconf 73' lang='lat' dir='ltr'><strong><em>mente</em></strong></span> 
     </span>
    </p>
   </div>
   <div class='ocr_carea' id='block_1_33' title="bbox 232 3342 1827 3411">
    <p class='ocr_par' dir='ltr' id='par_1_33' title="bbox 232 3342 1827 3411">
     <span class='ocr_line' id='line_1_33' title="bbox 232 3342 1827 3411; baseline -0.006 -11"><span class='ocrx_word' id='word_1_243' title='bbox 232 3365 418 3411; x_wconf 85' lang='lat' dir='ltr'><strong><em>eorum,</em></strong></span> <span class='ocrx_word' id='word_1_244' title='bbox 448 3362 496 3403; x_wconf 89' lang='lat' dir='ltr'><strong><em>et</em></strong></span> <span class='ocrx_word' id='word_1_245' title='bbox 518 3351 572 3403; x_wconf 88' lang='lat' dir='ltr'><strong><em>in</em></strong></span> <span class='ocrx_word' id='word_1_246' title='bbox 592 3348 744 3402; x_wconf 83' lang='lat' dir='ltr'><strong><em>corde</em></strong></span> <span class='ocrx_word' id='word_1_247' title='bbox 761 3364 931 3401; x_wconf 83' lang='lat' dir='ltr'><strong><em>eorum</em></strong></span> <span class='ocrx_word' id='word_1_248' title='bbox 954 3348 1171 3400; x_wconf 86' lang='lat' dir='ltr'><strong><em>scribant</em></strong></span> <span class='ocrx_word' id='word_1_249' title='bbox 1193 3363 1300 3411; x_wconf 85' lang='lat' dir='ltr'><strong><em>eas;</em></strong></span> <span class='ocrx_word' id='word_1_250' title='bbox 1326 3355 1373 3398; x_wconf 87' lang='lat' dir='ltr'><strong><em>ct</em></strong></span> <span class='ocrx_word' id='word_1_251' title='bbox 1389 3362 1473 3398; x_wconf 90' lang='lat' dir='ltr'><strong><em>ero</em></strong></span> <span class='ocrx_word' id='word_1_252' title='bbox 1491 3345 1624 3399; x_wconf 86' lang='lat' dir='ltr'><strong><em>eisin</em></strong></span> <span class='ocrx_word' id='word_1_253' title='bbox 1648 3342 1827 3404; x_wconf 88' lang='lat' dir='ltr'><strong><em>Deum,</em></strong></span> 
     </span>
    </p>
   </div>
   <div class='ocr_carea' id='block_1_34' title="bbox 233 3438 1826 3511">
    <p class='ocr_par' dir='ltr' id='par_1_34' title="bbox 233 3438 1826 3511">
     <span class='ocr_line' id='line_1_34' title="bbox 233 3438 1826 3511; baseline -0.001 -19"><span class='ocrx_word' id='word_1_254' title='bbox 233 3452 274 3492; x_wconf 79' lang='lat' dir='ltr'><strong><em>et</em></strong></span> <span class='ocrx_word' id='word_1_255' title='bbox 298 3443 401 3511; x_wconf 85' lang='lat' dir='ltr'><strong><em>ipsi</em></strong></span> <span class='ocrx_word' id='word_1_256' title='bbox 429 3452 586 3496; x_wconf 83' lang='lat' dir='ltr'><strong><em>erunt</em></strong></span> <span class='ocrx_word' id='word_1_257' title='bbox 612 3441 737 3494; x_wconf 80' lang='lat' dir='ltr'><strong><em>mihi</em></strong></span> <span class='ocrx_word' id='word_1_258' title='bbox 759 3441 808 3492; x_wconf 88' lang='lat' dir='ltr'><strong><em>in</em></strong></span> <span class='ocrx_word' id='word_1_259' title='bbox 838 3442 1105 3508; x_wconf 83' lang='lat' dir='ltr'><strong><em>populum.</em></strong></span> <span class='ocrx_word' id='word_1_260' title='bbox 1130 3438 1279 3493; x_wconf 82' lang='lat' dir='ltr'><strong><em>Adeo</em></strong></span> <span class='ocrx_word' id='word_1_261' title='bbox 1301 3438 1414 3493; x_wconf 71' lang='lat' dir='ltr'><strong><em>lucc</em></strong></span> <span class='ocrx_word' id='word_1_262' title='bbox 1433 3438 1564 3493; x_wconf 88' lang='lat' dir='ltr'><strong><em>dicit</em></strong></span> <span class='ocrx_word' id='word_1_263' title='bbox 1590 3438 1657 3493; x_wconf 90' lang='lat' dir='ltr'><strong><em>de</em></strong></span> <span class='ocrx_word' id='word_1_264' title='bbox 1686 3452 1826 3492; x_wconf 83' lang='lat' dir='ltr'><strong><em>novo</em></strong></span> 
     </span>
    </p>
   </div>
   <div class='ocr_carea' id='block_1_35' title="bbox 234 3530 1833 3601">
    <p class='ocr_par' dir='ltr' id='par_1_35' title="bbox 234 3530 1833 3601">
     <span class='ocr_line' id='line_1_35' title="bbox 234 3530 1833 3601; baseline 0 -16"><span class='ocrx_word' id='word_1_265' title='bbox 234 3531 532 3589; x_wconf 80' lang='lat' dir='ltr'><strong><em>Testamcnt</em></strong></span> <span class='ocrx_word' id='word_1_266' title='bbox 544 3534 725 3601; x_wconf 83' lang='lat' dir='ltr'><strong><em>o,quia</em></strong></span> <span class='ocrx_word' id='word_1_267' title='bbox 744 3531 870 3586; x_wconf 87' lang='lat' dir='ltr'><strong><em>dicit</em></strong></span> <span class='ocrx_word' id='word_1_268' title='bbox 886 3550 899 3585; x_wconf 87' lang='lat'><strong>:</strong></span> <span class='ocrx_word' id='word_1_269' title='bbox 913 3530 1028 3585; x_wconf 70' lang='lat' dir='ltr'><strong><em>Non</em></strong></span> <span class='ocrx_word' id='word_1_270' title='bbox 1046 3532 1317 3584; x_wconf 82' lang='lat' dir='ltr'><strong><em>secundum</em></strong></span> <span class='ocrx_word' id='word_1_271' title='bbox 1332 3540 1679 3585; x_wconf 69' lang='lat' dir='ltr'><strong><em>testamentum</em></strong></span> <span class='ocrx_word' id='word_1_272' title='bbox 1695 3531 1833 3600; x_wconf 85' lang='lat' dir='ltr'><strong><em>quod</em></strong></span> 
     </span>
    </p>
   </div>
   <div class='ocr_carea' id='block_1_36' title="bbox 235 3620 1828 3693">
    <p class='ocr_par' dir='ltr' id='par_1_36' title="bbox 235 3620 1828 3693">
     <span class='ocr_line' id='line_1_36' title="bbox 235 3620 1828 3693; baseline -0.001 -18"><span class='ocrx_word' id='word_1_273' title='bbox 235 3627 339 3692; x_wconf 76' lang='lat' dir='ltr'><strong><em>feci.</em></strong></span> <span class='ocrx_word' id='word_1_274' title='bbox 371 3628 639 3692; x_wconf 68' lang='lat' dir='ltr'><strong><em>Qurnam</em></strong></span> <span class='ocrx_word' id='word_1_275' title='bbox 672 3633 850 3677; x_wconf 87' lang='lat' dir='ltr'><strong><em>autem</em></strong></span> <span class='ocrx_word' id='word_1_276' title='bbox 892 3633 975 3677; x_wconf 89' lang='lat' dir='ltr'><strong><em>est</em></strong></span> <span class='ocrx_word' id='word_1_277' title='bbox 1024 3623 1124 3676; x_wconf 85' lang='lat' dir='ltr'><strong><em>alia</em></strong></span> <span class='ocrx_word' id='word_1_278' title='bbox 1155 3638 1310 3693; x_wconf 89' lang='lat' dir='ltr'><strong><em>quam</em></strong></span> <span class='ocrx_word' id='word_1_279' title='bbox 1340 3622 1453 3676; x_wconf 74' lang='lat' dir='ltr'><strong><em>lucc</em></strong></span> <span class='ocrx_word' id='word_1_280' title='bbox 1481 3620 1828 3676; x_wconf 73' lang='lat' dir='ltr'><strong><em>differentia?</em></strong></span> 
     </span>
    </p>
   </div>
   <div class='ocr_carea' id='block_1_37' title="bbox 237 3711 1830 3785">
    <p class='ocr_par' dir='ltr' id='par_1_37' title="bbox 237 3711 1830 3785">
     <span class='ocr_line' id='line_1_37' title="bbox 237 3711 1830 3785; baseline 0 -18"><span class='ocrx_word' id='word_1_281' title='bbox 237 3716 285 3767; x_wconf 81' lang='lat' dir='ltr'><strong><em>Si</em></strong></span> <span class='ocrx_word' id='word_1_282' title='bbox 315 3718 429 3785; x_wconf 91' lang='lat' dir='ltr'><strong><em>quis</em></strong></span> <span class='ocrx_word' id='word_1_283' title='bbox 454 3725 644 3769; x_wconf 84' lang='lat' dir='ltr'><strong><em>autem</em></strong></span> <span class='ocrx_word' id='word_1_284' title='bbox 668 3714 810 3767; x_wconf 74' lang='lat' dir='ltr'><strong><em>dicat</em></strong></span> <span class='ocrx_word' id='word_1_285' title='bbox 837 3730 938 3767; x_wconf 78' lang='lat' dir='ltr'><strong><em>non</em></strong></span> <span class='ocrx_word' id='word_1_286' title='bbox 972 3714 1023 3767; x_wconf 90' lang='lat' dir='ltr'><strong><em>in</em></strong></span> <span class='ocrx_word' id='word_1_287' title='bbox 1058 3713 1158 3768; x_wconf 88' lang='lat' dir='ltr'><strong><em>hoc</em></strong></span> <span class='ocrx_word' id='word_1_288' title='bbox 1176 3728 1293 3768; x_wconf 77' lang='lat' dir='ltr'><strong><em>esse</em></strong></span> <span class='ocrx_word' id='word_1_289' title='bbox 1319 3711 1705 3778; x_wconf 65' lang='lat' dir='ltr'><strong><em>dilicreutimn,</em></strong></span> <span class='ocrx_word' id='word_1_290' title='bbox 1734 3713 1830 3767; x_wconf 90' lang='lat' dir='ltr'><strong><em>sed</em></strong></span> 
     </span>
    </p>
   </div>
   <div class='ocr_carea' id='block_1_38' title="bbox 243 3806 1830 3873">
    <p class='ocr_par' dir='ltr' id='par_1_38' title="bbox 243 3806 1830 3873">
     <span class='ocr_line' id='line_1_38' title="bbox 243 3806 1830 3873; baseline 0.002 -17"><span class='ocrx_word' id='word_1_291' title='bbox 243 3808 373 3872; x_wconf 79' lang='lat' dir='ltr'><strong><em>quod</em></strong></span> <span class='ocrx_word' id='word_1_292' title='bbox 396 3810 544 3860; x_wconf 73' lang='lat' dir='ltr'><strong><em>data:</em></strong></span> <span class='ocrx_word' id='word_1_293' title='bbox 572 3807 681 3860; x_wconf 88' lang='lat' dir='ltr'><strong><em>sint</em></strong></span> <span class='ocrx_word' id='word_1_294' title='bbox 703 3806 753 3858; x_wconf 90' lang='lat' dir='ltr'><strong><em>in</em></strong></span> <span class='ocrx_word' id='word_1_295' title='bbox 781 3806 1035 3860; x_wconf 73' lang='lat' dir='ltr'><strong><em>cordibus</em></strong></span> <span class='ocrx_word' id='word_1_296' title='bbox 1058 3820 1272 3859; x_wconf 80' lang='lat' dir='ltr'><strong><em>eorum:</em></strong></span> <span class='ocrx_word' id='word_1_297' title='bbox 1305 3819 1410 3857; x_wconf 92' lang='lat' dir='ltr'><strong><em>non</em></strong></span> <span class='ocrx_word' id='word_1_298' title='bbox 1439 3812 1830 3873; x_wconf 84' lang='lat' dir='ltr'><strong><em>pra-ceptorum</em></strong></span> 
     </span>
    </p>
   </div>
   <div class='ocr_carea' id='block_1_39' title="bbox 238 3893 1829 3961">
    <p class='ocr_par' dir='ltr' id='par_1_39' title="bbox 238 3893 1829 3961">
     <span class='ocr_line' id='line_1_39' title="bbox 238 3893 1829 3961; baseline -0.001 -12"><span class='ocrx_word' id='word_1_299' title='bbox 238 3898 464 3952; x_wconf 84' lang='lat' dir='ltr'><strong><em>ostendit</em></strong></span> <span class='ocrx_word' id='word_1_300' title='bbox 493 3897 878 3960; x_wconf 69' lang='lat' dir='ltr'><strong><em>dill‘erentiam,</em></strong></span> <span class='ocrx_word' id='word_1_301' title='bbox 898 3895 990 3949; x_wconf 88' lang='lat' dir='ltr'><strong><em>sed</em></strong></span> <span class='ocrx_word' id='word_1_302' title='bbox 1012 3895 1223 3947; x_wconf 86' lang='lat' dir='ltr'><strong><em>modum</em></strong></span> <span class='ocrx_word' id='word_1_303' title='bbox 1244 3894 1428 3948; x_wconf 68' lang='lat' dir='ltr'><strong><em>dandi.</em></strong></span> <span class='ocrx_word' id='word_1_304' title='bbox 1456 3893 1568 3948; x_wconf 87' lang='lat' dir='ltr'><strong><em>Non</em></strong></span> <span class='ocrx_word' id='word_1_305' title='bbox 1599 3895 1829 3961; x_wconf 80' lang='lat' dir='ltr'><strong><em>amplius</em></strong></span> 
     </span>
    </p>
   </div>
   <div class='ocr_carea' id='block_1_40' title="bbox 237 3988 1827 4060">
    <p class='ocr_par' dir='ltr' id='par_1_40' title="bbox 237 3988 1827 4060">
     <span class='ocr_line' id='line_1_40' title="bbox 237 3988 1827 4060; baseline 0.003 -20"><span class='ocrx_word' id='word_1_306' title='bbox 237 3991 362 4053; x_wconf 83' lang='lat' dir='ltr'><strong><em>erit,</em></strong></span> <span class='ocrx_word' id='word_1_307' title='bbox 394 3992 598 4060; x_wconf 86' lang='lat' dir='ltr'><strong><em>inquit,</em></strong></span> <span class='ocrx_word' id='word_1_308' title='bbox 624 3990 1027 4044; x_wconf 89' lang='lat' dir='ltr'><strong><em>Testamentum</em></strong></span> <span class='ocrx_word' id='word_1_309' title='bbox 1058 3989 1105 4040; x_wconf 90' lang='lat' dir='ltr'><strong><em>in</em></strong></span> <span class='ocrx_word' id='word_1_310' title='bbox 1135 3989 1325 4052; x_wconf 77' lang='lat' dir='ltr'><strong><em>literis,</em></strong></span> <span class='ocrx_word' id='word_1_311' title='bbox 1356 3988 1448 4043; x_wconf 87' lang='lat' dir='ltr'><strong><em>sed</em></strong></span> <span class='ocrx_word' id='word_1_312' title='bbox 1474 3990 1524 4042; x_wconf 89' lang='lat' dir='ltr'><strong><em>in</em></strong></span> <span class='ocrx_word' id='word_1_313' title='bbox 1554 3989 1827 4045; x_wconf 86' lang='lat' dir='ltr'><strong><em>cordibus.</em></strong></span> 
     </span>
    </p>
   </div>
   <div class='ocr_carea' id='block_1_41' title="bbox 240 4079 1831 4151">
    <p class='ocr_par' dir='ltr' id='par_1_41' title="bbox 240 4079 1831 4151">
     <span class='ocr_line' id='line_1_41' title="bbox 240 4079 1831 4151; baseline 0.003 -20"><span class='ocrx_word' id='word_1_314' title='bbox 240 4079 341 4136; x_wconf 84' lang='lat' dir='ltr'><strong><em>Iluc</em></strong></span> <span class='ocrx_word' id='word_1_315' title='bbox 365 4083 439 4137; x_wconf 84' lang='lat' dir='ltr'><strong><em>ali</em></strong></span> <span class='ocrx_word' id='word_1_316' title='bbox 464 4080 669 4151; x_wconf 79' lang='lat' dir='ltr'><strong><em>pianda</em></strong></span> <span class='ocrx_word' id='word_1_317' title='bbox 702 4079 899 4133; x_wconf 78' lang='lat' dir='ltr'><strong><em>factum</em></strong></span> <span class='ocrx_word' id='word_1_318' title='bbox 929 4080 1178 4133; x_wconf 68' lang='lat' dir='ltr'><strong><em>ostendat</em></strong></span> <span class='ocrx_word' id='word_1_319' title='bbox 1205 4079 1459 4143; x_wconf 69' lang='lat' dir='ltr'><strong><em>.indmns;</em></strong></span> <span class='ocrx_word' id='word_1_320' title='bbox 1494 4079 1586 4135; x_wconf 90' lang='lat' dir='ltr'><strong><em>sed</em></strong></span> <span class='ocrx_word' id='word_1_321' title='bbox 1611 4095 1717 4134; x_wconf 92' lang='lat' dir='ltr'><strong><em>non</em></strong></span> <span class='ocrx_word' id='word_1_322' title='bbox 1751 4082 1831 4135; x_wconf 91' lang='lat' dir='ltr'><strong><em>in-</em></strong></span> 
     </span>
    </p>
   </div>
   <div class='ocr_carea' id='block_1_42' title="bbox 239 4171 1833 4242">
    <p class='ocr_par' dir='ltr' id='par_1_42' title="bbox 239 4171 1833 4242">
     <span class='ocr_line' id='line_1_42' title="bbox 239 4171 1833 4242; baseline 0.001 -17"><span class='ocrx_word' id='word_1_323' title='bbox 239 4176 408 4229; x_wconf 69' lang='lat' dir='ltr'><strong><em>veniet</em></strong></span> <span class='ocrx_word' id='word_1_324' title='bbox 439 4192 453 4228; x_wconf 86' lang='lat'><strong>:</strong></span> <span class='ocrx_word' id='word_1_325' title='bbox 486 4188 679 4227; x_wconf 84' lang='lat' dir='ltr'><strong><em>rursus</em></strong></span> <span class='ocrx_word' id='word_1_326' title='bbox 722 4173 863 4227; x_wconf 88' lang='lat' dir='ltr'><strong><em>enim</em></strong></span> <span class='ocrx_word' id='word_1_327' title='bbox 898 4172 1091 4225; x_wconf 85' lang='lat' dir='ltr'><strong><em>l’actu-u</em></strong></span> <span class='ocrx_word' id='word_1_328' title='bbox 1129 4171 1220 4225; x_wconf 79' lang='lat' dir='ltr'><strong><em>fuit</em></strong></span> <span class='ocrx_word' id='word_1_329' title='bbox 1251 4174 1301 4225; x_wconf 90' lang='lat' dir='ltr'><strong><em>in</em></strong></span> <span class='ocrx_word' id='word_1_330' title='bbox 1331 4174 1501 4227; x_wconf 88' lang='lat' dir='ltr'><strong><em>literis</em></strong></span> <span class='ocrx_word' id='word_1_331' title='bbox 1541 4182 1660 4242; x_wconf 90' lang='lat' dir='ltr'><strong><em>post</em></strong></span> <span class='ocrx_word' id='word_1_332' title='bbox 1691 4173 1833 4227; x_wconf 87' lang='lat' dir='ltr'><strong><em>redi-</em></strong></span> 
     </span>
    </p>
   </div>
   <div class='ocr_carea' id='block_1_43' title="bbox 240 4265 1831 4338">
    <p class='ocr_par' dir='ltr' id='par_1_43' title="bbox 240 4265 1831 4338">
     <span class='ocr_line' id='line_1_43' title="bbox 240 4265 1831 4338; baseline 0.001 -18"><span class='ocrx_word' id='word_1_333' title='bbox 240 4276 339 4322; x_wconf 87' lang='lat' dir='ltr'><strong><em>tum</em></strong></span> <span class='ocrx_word' id='word_1_334' title='bbox 362 4286 393 4322; x_wconf 88' lang='lat' dir='ltr'><strong><em>a</em></strong></span> <span class='ocrx_word' id='word_1_335' title='bbox 424 4266 727 4338; x_wconf 82' lang='lat' dir='ltr'><strong><em>Babylone.</em></strong></span> <span class='ocrx_word' id='word_1_336' title='bbox 781 4266 891 4335; x_wconf 83' lang='lat' dir='ltr'><strong><em>Ego</em></strong></span> <span class='ocrx_word' id='word_1_337' title='bbox 921 4274 1097 4318; x_wconf 87' lang='lat' dir='ltr'><strong><em>autem</em></strong></span> <span class='ocrx_word' id='word_1_338' title='bbox 1128 4265 1354 4318; x_wconf 68' lang='lat' dir='ltr'><strong><em>ostendo</em></strong></span> <span class='ocrx_word' id='word_1_339' title='bbox 1396 4266 1671 4335; x_wconf 82' lang='lat' dir='ltr'><strong><em>apostolos</em></strong></span> <span class='ocrx_word' id='word_1_340' title='bbox 1698 4266 1831 4322; x_wconf 85' lang='lat' dir='ltr'><strong><em>nihil</em></strong></span> 
     </span>
    </p>
   </div>
   <div class='ocr_carea' id='block_1_44' title="bbox 239 4355 1832 4430">
    <p class='ocr_par' dir='ltr' id='par_1_44' title="bbox 239 4355 1832 4430">
     <span class='ocr_line' id='line_1_44' title="bbox 239 4355 1832 4430; baseline 0.001 -19"><span class='ocrx_word' id='word_1_341' title='bbox 239 4361 512 4430; x_wconf 56' lang='lat' dir='ltr'><strong><em>accepisse</em></strong></span> <span class='ocrx_word' id='word_1_342' title='bbox 555 4356 837 4424; x_wconf 88' lang='lat' dir='ltr'><strong><em>scriptum,</em></strong></span> <span class='ocrx_word' id='word_1_343' title='bbox 887 4355 980 4410; x_wconf 85' lang='lat' dir='ltr'><strong><em>sed</em></strong></span> <span class='ocrx_word' id='word_1_344' title='bbox 1014 4355 1318 4424; x_wconf 76' lang='lat' dir='ltr'><strong><em>suscepisse</em></strong></span> <span class='ocrx_word' id='word_1_345' title='bbox 1351 4357 1401 4410; x_wconf 90' lang='lat' dir='ltr'><strong><em>in</em></strong></span> <span class='ocrx_word' id='word_1_346' title='bbox 1436 4356 1689 4411; x_wconf 84' lang='lat' dir='ltr'><strong><em>cordibus</em></strong></span> <span class='ocrx_word' id='word_1_347' title='bbox 1736 4373 1832 4426; x_wconf 85' lang='lat' dir='ltr'><strong><em>per</em></strong></span> 
     </span>
    </p>
   </div>
   <div class='ocr_carea' id='block_1_45' title="bbox 233 4442 1833 4523">
    <p class='ocr_par' dir='ltr' id='par_1_45' title="bbox 233 4442 1833 4523">
     <span class='ocr_line' id='line_1_45' title="bbox 233 4442 1833 4523; baseline 0.004 -22"><span class='ocrx_word' id='word_1_348' title='bbox 233 4448 488 4520; x_wconf 83' lang='lat' dir='ltr'><strong><em>Spiritum</em></strong></span> <span class='ocrx_word' id='word_1_349' title='bbox 531 4457 800 4504; x_wconf 82' lang='lat' dir='ltr'><strong><em>sanctum.</em></strong></span> <span class='ocrx_word' id='word_1_350' title='bbox 829 4450 1194 4515; x_wconf 86' lang='lat' dir='ltr'><strong><em>Quamobrem</em></strong></span> <span class='ocrx_word' id='word_1_351' title='bbox 1226 4450 1472 4505; x_wconf 81' lang='lat' dir='ltr'><strong><em>Christus</em></strong></span> <span class='ocrx_word' id='word_1_352' title='bbox 1499 4467 1713 4523; x_wconf 88' lang='lat' dir='ltr'><strong><em>quoque</em></strong></span> <span class='ocrx_word' id='word_1_353' title='bbox 1749 4442 1833 4507; x_wconf 86' lang='lat' dir='ltr'><strong><em>di-</em></strong></span> 
     </span>
    </p>
   </div>
   <div class='ocr_carea' id='block_1_46' title="bbox 233 4541 1829 4607">
    <p class='ocr_par' dir='ltr' id='par_1_46' title="bbox 233 4541 1829 4607">
     <span class='ocr_line' id='line_1_46' title="bbox 233 4541 1829 4607; baseline 0.002 -12"><span class='ocrx_word' id='word_1_354' title='bbox 233 4544 375 4599; x_wconf 81' lang='lat' dir='ltr'><strong><em>cebat</em></strong></span> <span class='ocrx_word' id='word_1_355' title='bbox 407 4563 419 4596; x_wconf 87' lang='lat'>:</span> <span class='ocrx_word' id='word_1_356' title='bbox 456 4541 565 4596; x_wconf 83' lang='lat' dir='ltr'><strong><em>Ille</em></strong></span> <span class='ocrx_word' id='word_1_357' title='bbox 582 4558 701 4594; x_wconf 87' lang='lat' dir='ltr'><strong><em>cum</em></strong></span> <span class='ocrx_word' id='word_1_358' title='bbox 731 4541 941 4607; x_wconf 83' lang='lat' dir='ltr'><strong><em>venerit,</em></strong></span> <span class='ocrx_word' id='word_1_359' title='bbox 985 4545 1159 4595; x_wconf 88' lang='lat' dir='ltr'><strong><em>omnia</em></strong></span> <span class='ocrx_word' id='word_1_360' title='bbox 1186 4543 1325 4595; x_wconf 73' lang='lat' dir='ltr'><strong><em>vobis</em></strong></span> <span class='ocrx_word' id='word_1_361' title='bbox 1356 4543 1605 4596; x_wconf 80' lang='lat' dir='ltr'><strong><em>revocabit</em></strong></span> <span class='ocrx_word' id='word_1_362' title='bbox 1634 4544 1688 4596; x_wconf 83' lang='lat' dir='ltr'><strong><em>in</em></strong></span> <span class='ocrx_word' id='word_1_363' title='bbox 1724 4560 1829 4598; x_wconf 88' lang='lat' dir='ltr'><strong><em>me-</em></strong></span> 
     </span>
    </p>
   </div>
   <div class='ocr_carea' id='block_1_47' title="bbox 232 4631 1829 4704">
    <p class='ocr_par' dir='ltr' id='par_1_47' title="bbox 232 4631 1829 4704">
     <span class='ocr_line' id='line_1_47' title="bbox 232 4631 1829 4704; baseline 0 -17"><span class='ocrx_word' id='word_1_364' title='bbox 232 4640 463 4699; x_wconf 81' lang='lat' dir='ltr'><strong><em>moriam,</em></strong></span> <span class='ocrx_word' id='word_1_365' title='bbox 499 4645 547 4689; x_wconf 84' lang='lat' dir='ltr'><strong><em>et</em></strong></span> <span class='ocrx_word' id='word_1_366' title='bbox 574 4634 777 4688; x_wconf 82' lang='lat' dir='ltr'><strong><em>docebit</em></strong></span> <span class='ocrx_word' id='word_1_367' title='bbox 802 4631 1072 4704; x_wconf 74' lang='lat' dir='ltr'><strong><em>vos(loan.</em></strong></span> <span class='ocrx_word' id='word_1_368' title='bbox 1110 4634 1198 4688; x_wconf 78' lang='grc'><strong>14.</strong></span> <span class='ocrx_word' id='word_1_369' title='bbox 1232 4633 1347 4703; x_wconf 69' lang='grc'><strong>26).</strong></span> <span class='ocrx_word' id='word_1_370' title='bbox 1375 4633 1462 4687; x_wconf 80' lang='lat' dir='ltr'><strong><em>ll.</em></strong></span> <span class='ocrx_word' id='word_1_371' title='bbox 1516 4631 1585 4686; x_wconf 85' lang='lat' dir='ltr'><strong><em>Et</em></strong></span> <span class='ocrx_word' id='word_1_372' title='bbox 1614 4650 1715 4687; x_wconf 87' lang='lat' dir='ltr'><strong><em>non</em></strong></span> <span class='ocrx_word' id='word_1_373' title='bbox 1737 4636 1829 4687; x_wconf 87' lang='lat' dir='ltr'><strong><em>do-</em></strong></span> 
     </span>
    </p>
   </div>
   <div class='ocr_carea' id='block_1_48' title="bbox 232 4728 1831 4799">
    <p class='ocr_par' dir='ltr' id='par_1_48' title="bbox 232 4728 1831 4799">
     <span class='ocr_line' id='line_1_48' title="bbox 232 4728 1831 4799; baseline 0.003 -20"><span class='ocrx_word' id='word_1_374' title='bbox 232 4730 345 4783; x_wconf 80' lang='lat' dir='ltr'><strong><em>cebit</em></strong></span> <span class='ocrx_word' id='word_1_375' title='bbox 396 4728 747 4797; x_wconf 81' lang='lat' dir='ltr'><strong><em>unusquisque</em></strong></span> <span class='ocrx_word' id='word_1_376' title='bbox 794 4728 1085 4797; x_wconf 78' lang='lat' dir='ltr'><strong><em>proximum</em></strong></span> <span class='ocrx_word' id='word_1_377' title='bbox 1139 4745 1323 4791; x_wconf 79' lang='lat' dir='ltr'><strong><em>stmm,</em></strong></span> <span class='ocrx_word' id='word_1_378' title='bbox 1391 4737 1436 4781; x_wconf 84' lang='lat' dir='ltr'><strong><em>et</em></strong></span> <span class='ocrx_word' id='word_1_379' title='bbox 1482 4730 1831 4799; x_wconf 80' lang='lat' dir='ltr'><strong><em>unusquisque</em></strong></span> 
     </span>
    </p>
   </div>
   <div class='ocr_carea' id='block_1_49' title="bbox 234 4818 1829 4891">
    <p class='ocr_par' dir='ltr' id='par_1_49' title="bbox 234 4818 1829 4891">
     <span class='ocr_line' id='line_1_49' title="bbox 234 4818 1829 4891; baseline 0.001 -18"><span class='ocrx_word' id='word_1_380' title='bbox 234 4822 435 4887; x_wconf 75' lang='lat' dir='ltr'><strong><em>fratrem</em></strong></span> <span class='ocrx_word' id='word_1_381' title='bbox 472 4838 653 4887; x_wconf 85' lang='lat' dir='ltr'><strong><em>suum,</em></strong></span> <span class='ocrx_word' id='word_1_382' title='bbox 681 4821 854 4873; x_wconf 83' lang='lat' dir='ltr'><strong><em>dicens</em></strong></span> <span class='ocrx_word' id='word_1_383' title='bbox 878 4836 896 4873; x_wconf 90' lang='lat'><strong><em>:</em></strong></span> <span class='ocrx_word' id='word_1_384' title='bbox 944 4818 1203 4891; x_wconf 83' lang='lat' dir='ltr'><strong><em>COgnosce</em></strong></span> <span class='ocrx_word' id='word_1_385' title='bbox 1230 4820 1503 4874; x_wconf 87' lang='lat' dir='ltr'><strong><em>Dominum</em></strong></span> <span class='ocrx_word' id='word_1_386' title='bbox 1529 4837 1547 4875; x_wconf 90' lang='lat'><strong><em>:</em></strong></span> <span class='ocrx_word' id='word_1_387' title='bbox 1591 4824 1829 4890; x_wconf 83' lang='lat' dir='ltr'><strong><em>quoniam</em></strong></span> 
     </span>
    </p>
   </div>
   <div class='ocr_carea' id='block_1_50' title="bbox 233 4912 1830 4984">
    <p class='ocr_par' dir='ltr' id='par_1_50' title="bbox 233 4912 1830 4984">
     <span class='ocr_line' id='line_1_50' title="bbox 233 4912 1830 4984; baseline 0.002 -20"><span class='ocrx_word' id='word_1_388' title='bbox 233 4930 393 4968; x_wconf 82' lang='lat' dir='ltr'><strong><em>omnes</em></strong></span> <span class='ocrx_word' id='word_1_389' title='bbox 424 4920 589 4968; x_wconf 68' lang='lat' dir='ltr'><strong><em>scient</em></strong></span> <span class='ocrx_word' id='word_1_390' title='bbox 615 4929 694 4965; x_wconf 84' lang='lat' dir='ltr'><strong><em>me</em></strong></span> <span class='ocrx_word' id='word_1_391' title='bbox 721 4930 751 4965; x_wconf 90' lang='lat' dir='ltr'><strong><em>a</em></strong></span> <span class='ocrx_word' id='word_1_392' title='bbox 778 4913 971 4965; x_wconf 88' lang='lat' dir='ltr'><strong><em>minore</em></strong></span> <span class='ocrx_word' id='word_1_393' title='bbox 997 4928 1151 4980; x_wconf 85' lang='lat' dir='ltr'><strong><em>usque</em></strong></span> <span class='ocrx_word' id='word_1_394' title='bbox 1173 4912 1239 4963; x_wconf 85' lang='lat' dir='ltr'><strong><em>ocl</em></strong></span> <span class='ocrx_word' id='word_1_395' title='bbox 1272 4914 1537 4984; x_wconf 88' lang='lat' dir='ltr'><strong><em>majorem.</em></strong></span> <span class='ocrx_word' id='word_1_396' title='bbox 1570 4912 1657 4967; x_wconf 75' lang='grc'><strong><em>12.</em></strong></span> <span class='ocrx_word' id='word_1_397' title='bbox 1696 4914 1830 4979; x_wconf 83' lang='lat' dir='ltr'><strong><em>Quia</em></strong></span> 
     </span>
    </p>
   </div>
   <div class='ocr_carea' id='block_1_51' title="bbox 235 5006 1829 5075">
    <p class='ocr_par' dir='ltr' id='par_1_51' title="bbox 235 5006 1829 5075">
     <span class='ocr_line' id='line_1_51' title="bbox 235 5006 1829 5075; baseline 0 -16"><span class='ocrx_word' id='word_1_398' title='bbox 235 5009 482 5072; x_wconf 79' lang='lat' dir='ltr'><strong><em>prapitius</em></strong></span> <span class='ocrx_word' id='word_1_399' title='bbox 514 5022 601 5057; x_wconf 83' lang='lat' dir='ltr'><strong><em>cro</em></strong></span> <span class='ocrx_word' id='word_1_400' title='bbox 632 5007 853 5073; x_wconf 87' lang='lat' dir='ltr'><strong><em>peccatis</em></strong></span> <span class='ocrx_word' id='word_1_401' title='bbox 877 5015 921 5057; x_wconf 86' lang='lat' dir='ltr'><strong><em>et</em></strong></span> <span class='ocrx_word' id='word_1_402' title='bbox 951 5006 1300 5073; x_wconf 87' lang='lat' dir='ltr'><strong><em>iniquitatilms</em></strong></span> <span class='ocrx_word' id='word_1_403' title='bbox 1330 5021 1527 5073; x_wconf 85' lang='lat' dir='ltr'><strong><em>eorum,</em></strong></span> <span class='ocrx_word' id='word_1_404' title='bbox 1575 5017 1621 5060; x_wconf 90' lang='lat' dir='ltr'><strong><em>et</em></strong></span> <span class='ocrx_word' id='word_1_405' title='bbox 1654 5024 1829 5075; x_wconf 80' lang='lat' dir='ltr'><strong><em>pecca-</em></strong></span> 
     </span>
    </p>
   </div>
   <div class='ocr_carea' id='block_1_52' title="bbox 236 5097 1822 5167">
    <p class='ocr_par' dir='ltr' id='par_1_52' title="bbox 236 5097 1822 5167">
     <span class='ocr_line' id='line_1_52' title="bbox 236 5097 1822 5167; baseline 0.004 -21"><span class='ocrx_word' id='word_1_406' title='bbox 236 5105 391 5149; x_wconf 80' lang='lat' dir='ltr'><strong><em>torum</em></strong></span> <span class='ocrx_word' id='word_1_407' title='bbox 414 5114 591 5151; x_wconf 76' lang='lat' dir='ltr'><strong><em>eornm</em></strong></span> <span class='ocrx_word' id='word_1_408' title='bbox 618 5101 723 5163; x_wconf 75' lang='lat' dir='ltr'><strong><em>iam</em></strong></span> <span class='ocrx_word' id='word_1_409' title='bbox 758 5113 858 5149; x_wconf 91' lang='lat' dir='ltr'><strong><em>non</em></strong></span> <span class='ocrx_word' id='word_1_410' title='bbox 901 5097 1240 5149; x_wconf 81' lang='lat' dir='ltr'><strong><em>memorabor.</em></strong></span> <span class='ocrx_word' id='word_1_411' title='bbox 1284 5097 1422 5152; x_wconf 81' lang='lat' dir='ltr'><strong><em>Ecce</em></strong></span> <span class='ocrx_word' id='word_1_412' title='bbox 1443 5098 1585 5151; x_wconf 85' lang='lat' dir='ltr'><strong><em>aliud</em></strong></span> <span class='ocrx_word' id='word_1_413' title='bbox 1615 5114 1822 5167; x_wconf 78' lang='lat' dir='ltr'><strong><em>quoque</em></strong></span> 
     </span>
    </p>
   </div>
   <div class='ocr_carea' id='block_1_53' title="bbox 233 5190 1825 5261">
    <p class='ocr_par' dir='ltr' id='par_1_53' title="bbox 233 5190 1825 5261">
     <span class='ocr_line' id='line_1_53' title="bbox 233 5190 1825 5261; baseline 0.003 -23"><span class='ocrx_word' id='word_1_414' title='bbox 233 5190 472 5258; x_wconf 77' lang='lat' dir='ltr'><strong><em>signum:</em></strong></span> <span class='ocrx_word' id='word_1_415' title='bbox 535 5191 576 5242; x_wconf 83' lang='grc' dir='ltr'><em>Α</em></span> <span class='ocrx_word' id='word_1_416' title='bbox 621 5206 795 5257; x_wconf 83' lang='lat' dir='ltr'><strong><em>parra.</em></strong></span> <span class='ocrx_word' id='word_1_417' title='bbox 848 5190 1041 5260; x_wconf 89' lang='lat' dir='ltr'><strong><em>inquit,</em></strong></span> <span class='ocrx_word' id='word_1_418' title='bbox 1097 5206 1254 5256; x_wconf 82' lang='lat' dir='ltr'><strong><em>usque</em></strong></span> <span class='ocrx_word' id='word_1_419' title='bbox 1292 5190 1359 5243; x_wconf 87' lang='lat' dir='ltr'><strong><em>ad</em></strong></span> <span class='ocrx_word' id='word_1_420' title='bbox 1385 5208 1623 5261; x_wconf 82' lang='lat' dir='ltr'><strong><em>magnum</em></strong></span> <span class='ocrx_word' id='word_1_421' title='bbox 1653 5208 1825 5244; x_wconf 82' lang='lat' dir='ltr'><strong><em>eorum</em></strong></span> 
     </span>
    </p>
   </div>
   <div class='ocr_carea' id='block_1_54' title="bbox 235 5280 1828 5353">
    <p class='ocr_par' dir='ltr' id='par_1_54' title="bbox 235 5280 1828 5353">
     <span class='ocr_line' id='line_1_54' title="bbox 235 5280 1828 5353; baseline 0.003 -21"><span class='ocrx_word' id='word_1_422' title='bbox 235 5296 304 5333; x_wconf 82' lang='lat' dir='ltr'><strong><em>nte</em></strong></span> <span class='ocrx_word' id='word_1_423' title='bbox 330 5284 509 5343; x_wconf 85' lang='lat' dir='ltr'><strong><em>scient.</em></strong></span> <span class='ocrx_word' id='word_1_424' title='bbox 541 5292 595 5337; x_wconf 90' lang='lat' dir='ltr'><strong><em>ct</em></strong></span> <span class='ocrx_word' id='word_1_425' title='bbox 624 5298 728 5335; x_wconf 88' lang='lat' dir='ltr'><strong><em>non</em></strong></span> <span class='ocrx_word' id='word_1_426' title='bbox 752 5282 955 5346; x_wconf 87' lang='lat' dir='ltr'><strong><em>dicent,</em></strong></span> <span class='ocrx_word' id='word_1_427' title='bbox 983 5280 1242 5353; x_wconf 86' lang='lat' dir='ltr'><strong><em>Cognosce</em></strong></span> <span class='ocrx_word' id='word_1_428' title='bbox 1276 5281 1569 5336; x_wconf 88' lang='lat' dir='ltr'><strong><em>Dominum.</em></strong></span> <span class='ocrx_word' id='word_1_429' title='bbox 1604 5285 1828 5351; x_wconf 76' lang='lat' dir='ltr'><strong><em>Quando</em></strong></span> 
     </span>
    </p>
   </div>
   <div class='ocr_carea' id='block_1_55' title="bbox 236 5370 1827 5443">
    <p class='ocr_par' dir='ltr' id='par_1_55' title="bbox 236 5370 1827 5443">
     <span class='ocr_line' id='line_1_55' title="bbox 236 5370 1827 5443; baseline 0.002 -19"><span class='ocrx_word' id='word_1_430' title='bbox 236 5370 421 5427; x_wconf 77' lang='lat' dir='ltr'><strong><em>factum</em></strong></span> <span class='ocrx_word' id='word_1_431' title='bbox 452 5382 537 5427; x_wconf 83' lang='lat' dir='ltr'><strong><em>est</em></strong></span> <span class='ocrx_word' id='word_1_432' title='bbox 566 5371 693 5438; x_wconf 84' lang='lat' dir='ltr'><strong><em>hoc,</em></strong></span> <span class='ocrx_word' id='word_1_433' title='bbox 738 5372 838 5425; x_wconf 90' lang='lat' dir='ltr'><strong><em>nisi</em></strong></span> <span class='ocrx_word' id='word_1_434' title='bbox 869 5372 1048 5425; x_wconf 89' lang='lat' dir='ltr'><strong><em>nunc?</em></strong></span> <span class='ocrx_word' id='word_1_435' title='bbox 1100 5372 1230 5426; x_wconf 82' lang='lat' dir='ltr'><strong><em>Nam</em></strong></span> <span class='ocrx_word' id='word_1_436' title='bbox 1270 5372 1410 5443; x_wconf 89' lang='lat' dir='ltr'><strong><em>quod</em></strong></span> <span class='ocrx_word' id='word_1_437' title='bbox 1442 5384 1684 5427; x_wconf 88' lang='lat' dir='ltr'><strong><em>nostrum</em></strong></span> <span class='ocrx_word' id='word_1_438' title='bbox 1711 5375 1827 5442; x_wconf 89' lang='lat' dir='ltr'><strong><em>qui-</em></strong></span> 
     </span>
    </p>
   </div>
   <div class='ocr_carea' id='block_1_56' title="bbox 235 5463 1824 5534">
    <p class='ocr_par' dir='ltr' id='par_1_56' title="bbox 235 5463 1824 5534">
     <span class='ocr_line' id='line_1_56' title="bbox 235 5463 1824 5534; baseline -0.001 -15"><span class='ocrx_word' id='word_1_439' title='bbox 235 5464 347 5520; x_wconf 86' lang='lat' dir='ltr'><strong><em>dem</em></strong></span> <span class='ocrx_word' id='word_1_440' title='bbox 391 5475 498 5533; x_wconf 88' lang='lat' dir='ltr'><strong><em>est,</em></strong></span> <span class='ocrx_word' id='word_1_441' title='bbox 551 5474 636 5520; x_wconf 91' lang='lat' dir='ltr'><strong><em>est</em></strong></span> <span class='ocrx_word' id='word_1_442' title='bbox 686 5463 1030 5519; x_wconf 80' lang='lat' dir='ltr'><strong><em>manifestum</em></strong></span> <span class='ocrx_word' id='word_1_443' title='bbox 1058 5482 1069 5519; x_wconf 90' lang='lat'><strong>:</strong></span> <span class='ocrx_word' id='word_1_444' title='bbox 1096 5464 1239 5534; x_wconf 90' lang='lat' dir='ltr'><strong><em>quod</em></strong></span> <span class='ocrx_word' id='word_1_445' title='bbox 1266 5476 1443 5519; x_wconf 84' lang='lat' dir='ltr'><strong><em>autem</em></strong></span> <span class='ocrx_word' id='word_1_446' title='bbox 1473 5474 1556 5520; x_wconf 62' lang='lat' dir='ltr'><strong><em>est</em></strong></span> <span class='ocrx_word' id='word_1_447' title='bbox 1587 5466 1824 5531; x_wconf 88' lang='lat' dir='ltr'><strong><em>illorum,</em></strong></span> 
     </span>
    </p>
   </div>
   <div class='ocr_carea' id='block_1_57' title="bbox 233 5558 1825 5631">
    <p class='ocr_par' dir='ltr' id='par_1_57' title="bbox 233 5558 1825 5631">
     <span class='ocr_line' id='line_1_57' title="bbox 233 5558 1825 5631; baseline -0.001 -16"><span class='ocrx_word' id='word_1_448' title='bbox 233 5575 567 5631; x_wconf 74' lang='lat' dir='ltr'><strong><em>nequaquam</em></strong></span> <span class='ocrx_word' id='word_1_449' title='bbox 616 5568 699 5614; x_wconf 89' lang='lat' dir='ltr'><strong><em>est</em></strong></span> <span class='ocrx_word' id='word_1_450' title='bbox 738 5558 1107 5623; x_wconf 82' lang='lat' dir='ltr'><strong><em>manifestum,</em></strong></span> <span class='ocrx_word' id='word_1_451' title='bbox 1150 5558 1244 5611; x_wconf 90' lang='lat' dir='ltr'><strong><em>sed</em></strong></span> <span class='ocrx_word' id='word_1_452' title='bbox 1294 5559 1489 5627; x_wconf 82' lang='lat' dir='ltr'><strong><em>angulo</em></strong></span> <span class='ocrx_word' id='word_1_453' title='bbox 1536 5559 1825 5614; x_wconf 81' lang='lat' dir='ltr'><strong><em>inciustnn.</em></strong></span> 
     </span>
    </p>
   </div>
   <div class='ocr_carea' id='block_1_58' title="bbox 232 5649 1825 5723">
    <p class='ocr_par' dir='ltr' id='par_1_58' title="bbox 232 5649 1825 5723">
     <span class='ocr_line' id='line_1_58' title="bbox 232 5649 1825 5723; baseline 0 -17"><span class='ocrx_word' id='word_1_454' title='bbox 232 5654 472 5723; x_wconf 77' lang='lat' dir='ltr'><strong><em>Alioquin</em></strong></span> <span class='ocrx_word' id='word_1_455' title='bbox 501 5667 698 5707; x_wconf 83' lang='lat' dir='ltr'><strong><em>novum</em></strong></span> <span class='ocrx_word' id='word_1_456' title='bbox 731 5660 859 5704; x_wconf 88' lang='lat' dir='ltr'><strong><em>tunc</em></strong></span> <span class='ocrx_word' id='word_1_457' title='bbox 888 5650 1102 5712; x_wconf 86' lang='lat' dir='ltr'><strong><em>dicitur,</em></strong></span> <span class='ocrx_word' id='word_1_458' title='bbox 1131 5649 1344 5718; x_wconf 88' lang='lat' dir='ltr'><strong><em>quando</em></strong></span> <span class='ocrx_word' id='word_1_459' title='bbox 1372 5649 1530 5703; x_wconf 80' lang='lat' dir='ltr'><strong><em>fuerit</em></strong></span> <span class='ocrx_word' id='word_1_460' title='bbox 1550 5650 1716 5715; x_wconf 83' lang='lat' dir='ltr'><strong><em>aliud,</em></strong></span> <span class='ocrx_word' id='word_1_461' title='bbox 1767 5661 1825 5706; x_wconf 90' lang='lat' dir='ltr'><strong><em>et</em></strong></span> 
     </span>
    </p>
   </div>
   <div class='ocr_carea' id='block_1_59' title="bbox 234 5741 1812 5816">
    <p class='ocr_par' dir='ltr' id='par_1_59' title="bbox 234 5741 1812 5816">
     <span class='ocr_line' id='line_1_59' title="bbox 234 5741 1812 5816; baseline -0.002 -15"><span class='ocrx_word' id='word_1_462' title='bbox 234 5746 582 5803; x_wconf 77' lang='lat' dir='ltr'><strong><em>Ostenderitsi</em></strong></span> <span class='ocrx_word' id='word_1_463' title='bbox 615 5744 740 5816; x_wconf 88' lang='lat' dir='ltr'><strong><em>quid</em></strong></span> <span class='ocrx_word' id='word_1_464' title='bbox 758 5744 878 5814; x_wconf 89' lang='lat' dir='ltr'><strong><em>plus</em></strong></span> <span class='ocrx_word' id='word_1_465' title='bbox 902 5741 1233 5812; x_wconf 79' lang='lat' dir='ltr'><strong><em>liabetquam</em></strong></span> <span class='ocrx_word' id='word_1_466' title='bbox 1250 5752 1425 5797; x_wconf 74' lang='lat' dir='ltr'><strong><em>vetus.</em></strong></span> <span class='ocrx_word' id='word_1_467' title='bbox 1460 5742 1574 5796; x_wconf 91' lang='lat' dir='ltr'><strong><em>lloc</em></strong></span> <span class='ocrx_word' id='word_1_468' title='bbox 1601 5759 1812 5813; x_wconf 88' lang='lat' dir='ltr'><strong><em>quoque</em></strong></span> 
     </span>
    </p>
   </div>
   <div class='ocr_carea' id='block_1_60' title="bbox 240 5832 1815 5909">
    <p class='ocr_par' dir='ltr' id='par_1_60' title="bbox 240 5832 1815 5909">
     <span class='ocr_line' id='line_1_60' title="bbox 240 5832 1815 5909; baseline -0.004 -16"><span class='ocrx_word' id='word_1_469' title='bbox 240 5849 310 5893; x_wconf 85' lang='lat' dir='ltr'><strong><em>cst</em></strong></span> <span class='ocrx_word' id='word_1_470' title='bbox 340 5837 571 5908; x_wconf 76' lang='lat' dir='ltr'><strong><em>Novum,</em></strong></span> <span class='ocrx_word' id='word_1_471' title='bbox 620 5834 841 5909; x_wconf 87' lang='lat' dir='ltr'><strong><em>quando</em></strong></span> <span class='ocrx_word' id='word_1_472' title='bbox 882 5833 999 5901; x_wconf 86' lang='lat' dir='ltr'><strong><em>ejus</em></strong></span> <span class='ocrx_word' id='word_1_473' title='bbox 1026 5834 1125 5887; x_wconf 87' lang='lat' dir='ltr'><strong><em>alia</em></strong></span> <span class='ocrx_word' id='word_1_474' title='bbox 1154 5832 1367 5903; x_wconf 79' lang='lat' dir='ltr'><strong><em>quidem</em></strong></span> <span class='ocrx_word' id='word_1_475' title='bbox 1398 5834 1594 5889; x_wconf 82' lang='lat' dir='ltr'><strong><em>fuerint</em></strong></span> <span class='ocrx_word' id='word_1_476' title='bbox 1618 5833 1815 5902; x_wconf 88' lang='lat' dir='ltr'><strong><em>ablata,</em></strong></span> 
     </span>
    </p>
   </div>
   <div class='ocr_carea' id='block_1_61' title="bbox 991 372 2693 442">
    <p class='ocr_par' dir='ltr' id='par_1_61' title="bbox 991 372 2693 442">
     <span class='ocr_line' id='line_1_61' title="bbox 991 372 2693 442; baseline 0.004 -9"><span class='ocrx_word' id='word_1_477' title='bbox 991 376 1052 433; x_wconf 74' lang='grc' dir='ltr'><strong><em>[Ν</em></strong></span> <span class='ocrx_word' id='word_1_478' title='bbox 1094 375 1309 434; x_wconf 73' lang='grc' dir='ltr'><strong><em>ΕΡῖΞΤ.</em></strong></span> <span class='ocrx_word' id='word_1_479' title='bbox 1357 376 1444 430; x_wconf 76' lang='lat' dir='ltr'><strong><em>AD</em></strong></span> <span class='ocrx_word' id='word_1_480' title='bbox 1485 372 1844 431; x_wconf 67' lang='grc' dir='ltr'><strong><em>ΠΕΒΠᾹΞΟΞ.</em></strong></span> <span class='ocrx_word' id='word_1_481' title='bbox 1890 374 2044 432; x_wconf 81' lang='lat' dir='ltr'><strong><em>CAP.</em></strong></span> <span class='ocrx_word' id='word_1_482' title='bbox 2089 375 2228 437; x_wconf 78' lang='lat' dir='ltr'><strong><em>Vill.</em></strong></span> <span class='ocrx_word' id='word_1_483' title='bbox 2273 380 2508 440; x_wconf 79' lang='lat' dir='ltr'><strong><em>llOMlL.</em></strong></span> <span class='ocrx_word' id='word_1_484' title='bbox 2550 383 2693 442; x_wconf 81' lang='lat' dir='ltr'><strong><em>XIV.</em></strong></span> 
     </span>
    </p>
   </div>
   <div class='ocr_carea' id='block_1_62' title="bbox 3438 398 3542 457">
    <p class='ocr_par' dir='ltr' id='par_1_62' title="bbox 3438 398 3542 457">
     <span class='ocr_line' id='line_1_62' title="bbox 3438 398 3542 457; baseline 0.048 -5"><span class='ocrx_word' id='word_1_485' title='bbox 3438 398 3542 457; x_wconf 77' lang='grc'><strong>114</strong></span> 
     </span>
    </p>
   </div>
   <div class='ocr_carea' id='block_1_63' title="bbox 1948 487 3543 564">
    <p class='ocr_par' dir='ltr' id='par_1_63' title="bbox 1948 487 3543 564">
     <span class='ocr_line' id='line_1_63' title="bbox 1948 487 3543 564; baseline 0.012 -24"><span class='ocrx_word' id='word_1_486' title='bbox 1948 487 2050 542; x_wconf 90' lang='lat' dir='ltr'><strong><em>alia</em></strong></span> <span class='ocrx_word' id='word_1_487' title='bbox 2078 503 2207 544; x_wconf 77' lang='lat' dir='ltr'><strong><em>vero</em></strong></span> <span class='ocrx_word' id='word_1_488' title='bbox 2239 506 2345 544; x_wconf 88' lang='lat' dir='ltr'><strong><em>non</em></strong></span> <span class='ocrx_word' id='word_1_489' title='bbox 2378 509 2390 543; x_wconf 94' lang='lat'><strong>:</strong></span> <span class='ocrx_word' id='word_1_490' title='bbox 2422 499 2479 544; x_wconf 90' lang='lat' dir='ltr'><strong><em>ut</em></strong></span> <span class='ocrx_word' id='word_1_491' title='bbox 2510 490 2554 544; x_wconf 93' lang='lat' dir='ltr'><strong><em>si</em></strong></span> <span class='ocrx_word' id='word_1_492' title='bbox 2577 492 2717 560; x_wconf 88' lang='lat' dir='ltr'><strong><em>quis,</em></strong></span> <span class='ocrx_word' id='word_1_493' title='bbox 2748 494 2985 564; x_wconf 72' lang='lat' dir='ltr'><strong><em>exempli</em></strong></span> <span class='ocrx_word' id='word_1_494' title='bbox 3014 509 3195 562; x_wconf 88' lang='lat' dir='ltr'><strong><em>causa,</em></strong></span> <span class='ocrx_word' id='word_1_495' title='bbox 3228 498 3425 557; x_wconf 88' lang='lat' dir='ltr'><strong><em>domus</em></strong></span> <span class='ocrx_word' id='word_1_496' title='bbox 3450 519 3543 559; x_wconf 80' lang='lat' dir='ltr'><strong><em>ve-</em></strong></span> 
     </span>
    </p>
   </div>
   <div class='ocr_carea' id='block_1_64' title="bbox 1947 581 3555 658">
    <p class='ocr_par' dir='ltr' id='par_1_64' title="bbox 1947 581 3555 658">
     <span class='ocr_line' id='line_1_64' title="bbox 1947 581 3555 658; baseline 0.01 -24"><span class='ocrx_word' id='word_1_497' title='bbox 1947 581 2095 645; x_wconf 85' lang='lat' dir='ltr'><strong><em>teris,</em></strong></span> <span class='ocrx_word' id='word_1_498' title='bbox 2112 598 2229 653; x_wconf 74' lang='lat' dir='ltr'><strong><em>qua!</em></strong></span> <span class='ocrx_word' id='word_1_499' title='bbox 2248 583 2481 637; x_wconf 87' lang='lat' dir='ltr'><strong><em>minatur</em></strong></span> <span class='ocrx_word' id='word_1_500' title='bbox 2499 584 2730 649; x_wconf 90' lang='lat' dir='ltr'><strong><em>ruinam,</em></strong></span> <span class='ocrx_word' id='word_1_501' title='bbox 2751 586 2938 643; x_wconf 89' lang='lat' dir='ltr'><strong><em>relicto</em></strong></span> <span class='ocrx_word' id='word_1_502' title='bbox 2952 589 3555 658; x_wconf 83' lang='lat' dir='ltr'><strong><em>universo,l&#39;undamen-</em></strong></span> 
     </span>
    </p>
   </div>
   <div class='ocr_carea' id='block_1_65' title="bbox 1944 677 3546 756">
    <p class='ocr_par' dir='ltr' id='par_1_65' title="bbox 1944 677 3546 756">
     <span class='ocr_line' id='line_1_65' title="bbox 1944 677 3546 756; baseline 0.01 -28"><span class='ocrx_word' id='word_1_503' title='bbox 1944 683 2053 729; x_wconf 89' lang='lat' dir='ltr'><strong><em>tum</em></strong></span> <span class='ocrx_word' id='word_1_504' title='bbox 2074 679 2432 745; x_wconf 86' lang='lat' dir='ltr'><strong><em>consarcinat,</em></strong></span> <span class='ocrx_word' id='word_1_505' title='bbox 2452 677 2739 735; x_wconf 81' lang='lat' dir='ltr'><strong><em>confestim</em></strong></span> <span class='ocrx_word' id='word_1_506' title='bbox 2755 680 3008 754; x_wconf 81' lang='lat' dir='ltr'><strong><em>dicimus,</em></strong></span> <span class='ocrx_word' id='word_1_507' title='bbox 3032 684 3164 739; x_wconf 88' lang='lat' dir='ltr'><strong><em>Eam</em></strong></span> <span class='ocrx_word' id='word_1_508' title='bbox 3186 685 3546 756; x_wconf 80' lang='lat' dir='ltr'><strong><em>lecitnovam,</em></strong></span> 
     </span>
    </p>
   </div>
   <div class='ocr_carea' id='block_1_66' title="bbox 1940 768 3545 837">
    <p class='ocr_par' dir='ltr' id='par_1_66' title="bbox 1940 768 3545 837">
     <span class='ocr_line' id='line_1_66' title="bbox 1940 768 3545 837; baseline 0.009 -16"><span class='ocrx_word' id='word_1_509' title='bbox 1940 782 2061 822; x_wconf 87' lang='lat' dir='ltr'><strong><em>Cum</em></strong></span> <span class='ocrx_word' id='word_1_510' title='bbox 2092 768 2195 823; x_wconf 88' lang='lat' dir='ltr'><strong><em>alia</em></strong></span> <span class='ocrx_word' id='word_1_511' title='bbox 2223 771 2506 837; x_wconf 77' lang='lat' dir='ltr'><strong><em>exemerit,</em></strong></span> <span class='ocrx_word' id='word_1_512' title='bbox 2560 771 2665 825; x_wconf 89' lang='lat' dir='ltr'><strong><em>alia</em></strong></span> <span class='ocrx_word' id='word_1_513' title='bbox 2705 786 2893 827; x_wconf 89' lang='lat' dir='ltr'><strong><em>eorum</em></strong></span> <span class='ocrx_word' id='word_1_514' title='bbox 2920 774 3040 830; x_wconf 89' lang='lat' dir='ltr'><strong><em>loco</em></strong></span> <span class='ocrx_word' id='word_1_515' title='bbox 3069 776 3361 835; x_wconf 81' lang='lat' dir='ltr'><strong><em>induxerit.</em></strong></span> <span class='ocrx_word' id='word_1_516' title='bbox 3411 780 3545 835; x_wconf 86' lang='lat' dir='ltr'><strong><em>Nam</em></strong></span> 
     </span>
    </p>
   </div>
   <div class='ocr_carea' id='block_1_67' title="bbox 1938 860 3544 936">
    <p class='ocr_par' dir='ltr' id='par_1_67' title="bbox 1938 860 3544 936">
     <span class='ocr_line' id='line_1_67' title="bbox 1938 860 3544 936; baseline 0.009 -23"><span class='ocrx_word' id='word_1_517' title='bbox 1938 860 2127 914; x_wconf 68' lang='lat' dir='ltr'><strong><em>crclum</em></strong></span> <span class='ocrx_word' id='word_1_518' title='bbox 2161 876 2378 931; x_wconf 90' lang='lat' dir='ltr'><strong><em>quoque</em></strong></span> <span class='ocrx_word' id='word_1_519' title='bbox 2402 861 2601 917; x_wconf 92' lang='lat' dir='ltr'><strong><em>dicitur</em></strong></span> <span class='ocrx_word' id='word_1_520' title='bbox 2624 879 2842 929; x_wconf 80' lang='lat' dir='ltr'><strong><em>novum,</em></strong></span> <span class='ocrx_word' id='word_1_521' title='bbox 2885 870 3104 936; x_wconf 87' lang='lat' dir='ltr'><strong><em>quando</em></strong></span> <span class='ocrx_word' id='word_1_522' title='bbox 3138 885 3243 924; x_wconf 92' lang='lat' dir='ltr'><strong><em>non</em></strong></span> <span class='ocrx_word' id='word_1_523' title='bbox 3285 871 3384 926; x_wconf 79' lang='lat' dir='ltr'><strong>fuit</strong></span> <span class='ocrx_word' id='word_1_524' title='bbox 3422 888 3544 927; x_wconf 82' lang='lat' dir='ltr'><strong><em>ani-</em></strong></span> 
     </span>
    </p>
   </div>
   <div class='ocr_carea' id='block_1_68' title="bbox 1938 952 3541 1033">
    <p class='ocr_par' dir='ltr' id='par_1_68' title="bbox 1938 952 3541 1033">
     <span class='ocr_line' id='line_1_68' title="bbox 1938 952 3541 1033; baseline 0.01 -29"><span class='ocrx_word' id='word_1_525' title='bbox 1938 952 2074 1020; x_wconf 87' lang='lat' dir='ltr'><strong><em>plius</em></strong></span> <span class='ocrx_word' id='word_1_526' title='bbox 2102 967 2337 1015; x_wconf 78' lang='lat' dir='ltr'><strong><em>:rneum.</em></strong></span> <span class='ocrx_word' id='word_1_527' title='bbox 2387 953 2481 1008; x_wconf 86' lang='lat' dir='ltr'><strong><em>sed</em></strong></span> <span class='ocrx_word' id='word_1_528' title='bbox 2529 953 2677 1009; x_wconf 89' lang='lat' dir='ltr'><strong><em>dedit</em></strong></span> <span class='ocrx_word' id='word_1_529' title='bbox 2723 956 2999 1024; x_wconf 83' lang='lat' dir='ltr'><strong><em>pluviam:</em></strong></span> <span class='ocrx_word' id='word_1_530' title='bbox 3046 960 3300 1015; x_wconf 85' lang='lat' dir='ltr'><strong><em>similiter</em></strong></span> <span class='ocrx_word' id='word_1_531' title='bbox 3327 979 3541 1033; x_wconf 87' lang='lat' dir='ltr'><strong><em>quoque</em></strong></span> 
     </span>
    </p>
   </div>
   <div class='ocr_carea' id='block_1_69' title="bbox 1937 1044 3540 1126">
    <p class='ocr_par' dir='ltr' id='par_1_69' title="bbox 1937 1044 3540 1126">
     <span class='ocr_line' id='line_1_69' title="bbox 1937 1044 3540 1126; baseline 0.009 -29"><span class='ocrx_word' id='word_1_532' title='bbox 1937 1051 2102 1108; x_wconf 85' lang='lat' dir='ltr'><strong><em>terra,</em></strong></span> <span class='ocrx_word' id='word_1_533' title='bbox 2122 1044 2339 1113; x_wconf 86' lang='lat' dir='ltr'><strong><em>quando</em></strong></span> <span class='ocrx_word' id='word_1_534' title='bbox 2364 1059 2471 1099; x_wconf 91' lang='lat' dir='ltr'><strong><em>non</em></strong></span> <span class='ocrx_word' id='word_1_535' title='bbox 2504 1046 2735 1116; x_wconf 86' lang='lat' dir='ltr'><strong><em>amplius</em></strong></span> <span class='ocrx_word' id='word_1_536' title='bbox 2766 1047 2859 1101; x_wconf 80' lang='lat' dir='ltr'><strong><em>fuit</em></strong></span> <span class='ocrx_word' id='word_1_537' title='bbox 2883 1049 3211 1117; x_wconf 73' lang='lat' dir='ltr'><strong><em>inltecunda,</em></strong></span> <span class='ocrx_word' id='word_1_538' title='bbox 3249 1071 3352 1107; x_wconf 89' lang='lat' dir='ltr'><strong><em>non</em></strong></span> <span class='ocrx_word' id='word_1_539' title='bbox 3371 1072 3540 1126; x_wconf 86' lang='lat' dir='ltr'><strong><em>quan-</em></strong></span> 
     </span>
    </p>
   </div>
   <div class='ocr_carea' id='block_1_70' title="bbox 1934 1136 3535 1213">
    <p class='ocr_par' dir='ltr' id='par_1_70' title="bbox 1934 1136 3535 1213">
     <span class='ocr_line' id='line_1_70' title="bbox 1934 1136 3535 1213; baseline 0.008 -22"><span class='ocrx_word' id='word_1_540' title='bbox 1934 1136 2003 1191; x_wconf 92' lang='lat' dir='ltr'><strong><em>do</em></strong></span> <span class='ocrx_word' id='word_1_541' title='bbox 2034 1136 2133 1191; x_wconf 84' lang='lat' dir='ltr'><strong><em>luit</em></strong></span> <span class='ocrx_word' id='word_1_542' title='bbox 2163 1146 2388 1192; x_wconf 87' lang='lat' dir='ltr'><strong><em>mutata.</em></strong></span> <span class='ocrx_word' id='word_1_543' title='bbox 2440 1138 2509 1192; x_wconf 91' lang='lat' dir='ltr'><strong><em>Et</em></strong></span> <span class='ocrx_word' id='word_1_544' title='bbox 2544 1137 2739 1194; x_wconf 87' lang='lat' dir='ltr'><strong><em>domus</em></strong></span> <span class='ocrx_word' id='word_1_545' title='bbox 2785 1148 2910 1195; x_wconf 91' lang='lat' dir='ltr'><strong><em>tunc</em></strong></span> <span class='ocrx_word' id='word_1_546' title='bbox 2956 1157 3113 1207; x_wconf 76' lang='lat' dir='ltr'><strong><em>nova,</em></strong></span> <span class='ocrx_word' id='word_1_547' title='bbox 3169 1147 3382 1213; x_wconf 85' lang='lat' dir='ltr'><strong><em>quando</em></strong></span> <span class='ocrx_word' id='word_1_548' title='bbox 3434 1150 3535 1205; x_wconf 88' lang='lat' dir='ltr'><strong><em>alia</em></strong></span> 
     </span>
    </p>
   </div>
   <div class='ocr_carea' id='block_1_71' title="bbox 1928 1230 3538 1309">
    <p class='ocr_par' dir='ltr' id='par_1_71' title="bbox 1928 1230 3538 1309">
     <span class='ocr_line' id='line_1_71' title="bbox 1928 1230 3538 1309; baseline 0.01 -27"><span class='ocrx_word' id='word_1_549' title='bbox 1928 1230 2144 1301; x_wconf 90' lang='lat' dir='ltr'><strong><em>quidem</em></strong></span> <span class='ocrx_word' id='word_1_550' title='bbox 2173 1233 2289 1299; x_wconf 85' lang='lat' dir='ltr'><strong><em>ejus</em></strong></span> <span class='ocrx_word' id='word_1_551' title='bbox 2318 1240 2443 1287; x_wconf 87' lang='lat' dir='ltr'><strong><em>sunt</em></strong></span> <span class='ocrx_word' id='word_1_552' title='bbox 2489 1233 2688 1299; x_wconf 86' lang='lat' dir='ltr'><strong><em>ablata,</em></strong></span> <span class='ocrx_word' id='word_1_553' title='bbox 2739 1235 2838 1290; x_wconf 88' lang='lat' dir='ltr'><strong><em>alia</em></strong></span> <span class='ocrx_word' id='word_1_554' title='bbox 2872 1250 3003 1291; x_wconf 89' lang='lat' dir='ltr'><strong><em>vero</em></strong></span> <span class='ocrx_word' id='word_1_555' title='bbox 3050 1250 3291 1294; x_wconf 89' lang='lat' dir='ltr'><strong><em>manent.</em></strong></span> <span class='ocrx_word' id='word_1_556' title='bbox 3336 1243 3538 1309; x_wconf 85' lang='lat' dir='ltr'><strong><em>Quam-</em></strong></span> 
     </span>
    </p>
   </div>
   <div class='ocr_carea' id='block_1_72' title="bbox 1927 1322 3534 1396">
    <p class='ocr_par' dir='ltr' id='par_1_72' title="bbox 1927 1322 3534 1396">
     <span class='ocr_line' id='line_1_72' title="bbox 1927 1322 3534 1396; baseline 0.006 -21"><span class='ocrx_word' id='word_1_557' title='bbox 1927 1322 2113 1377; x_wconf 88' lang='lat' dir='ltr'><strong><em>obrem</em></strong></span> <span class='ocrx_word' id='word_1_558' title='bbox 2141 1330 2196 1378; x_wconf 89' lang='lat' dir='ltr'><strong><em>et</em></strong></span> <span class='ocrx_word' id='word_1_559' title='bbox 2212 1322 2616 1378; x_wconf 85' lang='lat' dir='ltr'><strong><em>Testamentum</em></strong></span> <span class='ocrx_word' id='word_1_560' title='bbox 2641 1340 2837 1379; x_wconf 84' lang='lat' dir='ltr'><strong><em>novum</em></strong></span> <span class='ocrx_word' id='word_1_561' title='bbox 2852 1327 2993 1382; x_wconf 88' lang='lat' dir='ltr'><strong><em>bene</em></strong></span> <span class='ocrx_word' id='word_1_562' title='bbox 3014 1331 3242 1396; x_wconf 76' lang='lat' dir='ltr'><strong><em>vocavit,</em></strong></span> <span class='ocrx_word' id='word_1_563' title='bbox 3269 1342 3324 1386; x_wconf 88' lang='grc' dir='ltr'><strong><em>ιιι</em></strong></span> <span class='ocrx_word' id='word_1_564' title='bbox 3351 1346 3534 1391; x_wconf 79' lang='lat' dir='ltr'><strong><em>ostcn-</em></strong></span> 
     </span>
    </p>
   </div>
   <div class='ocr_carea' id='block_1_73' title="bbox 1925 1412 3526 1491">
    <p class='ocr_par' dir='ltr' id='par_1_73' title="bbox 1925 1412 3526 1491">
     <span class='ocr_line' id='line_1_73' title="bbox 1925 1412 3526 1491; baseline 0.007 -23"><span class='ocrx_word' id='word_1_565' title='bbox 1925 1412 2081 1469; x_wconf 89' lang='lat' dir='ltr'><strong><em>deret</em></strong></span> <span class='ocrx_word' id='word_1_566' title='bbox 2109 1413 2251 1484; x_wconf 88' lang='lat' dir='ltr'><strong><em>quod</em></strong></span> <span class='ocrx_word' id='word_1_567' title='bbox 2281 1413 2410 1469; x_wconf 90' lang='lat' dir='ltr'><strong><em>illud</em></strong></span> <span class='ocrx_word' id='word_1_568' title='bbox 2440 1415 2846 1471; x_wconf 85' lang='lat' dir='ltr'><strong><em>Testamentum</em></strong></span> <span class='ocrx_word' id='word_1_569' title='bbox 2890 1418 3089 1474; x_wconf 79' lang='lat' dir='ltr'><strong><em>factum</em></strong></span> <span class='ocrx_word' id='word_1_570' title='bbox 3134 1422 3203 1476; x_wconf 89' lang='lat' dir='ltr'><strong><em>sit</em></strong></span> <span class='ocrx_word' id='word_1_571' title='bbox 3234 1433 3526 1491; x_wconf 67' lang='lat' dir='ltr'><strong><em>vetustum,</em></strong></span> 
     </span>
    </p>
   </div>
   <div class='ocr_carea' id='block_1_74' title="bbox 1927 1503 3525 1578">
    <p class='ocr_par' dir='ltr' id='par_1_74' title="bbox 1927 1503 3525 1578">
     <span class='ocr_line' id='line_1_74' title="bbox 1927 1503 3525 1578; baseline 0.003 -18"><span class='ocrx_word' id='word_1_572' title='bbox 1927 1519 1993 1560; x_wconf 88' lang='lat' dir='ltr'><strong><em>eo</em></strong></span> <span class='ocrx_word' id='word_1_573' title='bbox 2024 1504 2169 1575; x_wconf 91' lang='lat' dir='ltr'><strong><em>quod</em></strong></span> <span class='ocrx_word' id='word_1_574' title='bbox 2202 1505 2409 1559; x_wconf 91' lang='lat' dir='ltr'><strong><em>nullum</em></strong></span> <span class='ocrx_word' id='word_1_575' title='bbox 2440 1503 2605 1560; x_wconf 80' lang='lat' dir='ltr'><strong><em>faciat</em></strong></span> <span class='ocrx_word' id='word_1_576' title='bbox 2633 1505 2892 1561; x_wconf 79' lang='lat' dir='ltr'><strong><em>fructum.</em></strong></span> <span class='ocrx_word' id='word_1_577' title='bbox 2937 1509 3007 1564; x_wconf 82' lang='lat' dir='ltr'><strong><em>Et</em></strong></span> <span class='ocrx_word' id='word_1_578' title='bbox 3034 1518 3091 1565; x_wconf 89' lang='lat' dir='ltr'><strong><em>ut</em></strong></span> <span class='ocrx_word' id='word_1_579' title='bbox 3117 1523 3305 1568; x_wconf 78' lang='lat' dir='ltr'><strong><em>exacte</em></strong></span> <span class='ocrx_word' id='word_1_580' title='bbox 3329 1515 3525 1578; x_wconf 68' lang='lat' dir='ltr'><strong><em>discas,</em></strong></span> 
     </span>
    </p>
   </div>
   <div class='ocr_carea' id='block_1_75' title="bbox 1939 1598 3530 1676">
    <p class='ocr_par' dir='ltr' id='par_1_75' title="bbox 1939 1598 3530 1676">
     <span class='ocr_line' id='line_1_75' title="bbox 1939 1598 3530 1676; baseline 0.006 -24"><span class='ocrx_word' id='word_1_581' title='bbox 1939 1598 2054 1667; x_wconf 85' lang='lat' dir='ltr'><strong><em>lege</em></strong></span> <span class='ocrx_word' id='word_1_582' title='bbox 2083 1598 2208 1667; x_wconf 90' lang='lat' dir='ltr'><strong><em>quid</em></strong></span> <span class='ocrx_word' id='word_1_583' title='bbox 2234 1600 2379 1653; x_wconf 81' lang='lat' dir='ltr'><strong><em>dicat</em></strong></span> <span class='ocrx_word' id='word_1_584' title='bbox 2411 1602 2659 1669; x_wconf 77' lang='lat' dir='ltr'><strong><em>Agga-us,</em></strong></span> <span class='ocrx_word' id='word_1_585' title='bbox 2691 1601 2817 1671; x_wconf 82' lang='lat' dir='ltr'><strong><em>quid</em></strong></span> <span class='ocrx_word' id='word_1_586' title='bbox 2846 1602 3155 1667; x_wconf 77' lang='lat' dir='ltr'><strong><em>Zacharias,</em></strong></span> <span class='ocrx_word' id='word_1_587' title='bbox 3189 1606 3317 1675; x_wconf 90' lang='lat' dir='ltr'><strong><em>quid</em></strong></span> <span class='ocrx_word' id='word_1_588' title='bbox 3358 1621 3530 1676; x_wconf 78' lang='lat' dir='ltr'><strong><em>ange-</em></strong></span> 
     </span>
    </p>
   </div>
   <div class='ocr_carea' id='block_1_76' title="bbox 1936 1687 3536 1765">
    <p class='ocr_par' dir='ltr' id='par_1_76' title="bbox 1936 1687 3536 1765">
     <span class='ocr_line' id='line_1_76' title="bbox 1936 1687 3536 1765; baseline 0.009 -24"><span class='ocrx_word' id='word_1_589' title='bbox 1936 1687 2042 1753; x_wconf 88' lang='lat' dir='ltr'><strong><em>lus,</em></strong></span> <span class='ocrx_word' id='word_1_590' title='bbox 2074 1690 2200 1759; x_wconf 91' lang='lat' dir='ltr'><strong><em>qnid</em></strong></span> <span class='ocrx_word' id='word_1_591' title='bbox 2237 1690 2435 1744; x_wconf 84' lang='lat' dir='ltr'><strong><em>Esdras</em></strong></span> <span class='ocrx_word' id='word_1_592' title='bbox 2468 1692 2699 1747; x_wconf 87' lang='lat' dir='ltr'><strong><em>incusct.</em></strong></span> <span class='ocrx_word' id='word_1_593' title='bbox 2729 1692 3013 1761; x_wconf 87' lang='lat' dir='ltr'><strong><em>Quomodo</em></strong></span> <span class='ocrx_word' id='word_1_594' title='bbox 3037 1696 3197 1765; x_wconf 82' lang='lat' dir='ltr'><strong><em>igitur</em></strong></span> <span class='ocrx_word' id='word_1_595' title='bbox 3219 1713 3340 1751; x_wconf 88' lang='lat' dir='ltr'><strong><em>eum</em></strong></span> <span class='ocrx_word' id='word_1_596' title='bbox 3371 1714 3536 1754; x_wconf 82' lang='lat' dir='ltr'><strong><em>exce-</em></strong></span> 
     </span>
    </p>
   </div>
   <div class='ocr_carea' id='block_1_77' title="bbox 1935 1780 3541 1861">
    <p class='ocr_par' dir='ltr' id='par_1_77' title="bbox 1935 1780 3541 1861">
     <span class='ocr_line' id='line_1_77' title="bbox 1935 1780 3541 1861; baseline 0.009 -31"><span class='ocrx_word' id='word_1_597' title='bbox 1935 1780 2056 1850; x_wconf 80' lang='lat' dir='ltr'><strong><em>pit?</em></strong></span> <span class='ocrx_word' id='word_1_598' title='bbox 2084 1780 2368 1849; x_wconf 87' lang='lat' dir='ltr'><strong><em>Quomodo</em></strong></span> <span class='ocrx_word' id='word_1_599' title='bbox 2396 1792 2575 1838; x_wconf 89' lang='lat' dir='ltr'><strong><em>autem</em></strong></span> <span class='ocrx_word' id='word_1_600' title='bbox 2612 1785 2786 1839; x_wconf 88' lang='lat' dir='ltr'><strong><em>nullus</em></strong></span> <span class='ocrx_word' id='word_1_601' title='bbox 2810 1797 2967 1856; x_wconf 87' lang='lat' dir='ltr'><strong><em>rogat</em></strong></span> <span class='ocrx_word' id='word_1_602' title='bbox 2991 1788 3296 1854; x_wconf 85' lang='lat' dir='ltr'><strong><em>Dominum,</em></strong></span> <span class='ocrx_word' id='word_1_603' title='bbox 3320 1792 3541 1861; x_wconf 89' lang='lat' dir='ltr'><strong><em>quando</em></strong></span> 
     </span>
    </p>
   </div>
   <div class='ocr_carea' id='block_1_78' title="bbox 1934 1878 3542 1953">
    <p class='ocr_par' dir='ltr' id='par_1_78' title="bbox 1934 1878 3542 1953">
     <span class='ocr_line' id='line_1_78' title="bbox 1934 1878 3542 1953; baseline 0.006 -21"><span class='ocrx_word' id='word_1_604' title='bbox 1934 1887 1989 1933; x_wconf 92' lang='lat' dir='ltr'><strong><em>et</em></strong></span> <span class='ocrx_word' id='word_1_605' title='bbox 2024 1878 2125 1948; x_wconf 90' lang='lat' dir='ltr'><strong><em>ipsi</em></strong></span> <span class='ocrx_word' id='word_1_606' title='bbox 2152 1888 2277 1934; x_wconf 91' lang='lat' dir='ltr'><strong><em>sunt</em></strong></span> <span class='ocrx_word' id='word_1_607' title='bbox 2309 1882 2653 1950; x_wconf 82' lang='lat' dir='ltr'><strong><em>transgressi,</em></strong></span> <span class='ocrx_word' id='word_1_608' title='bbox 2712 1891 2765 1937; x_wconf 89' lang='lat' dir='ltr'><strong><em>et</em></strong></span> <span class='ocrx_word' id='word_1_609' title='bbox 2796 1899 2862 1937; x_wconf 90' lang='lat' dir='ltr'><strong><em>ne</em></strong></span> <span class='ocrx_word' id='word_1_610' title='bbox 2904 1884 3007 1953; x_wconf 87' lang='lat' dir='ltr'><strong><em>ipsi</em></strong></span> <span class='ocrx_word' id='word_1_611' title='bbox 3038 1885 3254 1953; x_wconf 85' lang='lat' dir='ltr'><strong><em>quidem</em></strong></span> <span class='ocrx_word' id='word_1_612' title='bbox 3297 1884 3542 1941; x_wconf 78' lang='lat' dir='ltr'><strong><em>norunt?</em></strong></span> 
     </span>
    </p>
   </div>
   <div class='ocr_carea' id='block_1_79' title="bbox 1944 1971 3537 2049">
    <p class='ocr_par' dir='ltr' id='par_1_79' title="bbox 1944 1971 3537 2049">
     <span class='ocr_line' id='line_1_79' title="bbox 1944 1971 3537 2049; baseline 0.007 -24"><span class='ocrx_word' id='word_1_613' title='bbox 1944 1971 2103 2026; x_wconf 82' lang='lat' dir='ltr'><strong><em>Vides</em></strong></span> <span class='ocrx_word' id='word_1_614' title='bbox 2130 1972 2403 2041; x_wconf 89' lang='lat' dir='ltr'><strong><em>quomodo</em></strong></span> <span class='ocrx_word' id='word_1_615' title='bbox 2434 1984 2580 2028; x_wconf 90' lang='lat' dir='ltr'><strong><em>tuum</em></strong></span> <span class='ocrx_word' id='word_1_616' title='bbox 2622 1976 2691 2029; x_wconf 93' lang='lat' dir='ltr'><strong><em>sit</em></strong></span> <span class='ocrx_word' id='word_1_617' title='bbox 2724 1977 3017 2030; x_wconf 81' lang='lat' dir='ltr'><strong><em>violatum?</em></strong></span> <span class='ocrx_word' id='word_1_618' title='bbox 3049 1977 3162 2047; x_wconf 87' lang='lat' dir='ltr'><strong><em>Ego</em></strong></span> <span class='ocrx_word' id='word_1_619' title='bbox 3190 1988 3367 2033; x_wconf 89' lang='lat' dir='ltr'><strong><em>autem</em></strong></span> <span class='ocrx_word' id='word_1_620' title='bbox 3395 1996 3537 2049; x_wconf 91' lang='lat' dir='ltr'><strong><em>pono</em></strong></span> 
     </span>
    </p>
   </div>
   <div class='ocr_carea' id='block_1_80' title="bbox 1938 2068 3541 2140">
    <p class='ocr_par' dir='ltr' id='par_1_80' title="bbox 1938 2068 3541 2140">
     <span class='ocr_line' id='line_1_80' title="bbox 1938 2068 3541 2140; baseline 0.002 -21"><span class='ocrx_word' id='word_1_621' title='bbox 1938 2080 2141 2130; x_wconf 85' lang='lat' dir='ltr'><strong><em>meum,</em></strong></span> <span class='ocrx_word' id='word_1_622' title='bbox 2167 2081 2361 2137; x_wconf 89' lang='lat' dir='ltr'><strong><em>nempe</em></strong></span> <span class='ocrx_word' id='word_1_623' title='bbox 2382 2069 2521 2136; x_wconf 91' lang='lat' dir='ltr'><strong><em>quod</em></strong></span> <span class='ocrx_word' id='word_1_624' title='bbox 2547 2068 2649 2123; x_wconf 88' lang='lat' dir='ltr'><strong><em>hoc</em></strong></span> <span class='ocrx_word' id='word_1_625' title='bbox 2675 2071 2895 2140; x_wconf 89' lang='lat' dir='ltr'><strong><em>proprie</em></strong></span> <span class='ocrx_word' id='word_1_626' title='bbox 2919 2070 3126 2124; x_wconf 79' lang='lat' dir='ltr'><strong><em>dientur</em></strong></span> <span class='ocrx_word' id='word_1_627' title='bbox 3149 2088 3366 2125; x_wconf 85' lang='lat' dir='ltr'><strong><em>novum.</em></strong></span> <span class='ocrx_word' id='word_1_628' title='bbox 3393 2074 3541 2127; x_wconf 86' lang='lat' dir='ltr'><strong><em>Alio-</em></strong></span> 
     </span>
    </p>
   </div>
   <div class='ocr_carea' id='block_1_81' title="bbox 1937 2158 3540 2230">
    <p class='ocr_par' dir='ltr' id='par_1_81' title="bbox 1937 2158 3540 2230">
     <span class='ocr_line' id='line_1_81' title="bbox 1937 2158 3540 2230; baseline 0.003 -20"><span class='ocrx_word' id='word_1_629' title='bbox 1937 2158 2064 2228; x_wconf 91' lang='lat' dir='ltr'><strong><em>quin</em></strong></span> <span class='ocrx_word' id='word_1_630' title='bbox 2094 2167 2273 2212; x_wconf 88' lang='lat' dir='ltr'><strong><em>autem</em></strong></span> <span class='ocrx_word' id='word_1_631' title='bbox 2310 2174 2376 2212; x_wconf 85' lang='lat' dir='ltr'><strong><em>ne</em></strong></span> <span class='ocrx_word' id='word_1_632' title='bbox 2404 2160 2534 2214; x_wconf 91' lang='lat' dir='ltr'><strong><em>illud</em></strong></span> <span class='ocrx_word' id='word_1_633' title='bbox 2562 2160 2779 2230; x_wconf 87' lang='lat' dir='ltr'><strong><em>quidem</em></strong></span> <span class='ocrx_word' id='word_1_634' title='bbox 2824 2161 3064 2216; x_wconf 86' lang='lat' dir='ltr'><strong><em>concedo</em></strong></span> <span class='ocrx_word' id='word_1_635' title='bbox 3086 2161 3153 2216; x_wconf 90' lang='lat' dir='ltr'><strong><em>de</em></strong></span> <span class='ocrx_word' id='word_1_636' title='bbox 3183 2161 3284 2216; x_wconf 83' lang='lat' dir='ltr'><strong><em>llOC</em></strong></span> <span class='ocrx_word' id='word_1_637' title='bbox 3310 2178 3429 2217; x_wconf 88' lang='lat' dir='ltr'><strong><em>esse</em></strong></span> <span class='ocrx_word' id='word_1_638' title='bbox 3451 2163 3540 2217; x_wconf 68' lang='lat' dir='ltr'><strong><em>di.</em></strong></span> 
     </span>
    </p>
   </div>
   <div class='ocr_carea' id='block_1_82' title="bbox 1936 2249 3534 2321">
    <p class='ocr_par' dir='ltr' id='par_1_82' title="bbox 1936 2249 3534 2321">
     <span class='ocr_line' id='line_1_82' title="bbox 1936 2249 3534 2321; baseline 0.003 -18"><span class='ocrx_word' id='word_1_639' title='bbox 1936 2259 2083 2304; x_wconf 90' lang='lat' dir='ltr'><strong><em>ctum</em></strong></span> <span class='ocrx_word' id='word_1_640' title='bbox 2107 2291 2122 2316; x_wconf 86' lang='lat'><strong><em>,</em></strong></span> <span class='ocrx_word' id='word_1_641' title='bbox 2183 2249 2295 2305; x_wconf 82' lang='lat' dir='ltr'><strong><em>Erit</em></strong></span> <span class='ocrx_word' id='word_1_642' title='bbox 2325 2266 2508 2304; x_wconf 88' lang='lat' dir='ltr'><strong><em>novum</em></strong></span> <span class='ocrx_word' id='word_1_643' title='bbox 2566 2252 2747 2305; x_wconf 77' lang='lat' dir='ltr'><strong><em>ccclum</em></strong></span> <span class='ocrx_word' id='word_1_644' title='bbox 2796 2251 2948 2309; x_wconf 85' lang='lat' dir='ltr'><strong><em>(Isai.</em></strong></span> <span class='ocrx_word' id='word_1_645' title='bbox 2974 2254 3065 2309; x_wconf 81' lang='lat'><strong><em>63.</em></strong></span> <span class='ocrx_word' id='word_1_646' title='bbox 3094 2254 3207 2321; x_wconf 84' lang='grc'><strong>17).</strong></span> <span class='ocrx_word' id='word_1_647' title='bbox 3251 2254 3360 2308; x_wconf 89' lang='lat' dir='ltr'><strong><em>Cur</em></strong></span> <span class='ocrx_word' id='word_1_648' title='bbox 3390 2254 3534 2308; x_wconf 87' lang='lat' dir='ltr'><strong><em>enim</em></strong></span> 
     </span>
    </p>
   </div>
   <div class='ocr_carea' id='block_1_83' title="bbox 1936 2342 3530 2413">
    <p class='ocr_par' dir='ltr' id='par_1_83' title="bbox 1936 2342 3530 2413">
     <span class='ocr_line' id='line_1_83' title="bbox 1936 2342 3530 2413; baseline -0.001 -17"><span class='ocrx_word' id='word_1_649' title='bbox 1936 2342 2125 2397; x_wconf 85' lang='lat' dir='ltr'><strong><em>dicens</em></strong></span> <span class='ocrx_word' id='word_1_650' title='bbox 2165 2343 2214 2395; x_wconf 90' lang='lat' dir='ltr'><strong><em>in</em></strong></span> <span class='ocrx_word' id='word_1_651' title='bbox 2252 2342 2689 2409; x_wconf 85' lang='lat' dir='ltr'><strong><em>Denteronomio,</em></strong></span> <span class='ocrx_word' id='word_1_652' title='bbox 2751 2342 2865 2397; x_wconf 81' lang='lat' dir='ltr'><strong><em>Erit</em></strong></span> <span class='ocrx_word' id='word_1_653' title='bbox 2898 2347 3077 2399; x_wconf 77' lang='lat' dir='ltr'><strong><em>cwlum</em></strong></span> <span class='ocrx_word' id='word_1_654' title='bbox 3110 2361 3300 2399; x_wconf 76' lang='lat' dir='ltr'><strong><em>(ereum</em></strong></span> <span class='ocrx_word' id='word_1_655' title='bbox 3346 2346 3530 2413; x_wconf 80' lang='lat' dir='ltr'><strong><em>(Deut.</em></strong></span> 
     </span>
    </p>
   </div>
   <div class='ocr_carea' id='block_1_84' title="bbox 1936 2432 3536 2503">
    <p class='ocr_par' dir='ltr' id='par_1_84' title="bbox 1936 2432 3536 2503">
     <span class='ocr_line' id='line_1_84' title="bbox 1936 2432 3536 2503; baseline 0.004 -16"><span class='ocrx_word' id='word_1_656' title='bbox 1936 2433 2029 2487; x_wconf 68' lang='grc' dir='ltr'><strong><em>ΞΒ.</em></strong></span> <span class='ocrx_word' id='word_1_657' title='bbox 2058 2432 2177 2499; x_wconf 72' lang='grc'><strong>25).</strong></span> <span class='ocrx_word' id='word_1_658' title='bbox 2213 2448 2317 2488; x_wconf 90' lang='lat' dir='ltr'><strong><em>non</em></strong></span> <span class='ocrx_word' id='word_1_659' title='bbox 2351 2434 2453 2488; x_wconf 86' lang='lat' dir='ltr'><strong><em>hoc</em></strong></span> <span class='ocrx_word' id='word_1_660' title='bbox 2481 2436 2658 2503; x_wconf 71' lang='lat' dir='ltr'><strong><em>posuit</em></strong></span> <span class='ocrx_word' id='word_1_661' title='bbox 2701 2436 2752 2488; x_wconf 89' lang='lat' dir='ltr'><strong><em>in</em></strong></span> <span class='ocrx_word' id='word_1_662' title='bbox 2782 2434 3165 2492; x_wconf 60' lang='lat' dir='ltr'><strong><em>distineiovie:</em></strong></span> <span class='ocrx_word' id='word_1_663' title='bbox 3228 2437 3321 2492; x_wconf 90' lang='lat' dir='ltr'><strong><em>Siu</em></strong></span> <span class='ocrx_word' id='word_1_664' title='bbox 3353 2447 3536 2493; x_wconf 74' lang='lat' dir='ltr'><strong><em>autem</em></strong></span> 
     </span>
    </p>
   </div>
   <div class='ocr_carea' id='block_1_85' title="bbox 1938 2526 3536 2599">
    <p class='ocr_par' dir='ltr' id='par_1_85' title="bbox 1938 2526 3536 2599">
     <span class='ocr_line' id='line_1_85' title="bbox 1938 2526 3536 2599; baseline 0.005 -20"><span class='ocrx_word' id='word_1_665' title='bbox 1938 2526 2240 2592; x_wconf 76' lang='lat' dir='ltr'><strong><em>audieritis,</em></strong></span> <span class='ocrx_word' id='word_1_666' title='bbox 2268 2526 2371 2581; x_wconf 90' lang='lat' dir='ltr'><strong><em>erit</em></strong></span> <span class='ocrx_word' id='word_1_667' title='bbox 2396 2530 2634 2582; x_wconf 86' lang='lat' dir='ltr'><strong><em>novum?</em></strong></span> <span class='ocrx_word' id='word_1_668' title='bbox 2657 2528 2817 2598; x_wconf 79' lang='lat' dir='ltr'><strong><em>Atqui</em></strong></span> <span class='ocrx_word' id='word_1_669' title='bbox 2845 2542 3126 2599; x_wconf 68' lang='lat' dir='ltr'><strong><em>propterea</em></strong></span> <span class='ocrx_word' id='word_1_670' title='bbox 3151 2533 3281 2585; x_wconf 88' lang='lat' dir='ltr'><strong><em>dicit</em></strong></span> <span class='ocrx_word' id='word_1_671' title='bbox 3308 2548 3366 2587; x_wconf 91' lang='lat' dir='ltr'><strong><em>se</em></strong></span> <span class='ocrx_word' id='word_1_672' title='bbox 3390 2530 3536 2587; x_wconf 87' lang='lat' dir='ltr'><strong><em>aliud</em></strong></span> 
     </span>
    </p>
   </div>
   <div class='ocr_carea' id='block_1_86' title="bbox 1937 2617 3539 2692">
    <p class='ocr_par' dir='ltr' id='par_1_86' title="bbox 1937 2617 3539 2692">
     <span class='ocr_line' id='line_1_86' title="bbox 1937 2617 3539 2692; baseline 0.006 -21"><span class='ocrx_word' id='word_1_673' title='bbox 1937 2617 2189 2672; x_wconf 89' lang='lat' dir='ltr'><strong><em>daturum</em></strong></span> <span class='ocrx_word' id='word_1_674' title='bbox 2238 2618 2667 2686; x_wconf 88' lang='lat' dir='ltr'><strong><em>Testamentum,</em></strong></span> <span class='ocrx_word' id='word_1_675' title='bbox 2695 2621 2947 2689; x_wconf 82' lang='lat' dir='ltr'><strong><em>quoniam</em></strong></span> <span class='ocrx_word' id='word_1_676' title='bbox 2985 2638 3088 2674; x_wconf 91' lang='lat' dir='ltr'><strong><em>non</em></strong></span> <span class='ocrx_word' id='word_1_677' title='bbox 3121 2633 3539 2692; x_wconf 72' lang='lat' dir='ltr'><strong><em>permanserunt</em></strong></span> 
     </span>
    </p>
   </div>
   <div class='ocr_carea' id='block_1_87' title="bbox 1938 2710 3534 2785">
    <p class='ocr_par' dir='ltr' id='par_1_87' title="bbox 1938 2710 3534 2785">
     <span class='ocr_line' id='line_1_87' title="bbox 1938 2710 3534 2785; baseline 0.004 -20"><span class='ocrx_word' id='word_1_678' title='bbox 1938 2710 1990 2766; x_wconf 91' lang='lat' dir='ltr'><strong><em>in</em></strong></span> <span class='ocrx_word' id='word_1_679' title='bbox 2017 2713 2200 2781; x_wconf 88' lang='lat' dir='ltr'><strong><em>priori.</em></strong></span> <span class='ocrx_word' id='word_1_680' title='bbox 2232 2712 2345 2766; x_wconf 89' lang='lat' dir='ltr'><strong><em>lloc</em></strong></span> <span class='ocrx_word' id='word_1_681' title='bbox 2375 2727 2475 2781; x_wconf 86' lang='lat' dir='ltr'><strong><em>ego</em></strong></span> <span class='ocrx_word' id='word_1_682' title='bbox 2500 2713 2731 2769; x_wconf 86' lang='lat' dir='ltr'><strong><em>ostendo</em></strong></span> <span class='ocrx_word' id='word_1_683' title='bbox 2764 2731 2858 2782; x_wconf 87' lang='lat' dir='ltr'><strong><em>per</em></strong></span> <span class='ocrx_word' id='word_1_684' title='bbox 2886 2730 2948 2769; x_wconf 85' lang='lat' dir='ltr'><strong><em>ea</em></strong></span> <span class='ocrx_word' id='word_1_685' title='bbox 2991 2732 3111 2785; x_wconf 71' lang='lat' dir='ltr'><strong><em>qua:</em></strong></span> <span class='ocrx_word' id='word_1_686' title='bbox 3159 2716 3329 2771; x_wconf 89' lang='lat' dir='ltr'><strong><em>dicit:</em></strong></span> <span class='ocrx_word' id='word_1_687' title='bbox 3384 2717 3534 2773; x_wconf 88' lang='lat' dir='ltr'><strong><em>Nam</em></strong></span> 
     </span>
    </p>
   </div>
   <div class='ocr_carea' id='block_1_88' title="bbox 1936 2806 3537 2879">
    <p class='ocr_par' dir='ltr' id='par_1_88' title="bbox 1936 2806 3537 2879">
     <span class='ocr_line' id='line_1_88' title="bbox 1936 2806 3537 2879; baseline 0.004 -21"><span class='ocrx_word' id='word_1_688' title='bbox 1936 2806 2074 2875; x_wconf 87' lang='lat' dir='ltr'><strong><em>quod</em></strong></span> <span class='ocrx_word' id='word_1_689' title='bbox 2119 2806 2431 2875; x_wconf 86' lang='lat' dir='ltr'><strong><em>impossibile</em></strong></span> <span class='ocrx_word' id='word_1_690' title='bbox 2474 2817 2581 2860; x_wconf 87' lang='lat' dir='ltr'><strong><em>erat</em></strong></span> <span class='ocrx_word' id='word_1_691' title='bbox 2628 2807 2772 2877; x_wconf 79' lang='lat' dir='ltr'><strong><em>legis,</em></strong></span> <span class='ocrx_word' id='word_1_692' title='bbox 2816 2809 2867 2860; x_wconf 90' lang='lat' dir='ltr'><strong><em>in</em></strong></span> <span class='ocrx_word' id='word_1_693' title='bbox 2915 2824 3016 2877; x_wconf 88' lang='lat' dir='ltr'><strong><em>quo</em></strong></span> <span class='ocrx_word' id='word_1_694' title='bbox 3056 2810 3416 2875; x_wconf 86' lang='lat' dir='ltr'><strong><em>in/irmabutur</em></strong></span> <span class='ocrx_word' id='word_1_695' title='bbox 3448 2828 3537 2879; x_wconf 86' lang='lat' dir='ltr'><strong><em>per</em></strong></span> 
     </span>
    </p>
   </div>
   <div class='ocr_carea' id='block_1_89' title="bbox 1936 2898 3534 2976">
    <p class='ocr_par' dir='ltr' id='par_1_89' title="bbox 1936 2898 3534 2976">
     <span class='ocr_line' id='line_1_89' title="bbox 1936 2898 3534 2976; baseline 0.006 -27"><span class='ocrx_word' id='word_1_696' title='bbox 1936 2914 2179 2963; x_wconf 85' lang='lat' dir='ltr'><strong><em>carnem;</em></strong></span> <span class='ocrx_word' id='word_1_697' title='bbox 2208 2907 2260 2951; x_wconf 91' lang='lat' dir='ltr'><strong><em>et</em></strong></span> <span class='ocrx_word' id='word_1_698' title='bbox 2286 2912 2493 2961; x_wconf 86' lang='lat' dir='ltr'><strong><em>rursus,</em></strong></span> <span class='ocrx_word' id='word_1_699' title='bbox 2528 2898 2668 2963; x_wconf 84' lang='lat' dir='ltr'><strong><em>Quid</em></strong></span> <span class='ocrx_word' id='word_1_700' title='bbox 2716 2902 2921 2954; x_wconf 85' lang='lat' dir='ltr'><strong><em>teutatis</em></strong></span> <span class='ocrx_word' id='word_1_701' title='bbox 2954 2899 3120 2955; x_wconf 84' lang='lat' dir='ltr'><strong><em>Deum</em></strong></span> <span class='ocrx_word' id='word_1_702' title='bbox 3155 2904 3416 2972; x_wconf 81' lang='lat' dir='ltr'><strong><em>imponere</em></strong></span> <span class='ocrx_word' id='word_1_703' title='bbox 3436 2907 3534 2976; x_wconf 87' lang='lat' dir='ltr'><strong><em>ju-</em></strong></span> 
     </span>
    </p>
   </div>
   <div class='ocr_carea' id='block_1_90' title="bbox 1934 2989 3538 3064">
    <p class='ocr_par' dir='ltr' id='par_1_90' title="bbox 1934 2989 3538 3064">
     <span class='ocr_line' id='line_1_90' title="bbox 1934 2989 3538 3064; baseline 0.007 -23"><span class='ocrx_word' id='word_1_704' title='bbox 1934 3005 2054 3059; x_wconf 87' lang='lat' dir='ltr'><strong><em>gttnt</em></strong></span> <span class='ocrx_word' id='word_1_705' title='bbox 2080 3006 2237 3058; x_wconf 89' lang='lat' dir='ltr'><strong><em>super</em></strong></span> <span class='ocrx_word' id='word_1_706' title='bbox 2254 2989 2444 3043; x_wconf 87' lang='lat' dir='ltr'><strong><em>collum</em></strong></span> <span class='ocrx_word' id='word_1_707' title='bbox 2465 2990 2854 3060; x_wconf 87' lang='lat' dir='ltr'><strong><em>discipulorum,</em></strong></span> <span class='ocrx_word' id='word_1_708' title='bbox 2890 2994 3028 3062; x_wconf 84' lang='lat' dir='ltr'><strong><em>quod</em></strong></span> <span class='ocrx_word' id='word_1_709' title='bbox 3058 3011 3219 3063; x_wconf 85' lang='lat' dir='ltr'><strong><em>neque</em></strong></span> <span class='ocrx_word' id='word_1_710' title='bbox 3246 3008 3416 3064; x_wconf 86' lang='lat' dir='ltr'><strong><em>patres</em></strong></span> <span class='ocrx_word' id='word_1_711' title='bbox 3441 3015 3538 3051; x_wconf 82' lang='lat' dir='ltr'><strong><em>no-</em></strong></span> 
     </span>
    </p>
   </div>
   <div class='ocr_carea' id='block_1_91' title="bbox 1934 3082 3533 3155">
    <p class='ocr_par' dir='ltr' id='par_1_91' title="bbox 1934 3082 3533 3155">
     <span class='ocr_line' id='line_1_91' title="bbox 1934 3082 3533 3155; baseline 0.006 -22"><span class='ocrx_word' id='word_1_712' title='bbox 1934 3082 2047 3143; x_wconf 87' lang='lat' dir='ltr'><strong><em>stri,</em></strong></span> <span class='ocrx_word' id='word_1_713' title='bbox 2097 3098 2257 3147; x_wconf 83' lang='lat' dir='ltr'><strong><em>neque</em></strong></span> <span class='ocrx_word' id='word_1_714' title='bbox 2294 3099 2385 3135; x_wconf 89' lang='lat' dir='ltr'><strong><em>nos</em></strong></span> <span class='ocrx_word' id='word_1_715' title='bbox 2413 3084 2670 3151; x_wconf 87' lang='lat' dir='ltr'><strong><em>potuimus</em></strong></span> <span class='ocrx_word' id='word_1_716' title='bbox 2698 3087 2832 3155; x_wconf 79' lang='lat' dir='ltr'><strong><em>ferre</em></strong></span> <span class='ocrx_word' id='word_1_717' title='bbox 2863 3086 2880 3153; x_wconf 92' lang='lat'><strong>(</strong></span> <span class='ocrx_word' id='word_1_718' title='bbox 2916 3084 3067 3139; x_wconf 84' lang='lat' dir='ltr'><strong><em>Rom.</em></strong></span> <span class='ocrx_word' id='word_1_719' title='bbox 3103 3088 3156 3141; x_wconf 92' lang='lat'><strong><em>8.</em></strong></span> <span class='ocrx_word' id='word_1_720' title='bbox 3191 3090 3224 3142; x_wconf 81' lang='grc'>5</span> <span class='ocrx_word' id='word_1_721' title='bbox 3259 3089 3411 3154; x_wconf 79' lang='grc' dir='ltr'><strong><em>;Αει.</em></strong></span> <span class='ocrx_word' id='word_1_722' title='bbox 3445 3093 3533 3145; x_wconf 83' lang='grc'><strong>15.</strong></span> 
     </span>
    </p>
   </div>
   <div class='ocr_carea' id='block_1_92' title="bbox 1934 3175 3535 3250">
    <p class='ocr_par' dir='ltr' id='par_1_92' title="bbox 1934 3175 3535 3250">
     <span class='ocr_line' id='line_1_92' title="bbox 1934 3175 3535 3250; baseline 0.005 -21"><span class='ocrx_word' id='word_1_723' title='bbox 1934 3175 2001 3230; x_wconf 80' lang='grc'><strong>10</strong></span> <span class='ocrx_word' id='word_1_724' title='bbox 2029 3176 2091 3246; x_wconf 85' lang='lat'><strong><em>)?</em></strong></span> <span class='ocrx_word' id='word_1_725' title='bbox 2144 3176 2395 3241; x_wconf 88' lang='lat' dir='ltr'><strong><em>Quoniam</em></strong></span> <span class='ocrx_word' id='word_1_726' title='bbox 2438 3177 2539 3247; x_wconf 86' lang='lat' dir='ltr'><strong><em>ipsi</em></strong></span> <span class='ocrx_word' id='word_1_727' title='bbox 2569 3194 2669 3231; x_wconf 87' lang='lat' dir='ltr'><strong><em>non</em></strong></span> <span class='ocrx_word' id='word_1_728' title='bbox 2714 3189 3121 3246; x_wconf 83' lang='lat' dir='ltr'><strong><em>permanserunt,</em></strong></span> <span class='ocrx_word' id='word_1_729' title='bbox 3179 3180 3373 3250; x_wconf 86' lang='lat' dir='ltr'><strong><em>inquit.</em></strong></span> <span class='ocrx_word' id='word_1_730' title='bbox 3436 3183 3535 3238; x_wconf 89' lang='lat' dir='ltr'><strong><em>llic</em></strong></span> 
     </span>
    </p>
   </div>
   <div class='ocr_carea' id='block_1_93' title="bbox 1931 3266 3535 3343">
    <p class='ocr_par' dir='ltr' id='par_1_93' title="bbox 1931 3266 3535 3343">
     <span class='ocr_line' id='line_1_93' title="bbox 1931 3266 3535 3343; baseline 0.004 -22"><span class='ocrx_word' id='word_1_731' title='bbox 1931 3267 2167 3321; x_wconf 83' lang='lat' dir='ltr'><strong><em>ostendit</em></strong></span> <span class='ocrx_word' id='word_1_732' title='bbox 2194 3266 2332 3336; x_wconf 91' lang='lat' dir='ltr'><strong><em>quod</em></strong></span> <span class='ocrx_word' id='word_1_733' title='bbox 2380 3281 2477 3320; x_wconf 89' lang='lat' dir='ltr'><strong><em>nos</em></strong></span> <span class='ocrx_word' id='word_1_734' title='bbox 2518 3267 2767 3337; x_wconf 89' lang='lat' dir='ltr'><strong><em>dignatur</em></strong></span> <span class='ocrx_word' id='word_1_735' title='bbox 2793 3266 3086 3338; x_wconf 80' lang='lat' dir='ltr'><strong><em>majoribus</em></strong></span> <span class='ocrx_word' id='word_1_736' title='bbox 3136 3278 3189 3325; x_wconf 88' lang='lat' dir='ltr'><strong><em>et</em></strong></span> <span class='ocrx_word' id='word_1_737' title='bbox 3221 3272 3387 3341; x_wconf 87' lang='lat' dir='ltr'><strong><em>magis</em></strong></span> <span class='ocrx_word' id='word_1_738' title='bbox 3424 3272 3535 3343; x_wconf 74' lang='lat' dir='ltr'><strong><em>Spi-</em></strong></span> 
     </span>
    </p>
   </div>
   <div class='ocr_carea' id='block_1_94' title="bbox 1934 3358 3537 3433">
    <p class='ocr_par' dir='ltr' id='par_1_94' title="bbox 1934 3358 3537 3433">
     <span class='ocr_line' id='line_1_94' title="bbox 1934 3358 3537 3433; baseline 0.006 -21"><span class='ocrx_word' id='word_1_739' title='bbox 1934 3359 2239 3413; x_wconf 86' lang='lat' dir='ltr'><strong><em>ritualibus.</em></strong></span> <span class='ocrx_word' id='word_1_740' title='bbox 2292 3358 2356 3412; x_wconf 82' lang='lat' dir='ltr'><strong><em>In</em></strong></span> <span class='ocrx_word' id='word_1_741' title='bbox 2380 3376 2581 3413; x_wconf 89' lang='lat' dir='ltr'><strong><em>omnem</em></strong></span> <span class='ocrx_word' id='word_1_742' title='bbox 2609 3361 2776 3427; x_wconf 89' lang='lat' dir='ltr'><strong><em>enim,</em></strong></span> <span class='ocrx_word' id='word_1_743' title='bbox 2829 3363 3022 3433; x_wconf 80' lang='lat' dir='ltr'><strong><em>inquit,</em></strong></span> <span class='ocrx_word' id='word_1_744' title='bbox 3054 3374 3240 3417; x_wconf 86' lang='lat' dir='ltr'><strong><em>terram</em></strong></span> <span class='ocrx_word' id='word_1_745' title='bbox 3273 3367 3425 3419; x_wconf 78' lang='lat' dir='ltr'><strong><em>exivit</em></strong></span> <span class='ocrx_word' id='word_1_746' title='bbox 3448 3383 3537 3421; x_wconf 82' lang='lat' dir='ltr'><strong><em>so-</em></strong></span> 
     </span>
    </p>
   </div>
   <div class='ocr_carea' id='block_1_95' title="bbox 1930 3452 3530 3529">
    <p class='ocr_par' dir='ltr' id='par_1_95' title="bbox 1930 3452 3530 3529">
     <span class='ocr_line' id='line_1_95' title="bbox 1930 3452 3530 3529; baseline 0.006 -27"><span class='ocrx_word' id='word_1_747' title='bbox 1930 3466 2027 3504; x_wconf 86' lang='lat' dir='ltr'><strong><em>nus</em></strong></span> <span class='ocrx_word' id='word_1_748' title='bbox 2065 3468 2259 3512; x_wconf 80' lang='lat' dir='ltr'><strong><em>eorum.</em></strong></span> <span class='ocrx_word' id='word_1_749' title='bbox 2314 3462 2360 3505; x_wconf 89' lang='lat' dir='ltr'><strong><em>et</em></strong></span> <span class='ocrx_word' id='word_1_750' title='bbox 2406 3452 2457 3505; x_wconf 89' lang='lat' dir='ltr'><strong><em>in</em></strong></span> <span class='ocrx_word' id='word_1_751' title='bbox 2480 3453 2608 3520; x_wconf 82' lang='lat' dir='ltr'><strong><em>ﬁnes</em></strong></span> <span class='ocrx_word' id='word_1_752' title='bbox 2636 3454 2769 3505; x_wconf 85' lang='lat' dir='ltr'><strong><em>orbis</em></strong></span> <span class='ocrx_word' id='word_1_753' title='bbox 2799 3465 2949 3509; x_wconf 77' lang='lat' dir='ltr'><strong><em>terra:</em></strong></span> <span class='ocrx_word' id='word_1_754' title='bbox 2983 3466 3126 3510; x_wconf 71' lang='lat' dir='ltr'><strong><em>rei-tut</em></strong></span> <span class='ocrx_word' id='word_1_755' title='bbox 3157 3476 3327 3510; x_wconf 78' lang='lat' dir='ltr'><strong><em>(’uruitt</em></strong></span> <span class='ocrx_word' id='word_1_756' title='bbox 3355 3459 3530 3529; x_wconf 82' lang='lat' dir='ltr'><strong><em>(l’sul.</em></strong></span> 
     </span>
    </p>
   </div>
   <div class='ocr_carea' id='block_1_96' title="bbox 1933 3542 3537 3622">
    <p class='ocr_par' dir='ltr' id='par_1_96' title="bbox 1933 3542 3537 3622">
     <span class='ocr_line' id='line_1_96' title="bbox 1933 3542 3537 3622; baseline 0.009 -27"><span class='ocrx_word' id='word_1_757' title='bbox 1933 3542 2019 3596; x_wconf 86' lang='grc'><strong>18.</strong></span> <span class='ocrx_word' id='word_1_758' title='bbox 2052 3543 2129 3613; x_wconf 81' lang='grc'><strong>5).</strong></span> <span class='ocrx_word' id='word_1_759' title='bbox 2182 3544 2292 3597; x_wconf 88' lang='lat' dir='ltr'><strong><em>lloc</em></strong></span> <span class='ocrx_word' id='word_1_760' title='bbox 2318 3552 2421 3609; x_wconf 87' lang='lat' dir='ltr'><strong><em>est,</em></strong></span> <span class='ocrx_word' id='word_1_761' title='bbox 2467 3544 2589 3599; x_wconf 79' lang='lat' dir='ltr'><strong><em>Non</em></strong></span> <span class='ocrx_word' id='word_1_762' title='bbox 2616 3544 2748 3599; x_wconf 82' lang='lat' dir='ltr'><strong><em>dicet</em></strong></span> <span class='ocrx_word' id='word_1_763' title='bbox 2776 3553 3119 3621; x_wconf 79' lang='lat' dir='ltr'><strong><em>unusquisque</em></strong></span> <span class='ocrx_word' id='word_1_764' title='bbox 3141 3557 3374 3622; x_wconf 70' lang='lat' dir='ltr'><strong><em>proximo</em></strong></span> <span class='ocrx_word' id='word_1_765' title='bbox 3396 3574 3488 3610; x_wconf 86' lang='lat' dir='ltr'><strong><em>suo</em></strong></span> <span class='ocrx_word' id='word_1_766' title='bbox 3518 3570 3537 3609; x_wconf 87' lang='lat'><strong><em>.‘</em></strong></span> 
     </span>
    </p>
   </div>
   <div class='ocr_carea' id='block_1_97' title="bbox 1930 3631 3537 3713">
    <p class='ocr_par' dir='ltr' id='par_1_97' title="bbox 1930 3631 3537 3713">
     <span class='ocr_line' id='line_1_97' title="bbox 1930 3631 3537 3713; baseline 0.011 -27"><span class='ocrx_word' id='word_1_767' title='bbox 1930 3631 2190 3702; x_wconf 86' lang='lat' dir='ltr'><strong><em>Cognosce</em></strong></span> <span class='ocrx_word' id='word_1_768' title='bbox 2222 3633 2514 3687; x_wconf 87' lang='lat' dir='ltr'><strong><em>Dominum.</em></strong></span> <span class='ocrx_word' id='word_1_769' title='bbox 2551 3637 2616 3689; x_wconf 79' lang='lat' dir='ltr'><strong><em>Et</em></strong></span> <span class='ocrx_word' id='word_1_770' title='bbox 2647 3652 2833 3692; x_wconf 90' lang='lat' dir='ltr'><strong><em>rursus</em></strong></span> <span class='ocrx_word' id='word_1_771' title='bbox 2864 3658 2876 3692; x_wconf 91' lang='lat'><strong>:</strong></span> <span class='ocrx_word' id='word_1_772' title='bbox 2927 3640 3241 3713; x_wconf 77' lang='lat' dir='ltr'><strong><em>Implebitur</em></strong></span> <span class='ocrx_word' id='word_1_773' title='bbox 3279 3658 3415 3702; x_wconf 90' lang='lat' dir='ltr'><strong><em>terra</em></strong></span> <span class='ocrx_word' id='word_1_774' title='bbox 3446 3668 3537 3703; x_wconf 89' lang='lat' dir='ltr'><strong><em>co-</em></strong></span> 
     </span>
    </p>
   </div>
   <div class='ocr_carea' id='block_1_98' title="bbox 1930 3722 3537 3814">
    <p class='ocr_par' dir='ltr' id='par_1_98' title="bbox 1930 3722 3537 3814">
     <span class='ocr_line' id='line_1_98' title="bbox 1930 3722 3537 3814; baseline 0.016 -41"><span class='ocrx_word' id='word_1_775' title='bbox 1930 3725 2159 3793; x_wconf 83' lang='lat' dir='ltr'><strong><em>gnitione</em></strong></span> <span class='ocrx_word' id='word_1_776' title='bbox 2189 3722 2417 3788; x_wconf 87' lang='lat' dir='ltr'><strong><em>Domini,</em></strong></span> <span class='ocrx_word' id='word_1_777' title='bbox 2450 3727 2577 3779; x_wconf 87' lang='lat' dir='ltr'><strong><em>sicut</em></strong></span> <span class='ocrx_word' id='word_1_778' title='bbox 2606 3744 2737 3795; x_wconf 84' lang='lat' dir='ltr'><strong><em>aqua</em></strong></span> <span class='ocrx_word' id='word_1_779' title='bbox 2776 3730 2933 3785; x_wconf 87' lang='lat' dir='ltr'><strong><em>multa</em></strong></span> <span class='ocrx_word' id='word_1_780' title='bbox 2957 3738 3157 3802; x_wconf 84' lang='lat' dir='ltr'><strong><em>operuit</em></strong></span> <span class='ocrx_word' id='word_1_781' title='bbox 3190 3756 3331 3794; x_wconf 88' lang='lat' dir='ltr'><strong><em>mare</em></strong></span> <span class='ocrx_word' id='word_1_782' title='bbox 3371 3742 3389 3814; x_wconf 91' lang='lat'>(</span> <span class='ocrx_word' id='word_1_783' title='bbox 3423 3743 3537 3798; x_wconf 88' lang='lat' dir='ltr'><strong><em>lla-</em></strong></span> 
     </span>
    </p>
   </div>
   <div class='ocr_carea' id='block_1_99' title="bbox 1932 3814 3526 3901">
    <p class='ocr_par' dir='ltr' id='par_1_99' title="bbox 1932 3814 3526 3901">
     <span class='ocr_line' id='line_1_99' title="bbox 1932 3814 3526 3901; baseline 0.014 -33"><span class='ocrx_word' id='word_1_784' title='bbox 1932 3814 2043 3868; x_wconf 88' lang='lat' dir='ltr'><strong><em>bac.</em></strong></span> <span class='ocrx_word' id='word_1_785' title='bbox 2076 3814 2128 3868; x_wconf 76' lang='lat'><strong><em>2.</em></strong></span> <span class='ocrx_word' id='word_1_786' title='bbox 2161 3815 2270 3886; x_wconf 66' lang='grc'><strong>11).</strong></span> <span class='ocrx_word' id='word_1_787' title='bbox 2306 3817 2393 3871; x_wconf 78' lang='grc'><strong>15.</strong></span> <span class='ocrx_word' id='word_1_788' title='bbox 2428 3816 2658 3872; x_wconf 85' lang='lat' dir='ltr'><strong><em>Dicenda</em></strong></span> <span class='ocrx_word' id='word_1_789' title='bbox 2684 3831 2877 3887; x_wconf 84' lang='lat' dir='ltr'><strong><em>autent,</em></strong></span> <span class='ocrx_word' id='word_1_790' title='bbox 2911 3826 3104 3896; x_wconf 89' lang='lat' dir='ltr'><strong><em>inquit,</em></strong></span> <span class='ocrx_word' id='word_1_791' title='bbox 3141 3849 3352 3901; x_wconf 86' lang='lat' dir='ltr'><strong><em>novum,</em></strong></span> <span class='ocrx_word' id='word_1_792' title='bbox 3388 3852 3526 3891; x_wconf 66' lang='lat' dir='ltr'><strong><em>vctu-</em></strong></span> 
     </span>
    </p>
   </div>
   <div class='ocr_carea' id='block_1_100' title="bbox 1928 3908 3536 4002">
    <p class='ocr_par' dir='ltr' id='par_1_100' title="bbox 1928 3908 3536 4002">
     <span class='ocr_line' id='line_1_100' title="bbox 1928 3908 3536 4002; baseline 0.013 -42"><span class='ocrx_word' id='word_1_793' title='bbox 1928 3908 2060 3960; x_wconf 84' lang='lat' dir='ltr'><strong><em>ravit</em></strong></span> <span class='ocrx_word' id='word_1_794' title='bbox 2090 3908 2255 3978; x_wconf 84' lang='lat' dir='ltr'><strong><em>prius.</em></strong></span> <span class='ocrx_word' id='word_1_795' title='bbox 2287 3909 2439 3976; x_wconf 84' lang='lat' dir='ltr'><strong><em>Quod</em></strong></span> <span class='ocrx_word' id='word_1_796' title='bbox 2467 3921 2637 3965; x_wconf 85' lang='lat' dir='ltr'><strong><em>autent</em></strong></span> <span class='ocrx_word' id='word_1_797' title='bbox 2664 3915 2962 3985; x_wconf 87' lang='lat' dir='ltr'><strong><em>antiquatur</em></strong></span> <span class='ocrx_word' id='word_1_798' title='bbox 3004 3932 3051 3973; x_wconf 89' lang='lat' dir='ltr'><strong><em>et</em></strong></span> <span class='ocrx_word' id='word_1_799' title='bbox 3094 3928 3329 3993; x_wconf 80' lang='lat' dir='ltr'><strong><em>senescit,</em></strong></span> <span class='ocrx_word' id='word_1_800' title='bbox 3375 3948 3536 4002; x_wconf 81' lang='lat' dir='ltr'><strong><em>prope</em></strong></span> 
     </span>
    </p>
   </div>
   <div class='ocr_carea' id='block_1_101' title="bbox 1927 3998 3532 4080">
    <p class='ocr_par' dir='ltr' id='par_1_101' title="bbox 1927 3998 3532 4080">
     <span class='ocr_line' id='line_1_101' title="bbox 1927 3998 3532 4080; baseline 0.018 -31"><span class='ocrx_word' id='word_1_801' title='bbox 1927 3998 2308 4053; x_wconf 86' lang='lat' dir='ltr'><strong><em>iuteritumest.</em></strong></span> <span class='ocrx_word' id='word_1_802' title='bbox 2362 4001 2495 4057; x_wconf 83' lang='lat' dir='ltr'><strong><em>Vide</em></strong></span> <span class='ocrx_word' id='word_1_803' title='bbox 2526 4007 2797 4073; x_wconf 90' lang='lat' dir='ltr'><strong><em>quomodo</em></strong></span> <span class='ocrx_word' id='word_1_804' title='bbox 2840 4011 2982 4079; x_wconf 87' lang='lat' dir='ltr'><strong><em>quod</em></strong></span> <span class='ocrx_word' id='word_1_805' title='bbox 3036 4026 3155 4069; x_wconf 78' lang='lat' dir='ltr'><strong><em>erat</em></strong></span> <span class='ocrx_word' id='word_1_806' title='bbox 3204 3998 3532 4080; x_wconf 83' lang='lat' dir='ltr'><strong><em>occultattnu</em></strong></span> 
     </span>
    </p>
   </div>
   <div class='ocr_carea' id='block_1_102' title="bbox 1927 4092 3527 4182">
    <p class='ocr_par' dir='ltr' id='par_1_102' title="bbox 1927 4092 3527 4182">
     <span class='ocr_line' id='line_1_102' title="bbox 1927 4092 3527 4182; baseline 0.016 -40"><span class='ocrx_word' id='word_1_807' title='bbox 1927 4092 2158 4158; x_wconf 87' lang='lat' dir='ltr'><strong><em>aperuit,</em></strong></span> <span class='ocrx_word' id='word_1_808' title='bbox 2190 4092 2358 4160; x_wconf 84' lang='lat' dir='ltr'><strong><em>ipsam</em></strong></span> <span class='ocrx_word' id='word_1_809' title='bbox 2391 4104 2626 4150; x_wconf 78' lang='lat' dir='ltr'><strong><em>montem</em></strong></span> <span class='ocrx_word' id='word_1_810' title='bbox 2658 4100 2965 4168; x_wconf 74' lang='lat' dir='ltr'><strong><em>pr0plietac.</em></strong></span> <span class='ocrx_word' id='word_1_811' title='bbox 3003 4104 3297 4163; x_wconf 76' lang='lat' dir='ltr'><strong><em>llonoravit</em></strong></span> <span class='ocrx_word' id='word_1_812' title='bbox 3330 4112 3527 4182; x_wconf 85' lang='lat' dir='ltr'><strong><em>legem,</em></strong></span> 
     </span>
    </p>
   </div>
   <div class='ocr_carea' id='block_1_103' title="bbox 1926 4182 3535 4262">
    <p class='ocr_par' dir='ltr' id='par_1_103' title="bbox 1926 4182 3535 4262">
     <span class='ocr_line' id='line_1_103' title="bbox 1926 4182 3535 4262; baseline 0.016 -27"><span class='ocrx_word' id='word_1_813' title='bbox 1926 4190 1982 4235; x_wconf 87' lang='lat' dir='ltr'><strong><em>et</em></strong></span> <span class='ocrx_word' id='word_1_814' title='bbox 2009 4182 2177 4235; x_wconf 88' lang='lat' dir='ltr'><strong><em>noluit</em></strong></span> <span class='ocrx_word' id='word_1_815' title='bbox 2207 4198 2325 4237; x_wconf 88' lang='lat' dir='ltr'><strong><em>eam</em></strong></span> <span class='ocrx_word' id='word_1_816' title='bbox 2366 4184 2551 4241; x_wconf 88' lang='lat' dir='ltr'><strong><em>dicere</em></strong></span> <span class='ocrx_word' id='word_1_817' title='bbox 2594 4192 2908 4246; x_wconf 86' lang='lat' dir='ltr'><strong><em>nominatim</em></strong></span> <span class='ocrx_word' id='word_1_818' title='bbox 2945 4204 3178 4251; x_wconf 78' lang='lat' dir='ltr'><strong><em>veterem</em></strong></span> <span class='ocrx_word' id='word_1_819' title='bbox 3210 4215 3223 4262; x_wconf 91' lang='lat'><strong>;</strong></span> <span class='ocrx_word' id='word_1_820' title='bbox 3257 4218 3535 4260; x_wconf 76' lang='lat' dir='ltr'><strong><em>\‘ct&#39;ttmla-</em></strong></span> 
     </span>
    </p>
   </div>
   <div class='ocr_carea' id='block_1_104' title="bbox 1928 4272 3531 4354">
    <p class='ocr_par' dir='ltr' id='par_1_104' title="bbox 1928 4272 3531 4354">
     <span class='ocr_line' id='line_1_104' title="bbox 1928 4272 3531 4354; baseline 0.016 -28"><span class='ocrx_word' id='word_1_821' title='bbox 1928 4288 2051 4327; x_wconf 66' lang='lat' dir='ltr'><strong><em>nnrn</em></strong></span> <span class='ocrx_word' id='word_1_822' title='bbox 2084 4272 2185 4327; x_wconf 85' lang='lat' dir='ltr'><strong><em>hoc</em></strong></span> <span class='ocrx_word' id='word_1_823' title='bbox 2210 4274 2345 4329; x_wconf 75' lang='lat' dir='ltr'><strong><em>dixit</em></strong></span> <span class='ocrx_word' id='word_1_824' title='bbox 2374 4294 2387 4331; x_wconf 89' lang='lat'>:</span> <span class='ocrx_word' id='word_1_825' title='bbox 2441 4292 2563 4331; x_wconf 90' lang='lat' dir='ltr'><strong><em>nam</em></strong></span> <span class='ocrx_word' id='word_1_826' title='bbox 2596 4281 2642 4333; x_wconf 91' lang='lat' dir='ltr'><strong><em>si</em></strong></span> <span class='ocrx_word' id='word_1_827' title='bbox 2668 4282 2795 4335; x_wconf 89' lang='lat' dir='ltr'><strong><em>illud</em></strong></span> <span class='ocrx_word' id='word_1_828' title='bbox 2827 4296 2971 4339; x_wconf 86' lang='lat' dir='ltr'><strong><em>esset</em></strong></span> <span class='ocrx_word' id='word_1_829' title='bbox 3003 4304 3225 4354; x_wconf 75' lang='lat' dir='ltr'><strong><em>norum,</em></strong></span> <span class='ocrx_word' id='word_1_830' title='bbox 3288 4310 3393 4348; x_wconf 85' lang='lat' dir='ltr'><strong><em>non</em></strong></span> <span class='ocrx_word' id='word_1_831' title='bbox 3430 4298 3531 4351; x_wconf 82' lang='lat' dir='ltr'><strong><em>hoc</em></strong></span> 
     </span>
    </p>
   </div>
   <div class='ocr_carea' id='block_1_105' title="bbox 1924 4376 3523 4453">
    <p class='ocr_par' dir='ltr' id='par_1_105' title="bbox 1924 4376 3523 4453">
     <span class='ocr_line' id='line_1_105' title="bbox 1924 4376 3523 4453; baseline 0.021 -37"><span class='ocrx_word' id='word_1_832' title='bbox 1924 4381 2135 4435; x_wconf 89' lang='lat' dir='ltr'><strong><em>quoque</em></strong></span> <span class='ocrx_word' id='word_1_833' title='bbox 2176 4380 2360 4438; x_wconf 75' lang='lat' dir='ltr'><strong><em>postea</em></strong></span> <span class='ocrx_word' id='word_1_834' title='bbox 2414 4376 2745 4444; x_wconf 88' lang='lat' dir='ltr'><strong><em>appellasset</em></strong></span> <span class='ocrx_word' id='word_1_835' title='bbox 2787 4398 3006 4439; x_wconf 85' lang='lat' dir='ltr'><strong><em>novum.</em></strong></span> <span class='ocrx_word' id='word_1_836' title='bbox 3057 4387 3425 4453; x_wconf 79' lang='lat' dir='ltr'><strong><em>Quamobrem</em></strong></span> <span class='ocrx_word' id='word_1_837' title='bbox 3467 4405 3523 4450; x_wconf 91' lang='lat' dir='ltr'><strong><em>ct</em></strong></span> 
     </span>
    </p>
   </div>
   <div class='ocr_carea' id='block_1_106' title="bbox 1925 4457 3524 4549">
    <p class='ocr_par' dir='ltr' id='par_1_106' title="bbox 1925 4457 3524 4549">
     <span class='ocr_line' id='line_1_106' title="bbox 1925 4457 3524 4549; baseline 0.019 -40"><span class='ocrx_word' id='word_1_838' title='bbox 1925 4457 2124 4528; x_wconf 90' lang='lat' dir='ltr'><strong><em>aiiquid</em></strong></span> <span class='ocrx_word' id='word_1_839' title='bbox 2156 4462 2290 4515; x_wconf 89' lang='lat' dir='ltr'><strong><em>dans</em></strong></span> <span class='ocrx_word' id='word_1_840' title='bbox 2339 4468 2568 4536; x_wconf 88' lang='lat' dir='ltr'><strong><em>amplius</em></strong></span> <span class='ocrx_word' id='word_1_841' title='bbox 2614 4479 2668 4525; x_wconf 86' lang='lat' dir='ltr'><strong><em>et</em></strong></span> <span class='ocrx_word' id='word_1_842' title='bbox 2712 4472 2976 4542; x_wconf 82' lang='lat' dir='ltr'><strong><em>alterum,</em></strong></span> <span class='ocrx_word' id='word_1_843' title='bbox 3008 4477 3212 4549; x_wconf 88' lang='lat' dir='ltr'><strong><em>inquit,</em></strong></span> <span class='ocrx_word' id='word_1_844' title='bbox 3253 4480 3524 4541; x_wconf 74' lang='lat' dir='ltr'><strong><em>Veterart&#39;t.</em></strong></span> 
     </span>
    </p>
   </div>
   <div class='ocr_carea' id='block_1_107' title="bbox 1926 4549 3526 4643">
    <p class='ocr_par' dir='ltr' id='par_1_107' title="bbox 1926 4549 3526 4643">
     <span class='ocr_line' id='line_1_107' title="bbox 1926 4549 3526 4643; baseline 0.019 -40"><span class='ocrx_word' id='word_1_845' title='bbox 1926 4549 2069 4620; x_wconf 88' lang='lat' dir='ltr'><strong><em>Ergo</em></strong></span> <span class='ocrx_word' id='word_1_846' title='bbox 2115 4553 2431 4611; x_wconf 81' lang='lat' dir='ltr'><strong><em>dissolvitur</em></strong></span> <span class='ocrx_word' id='word_1_847' title='bbox 2461 4570 2511 4613; x_wconf 84' lang='lat' dir='ltr'><strong><em>et</em></strong></span> <span class='ocrx_word' id='word_1_848' title='bbox 2560 4562 2744 4617; x_wconf 90' lang='lat' dir='ltr'><strong><em>interit</em></strong></span> <span class='ocrx_word' id='word_1_849' title='bbox 2773 4574 2958 4621; x_wconf 88' lang='lat' dir='ltr'><strong><em>etnon</em></strong></span> <span class='ocrx_word' id='word_1_850' title='bbox 2991 4580 3076 4625; x_wconf 89' lang='lat' dir='ltr'><strong><em>est</em></strong></span> <span class='ocrx_word' id='word_1_851' title='bbox 3114 4575 3363 4643; x_wconf 89' lang='lat' dir='ltr'><strong><em>amplius.</em></strong></span> <span class='ocrx_word' id='word_1_852' title='bbox 3421 4580 3526 4632; x_wconf 87' lang='lat' dir='ltr'><strong><em>Ac-</em></strong></span> 
     </span>
    </p>
   </div>
   <div class='ocr_carea' id='block_1_108' title="bbox 1922 4648 3521 4734">
    <p class='ocr_par' dir='ltr' id='par_1_108' title="bbox 1922 4648 3521 4734">
     <span class='ocr_line' id='line_1_108' title="bbox 1922 4648 3521 4734; baseline 0.019 -40"><span class='ocrx_word' id='word_1_853' title='bbox 1922 4652 2075 4711; x_wconf 80' lang='lat' dir='ltr'><strong><em>Ccpla</em></strong></span> <span class='ocrx_word' id='word_1_854' title='bbox 2104 4657 2129 4695; x_wconf 92' lang='lat' dir='ltr'><strong><em>a</em></strong></span> <span class='ocrx_word' id='word_1_855' title='bbox 2158 4648 2416 4715; x_wconf 80' lang='lat' dir='ltr'><strong><em>praplieta</em></strong></span> <span class='ocrx_word' id='word_1_856' title='bbox 2450 4650 2664 4720; x_wconf 85' lang='lat' dir='ltr'><strong><em>ﬁducia,</em></strong></span> <span class='ocrx_word' id='word_1_857' title='bbox 2697 4658 2866 4726; x_wconf 87' lang='lat' dir='ltr'><strong><em>magis</em></strong></span> <span class='ocrx_word' id='word_1_858' title='bbox 2891 4660 2941 4714; x_wconf 91' lang='lat' dir='ltr'><strong><em>id</em></strong></span> <span class='ocrx_word' id='word_1_859' title='bbox 2967 4661 3265 4720; x_wconf 86' lang='lat' dir='ltr'><strong><em>insectatur</em></strong></span> <span class='ocrx_word' id='word_1_860' title='bbox 3292 4668 3521 4734; x_wconf 87' lang='lat' dir='ltr'><strong><em>utiliter.</em></strong></span> 
     </span>
    </p>
   </div>
   <div class='ocr_carea' id='block_1_109' title="bbox 1924 4734 3525 4823">
    <p class='ocr_par' dir='ltr' id='par_1_109' title="bbox 1924 4734 3525 4823">
     <span class='ocr_line' id='line_1_109' title="bbox 1924 4734 3525 4823; baseline 0.02 -39"><span class='ocrx_word' id='word_1_861' title='bbox 1924 4734 2215 4789; x_wconf 89' lang='lat' dir='ltr'><strong><em>ostendens</em></strong></span> <span class='ocrx_word' id='word_1_862' title='bbox 2240 4740 2383 4807; x_wconf 89' lang='lat' dir='ltr'><strong><em>quod</em></strong></span> <span class='ocrx_word' id='word_1_863' title='bbox 2414 4754 2594 4796; x_wconf 90' lang='lat' dir='ltr'><strong><em>nostra</em></strong></span> <span class='ocrx_word' id='word_1_864' title='bbox 2626 4762 2768 4801; x_wconf 89' lang='lat' dir='ltr'><strong><em>nunc</em></strong></span> <span class='ocrx_word' id='word_1_865' title='bbox 2792 4750 3053 4819; x_wconf 87' lang='lat' dir='ltr'><strong><em>ﬂoreant;</em></strong></span> <span class='ocrx_word' id='word_1_866' title='bbox 3090 4756 3190 4811; x_wconf 82' lang='lat' dir='ltr'><strong><em>ltoc</em></strong></span> <span class='ocrx_word' id='word_1_867' title='bbox 3206 4769 3311 4823; x_wconf 85' lang='lat' dir='ltr'><strong><em>est,</em></strong></span> <span class='ocrx_word' id='word_1_868' title='bbox 3343 4773 3525 4815; x_wconf 87' lang='lat' dir='ltr'><strong><em>osten-</em></strong></span> 
     </span>
    </p>
   </div>
   <div class='ocr_carea' id='block_1_110' title="bbox 1923 4822 3525 4917">
    <p class='ocr_par' dir='ltr' id='par_1_110' title="bbox 1923 4822 3525 4917">
     <span class='ocr_line' id='line_1_110' title="bbox 1923 4822 3525 4917; baseline 0.02 -42"><span class='ocrx_word' id='word_1_869' title='bbox 1923 4822 1999 4877; x_wconf 90' lang='lat' dir='ltr'><strong><em>dit</em></strong></span> <span class='ocrx_word' id='word_1_870' title='bbox 2031 4840 2150 4880; x_wconf 70' lang='lat' dir='ltr'><strong><em>eSse</em></strong></span> <span class='ocrx_word' id='word_1_871' title='bbox 2180 4839 2351 4881; x_wconf 75' lang='lat' dir='ltr'><strong><em>Vetus.</em></strong></span> <span class='ocrx_word' id='word_1_872' title='bbox 2391 4832 2593 4888; x_wconf 86' lang='lat' dir='ltr'><strong><em>Deinde</em></strong></span> <span class='ocrx_word' id='word_1_873' title='bbox 2624 4850 2849 4907; x_wconf 85' lang='lat' dir='ltr'><strong><em>accepto</em></strong></span> <span class='ocrx_word' id='word_1_874' title='bbox 2886 4848 3104 4901; x_wconf 86' lang='lat' dir='ltr'><strong><em>nomine</em></strong></span> <span class='ocrx_word' id='word_1_875' title='bbox 3138 4853 3437 4917; x_wconf 69' lang='lat' dir='ltr'><strong><em>vetustatis,</em></strong></span> <span class='ocrx_word' id='word_1_876' title='bbox 3472 4864 3525 4907; x_wconf 84' lang='lat' dir='ltr'><strong><em>ct</em></strong></span> 
     </span>
    </p>
   </div>
   <div class='ocr_carea' id='block_1_111' title="bbox 1922 4914 3526 5002">
    <p class='ocr_par' dir='ltr' id='par_1_111' title="bbox 1922 4914 3526 5002">
     <span class='ocr_line' id='line_1_111' title="bbox 1922 4914 3526 5002; baseline 0.021 -37"><span class='ocrx_word' id='word_1_877' title='bbox 1922 4914 2027 4965; x_wconf 85' lang='lat' dir='ltr'><strong><em>alio</em></strong></span> <span class='ocrx_word' id='word_1_878' title='bbox 2057 4931 2084 4969; x_wconf 89' lang='lat' dir='ltr'><strong><em>a</em></strong></span> <span class='ocrx_word' id='word_1_879' title='bbox 2117 4933 2175 4971; x_wconf 88' lang='lat' dir='ltr'><strong><em>se</em></strong></span> <span class='ocrx_word' id='word_1_880' title='bbox 2204 4920 2405 4987; x_wconf 88' lang='lat' dir='ltr'><strong><em>addito,</em></strong></span> <span class='ocrx_word' id='word_1_881' title='bbox 2459 4941 2649 4997; x_wconf 83' lang='lat' dir='ltr'><strong><em>netnpc</em></strong></span> <span class='ocrx_word' id='word_1_882' title='bbox 2678 4932 2835 4997; x_wconf 89' lang='lat' dir='ltr'><strong><em>senii,</em></strong></span> <span class='ocrx_word' id='word_1_883' title='bbox 2878 4937 3019 5002; x_wconf 87' lang='lat' dir='ltr'><strong><em>quod</em></strong></span> <span class='ocrx_word' id='word_1_884' title='bbox 3050 4941 3370 4995; x_wconf 71' lang='lat' dir='ltr'><strong><em>restabath</em></strong></span> <span class='ocrx_word' id='word_1_885' title='bbox 3406 4946 3526 4999; x_wconf 88' lang='lat' dir='ltr'><strong><em>aliis</em></strong></span> 
     </span>
    </p>
   </div>
   <div class='ocr_carea' id='block_1_112' title="bbox 1923 5012 3522 5103">
    <p class='ocr_par' dir='ltr' id='par_1_112' title="bbox 1923 5012 3522 5103">
     <span class='ocr_line' id='line_1_112' title="bbox 1923 5012 3522 5103; baseline 0.021 -45"><span class='ocrx_word' id='word_1_886' title='bbox 1923 5012 2148 5076; x_wconf 85' lang='lat' dir='ltr'><strong><em>accepit,</em></strong></span> <span class='ocrx_word' id='word_1_887' title='bbox 2174 5021 2226 5066; x_wconf 83' lang='lat' dir='ltr'><strong><em>et</em></strong></span> <span class='ocrx_word' id='word_1_888' title='bbox 2254 5014 2380 5068; x_wconf 76' lang='lat' dir='ltr'><strong><em>dicit</em></strong></span> <span class='ocrx_word' id='word_1_889' title='bbox 2408 5036 2419 5071; x_wconf 87' lang='lat'><strong>:</strong></span> <span class='ocrx_word' id='word_1_890' title='bbox 2457 5018 2527 5070; x_wconf 83' lang='lat' dir='ltr'><strong><em>l’r</em></strong></span> <span class='ocrx_word' id='word_1_891' title='bbox 2552 5038 2624 5089; x_wconf 86' lang='lat' dir='ltr'><strong><em>pe</em></strong></span> <span class='ocrx_word' id='word_1_892' title='bbox 2682 5024 2938 5079; x_wconf 80' lang='lat' dir='ltr'><strong><em>interitum</em></strong></span> <span class='ocrx_word' id='word_1_893' title='bbox 2970 5041 3061 5083; x_wconf 81' lang='lat' dir='ltr'><strong><em>est.</em></strong></span> <span class='ocrx_word' id='word_1_894' title='bbox 3121 5033 3232 5085; x_wconf 61' lang='lat' dir='ltr'><strong><em>Non</em></strong></span> <span class='ocrx_word' id='word_1_895' title='bbox 3263 5052 3390 5103; x_wconf 72' lang='lat' dir='ltr'><strong><em>ergo</em></strong></span> <span class='ocrx_word' id='word_1_896' title='bbox 3424 5055 3522 5091; x_wconf 89' lang='lat' dir='ltr'><strong><em>no-</em></strong></span> 
     </span>
    </p>
   </div>
   <div class='ocr_carea' id='block_1_113' title="bbox 1925 5102 3521 5186">
    <p class='ocr_par' dir='ltr' id='par_1_113' title="bbox 1925 5102 3521 5186">
     <span class='ocr_line' id='line_1_113' title="bbox 1925 5102 3521 5186; baseline 0.022 -38"><span class='ocrx_word' id='word_1_897' title='bbox 1925 5114 2045 5151; x_wconf 75' lang='lat' dir='ltr'><strong><em>vum</em></strong></span> <span class='ocrx_word' id='word_1_898' title='bbox 2070 5102 2312 5159; x_wconf 76' lang='lat' dir='ltr'><strong><em>absolute</em></strong></span> <span class='ocrx_word' id='word_1_899' title='bbox 2341 5108 2617 5179; x_wconf 77' lang='lat' dir='ltr'><strong><em>abrogmit</em></strong></span> <span class='ocrx_word' id='word_1_900' title='bbox 2661 5124 2811 5168; x_wconf 85' lang='lat' dir='ltr'><strong><em>vetns</em></strong></span> <span class='ocrx_word' id='word_1_901' title='bbox 2841 5118 3271 5186; x_wconf 72' lang='lat' dir='ltr'><strong><em>Testamentum.</em></strong></span> <span class='ocrx_word' id='word_1_902' title='bbox 3334 5130 3426 5181; x_wconf 80' lang='lat' dir='ltr'><strong><em>sed</em></strong></span> <span class='ocrx_word' id='word_1_903' title='bbox 3465 5140 3521 5183; x_wconf 86' lang='lat' dir='ltr'><strong><em>ut</em></strong></span> 
     </span>
    </p>
   </div>
   <div class='ocr_carea' id='block_1_114' title="bbox 1923 5192 3525 5287">
    <p class='ocr_par' dir='ltr' id='par_1_114' title="bbox 1923 5192 3525 5287">
     <span class='ocr_line' id='line_1_114' title="bbox 1923 5192 3525 5287; baseline 0.022 -47"><span class='ocrx_word' id='word_1_904' title='bbox 1923 5192 2061 5257; x_wconf 88' lang='lat' dir='ltr'><strong><em>quod</em></strong></span> <span class='ocrx_word' id='word_1_905' title='bbox 2094 5200 2459 5265; x_wconf 87' lang='lat' dir='ltr'><strong><em>consenuerit,</em></strong></span> <span class='ocrx_word' id='word_1_906' title='bbox 2507 5214 2557 5255; x_wconf 89' lang='lat' dir='ltr'><strong><em>ut</em></strong></span> <span class='ocrx_word' id='word_1_907' title='bbox 2606 5207 2747 5273; x_wconf 90' lang='lat' dir='ltr'><strong><em>quod</em></strong></span> <span class='ocrx_word' id='word_1_908' title='bbox 2793 5210 2836 5261; x_wconf 90' lang='lat' dir='ltr'><strong><em>si</em></strong></span> <span class='ocrx_word' id='word_1_909' title='bbox 2872 5211 3080 5267; x_wconf 84' lang='lat' dir='ltr'><strong><em>inutile.</em></strong></span> <span class='ocrx_word' id='word_1_910' title='bbox 3124 5217 3415 5287; x_wconf 80' lang='lat' dir='ltr'><strong><em>Propterea</em></strong></span> <span class='ocrx_word' id='word_1_911' title='bbox 3446 5226 3525 5275; x_wconf 80' lang='lat' dir='ltr'><strong><em>di-</em></strong></span> 
     </span>
    </p>
   </div>
   <div class='ocr_carea' id='block_1_115' title="bbox 1924 5283 3522 5377">
    <p class='ocr_par' dir='ltr' id='par_1_115' title="bbox 1924 5283 3522 5377">
     <span class='ocr_line' id='line_1_115' title="bbox 1924 5283 3522 5377; baseline 0.021 -41"><span class='ocrx_word' id='word_1_912' title='bbox 1924 5283 2097 5349; x_wconf 86' lang='lat' dir='ltr'><strong><em>ccbat,</em></strong></span> <span class='ocrx_word' id='word_1_913' title='bbox 2128 5286 2714 5359; x_wconf 74' lang='lat' dir='ltr'><strong><em>I’t&#39;Opterinfirmitatem</em></strong></span> <span class='ocrx_word' id='word_1_914' title='bbox 2744 5310 2790 5354; x_wconf 88' lang='lat' dir='ltr'><strong><em>et</em></strong></span> <span class='ocrx_word' id='word_1_915' title='bbox 2834 5304 3198 5375; x_wconf 80' lang='lat' dir='ltr'><strong><em>inutilitatem;</em></strong></span> <span class='ocrx_word' id='word_1_916' title='bbox 3235 5283 3315 5377; x_wconf 79' lang='lat' dir='ltr'><strong><em>ct,</em></strong></span> <span class='ocrx_word' id='word_1_917' title='bbox 3370 5314 3522 5369; x_wconf 75' lang='lat' dir='ltr'><strong><em>Nihil</em></strong></span> 
     </span>
    </p>
   </div>
   <div class='ocr_carea' id='block_1_116' title="bbox 1923 5375 3521 5474">
    <p class='ocr_par' dir='ltr' id='par_1_116' title="bbox 1923 5375 3521 5474">
     <span class='ocr_line' id='line_1_116' title="bbox 1923 5375 3521 5474; baseline 0.021 -48"><span class='ocrx_word' id='word_1_918' title='bbox 1923 5375 1993 5427; x_wconf 86' lang='lat' dir='ltr'><strong><em>(td</em></strong></span> <span class='ocrx_word' id='word_1_919' title='bbox 2020 5379 2301 5445; x_wconf 78' lang='lat' dir='ltr'><strong><em>perfectum</em></strong></span> <span class='ocrx_word' id='word_1_920' title='bbox 2331 5386 2543 5437; x_wconf 75' lang='lat' dir='ltr'><strong><em>adduxit</em></strong></span> <span class='ocrx_word' id='word_1_921' title='bbox 2587 5390 2706 5453; x_wconf 75' lang='lat' dir='ltr'><strong><em>lex;</em></strong></span> <span class='ocrx_word' id='word_1_922' title='bbox 2756 5403 2809 5446; x_wconf 86' lang='lat' dir='ltr'><strong><em>ct</em></strong></span> <span class='ocrx_word' id='word_1_923' title='bbox 2839 5395 3001 5461; x_wconf 83' lang='lat' dir='ltr'><strong><em>quod,</em></strong></span> <span class='ocrx_word' id='word_1_924' title='bbox 3040 5398 3099 5449; x_wconf 75' lang='lat' dir='ltr'><strong><em>Si</em></strong></span> <span class='ocrx_word' id='word_1_925' title='bbox 3124 5402 3345 5465; x_wconf 86' lang='lat' dir='ltr'><strong><em>primum</em></strong></span> <span class='ocrx_word' id='word_1_926' title='bbox 3370 5410 3521 5474; x_wconf 76' lang='lat' dir='ltr'><strong><em>culpa</em></strong></span> 
     </span>
    </p>
   </div>
   <div class='ocr_carea' id='block_1_117' title="bbox 1922 5478 3521 5555">
    <p class='ocr_par' dir='ltr' id='par_1_117' title="bbox 1922 5478 3521 5555">
     <span class='ocr_line' id='line_1_117' title="bbox 1922 5478 3521 5555; baseline 0.017 -35"><span class='ocrx_word' id='word_1_927' title='bbox 1922 5478 2190 5532; x_wconf 76' lang='lat' dir='ltr'><strong><em>vacasset,</em></strong></span> <span class='ocrx_word' id='word_1_928' title='bbox 2244 5488 2348 5525; x_wconf 89' lang='lat' dir='ltr'><strong><em>non</em></strong></span> <span class='ocrx_word' id='word_1_929' title='bbox 2396 5487 2725 5543; x_wconf 62' lang='lat' dir='ltr'><strong><em>quereretur</em></strong></span> <span class='ocrx_word' id='word_1_930' title='bbox 2753 5484 2969 5535; x_wconf 87' lang='lat' dir='ltr'><strong><em>secundi</em></strong></span> <span class='ocrx_word' id='word_1_931' title='bbox 3002 5483 3143 5537; x_wconf 86' lang='lat' dir='ltr'><strong><em>locus</em></strong></span> <span class='ocrx_word' id='word_1_932' title='bbox 3169 5486 3238 5555; x_wconf 91' lang='lat' dir='ltr'><strong><em>(c.</em></strong></span> <span class='ocrx_word' id='word_1_933' title='bbox 3276 5491 3326 5541; x_wconf 85' lang='grc'><strong>7.</strong></span> <span class='ocrx_word' id='word_1_934' title='bbox 3363 5508 3407 5543; x_wconf 89' lang='grc' dir='ltr'><strong>υ.</strong></span> <span class='ocrx_word' id='word_1_935' title='bbox 3439 5494 3521 5547; x_wconf 81' lang='lat' dir='ltr'><strong><em>l8.</em></strong></span> 
     </span>
    </p>
   </div>
   <div class='ocr_carea' id='block_1_118' title="bbox 1926 5559 3519 5650">
    <p class='ocr_par' dir='ltr' id='par_1_118' title="bbox 1926 5559 3519 5650">
     <span class='ocr_line' id='line_1_118' title="bbox 1926 5559 3519 5650; baseline 0.018 -40"><span class='ocrx_word' id='word_1_936' title='bbox 1926 5559 1990 5612; x_wconf 85' lang='lat' dir='ltr'><strong><em>l9</em></strong></span> <span class='ocrx_word' id='word_1_937' title='bbox 2034 5570 2153 5613; x_wconf 86' lang='lat' dir='ltr'><strong><em>etc.</em></strong></span> <span class='ocrx_word' id='word_1_938' title='bbox 2184 5562 2237 5615; x_wconf 89' lang='lat'><strong><em>8.</em></strong></span> <span class='ocrx_word' id='word_1_939' title='bbox 2270 5564 2430 5635; x_wconf 84' lang='lat' dir='ltr'><strong><em>v.7).</em></strong></span> <span class='ocrx_word' id='word_1_940' title='bbox 2491 5566 2664 5639; x_wconf 84' lang='lat' dir='ltr'><strong><em>Culpa</em></strong></span> <span class='ocrx_word' id='word_1_941' title='bbox 2696 5586 2899 5627; x_wconf 76' lang='lat' dir='ltr'><strong><em>vacans</em></strong></span> <span class='ocrx_word' id='word_1_942' title='bbox 2940 5576 3070 5643; x_wconf 91' lang='lat' dir='ltr'><strong><em>quid</em></strong></span> <span class='ocrx_word' id='word_1_943' title='bbox 3102 5579 3219 5631; x_wconf 82' lang='lat' dir='ltr'><strong><em>est?</em></strong></span> <span class='ocrx_word' id='word_1_944' title='bbox 3275 5581 3387 5635; x_wconf 90' lang='lat' dir='ltr'><strong><em>lloc</em></strong></span> <span class='ocrx_word' id='word_1_945' title='bbox 3414 5598 3519 5650; x_wconf 79' lang='lat' dir='ltr'><strong><em>est,</em></strong></span> 
     </span>
    </p>
   </div>
   <div class='ocr_carea' id='block_1_119' title="bbox 1920 5654 3523 5733">
    <p class='ocr_par' dir='ltr' id='par_1_119' title="bbox 1920 5654 3523 5733">
     <span class='ocr_line' id='line_1_119' title="bbox 1920 5654 3523 5733; baseline 0.016 -29"><span class='ocrx_word' id='word_1_946' title='bbox 1920 5654 2079 5717; x_wconf 86' lang='lat' dir='ltr'><strong><em>utile,</em></strong></span> <span class='ocrx_word' id='word_1_947' title='bbox 2121 5654 2279 5709; x_wconf 83' lang='lat' dir='ltr'><strong><em>forte.</em></strong></span> <span class='ocrx_word' id='word_1_948' title='bbox 2324 5657 2438 5711; x_wconf 88' lang='lat' dir='ltr'><strong><em>lloc</em></strong></span> <span class='ocrx_word' id='word_1_949' title='bbox 2468 5660 2623 5725; x_wconf 89' lang='lat' dir='ltr'><strong><em>dicit,</em></strong></span> <span class='ocrx_word' id='word_1_950' title='bbox 2662 5678 2771 5717; x_wconf 90' lang='lat' dir='ltr'><strong><em>non</em></strong></span> <span class='ocrx_word' id='word_1_951' title='bbox 2802 5667 2950 5733; x_wconf 90' lang='lat' dir='ltr'><strong><em>quod</em></strong></span> <span class='ocrx_word' id='word_1_952' title='bbox 2981 5668 3050 5721; x_wconf 90' lang='lat' dir='ltr'><strong><em>sit</em></strong></span> <span class='ocrx_word' id='word_1_953' title='bbox 3077 5669 3375 5725; x_wconf 78' lang='lat' dir='ltr'><strong><em>obnoxium</em></strong></span> <span class='ocrx_word' id='word_1_954' title='bbox 3410 5678 3523 5728; x_wconf 77' lang='lat' dir='ltr'><strong><em>cri-</em></strong></span> 
     </span>
    </p>
   </div>
   <div class='ocr_carea' id='block_1_120' title="bbox 1922 5746 3517 5833">
    <p class='ocr_par' dir='ltr' id='par_1_120' title="bbox 1922 5746 3517 5833">
     <span class='ocr_line' id='line_1_120' title="bbox 1922 5746 3517 5833; baseline 0.015 -36"><span class='ocrx_word' id='word_1_955' title='bbox 1922 5746 2183 5810; x_wconf 82' lang='lat' dir='ltr'><strong><em>minibus,</em></strong></span> <span class='ocrx_word' id='word_1_956' title='bbox 2208 5749 2303 5802; x_wconf 89' lang='lat' dir='ltr'><strong><em>sed</em></strong></span> <span class='ocrx_word' id='word_1_957' title='bbox 2329 5752 2474 5819; x_wconf 91' lang='lat' dir='ltr'><strong><em>quod</em></strong></span> <span class='ocrx_word' id='word_1_958' title='bbox 2498 5769 2607 5807; x_wconf 88' lang='lat' dir='ltr'><strong><em>non</em></strong></span> <span class='ocrx_word' id='word_1_959' title='bbox 2626 5754 2879 5823; x_wconf 85' lang='lat' dir='ltr'><strong><em>sulliciat,</em></strong></span> <span class='ocrx_word' id='word_1_960' title='bbox 2900 5760 3095 5814; x_wconf 91' lang='lat' dir='ltr'><strong><em>rudius</em></strong></span> <span class='ocrx_word' id='word_1_961' title='bbox 3119 5774 3202 5815; x_wconf 88' lang='lat' dir='ltr'><strong><em>est</em></strong></span> <span class='ocrx_word' id='word_1_962' title='bbox 3222 5763 3517 5833; x_wconf 83' lang='lat' dir='ltr'><strong><em>loquutus:</em></strong></span> 
     </span>
    </p>
   </div>
   <div class='ocr_carea' id='block_1_121' title="bbox 1924 5840 3519 5917">
    <p class='ocr_par' dir='ltr' id='par_1_121' title="bbox 1924 5840 3519 5917">
     <span class='ocr_line' id='line_1_121' title="bbox 1924 5840 3519 5917; baseline 0.013 -25"><span class='ocrx_word' id='word_1_963' title='bbox 1924 5849 1985 5894; x_wconf 88' lang='lat' dir='ltr'><strong><em>ut</em></strong></span> <span class='ocrx_word' id='word_1_964' title='bbox 2016 5840 2060 5895; x_wconf 90' lang='lat' dir='ltr'><strong><em>si</em></strong></span> <span class='ocrx_word' id='word_1_965' title='bbox 2090 5840 2369 5910; x_wconf 68' lang='lat' dir='ltr'><strong><em>quispiam</em></strong></span> <span class='ocrx_word' id='word_1_966' title='bbox 2394 5844 2540 5899; x_wconf 77' lang='lat' dir='ltr'><strong><em>dicat</em></strong></span> <span class='ocrx_word' id='word_1_967' title='bbox 2560 5888 2573 5913; x_wconf 90' lang='lat'><strong><em>,</em></strong></span> <span class='ocrx_word' id='word_1_968' title='bbox 2629 5847 2802 5917; x_wconf 86' lang='lat' dir='ltr'><strong><em>Culpa</em></strong></span> <span class='ocrx_word' id='word_1_969' title='bbox 2833 5866 2943 5906; x_wconf 91' lang='lat' dir='ltr'><strong><em>non</em></strong></span> <span class='ocrx_word' id='word_1_970' title='bbox 2968 5862 3124 5907; x_wconf 78' lang='lat' dir='ltr'><strong><em>vacat</em></strong></span> <span class='ocrx_word' id='word_1_971' title='bbox 3150 5854 3378 5917; x_wconf 79' lang='lat' dir='ltr'><strong><em>domus;</em></strong></span> <span class='ocrx_word' id='word_1_972' title='bbox 3416 5859 3519 5914; x_wconf 82' lang='lat' dir='ltr'><strong><em>hoc</em></strong></span> 
     </span>
    </p>
   </div>
  </div>
