4068 6406
611 396 709 449 Hb

597 516 703 568 est,
748 505 801 557 in
850 517 913 558 ea
968 508 1053 556 cst
1097 499 1312 562 vitium,
1346 505 1401 551 et
1432 511 1539 547 non
1572 502 1656 548 est
1696 493 1845 546 firma
1872 499 1927 546 et
1951 488 2163 544 solida:

598 594 770 661 Culpa
804 605 911 644 non
939 598 1093 643 vacat
1124 587 1311 649 vestis,
1360 586 1463 638 hoc
1504 592 1607 648 cst,
1650 584 1759 652 jam
1792 580 2007 635 difﬂuit.
2048 578 2166 633 Non

606 699 735 754 ergo
768 683 858 736 hic
886 680 1021 735 dicit
1053 678 1199 749 quod
1225 679 1298 731 sit
1322 676 1522 729 malum
1548 716 1562 742 ,
1620 674 1713 728 sed
1744 672 1890 742 quod
1926 673 1979 726 in
2006 688 2072 727 eo
2101 671 2172 726 sit

602 775 747 850 quod
785 773 1220 846 reprehendatur
1252 771 1605 839 defectusque
1631 777 1686 823 et
1709 758 1962 821 vitium.‘

678 866 729 915 4.
768 862 839 916 Ita
866 876 962 913 nos
988 874 1197 928 quoque
1225 858 1347 911 novi
1375 871 1559 910 sumus
1583 896 1600 919 ,
1658 854 1742 908 vel
1784 852 1956 922 potius
1984 849 2175 903 fuimus

604 954 726 1006 novi
757 968 771 1016 ;
821 965 957 1003 nunc
987 958 1162 1001 autem
1198 947 1645 1000 inveteravimus:
1682 951 1959 1012 prOpterea
1991 954 2171 993 sumus

609 1044 1072 1115 propeintcritum.
1105 1040 1230 1105 Sed,
1254 1041 1297 1093 si
1316 1040 1558 1101 velimus,
1579 1037 1680 1090 hoc
1700 1036 1901 1090 senium
1916 1032 2181 1085 amovebi—

604 1146 785 1189 muset
804 1134 1139 1187 abrademus.
1156 1132 1386 1185 Lavarro
1402 1129 1611 1198 quidem
1626 1129 1732 1195 jam
1756 1140 1858 1179 non
1879 1137 2176 1193 passurum,

604 1228 694 1281 sed
730 1240 1006 1295 possumus
1036 1224 1359 1293 pmnitentia.
1398 1222 1449 1274 Si
1482 1218 1605 1289 quid
1634 1220 1703 1271 sit
1748 1219 1801 1271 in
1833 1216 1983 1269 nobis
2028 1222 2178 1267 vetu-

604 1330 764 1383 stum,
808 1318 1114 1387 abjieiamus
1138 1316 1326 1383 :siqua
1355 1327 1501 1378 ruga,
1530 1312 1572 1364 si
1600 1324 1698 1379 qua
1729 1309 1951 1370 macula,
1995 1306 2037 1358 si
2082 1320 2181 1373 qua

606 1411 808 1471 sordes,
851 1409 1125 1461 abluamus
1140 1415 1191 1459 et
1220 1404 1419 1472 pulchri
1442 1401 1743 1469 reddamur,
1767 1398 2182 1467 utconcupisCat

608 1503 718 1555 llcx
752 1499 1199 1570 pulchritudinem
1241 1504 1503 1549 nostram.
1556 1494 1726 1558 Licet,
1759 1491 1966 1547 etiamsi
1999 1493 2047 1542 in
2079 1504 2179 1541 cx-

606 1620 827 1666 tremam
877 1613 1232 1667 deeiderimus
1282 1609 1674 1665 deformitatem
1703 1647 1717 1661 .
1797 1618 1980 1657 rursus
2025 1600 2172 1653 illam

608 1702 882 1771 acquirere
914 1700 1381 1769 pulchritudinem,
1412 1698 1479 1752 de
1501 1714 1598 1765 qua
1621 1696 1751 1751 dicit
1780 1691 1941 1747 David
1970 1709 1981 1743 :
2016 1689 2173 1751 Audi,

609 1794 736 1860 ﬁlia,
763 1802 808 1845 et
834 1794 965 1856 uide,
998 1804 1041 1846 et
1068 1792 1257 1845 inclina
1284 1807 1458 1844 aurem
1484 1800 1642 1851 tuam,
1685 1796 1729 1840 et
1768 1785 2055 1839 obliviscere
2083 1796 2175 1847 po-

609 1885 716 1954 puli
745 1886 836 1947 tui,
870 1895 916 1938 et
946 1886 1121 1937 damus
1154 1885 1311 1952 patris
1339 1886 1433 1949 tut“,
1474 1893 1521 1935 et
1546 1882 1858 1949 concupiscet
1884 1877 1995 1930 Rea:
2025 1874 2178 1926 deca-

609 1992 715 2029 rem
740 1988 874 2028 litum
901 1975 1069 2042 (Psal.
1094 1977 1180 2030 44.
1219 1977 1305 2028 il.
1336 1974 1448 2045 12).
1502 1973 1661 2042 Atqui
1692 1971 1888 2024 oblivio
1923 1983 2025 2020 non
2056 1965 2181 2018 facit

608 2068 874 2128 decorem;
899 2068 1165 2132 decorem,
1191 2066 1425 2135 inquam,
1447 2063 1657 2117 anima}.
1673 2061 1923 2129 Qumnam
1942 2068 2022 2111 est
2051 2071 2180 2124 ergo

609 2156 842 2209 oblivio?
868 2156 1075 2211 Oblivio
1097 2166 1454 2225 peceatorum.
1489 2154 1792 2223 Alloquitur
1816 2151 1957 2204 enim
1988 2147 2178 2201 Eccle-

611 2251 964 2316 siamqumest
991 2264 1051 2303 ex
1084 2249 1345 2316 gentibus,
1366 2248 1414 2303 ei
1443 2246 1672 2301 suadens
1695 2254 1748 2297 ttt
1768 2252 2043 2313 parentum
2076 2254 2181 2292 non

612 2340 934 2401 meminerit,
993 2354 1185 2405 nempe
1229 2353 1413 2391 eorum
1444 2336 1532 2405 qui
1570 2332 1950 2388 sacrificabant
1979 2329 2133 2383 idolis
2166 2344 2180 2381 :

612 2430 761 2482 exiis
788 2428 928 2482 enim
963 2428 1056 2481 fuit
1094 2429 1339 2483 collecta.
1395 2427 1461 2481 Et
1492 2442 1597 2479 non
1629 2424 1779 2487 dixit,
1825 2422 1899 2476 Ne
1937 2419 2183 2482 accedas,

612 2520 705 2571 sed
734 2519 871 2588 quod
902 2528 984 2572 est
1011 2520 1261 2587 amplius,
1304 2518 1381 2572 Ne
1420 2532 1602 2571 eorum
1644 2516 1857 2584 quidem
1905 2512 2081 2565 veniat
2133 2512 2182 2562 in

615 2620 870 2663 mentem.
902 2609 1054 2675 Quod
1080 2610 1239 2665 etiam
1263 2608 1391 2663 dicit
1425 2608 1582 2661 alibi:
1620 2605 1743 2659 Non
1768 2604 2180 2658 recordaborno-

614 2701 805 2753 mittunt
824 2718 992 2753 eorum
1019 2717 1107 2767 per
1136 2702 1269 2754 lubia
1291 2717 1437 2764 mea;
1467 2712 1521 2753 et
1551 2714 1754 2762 rursus,
1784 2696 1850 2752 Ut
1876 2716 1976 2750 non
2006 2698 2183 2763 loqua-

617 2802 696 2844 tur
723 2808 777 2843 os
818 2807 979 2844 meum
1020 2808 1174 2859 opera
1204 2791 1459 2844 hominum
1489 2789 1657 2860 (Psal.
1694 2789 1779 2842 l5.
1820 2790 1872 2841 4.
1897 2798 1943 2841 et
1975 2788 2059 2841 16.
2098 2785 2180 2853 4).

535 2940 539 2945 ,
615 2882 857 2936 Nondum
887 2883 986 2936 hoc
1016 2892 1096 2935 est
1136 2897 1322 2951 magna
1351 2882 1553 2944 virtus;
1602 2880 1711 2934 imo
1750 2890 1831 2932 est
1860 2893 2043 2945 magna
2072 2876 2189 2945 qui—

615 2973 757 3039 dem,
798 2974 889 3027 sed
916 2988 1019 3027 non
1043 2974 1183 3027 talis.
1214 2973 1325 3027 lllie
1349 2974 1490 3025 enim
1513 2972 1636 3042 quid
1670 2971 1844 3031 dicit?
1893 2970 2004 3024 Non
2026 2970 2182 3034 dixit,

615 3064 727 3118 Non
759 3064 989 3133 loquaris
1010 3081 1128 3132 qum
1157 3074 1282 3119 sunt
1305 3074 1533 3133 patrum,
1585 3062 1699 3125 sed,
1742 3061 1852 3115 Nec
1878 3076 2062 3116 eorum
2098 3075 2187 3113 rc-

616 3155 873 3217 corderis,
917 3172 1015 3210 nec
1045 3157 1136 3209 tibi
1166 3157 1216 3210 in
1248 3166 1479 3209 mentem
1509 3155 1744 3208 veniant.
1806 3154 1967 3207 Vides
1988 3160 2189 3221 quanto

617 3245 898 3299 intervallo
926 3245 1036 3298 vult
1064 3260 1159 3300 nos
1180 3246 1368 3300 abesse
1402 3260 1429 3296 a
1461 3244 1631 3297 vitio?
1669 3243 1799 3297 Nam
1825 3244 1913 3313 qui
1943 3257 2046 3296 non
2079 3256 2192 3294 me-

619 3336 791 3398 tninit,
832 3350 930 3389 nec
957 3334 1245 3404 cogitabit;
1278 3336 1365 3404 qui
1398 3350 1501 3387 non
1533 3335 1749 3402 cogitat,
1800 3348 1896 3387 nec
1920 3333 2188 3402 loquitur;

617 3426 705 3493 qui
735 3435 908 3478 autem
934 3440 1035 3477 non
1060 3424 1312 3493 loquitur,
1342 3439 1441 3478 nec
1458 3434 1601 3492 aget.
1637 3423 1798 3477 Vides
1823 3424 2034 3491 quantis
2064 3436 2191 3489 Spa-

621 3520 707 3572 tiis
731 3519 824 3571 vize
848 3533 943 3571 nos
970 3518 1156 3580 arcuit,
1182 3528 1235 3571 et
1256 3518 1467 3585 quantis
1496 3517 1794 3570 intervallis
1817 3530 1917 3569 nos
1936 3514 2193 3569 removit?

622 3610 763 3677 Etgo
789 3623 887 3661 nos
908 3623 1121 3678 quoque
1150 3608 1447 3672 audiamus,
1499 3616 1554 3660 et
1582 3606 1843 3660 tnalorum
1887 3615 2192 3659 nostrorum

620 3699 1015 3763 obliviscamur,
1068 3712 1170 3751 non
1205 3708 1564 3765 peccatorum,
1600 3696 1834 3764 inquam,
1875 3710 1993 3764 qua:
2019 3695 2195 3749 admi-

622 3790 787 3842 simus
817 3808 830 3843 :
862 3789 1122 3847 Memento
1153 3790 1315 3848 enim.
1363 3788 1554 3857 inquit,
1601 3796 1656 3841 tu
1687 3788 1853 3855 prior,
1886 3798 1938 3842 et
1960 3803 2059 3857 ego
2087 3803 2191 3841 non

623 3880 935 3935 meminero.
968 3878 1035 3934 Ut
1061 3878 1290 3946 exempli
1317 3891 1509 3931 causa:
1552 3893 1659 3931 non
1689 3878 1915 3948 amplius
1948 3878 2195 3934 recorde-

622 3986 743 4022 mur
786 3971 1003 4038 rapiam,
1057 3968 1149 4023 sed
1180 3969 1337 4023 etiam
1384 3968 1562 4037 priora
1616 3968 1924 4023 reddamus.
1970 3969 2082 4023 lloc
2111 3978 2193 4023 est

618 4085 859 4139 oblivisci
889 4082 1024 4147 vitii,
1052 4090 1106 4135 et
1132 4094 1382 4150 rapacem
1410 4077 1678 4149 expellere
1706 4076 2106 4146 cogitationem,
2132 4084 2186 4129 et

618 4177 785 4244 ipsam
812 4189 1099 4243 numquam
1126 4172 1425 4235 admittere,
1459 4171 1555 4225 sed
1588 4180 1641 4224 et
1672 4185 1789 4238 qua:
1815 4185 1843 4221 a
1876 4166 2029 4221 nobis
2057 4181 2183 4234 pee-

618 4276 733 4320 cata
759 4274 881 4319 sunt
911 4265 1110 4318 delere.
1159 4262 1437 4318 Undenam
1463 4269 1639 4315 autem
1670 4259 1823 4312 nobis
1849 4258 2051 4312 orietur
2080 4271 2194 4312 ma-

618 4359 788 4412 lorum
820 4356 1057 4411 oblivio?
1089 4356 1167 4410 Ex
1194 4354 1561 4409 recordatione
1585 4355 1844 4407 bonorum
1882 4352 1970 4403 Dei
1995 4369 2005 4402 :
2026 4349 2069 4403 si
2101 4350 2193 4403 Dei

618 4456 875 4517 perpetuo
915 4445 1340 4507 meminerimus,
1389 4458 1493 4497 non
1527 4443 1819 4511 poterimus
1864 4444 2022 4495 etiam
2072 4440 2191 4493 illo-

618 4555 735 4594 rum
770 4537 1095 4592 meminisse.
1130 4535 1189 4590 Si
1217 4552 1404 4589 memor
1434 4535 1509 4603 fui
1542 4536 1633 4596 tui,
1661 4534 1850 4603 inquit,
1886 4549 2036 4601 super
2057 4542 2193 4585 stra-

622 4644 725 4685 ttmt
750 4647 933 4694 meum,
956 4630 999 4683 si
1020 4630 1070 4681 in
1091 4630 1350 4682 matutinis
1372 4627 1650 4680 meditabar
1670 4628 1721 4679 in
1746 4637 1791 4678 te
1811 4625 1977 4694 (Psal.
1995 4624 2083 4680 62.
2114 4624 2195 4693 7).

621 4728 793 4792 Atque
816 4737 1026 4791 semper
1042 4720 1277 4791 quidem.
1300 4721 1534 4772 maxime
1555 4728 1730 4772 autem
1760 4718 1852 4771 Dei
1882 4727 2007 4771 tunc
2037 4731 2194 4786 apor-

624 4824 699 4867 tet
745 4814 1072 4877 meminisse,
1123 4812 1338 4880 quando
1380 4812 1431 4864 in
1470 4810 1684 4864 silentio
1723 4820 1774 4862 et
1804 4810 1981 4877 quiete
2008 4817 2188 4862 nostra

623 4915 704 4958 est
744 4906 1013 4971 cogitatio,
1058 4904 1268 4971 quando
1312 4918 1405 4971 per
1444 4902 1584 4956 illam
1638 4902 1945 4956 memoriam
1992 4915 2049 4955 se
2096 4917 2193 4969 po~

626 5006 728 5049 test
772 4996 1130 5049 condemnare
1159 5036 1175 5060 ,
1221 4995 1433 5063 quando
1483 4996 1535 5048 in
1576 4995 1829 5049 memoria
1882 5005 2082 5048 tenere.
2142 4994 2193 5048 ln

624 5092 710 5144 die
726 5092 864 5143 enim
890 5106 997 5159 quo
1024 5089 1275 5144 fuerimus
1303 5090 1584 5151 recordati,
1604 5092 1850 5159 ingressa:
1867 5091 1984 5144 alia:
2004 5091 2193 5145 solliei-

629 5182 835 5234 tudines
865 5189 917 5234 et
956 5179 1217 5233 tumultus
1275 5196 1393 5234 eam
1450 5181 1756 5249 expellunt:
1814 5192 1969 5236 noctu
2022 5192 2195 5236 autem

628 5279 880 5340 perpetuo
911 5284 1190 5340 possumus
1208 5271 1511 5327 meminisse
1534 5271 1774 5341 ;quaudo
1808 5272 1859 5327 in
1886 5275 2182 5343 tranquilli—

698 5434 711 5462 ¹
745 5432 793 5480 lu
821 5431 921 5478 hrt‘c
948 5430 1095 5478 verba
1119 5427 1299 5476 desiuit
1321 5423 1511 5473 homilia
1539 5424 1585 5470 in
1609 5420 1739 5473 ωδ.

1301 395 1355 452 S.
1390 390 1663 449 JOANNIS
1703 379 2169 443 CllRYSOSTOMI
2233 372 2546 429 AltClliEP.
2589 364 3112 422 CONSTANTINOP.

3762 359 3875 410 H6

2275 485 2381 531 tate
2403 483 2454 528 et
2473 474 2650 543 quiete
2682 470 2838 523 fuerit
2864 466 3291 537 anitna,quando
3336 464 3386 519 in
3418 473 3574 534 portu
3597 507 3610 523 ,
3640 464 3877 532 quando

2278 564 2331 620 in
2360 565 2648 619 serenitate
2672 578 2687 616 :
2721 561 2846 625 ρυω
2872 561 3060 620 dicitis,
3092 559 3279 627 inqttit,
3308 558 3360 609 in
3400 556 3638 609 cordibus
3667 555 3885 615 vestris,

2276 659 2329 711 in
2374 657 2619 710 cubilibus
2664 654 2834 708 vestris
2888 651 3286 718 contpaugiutiui
3335 646 3680 719 (Ρια1.4.5).
3732 646 3887 700 Nam

2277 756 2552 818 oporteret
2567 745 2781 816 quidem
2805 744 2966 798 etiam
2995 742 3225 796 interdiu
3262 741 3398 794 hanc
3428 739 3628 792 habere
3661 752 3891 790 memn-

2280 843 2444 905 riam;
2474 838 2723 907 quoniam
2750 844 2929 889 autem
2948 848 3163 901 semper
3183 832 3313 886 estis
3335 829 3578 893 solliciti,
3594 839 3649 883 et
3670 828 3897 880 distra—

2285 930 2473 985 hitnini
2517 930 2567 983 in
2614 929 2677 982 iis
2707 944 2826 997 qua:
2858 925 2922 978 ad
2958 926 3093 978 hanc
3141 924 3304 977 vitam
3338 922 3625 991 pertinent,
3676 919 3894 971 saltem

2287 1034 2411 1077 tunc
2441 1022 2533 1075 Dei
2565 1020 2616 1073 in
2644 1018 2802 1073 cubili
2847 1022 3210 1070 mementote:
3244 1014 3295 1067 in
3326 1012 3602 1067 matutinis
3646 1008 3897 1063 ωριὶὶιαο

2286 1114 2416 1169 mini
2444 1114 2494 1165 in
2525 1111 2642 1180 ipso
2663 1108 2837 1179 (Psal.
2869 1108 2957 1161 62.
2983 1107 3060 1173 7).
3104 1104 3159 1157 Si
3193 1105 3245 1157 in
3277 1103 3552 1157 matutinis
3599 1100 3718 1155 hsce
3750 1115 3894 1154 me-

2290 1206 2540 1266 ditemur,
2596 1215 2717 1255 cum
2770 1199 2931 1252 multa
2961 1196 3249 1251 securitate
3281 1194 3634 1264 procedemus
3666 1191 3735 1245 ad
3775 1206 3893 1245 ne-

2288 1297 2470 1367 gotia:
2519 1294 2561 1347 si
2595 1290 2987 1361 supplicatione
3032 1287 3263 1356 primum
3293 1285 3449 1340 nobis
3485 1284 3647 1338 Deum
3683 1282 3898 1337 feceri-

2292 1405 2409 1443 mus
2452 1385 2762 1455 pr0pitinm,
2815 1382 2885 1435 ita
2926 1378 3277 1449 procedentes
3321 1378 3524 1432 nullum
3556 1376 3901 1430 habebimus

2291 1457 2604 1539 inimicum;
2657 1474 2738 1528 sin
2782 1480 2961 1526 autem
3009 1469 3232 1534 habeas,
3284 1468 3555 1532 irridebis,
3586 1466 3756 1521 Deum
3786 1465 3899 1517 Ita-

2291 1571 2420 1623 boos
2447 1566 2757 1637 propitium.
2816 1563 3019 1617 Bellum
3049 1571 3134 1617 est
3161 1560 3211 1614 in
3245 1558 3382 1621 foro.
3436 1572 3605 1628 pugna
3632 1566 3765 1610 sunt
3795 1571 3899 1611 res

2292 1657 2517 1721 diurnze,
2568 1665 2692 1710 sunt
2732 1654 2959 1719 ﬂuctus,
3012 1662 3135 1708 sunt
3184 1656 3489 1719 tempestas.
3533 1644 3699 1700 Nobis
3745 1656 3900 1711 ergo

2297 1763 2431 1816 opus
2477 1756 2560 1802 est
2598 1748 2801 1803 armis:
2833 1760 3025 1816 magna
3063 1752 3243 1798 autem
3281 1753 3429 1793 arma
3470 1745 3598 1792 sunt
3638 1748 3841 1806 preces
3878 1753 3895 1789 :

2295 1855 2427 1905 opus
2460 1848 2543 1892 est
2572 1838 2824 1893 secundis
2844 1838 3038 1903 ventis,
3088 1841 3301 1906 oportet
3338 1832 3546 1887 discere
3568 1829 3774 1894 omnia,
3833 1838 3900 1881 ut

2295 1928 2400 1982 diei
2430 1929 2816 1999 longitudinem
2843 1930 3095 1983 conficias
3122 1927 3324 1996 absque
3352 1922 3643 1991 naufragiis
3670 1930 3725 1975 et
3754 1919 3896 1974 vul-

2299 2021 2556 2074 neribus:
2591 2022 2743 2076 multi
2793 2022 2936 2076 enim
2976 2028 3100 2074 sunt
3148 2018 3375 2089 singulis
3414 2016 3607 2071 diebus
3634 2012 3891 2081 scopuli.

2294 2110 2584 2178 quinetiam
2630 2126 2774 2181 saepe
2804 2112 2857 2165 in
2903 2128 2995 2166 eos
3028 2102 3269 2179 impingit
3293 2107 3490 2177 scapha
3520 2116 3573 2161 et
3601 2104 3890 2158 obruitur.

2368 2200 2599 2255 Precatio
2629 2202 2877 2255 matutina
2903 2211 2948 2255 et
2978 2211 3241 2254 nocturna.
3260 2229 3331 2241 —-
3349 2199 3639 2267 Propterea
3674 2209 3845 2264 preca
3862 2226 3888 2238 -

2296 2292 2440 2348 tione
2471 2294 2622 2349 nobis
2653 2310 2788 2365 Opus
2827 2306 2928 2360 est,
2963 2294 3194 2348 maxime
3221 2292 3476 2347 matutina
3504 2300 3560 2346 et
3590 2299 3891 2345 nocturna.

2298 2386 2442 2439 Multi
2475 2402 2541 2441 ex
2572 2388 2723 2442 vobis
2760 2402 2899 2458 srpc
2928 2394 3234 2456 spectarunt
3261 2385 3504 2455 Olympia
3525 2424 3539 2446 ,
3574 2397 3675 2436 nec
3702 2382 3892 2436 solum

2296 2487 2627 2542 speetarunt,
2658 2479 2751 2533 sed
2781 2481 2938 2534 etiam
2968 2492 3153 2533 eorum
3175 2478 3263 2545 qui
3287 2475 3633 2531 decertabant
3659 2473 3894 2528 fuerunt

2296 2564 2531 2619 fautores
2559 2577 2610 2620 et
2636 2568 2988 2623 admiratores
3008 2609 3023 2633 ,
3053 2577 3107 2621 et
3130 2568 3264 2621 alter
3289 2566 3503 2636 quidem
3533 2565 3711 2632 hujus,
3742 2564 3896 2619 alter

2298 2670 2423 2709 vero
2461 2657 2621 2711 illius.
2641 2658 2798 2713 Scitis
2818 2674 2946 2729 ergo
2965 2658 3107 2728 quod
3133 2674 3227 2727 per
3246 2657 3596 2712 certaminum
3621 2656 3741 2708 illos
3762 2655 3893 2710 dies

2295 2755 2348 2798 et
2378 2756 2560 2801 noctes
2581 2789 2593 2809 .
2626 2757 2735 2803 tota
2768 2760 2923 2804 nocte
2968 2764 3144 2819 przcco
3188 2748 3322 2802 nihil
3366 2748 3506 2801 aliud
3538 2746 3771 2816 cogitat,
3817 2747 3893 2801 de

2297 2838 2444 2891 nullo
2465 2840 2568 2893 alio
2586 2850 2667 2894 est
2690 2842 2969 2906 sollicitus,
2989 2857 3144 2911 quam
3172 2856 3237 2895 ne
3258 2854 3506 2909 egressus
3526 2840 3571 2893 is
3594 2838 3682 2907 qui
3706 2846 3890 2893 certat

2296 2942 2354 2981 se
2386 2929 2636 2984 indecore
2658 2941 2825 3000 gerat.
2847 2931 2977 2985 Nam
3007 2931 3081 2986 illi
3113 2932 3202 2999 qni
3227 2930 3484 2993 assident,
3512 2930 3732 2983 tubicini
3756 2943 3891 2981 sna-

2296 3016 2426 3071 dent
2456 3034 2522 3072 ne
2552 3019 2801 3089 loquatur
2828 3021 3040 3090 quidem
3074 3021 3234 3075 alicui
3258 3062 3270 3085 ,
3302 3036 3369 3075 ne
3393 3020 3637 3088 spiritum
3675 3033 3891 3073 consu-

2301 3124 2451 3162 mens
2480 3111 2548 3163 sit
2576 3111 2854 3166 ridiculus.
2878 3110 2934 3167 Si
2962 3113 3119 3181 igitur
3140 3112 3229 3181 qui
3252 3127 3431 3165 coram
3465 3110 3773 3164 hominibus
3801 3120 3891 3164 est

2298 3209 2605 3256 certaturus
2629 3243 2642 3265 ,
2675 3211 2875 3257 tantam
2902 3218 3082 3257 curam
3112 3205 3248 3272 gerit
3284 3220 3295 3256 :
3331 3204 3499 3256 multo
3526 3202 3696 3271 magis
3724 3202 3890 3256 nobis

2296 3292 2578 3346 conveniet
2603 3294 2817 3348 assidue
2846 3309 2966 3349 esse
2992 3295 3253 3349 sollicitos
3289 3303 3343 3348 et
3371 3295 3608 3363 cogitare
3637 3334 3649 3355 ,
3679 3293 3889 3363 quibus

2300 3392 2406 3437 tota
2434 3384 2539 3437 vita
2568 3394 2651 3439 est
2683 3395 2975 3440 certamen.
3010 3388 3140 3441 Tota
3182 3401 3311 3456 ergo
3341 3402 3446 3441 nox
3470 3387 3540 3440 sit
3567 3386 3721 3439 nobis
3752 3401 3888 3455 per-

2297 3474 2567 3537 vigilium,
2612 3484 2667 3529 et
2704 3477 2917 3531 solliciti
2957 3478 3125 3531 simus
3167 3494 3232 3532 ne
3260 3493 3290 3532 e
3319 3477 3406 3532 die
3436 3477 3670 3547 egressi.
3705 3479 3888 3532 simus

2293 3561 2520 3615 ridiculi.
2550 3560 2614 3615 Et
2638 3561 2837 3615 utinam
2862 3571 3064 3616 tantum
3087 3563 3293 3618 ridiculi
3317 3582 3330 3618 :
3357 3580 3497 3619 nunc
3516 3574 3692 3619 autem
3722 3569 3887 3623 sedet

2290 3653 2355 3706 ad
2384 3654 2656 3707 dexteram
2684 3652 2854 3707 Patris
2883 3655 3223 3724 agonotheta,
3247 3655 3531 3727 diligenter
3556 3657 3784 3715 audiens
3812 3676 3886 3714 ne

2292 3743 2417 3810 quid
2450 3743 2729 3812 loquamur
2755 3745 2895 3815 quod
2928 3745 3186 3811 dissonet,
3214 3758 3269 3802 et
3295 3763 3363 3803 ne
3387 3748 3512 3818 quid
3540 3750 3680 3817 quod
3709 3753 3880 3805 modo

2292 3852 2394 3889 non
2421 3838 2706 3891 conveniat
2728 3856 2741 3891 :
2763 3853 2865 3891 non
2890 3846 2972 3892 est
2996 3840 3136 3894 enim
3158 3839 3332 3893 solum
3355 3839 3518 3908 judex
3548 3857 3747 3907 rerum,
3768 3844 3876 3897 sed

2291 3928 2450 3980 etiam
2481 3927 2784 3981 verborum.
2813 3928 3001 3982 Totam
3034 3938 3247 3984 noctem
3281 3930 3661 4000 pervigilemus
3686 3974 3700 3992 ,
3731 3948 3764 3985 ο
3790 3934 3878 3986 di-

2291 4018 2412 4073 lecti
2439 4036 2453 4074 :
2476 4018 2731 4072 habemus
2755 4034 2852 4073 nos
2873 4035 3083 4089 quoque
3108 4020 3361 4083 fautores,
3393 4022 3435 4073 si
3463 4022 3721 4075 velimus:
3748 4024 3877 4077 uni-

2292 4113 2481 4180 euiqne
2505 4122 2743 4165 nostrum
2764 4112 2965 4166 assidet
2986 4114 3208 4183 angelus
3228 4131 3242 4168 :
3259 4129 3355 4168 nos
3377 4123 3553 4167 autem
3580 4124 3685 4167 tota
3714 4126 3879 4171 nocte

2290 4203 2577 4255 stertimus.
2611 4202 2676 4255 Et
2701 4204 2898 4255 utinam
2925 4203 3025 4257 hoc
3048 4211 3247 4257 tantum
3278 4221 3291 4257 ε
3324 4204 3470 4257 multi
3498 4213 3679 4257 autem
3707 4206 3874 4260 etiam

2290 4294 2453 4347 multa
2485 4293 2682 4347 faciunt
2708 4294 2967 4363 ﬂagitiosa
2994 4337 3009 4359 ,
3040 4293 3127 4347 alii
3172 4295 3384 4363 quidem
3429 4304 3616 4349 euntes
3651 4296 3718 4350 ad
3747 4297 3865 4368 ipsa

2292 4384 2598 4453 prostibula,
2627 4385 2713 4436 alii
2744 4394 2918 4437 autem
2946 4400 3067 4439 suas
3096 4384 3239 4439 mdes
3267 4385 3561 4453 prostibula
3591 4386 3874 4454 facientes,

2293 4468 2435 4536 quod
2467 4470 2593 4523 illuc
2620 4470 2819 4525 ducant
2857 4472 3191 4527 meretrices.
3220 4472 3444 4525 Multum
3477 4488 3607 4527 sane
3643 4474 3868 4528 solliciti

2293 4569 2423 4614 sunt
2452 4559 2708 4631 (annon?)
2757 4571 2815 4615 ut
2866 4572 3010 4617 recte
3054 4571 3281 4618 certent.
3324 4563 3431 4617 Alii
3480 4572 3607 4617 sunt
3643 4565 3780 4618 ebrii
3813 4575 3871 4620 ct

2295 4665 2573 4720 perperam
2608 4652 2927 4722 loquuntur,
2966 4654 3054 4708 alii
3096 4656 3519 4719 tumultuantur,
3566 4655 3656 4707 alii
3697 4663 3869 4709 totam

2294 4752 2506 4797 noctem
2560 4744 2699 4797 male
2746 4746 3091 4815 pervigilant,
3138 4747 3205 4800 iis
3243 4748 3404 4800 etiam
3451 4748 3545 4816 qui
3584 4746 3872 4802 dormiunt

2291 4837 2445 4905 pejus
2493 4837 2648 4892 dolos
2690 4848 2997 4905 nectentes;
3042 4840 3133 4894 alii
3173 4849 3479 4894 numerant
3505 4854 3733 4905 usuras,
3774 4843 3871 4896 alii

2292 4930 2441 4983 curis
2473 4931 2809 4993 cruciantur,
2838 4940 2891 4985 et
2919 4931 3098 4985 omnia
3127 4932 3301 5003 magis
3326 4931 3529 4986 faciunt
3553 4947 3717 5001 quam
3746 4948 3873 5003 qum

2293 5022 2627 5075 conveniunt
2677 5021 2980 5075 certamini.
3025 5021 3386 5087 Quamobrem
3431 5036 3563 5091 rogo
3597 5032 3653 5075 ut
3681 5023 3871 5077 missis

2293 5114 2543 5168 omnibus
2578 5129 2744 5167 unum
2790 5115 2964 5168 solum
2997 5122 3329 5184 spectemus,
3357 5122 3413 5167 ut
3457 5113 3741 5183 premium
3772 5128 3869 5167 ac-

2290 5207 2579 5278 cipiamus,
2625 5222 2825 5263 corona
2867 5209 3042 5263 simus
3090 5208 3354 5273 redimiti;
3404 5208 3585 5261 omnia
3640 5220 3869 5277 agamus

2294 5318 2391 5371 per
2419 5318 2539 5374 qua:
2564 5302 2701 5357 bona
2727 5302 2994 5373 promissa
3024 5302 3297 5373 possimus
3330 5300 3546 5370 assequi
3577 5314 3592 5351 :
3619 5314 3741 5368 qua:
3773 5314 3870 5353 no-

2296 5395 2379 5451 bis
2408 5394 2659 5451 omnibus
2689 5395 2845 5451 detur
2876 5393 3135 5465 consequi
3161 5393 3333 5465 gratia
3365 5403 3416 5447 et
3437 5389 3796 5462 benignitate.

2092 5633 2337 5645 mh
