4068 6404
145 407 213 465 ll?
961 391 1023 448 IN
1061 385 1279 445 EPIST.
1321 382 1412 441 AD
1454 369 1817 435 IIEBREOS.
1859 370 2013 427 CAP.
2055 364 2148 421 lX.
2191 358 2425 417 llOMlL.
2469 354 2581 414 XV.

1404 480 2370 509 ______________.___..___

2379 471 2711 485 ..ρ’-,³,-

1504 555 1841 621 HOMlLlA
1895 548 2003 610 ΧΥ
2020 593 2034 608 .

154 731 253 786 ειν.
291 729 343 786 9.
378 744 428 781 ν.
465 729 521 783 l.
562 724 770 781 Habuit
809 720 1009 794 quidem
1052 728 1115 773 et-
1143 716 1285 788 prius
1325 709 1723 784 jnsti/icationes

198 825 410 887 cultura,
436 829 487 876 et
506 827 762 873 sanctum
786 814 1051 870 ιατυιαγε.
1080 809 1127 863 Ξ..
1158 803 1564 862 Tabernaculum
1587 799 1723 853 enim

200 920 373 986 factum
390 922 465 967 est
486 912 751 981 primum,
771 910 826 962 in
848 922 944 977 quo
965 914 1107 959 erant
1128 896 1435 955 candtlubra
1456 904 1503 950 et
1527 882 1722 958 mensa,

199 983 237 1060 et
273 1004 553 1075 propositio
601 1016 804 1071 panum
828 1040 846 1065 ,
887 1012 1000 1069 qui:
1039 994 1227 1048 dicitur
1264 999 1460 1045 sancta.
1503 988 1557 1042 5.
1598 983 1726 1039 Post

202 1100 523 1152 uelamentum
566 1103 749 1147 autem
786 1088 1064 1145 secundum
1088 1127 1101 1151 ,
1141 1082 1521 1138 tabernaculum
1544 1120 1558 1144 ,
1589 1075 1726 1148 quod

203 1193 370 1245 dicitur
394 1200 583 1244 sancta
611 1196 931 1247 sanctorum,
965 1184 1019 1237 4.
1045 1194 1258 1234 aureum
1283 1174 1471 1229 habens
1495 1173 1729 1227 tlturibu-

204 1285 313 1347 lum,
337 1291 381 1335 et
406 1295 595 1333 arcam
620 1274 912 1332 testamenti
933 1274 1312 1327 circumtectant
1335 1268 1475 1321 omni
1500 1282 1564 1321 ea;
1583 1277 1731 1333 parte

214 1372 445 1427 duro:in
480 1388 592 1440 qua
636 1386 772 1424 urna
801 1385 956 1423 aurea
996 1368 1183 1422 habens
1230 1384 1429 1421 manna
1456 1406 1474 1431 ,
1520 1374 1566 1418 et
1606 1364 1752 1432 virga

216 1466 373 1518 Aaron
405 1479 526 1529 qua:
556 1462 867 1535 fronduerat
886 1504 899 1525 ,
935 1470 980 1515 et
1004 1459 1188 1514 tabula:
1216 1458 1498 1513 testamenti
1527 1497 1542 1523 ,
1576 1456 1629 1510 5.
1659 1469 1750 1508 su-

219 1573 389 1626 perque
415 1572 532 1610 eant
565 1552 845 1610 Clierubint
874 1554 1051 1624 gloria:
1080 1554 1430 1608 obumbrantin
1482 1548 1747 1623 propitia-

218 1650 388 1699 torium
414 1662 433 1699 :
463 1644 529 1701 de
558 1644 748 1715 quibus
777 1661 876 1699 non
917 1653 990 1699 est
1031 1644 1181 1698 modo
1209 1643 1480 1698 dicendum
1510 1661 1601 1715 per
1639 1645 1750 1699 sin-

218 1740 346 1809 gula.

222 1831 264 1882 t.
292 1830 543 1887 Ostendit
574 1846 645 1886 ex
674 1829 976 1897 sacerdote,
1007 1846 1073 1887 ex
1098 1829 1426 1897 sacerdotio,
1456 1844 1524 1885 ex
1557 1829 1745 1883 Testa-

166 1929 351 1986 mcnto,
406 1921 557 1991 quod
614 1920 747 1976 illud
796 1922 954 1976 linem
1005 1923 1072 1975 sit
1125 1920 1435 1975 habiturum
1470 1938 1483 1974 :
1514 1918 1754 1973 oste-utfit

162 2008 349 2067 demum
378 2028 446 2069 ex
471 2012 653 2084 ﬁgura
683 2012 852 2083 ipsius
883 2011 1234 2066 tabernaculi.
1260 2005 1545 2075 Quomodo
1563 2007 1585 2059 ἲ
1605 2006 1745 2061 San-

163 2111 230 2155 cta
255 2103 458 2171 dicens,
482 2113 539 2160 et
558 2115 751 2159 sancta
778 2115 1087 2159 sanctorum
1105 2141 1118 2157 .
1219 2102 1394 2172 Atque
1419 2100 1615 2156 Sancta
1630 2100 1748 2170 qui-

165 2194 265 2250 dem
300 2206 425 2252 sunt
477 2198 737 2270 symbola
776 2208 830 2253 et
874 2199 1023 2267 signa
1072 2197 1267 2267 prioris
1314 2194 1609 2265 temporis;
1640 2194 1750 2248 illic

164 2286 284 2339 cnim
312 2287 441 2342 linunt
465 2291 658 2343 omnia
683 2304 777 2359 per
798 2289 1060 2343 sacriﬁcia
1085 2305 1098 2341 :
1123 2296 1306 2342 sancta
1325 2296 1504 2341 autem
1533 2294 1749 2341 sancto—

166 2392 299 2443 rum,
345 2380 506 2450 hujus
560 2395 710 2436 nunc
751 2380 1036 2451 pnrsentis
1075 2379 1356 2450 temporis.
1404 2377 1540 2433 Dicit
1568 2385 1749 2432 autem

166 2481 325 2527 salicta
354 2483 673 2529 sanctorum
704 2476 895 2529 etclam
919 2515 937 2537 ,
969 2484 1024 2530 et
1054 2475 1231 2530 velum
1259 2473 1377 2529 caeli
1399 2516 1415 2541 ,
1442 2482 1497 2528 et
1527 2486 1748 2527 carnem

169 2576 265 2629 qua:
304 2564 606 2634 ingreditur
639 2566 690 2621 in
728 2567 983 2622 interiora
1011 2566 1152 2631 veli,
1199 2565 1300 2621 hoc
1330 2575 1414 2621 est
1439 2580 1539 2636 per
1569 2564 1747 2619 velum

170 2658 321 2710 carnis
348 2659 483 2729 ejus.
517 2660 560 2714 Ε
593 2676 653 2714 re
695 2659 855 2715 fuerit
895 2668 1074 2715 autem
1106 2670 1162 2713 ut
1191 2658 1333 2715 hunc
1375 2660 1551 2715 locum
1582 2657 1748 2713 altius

172 2761 467 2815 repetamus.
497 2751 643 2819 Quid
677 2768 805 2823 ergo
842 2752 1014 2807 dicit?
1050 2750 1241 2806 Habuit
1270 2753 1473 2823 quidem
1501 2761 1547 2807 et
1577 2751 1741 2823 prius.

168 2835 280 2903 Quid
324 2841 514 2908 prius?
565 2843 999 2898 Teatamentum.
1046 2842 1458 2912 Justiﬁcationes
1501 2846 1743 2897 culturae.

169 2928 280 2995 Quid
308 2942 421 2997 est,
450 2933 865 3003 Justiﬁcationes
884 2922 1193 3007 ?'Symbola
1215 2977 1229 3003 ,
1264 2944 1357 2990 aut
1388 2934 1525 2992 ritus
1560 2954 1574 2991 :
1603 2950 1667 2991 ac
1699 2934 1745 2991 si

168 3020 363 3089 diceret,
390 3032 519 3079 tunc
545 3024 759 3089 habuit,
783 3040 927 3081 nunc
951 3042 1056 3080 non
1081 3026 1262 3083 habet.
1287 3026 1537 3083 Ostendit
1565 3026 1742 3097 ipsum

164 3110 253 3177 jatu
280 3114 394 3171 huic
420 3118 866 3175 cessissezTunc
892 3120 1059 3184 enim,
1094 3120 1285 3191 inquit,
1319 3119 1525 3175 habuit.
1560 3121 1742 3189 Quare

169 3217 303 3269 nunc,
330 3208 487 3263 etiam
535 3209 584 3265 si
631 3218 773 3277 stet,
810 3226 916 3267 non
947 3219 1052 3266 est.
1087 3210 1153 3265 Et
1193 3221 1429 3266 sanctum
1470 3213 1738 3266 sweulore.

169 3290 405 3355 Saculare
435 3315 531 3356 seu
560 3302 895 3357 mundanum
923 3302 1076 3370 dicit,
1109 3304 1363 3373 quoniam
1392 3303 1742 3372 permitteba-

172 3393 241 3439 tur
263 3391 505 3448 omnibus
533 3393 766 3464 ingredi,
796 3404 851 3450 et
880 3394 1203 3451 manifestus
1232 3404 1349 3450 erat
1379 3395 1530 3450 locus
1558 3396 1609 3451 in
1640 3410 1737 3452 ea-

169 3474 270 3535 dem
296 3482 447 3541 domo
466 3529 485 3553 ,
514 3488 609 3543 ubi
636 3488 855 3543 stabant
884 3488 1216 3557 sacerdotes,
1250 3488 1340 3544 ubi
1367 3488 1560 3556 Judaei,
1593 3503 1731 3560 pro-

168 3571 329 3642 telyti,
354 3578 559 3646 Graeci,
590 3581 849 3637 Nazaraei.
880 3582 1146 3650 Quoniam
1181 3598 1311 3653 ergo
1343 3582 1409 3637 ad
1441 3583 1491 3637 id
1522 3584 1738 3655 patebat

170 3661 316 3722 aditus
342 3670 498 3727 etiam
528 3675 815 3743 gentibus,
848 3675 1022 3744 ipsum
1053 3686 1211 3731 vocat
1246 3675 1576 3731 mundanum
1604 3676 1735 3733 :Ju-

168 3752 250 3809 dli
291 3761 424 3816 enim
474 3780 583 3821 non
631 3776 788 3821 erant
827 3767 1078 3822 mundus.
1121 3766 1531 3823 Tabernaculum
1573 3770 1731 3837 enim,

169 3845 329 3918 inquit,
358 3858 549 3924 factum
570 3867 645 3912 est
670 3859 914 3927 primum,
941 3858 1077 3931 quod
1102 3860 1292 3914 dicitur
1317 3870 1494 3915 sancta
1514 3878 1533 3915 :
1554 3862 1607 3915 in
1630 3878 1730 3934 quo

168 3950 284 3993 erant
307 3948 610 4002 candelabra
650 3958 698 4002 et
728 3966 900 4003 mensa
918 3991 934 4017 ,
964 3960 1013 4005 et
1043 3953 1324 4023 propositio
1352 3969 1566 4023 panum.
1604 3952 1732 4009 Hmc

168 4041 268 4083 sunt
306 4038 477 4093 mundi
515 4041 787 4111 symbola.
819 4040 945 4095 Post
973 4042 1309 4096 velamentum
1336 4054 1506 4097 autem
1531 4060 1731 4099 secun—

169 4120 283 4176 dum.
311 4125 417 4182 Non
447 4141 567 4186 erat
609 4147 740 4203 ergo
775 4148 939 4187 unum
978 4133 1201 4200 velum,
1231 4133 1326 4189 sed
1375 4135 1537 4190 etiam
1576 4144 1729 4190 extra

168 4220 261 4264 erat
285 4214 417 4273 aliud
446 4222 625 4277 velum
647 4264 661 4287 ,
694 4238 888 4292 nempe
925 4221 1336 4279 Tabernaculum
1373 4225 1509 4295 quod
1540 4225 1727 4279 dicitur

170 4316 312 4361 sancta
339 4325 645 4370 sanctorum.
680 4315 815 4372 Vide
844 4316 1115 4387 quomodo
1146 4317 1343 4388 ubique
1373 4328 1526 4373 vocet
1552 4318 1730 4374 taber-

170 4404 377 4459 nnculum
402 4448 418 4473 ,
448 4424 514 4463 ex
540 4423 610 4465 eo
633 4409 776 4479 quod
808 4409 918 4465 illic
942 4409 1165 4481 degatur
1192 4418 1250 4464 ut
1275 4410 1330 4465 in
1357 4402 1725 4465 tabernaculo.

171 4484 354 4545 Aureum
370 4497 556 4553 habens
576 4497 915 4567 thuribulum,
938 4500 1128 4571 inquit,
1153 4508 1198 4554 et
1218 4515 1393 4553 arcam
1420 4501 1725 4568 testamenti,

174 4577 511 4641 drcumtectam
550 4587 693 4641 omni
722 4602 783 4641 ea:
828 4595 973 4657 parte
1006 4604 1134 4642 auro
1162 4604 1183 4644 :
1206 4590 1261 4643 in
1289 4606 1390 4661 qua
1419 4608 1549 4647 urna
1574 4612 1739 4654 aurea

177 4667 330 4728 iubens
349 4693 552 4746 ntanna,
580 4689 626 4733 et
642 4680 784 4750 virga
804 4680 977 4735 Aaron
1003 4697 1117 4752 qua
1135 4684 1455 4753 fronduerat,
1481 4696 1527 4740 et
1549 4685 1735 4745 tabulas

177 4771 436 4862 testmnenti.
486 4772 615 4827 Haec
653 4773 834 4828 omnia
877 4783 1033 4829 erant
1078 4776 1359 4848 magnifica
1393 4790 1446 4835 et
1476 4783 1732 4850 prmclara

180 4860 336 4925 ingrati
359 4862 667 4922 Judazorum
693 4866 858 4921 animi
885 4868 1237 4925 monimenta.
1265 4870 1331 4925 Et
1362 4872 1549 4929 tabulae
1579 4885 1731 4931 testa-

179 4952 318 5005 menti.
359 4954 457 5010 Eas
499 4957 642 5011 enim
672 4956 885 5029 Moyses
914 4958 1174 5032 confregit
1206 4978 1219 5015 :
1254 4971 1308 5018 et
1339 4979 1531 5020 manna
1563 4985 1577 5020 :
1606 4985 1730 5024 nam

181 5049 536 5102 murmurannt
559 5065 571 5101 :
598 5058 653 5103 et
682 5059 967 5119 prepterea
997 5053 1314 5108 memoriam
1359 5059 1733 5117 transmittens

180 5128 233 5227 td
254 5146 499 5203 posteros,
524 5140 688 5211 jussit
704 5158 821 5197 eam
845 5146 1036 5213 reponi
1060 5146 1113 5200 in
1137 5162 1269 5203 urna
1291 5163 1474 5205 aurea.
1496 5151 1566 5207 Et
1587 5156 1730 5227 uirga

182 5219 319 5326 tiaran
341 5245 445 5326 quis
476 5234 798 5326 frondet—erat.
830 5235 1243 5294 lnsurrexerunt
1267 5244 1432 5298 enim.
1464 5243 1595 5312 Quia
1626 5219 1728 5319 igi-

183 5318 249 5364 lur
272 5318 436 5388 ingrati
466 5333 624 5378 erant
649 5324 844 5390 Judmi,
875 5336 930 5384 et
956 5327 1313 5397 frequentium
1344 5318 1727 5398 beneﬁciorum

184 5416 267 5458 non
302 5415 751 5471 recordabantur:
780 5417 903 5473 ideo
940 5418 1094 5489 jussu
1138 5421 1462 5493 legislatoris
1498 5428 1551 5483 in
1596 5447 1731 5490 urna

184 5506 311 5555 aurea
347 5504 455 5561 huc
497 5519 829 5577 posuerunt,
873 5520 926 5566 et
962 5511 1040 5568 sic
1076 5528 1264 5569 eorum
1304 5523 1617 5579 memoriam
1662 5525 1731 5583 ad

184 5599 385 5688 posteros
408 5600 687 5657 miserunt.
716 5602 890 5674 Super
910 5621 1022 5679 eam
1042 5616 1209 5662 autem
1228 5609 1499 5667 Cherubim
1526 5618 1726 5688 glorier,

183 5682 485 5792 aluntur-anim
514 5697 947 5767 propitiatorium.
972 5700 1110 5769 Quid
1141 5712 1225 5761 est
1249 5716 1429 5763 autem
1458 5682 1733 5770 Cherubin;

187 5774 360 5871 tione!
386 5787 436 5843 Id
469 5799 548 5845 est
574 5832 588 5857 ,
619 5790 889 5861 gloriosa;
926 5802 1021 5850 aut
1051 5813 1209 5866 quae,
1246 5801 1416 5871 inquit
1444 5847 1457 5869 ,
1491 5807 1589 5862 sub
1620 5810 1729 5866 Deo

186 5865 454 5935 Obumbrant
496 5883 944 5952 propitiatorium.
986 5865 1150 5944 Recte
1176 5865 1352 5949 autem
1374 5865 1486 5953 haec
1515 5916 1727 5972 quoque

482 5983 756 6046 PATIOL.
805 5984 923 6046 (in.
976 5982 1199 6044 LXIII.

1843 686 2342 750 verbiscxtollit,ut
2359 682 2560 753 majora
2605 695 2727 736 esse
2765 679 3017 734 ostendat
3061 693 3122 734 ea
3154 694 3274 751 quae
3320 693 3443 738 sunt

1844 792 2047 853 postea.
2080 778 2160 834 De
2202 777 2383 849 quibus
2431 792 2535 829 non
2582 783 2677 841 est,
2727 771 2917 843 inquit,
2975 771 3125 825 modo
3174 771 3444 829 dicendum

1841 889 1931 943 per
1976 872 2199 942 singula.
2248 868 2342 923 llic
2380 867 2541 921 tacite
2580 864 2768 933 Iinnuit
2822 878 2925 916 non
2964 870 3168 916 tantum
3218 878 3281 919 ea
3326 882 3446 935 qua:

1842 966 2181 1028 videbantur,
2206 961 2299 1018 sed
2348 962 2509 1016 etiam
2567 954 2809 1029 qua-dam
2840 956 3132 1025 {enigmata
3163 955 3344 1014 fuisse.
3375 959 3450 1016 De

1839 1059 2020 1132 quibus
2091 1073 2193 1111 non
2247 1065 2318 1109 est
2349 1095 2363 1120 ,
2413 1052 2607 1123 inquit,
2664 1066 2800 1103 nunc
2838 1048 3108 1102 dicendum
3149 1049 3447 1122 sigillatim;

1840 1153 2071 1209 fortasse
2093 1150 2214 1219 quia
2245 1146 2448 1218 prolixa
2472 1158 2608 1214 opus
2656 1142 2856 1197 habent
2913 1144 3178 1200 oratione.
3237 1143 3291 1199 6.
3348 1143 3447 1198 llis

1840 1263 1956 1302 uero
2014 1245 2089 1298 ita
2123 1239 2446 1312 compositis,
2486 1238 2539 1292 in
2596 1237 2739 1307 prius
2799 1237 3004 1307 quidem
3063 1237 3445 1293 tabernaculum

1841 1353 2037 1408 semper
2076 1333 2355 1389 introibant
2387 1328 2705 1395 sacerdotes,
2738 1329 3114 1399 sacriﬁciorum
3135 1331 3298 1401 oﬂ'icia
3317 1347 3444 1385 con-

1839 1439 2163 1487 summantes.
2199 1426 2312 1481 lloc
2337 1434 2439 1490 est,
2489 1432 2644 1478 erant
2696 1422 2812 1476 haec
2857 1420 3096 1492 quidem,
3156 1422 3236 1476 bis
3268 1433 3446 1477 autem

1841 1539 1950 1581 non
2005 1520 2320 1577 fruebantur
2377 1515 2580 1578 Judzni;
2646 1528 2819 1585 neque
2879 1514 3023 1568 enim
3079 1529 3144 1569 ea
3176 1513 3446 1569 videbant.

1841 1616 2203 1687 Quamobrem
2244 1628 2349 1667 non
2414 1610 2581 1680 magis
2627 1617 2783 1663 erant
2845 1608 2989 1674 illis,
3042 1622 3202 1677 quam
3257 1608 3452 1678 quibus

1842 1708 2344 1785 pra-ligurabantur.
2407 1704 2459 1757 7.
2512 1701 2576 1755 In
2637 1699 2917 1755 secundum
2965 1710 3136 1753 autem
3191 1702 3346 1755 semel
3395 1701 3447 1755 in

1843 1819 1979 1859 anno
2029 1801 2169 1856 solus
2203 1798 2466 1868 pontifex,
2525 1811 2626 1847 non
2665 1793 2773 1847 sine
2829 1793 3096 1864 sanguine,
3129 1810 3275 1864 quem
3303 1792 3452 1861 o/fert

1847 1912 1941 1968 pro
1965 1910 2018 1950 se
2042 1902 2087 1947 ct
2112 1889 2288 1963 papuli
2313 1878 2638 1960 ignorantiis.
2668 1883 2829 1939 Vides
2854 1884 2964 1954 jam
2997 1894 3155 1956 typos
3177 1894 3449 1951 tamquam

1837 1994 2243 2051 fundamentum
2276 1992 2427 2064 prius
2455 1987 2668 2060 jactos?
2698 1986 2831 2042 Nam
2880 2000 2947 2041 ne
2976 1983 3221 2039 dicerent
3254 2000 3267 2035 :
3299 1982 3445 2050 Quo-

1836 2090 1998 2146 modo
2026 2102 2191 2142 unum
2221 2084 2571 2149 sacrificium,
2605 2090 2659 2137 et
2690 2078 2967 2152 quomodo
2998 2074 3239 2147 pontifex
3269 2073 3443 2129 semel

1836 2180 2142 2239 oﬂ‘erebat?
2171 2178 2410 2234 ostendit
2438 2176 2490 2232 id
2524 2176 2694 2231 fuisse
2726 2172 2912 2228 multis
2943 2181 3070 2226 ante
3096 2170 3332 2235 sacculis,
3367 2168 3445 2223 si-

1834 2277 2053 2349 quidem
2076 2274 2218 2347 quod
2240 2282 2357 2330 erat
2376 2271 2617 2329 sanctius
2634 2278 2690 2325 et
2710 2265 3092 2330 reverendum,
3112 2271 3230 2318 erat
3252 2277 3441 2317 unum.

1839 2374 1914 2429 Ex
1939 2371 2159 2441 antiquo
2182 2383 2331 2423 more
2370 2364 2626 2421 sacerdos
2671 2360 2842 2418 semel
2872 2358 3153 2415 offerebat.
3188 2357 3258 2411 Et
3288 2365 3439 2412 recte

1835 2466 2012 2521 dixit:
2048 2463 2167 2517 Non
2196 2462 2306 2516 sine
2335 2457 2583 2530 sanguine
2605 2471 2626 2509 :
2649 2469 2756 2509 non
2776 2453 2893 2508 sine
2910 2450 3173 2521 sanguine
3199 2449 3441 2519 quidem,

1838 2573 1945 2615 non
1975 2566 2154 2613 tamen
2180 2554 2284 2608 hoc
2308 2550 2603 2621 sanguine;
2634 2561 2739 2601 non
2757 2553 2873 2600 erat
2899 2544 3046 2599 enim
3075 2550 3279 2596 tantum
3300 2538 3444 2610 quod

1841 2652 2101 2725 agebatur
2132 2647 2432 2719 negotium.
2473 2640 2721 2700 Ostendit
2750 2647 2931 2694 autem
2961 2636 3201 2692 futurum
3233 2632 3444 2688 sacriﬁ-

1838 2750 2017 2811 cium,
2053 2740 2197 2813 quod
2240 2754 2348 2795 non
2394 2738 2518 2808 igne
2561 2740 2955 2797 consumatur,
2995 2727 3093 2786 sed
3122 2742 3151 2782 a
3184 2725 3447 2796 sanguine

1839 2838 2009 2911 magis
2038 2833 2375 2893 ostendatur.
2417 2828 2553 2884 Nam
2586 2825 2843 2897 quoniam
2875 2820 3205 2879 sacriﬁcium
3236 2816 3448 2872 vocavit

1836 2947 2073 2996 crucem,
2102 2944 2221 3001 quae
2247 2941 2349 2981 nec
2372 2923 2537 2979 habet
2558 2920 2761 2993 ignem,
2788 2932 2888 2973 nec
2908 2916 3073 2986 ligna,
3101 2926 3275 2983 neque
3301 2924 3447 2979 smpe

1838 3028 2064 3084 ochrtur
2090 3066 2105 3091 ,
2148 3020 2246 3077 sed
2277 3018 2449 3075 semel
2478 3016 2658 3071 oblata
2687 3022 2773 3070 est
2798 3013 2851 3066 in
2882 3008 3144 3079 sanguine
3170 3025 3183 3060 :
3208 3003 3448 3060 ostendit

1834 3119 1978 3193 quod
2008 3125 2163 3173 vetus
2192 3125 2407 3185 quoque
2436 3105 2761 3164 sacriﬁcium
2794 3112 2942 3159 esset
2972 3097 3280 3181 bpjusmodi
3309 3116 3322 3152 :
3348 3110 3440 3152 se-

1836 3192 1940 3269 mel
1967 3207 2294 3266 oll‘erebatur
2320 3204 2374 3257 in
2403 3199 2683 3271 sanguine.
2719 3196 2881 3264 Quem
2905 3192 3054 3262 o/fert
3083 3207 3175 3262 pro
3199 3206 3252 3246 se
3276 3199 3321 3243 et
3348 3204 3445 3259 po-

1836 3305 1943 3375 puli
1972 3299 2301 3373 ignorantiis.
2332 3293 2466 3349 Vide
2492 3311 2506 3347 :
2532 3305 2641 3346 non
2662 3289 2819 3355 dixit,
2844 3286 3109 3351 Peccatis,
3136 3282 3255 3347 sed,
3282 3280 3445 3353 Igno-

1830 3374 2016 3452 rantiis
2036 3434 2050 3458 ,
2095 3406 2164 3447 ne
2192 3390 2360 3443 altum
2405 3392 2679 3456 saperent.
2710 3379 2843 3435 Nam
2875 3376 3085 3434 etiamsi
3117 3391 3221 3430 non
3254 3374 3444 3429 lubens

1834 3486 2108 3563 peccasti;
2134 3482 2227 3539 sed
2253 3491 2431 3536 tamen
2456 3477 2660 3534 invitus
2683 3470 2964 3545 ignorasti,
2989 3480 3046 3526 et
3065 3469 3133 3523 ab
3159 3468 3261 3522 hoc
3284 3481 3445 3523 nemo

1832 3558 1918 3639 est
1944 3592 2131 3651 purus.
2167 3576 2232 3631 Et
2263 3573 2462 3641 ubique
2495 3566 2627 3624 illud
2654 3608 2669 3633 ,
2700 3564 2808 3619 Pro
2836 3580 2909 3629 se,
2944 3560 3117 3632 ponit,
3147 3558 3445 3614 ostendens

1832 3673 1979 3747 quod
2006 3669 2257 3728 Christus
2298 3666 2458 3735 longe
2499 3669 2584 3717 est
2613 3658 2807 3715 melior
2847 3665 2902 3712 et
2942 3652 3283 3725 praestantior
3314 3664 3448 3719 pon-

1837 3744 1990 3834 tifex,
2024 3778 2186 3837 quam
2215 3758 2306 3830 qui
2334 3766 2453 3812 erat
2484 3752 2625 3824 apud
2653 3750 2893 3807 Judmos.
2922 3747 2981 3804 Si
3008 3746 3151 3802 enim
3181 3761 3209 3797 a
3244 3744 3447 3798 nostris

1835 3834 2068 3933 peccatis
2098 3854 2291 3910 fuisset
2303 3856 2606 3919 separatus,
2627 3840 2901 3915 quomodo
2929 3854 3027 3911 pro
3049 3853 3108 3893 se
3125 3834 3446 3892 obtulisset?

1835 3930 1944 4011 Cur
1973 3965 2127 4020 ergo,
2158 3944 2353 4016 inquit,
2382 3941 2499 3996 lucc
2526 3936 2749 3994 dixisti?
2774 3935 2887 3989 lloc
2908 3932 3054 3989 enim
3076 3942 3161 3988 est
3181 3930 3442 3986 melioris.

1834 4049 2109 4119 Nusquam
2142 4052 2225 4098 est
2253 4040 2343 4095 hic
2370 4032 2797 4106 contemplatio:
2819 4030 3079 4099 deinceps
3104 4039 3284 4083 autem
3310 4041 3446 4082 con-

1834 4142 2130 4212 templatur
2156 4144 2213 4191 et
2236 4133 2370 4189 dicit
2394 4148 2406 4184 :
2522 4126 2637 4183 Hoc
2664 4125 2992 4197 signiﬁcante
3016 4122 3221 4193 Spiritu
3243 4130 3445 4187 sancto,

1835 4233 2064 4288 nondum
2085 4226 2412 4300 propalatam
2437 4237 2544 4277 esse
2572 4228 2869 4274 sanctorum
2896 4216 3052 4283 viam,
3080 4214 3251 4268 adhuc
3274 4214 3448 4285 priore

1832 4321 2160 4383 tabernaculo
2188 4317 2399 4373 habente
2422 4323 2633 4371 statum.
2661 4312 2978 4381 Propterea,
3004 4308 3197 4379 inquit,
3230 4308 3345 4362 haec
3374 4308 3446 4361 ita

1832 4428 1961 4476 sunt
1989 4422 2297 4473 constructa
2322 4428 2337 4477 ;
2369 4418 2431 4465 ut
2460 4408 2797 4465 disceremus
2820 4404 2965 4476 quod
2993 4402 3061 4458 ad
3094 4412 3283 4458 sancta
3315 4417 3446 4456 san-

1831 4521 2044 4568 ctorum
2064 4548 2080 4575 ,
2115 4506 2219 4561 hoc
2249 4512 2333 4560 est
2352 4546 2368 4571 ,
2398 4501 2466 4556 ad
2494 4499 2687 4555 caelum
2715 4541 2730 4566 ,
2760 4496 3001 4553 nondum
3036 4504 3217 4566 pateat
3242 4495 3440 4550 aditus.

1832 4601 1911 4658 Ne
1934 4614 2087 4671 ergo,
2112 4596 2308 4665 inquit,
2338 4592 2597 4664 quoniam
2626 4590 2799 4660 ipsum
2828 4602 2933 4642 non
2959 4586 3317 4658 ingredimur,
3344 4601 3445 4642 nec

1833 4709 1953 4751 esse
1969 4690 2187 4762 quidem
2204 4686 2598 4751 existimemus,
2619 4682 2871 4752 quoniam
2892 4694 2993 4736 nec
3008 4690 3193 4735 sancta
3214 4680 3443 4750 ingressi

1831 4790 2037 4832 sumus.
2067 4774 2124 4830 9.
2155 4772 2283 4839 ρυω
2312 4772 2557 4842 parabola
2578 4780 2675 4839 est,
2695 4772 2883 4841 inquit,
2910 4779 3153 4839 temporis
3180 4773 3439 4823 instantis.

1900 4868 1956 4923 ἓ.
1988 4866 2274 4938 Quodnam
2294 4876 2453 4923 vocat
2504 4874 2719 4935 tempus
2746 4864 2989 4919 instans?
3018 4861 3172 4930 Quod
3188 4872 3273 4917 est
3314 4872 3441 4917 ante

1828 4962 2120 5018 adventum
2143 4958 2378 5015 Christi:
2412 4971 2535 5013 nam
2560 4966 2682 5027 post
2698 4954 2897 5012 Christi
2926 4953 3216 5009 adventum
3238 4969 3344 5008 non
3360 4963 3444 5007 est

1830 5054 2063 5127 amplius
2098 5063 2312 5124 tempus
2347 5053 2593 5108 instans:
2634 5048 2909 5122 quomodo
2940 5048 3085 5105 enim
3115 5058 3283 5113 esset,
3317 5061 3441 5101 cum

1831 5150 2111 5207 advenerit
2139 5161 2193 5203 et
2220 5148 2377 5203 [idem
2410 5144 2642 5201 habeat?
2700 5143 2857 5199 Aliud
2911 5157 3129 5214 quoque
3172 5140 3443 5208 indicans,

1834 5245 1937 5301 hoc
1958 5243 2107 5309 dicit,
2137 5241 2264 5309 Qua:
2281 5240 2528 5312 parabota
2560 5249 2632 5293 est
2655 5237 2896 5309 temporis
2911 5235 3186 5301 instantis;
3218 5234 3321 5289 hoc
3337 5244 3443 5301 est,

1834 5334 2009 5391 factus
2037 5342 2122 5389 est
2155 5343 2332 5404 typus.
2364 5330 2528 5386 Juxta
2554 5345 2707 5400 quam
2730 5344 2941 5382 munera
2960 5335 3006 5379 et
3029 5326 3208 5381 hostire
3221 5324 3444 5392 offerun-

1836 5440 1938 5499 tur,
1957 5445 2070 5499 qua:
2083 5445 2183 5481 non
2208 5435 2417 5498 possunt
2437 5426 2581 5495 juxta
2600 5421 2961 5477 conscientiam
2981 5419 3271 5489 perfectum;
3279 5423 3447 5490 facere

1834 5524 2151 5579 servientem.
2180 5521 2370 5577 Vidisti
2398 5534 2558 5590 quam
2586 5519 2733 5573 clare
2758 5516 2883 5571 hinc
2909 5514 3161 5569 ostendat
3187 5513 3311 5584 quid
3342 5513 3446 5567 sibi

1836 5618 2009 5673 velint
2052 5616 2169 5671 hinc
2196 5614 2384 5680 verba,
2418 5612 2569 5668 Nihil
2604 5612 2673 5666 ad
2704 5613 2987 5682 perfectum
3018 5609 3233 5662 adduxit
3258 5606 3359 5672 (ex,
3393 5615 3449 5662 et

1836 5709 1991 5773 illud,
2039 5708 2100 5765 St
2144 5707 2366 5777 primunt
2412 5715 2772 5762 testamentum
2803 5713 2911 5755 erat
2959 5700 3448 5773 irrepreltensibile?

1835 5802 2159 5873 Quomodo?
2209 5800 2375 5855 Juxta
2417 5799 2802 5854 conscientiam.
2855 5794 2987 5850 Nam
3032 5792 3297 5849 sacrificia
3337 5808 3443 5845 non

1837 5897 2163 5953 amovebant
2213 5894 2406 5949 sordes
2446 5893 2513 5948 ab
2542 5893 2744 5958 anima,
2790 5888 2883 5945 sed
2915 5888 3091 5943 adhuc
3118 5892 3271 5942 erant
3300 5885 3443 5942 circa

3099 5978 3139 6045 8
