4068 6448
608 433 707 490 H9

594 576 823 630 corpus:
851 556 1145 614 Secundum
1186 555 1343 626 legem
1371 550 1524 612 enim,
1555 547 1749 618 inquit,
1786 544 2014 600 mandati
2058 559 2175 596 car-

596 655 726 709 nalis
749 658 763 714 (
782 653 937 707 Hebr.
968 652 1021 706 7.
1054 630 1309 719 16)(Νοη
1343 651 1587 715 poterant
1618 641 1760 696 enim
1783 638 2054 693 dimittere
2078 634 2175 690 ad-

597 746 867 810 ulterium,
902 757 1079 814 neque
1119 739 1342 802 cmdem,
1376 750 1554 807 neque
1597 731 1959 801 sacrilegium.
1990 727 2176 790 Vides,

596 839 713 894 iloc
738 837 951 908 quidem
979 831 1250 894 comedas,
1284 827 1416 884 illud
1450 842 1553 880 non
1593 821 1880 879 comedas?
1905 834 2027 891 qua:
2054 819 2177 889 qui-

598 932 718 986 dem
736 940 858 983 sunt
873 924 1254 981 indiderentia.
1272 918 1603 975 Solummodo
1621 917 1672 969 in
1690 914 1811 968 cibis
1832 921 1875 965 et
1898 913 1951 965 in
1977 910 2177 983 potibus

599 1024 687 1077 10.
714 1031 761 1074 et
788 1021 838 1073 in
861 1018 1009 1072 variis
1035 1013 1431 1084 baptismatibus.
1449 1011 1580 1074 lloc,
1600 1007 1791 1077 inquit,
1814 1005 1933 1059 bibe
1963 1017 2177 1073 :quatn-

596 1128 753 1186 quam
797 1113 866 1168 de
893 1122 1016 1182 potu
1040 1109 1167 1164 nihil
1198 1102 1720 1166 eratconstitutum;
1769 1098 1863 1154 sed
1906 1099 2021 1151 lucc
2041 1095 2170 1151 dicit

597 1204 957 1277 \‘ilipeudens.
984 1202 1048 1257 Et
1076 1202 1227 1256 uariis
1249 1195 1652 1269 baptismatibus,
1683 1204 1730 1248 et
1747 1191 1961 1264 justitiis
1986 1188 2176 1254 carnis,

601 1314 756 1369 usque
786 1296 856 1351 ad
892 1305 1085 1365 tempus
1112 1285 1435 1346 correctionis
1460 1285 1734 1356 impositis.
1763 1282 1890 1338 llaec
1921 1289 2006 1336 est
2030 1278 2176 1334 enim

598 1392 800 1465 iustitia
840 1389 1039 1445 carnis.
1083 1385 1179 1440 llic
1208 1380 1467 1438 sacrificia
1513 1378 1729 1448 dejieit,
1772 1376 2063 1431 ostendens
2115 1387 2179 1427 ea

604 1485 799 1540 nullam
831 1481 1090 1535 habuisse
1123 1478 1394 1541 virtutem,
1427 1472 1665 1527 etfuisse
1688 1482 1856 1536 usque
1876 1466 1941 1521 ad
1971 1473 2181 1534 tempus

601 1572 971 1636 correCtionis;
1002 1570 1102 1625 boc
1124 1578 1226 1633 est,
1250 1574 1590 1634 exspectasse
1607 1569 1815 1629 tempus
1831 1555 1972 1626 quod
2003 1555 2180 1617 omnia

602 1668 854 1737 corrigat.
888 1666 975 1719 ll.
1007 1662 1237 1716 Christus
1266 1667 1434 1710 autem
1467 1654 1709 1708 assistens
1731 1650 1965 1721 pontifex
1984 1647 2184 1737 futuro-

605 1777 717 1814 rum
754 1736 1028 1820 bonorum,
1060 1769 1148 1824 per
1184 1745 1406 1820 amplius
1432 1757 1476 1801 et
1505 1742 1773 1815 perfectius
1803 1736 2183 1793 tabernaculum

607 1869 707 1907 non
728 1848 1118 1916 .manufactum.
1147 1843 1375 1897 Carnem
1408 1839 1493 1892 hic
1523 1835 1670 1891 dicit.
1703 1834 1871 1889 Becte
1892 1838 2069 1885 autem
2099 1827 2184 1881 di-

607 1942 684 1997 xit
726 1938 899 2008 majus
926 1946 980 1992 et
1010 1933 1318 2006 perfectius,
1367 1927 1630 1999 siquidem
1672 1934 1726 1979 et
1756 1924 1894 1978 Deus
1928 1920 2158 1975 Verbum

622 2042 673 2086 et
702 2031 944 2083 universa
974 2025 1213 2095 operatio
1233 2022 1461 2091 Spiritus
1481 2022 1532 2074 in
1561 2033 1625 2071 eo
1648 2015 1882 2069 habitat:
1918 2012 2185 2066 Nonenim

604 2115 670 2167 ut!
702 2128 986 2168 mensuram
1017 2112 1105 2165 dat
1136 2111 1273 2165 Deus
1299 2108 1552 2181 spiritum.
1581 2108 1680 2161 Aut
1704 2104 1992 2174 perfectius
2025 2102 2175 2166 dicit,

605 2217 661 2259 nt
691 2208 818 2259 etin
853 2204 992 2275 qtod
1025 2220 1127 2257 non
1158 2198 1692 2269 cadatrcprebcnsio,
1733 2204 1787 2252 et
1812 2194 1953 2268 quod
1981 2198 2181 2264 majora

604 2306 746 2353 recte
775 2304 941 2368 gerat.
993 2292 1057 2348 Id
1082 2303 1174 2358 est,
1231 2309 1332 2345 non
1359 2291 1512 2361 hujus
1559 2288 1850 2343 creationis.
1881 2287 2019 2342 Ecce
2045 2300 2181 2355 quo-

603 2390 761 2445 modo
791 2388 993 2459 majus:
1029 2401 1133 2441 non
1185 2393 1327 2440 esset
1375 2382 1519 2437 enim
1559 2397 1625 2435 ex
1669 2381 1881 2450 spiritu,
1927 2379 1972 2434 si
2022 2377 2183 2432 homo

606 2498 775 2553 ipsum
794 2480 1197 2537 construxisset.
1231 2474 1351 2530 Non
1375 2475 1528 2547 hujus
1544 2474 1827 2537 creationis,
1854 2470 2058 2541 inquit;
2080 2468 2183 2524 hoc

608 2587 708 2642 est,
736 2591 837 2629 non
859 2583 942 2629 est
965 2588 1027 2628 ex
1059 2572 1140 2625 bis
1186 2569 1345 2624 rebus
1377 2570 1589 2628 creatis,
1608 2564 1701 2619 sed
1727 2561 2018 2632 spiritualis
2033 2576 2184 2615 crea-

606 2668 764 2721 tionis
799 2685 810 2719 :
840 2682 905 2721 ex
949 2664 1147 2734 Spiritu
1191 2661 1334 2715 enim
1378 2665 1565 2714 saneto
1615 2663 1985 2710 constructum
2041 2660 2176 2706 erat.

606 2757 766 2812 Vides
792 2753 1059 2828 quomodo
1098 2762 1153 2808 et
1179 2749 1576 2806 tabernaculum
1610 2755 1664 2803 et
1710 2746 1884 2801 velum
1914 2752 1971 2799 et
1990 2742 2179 2798 caelum

605 2860 758 2906 γυροί.
784 2848 1023 2919 corpus?
1063 2846 1167 2901 Per
1207 2845 1374 2916 majus
1398 2852 1444 2897 ct
1469 2840 1742 2914 perfectius
1767 2836 2182 2901 tabernaculum;

603 2940 814 3005 deinde,
839 2938 942 2994 Per
963 2936 1152 3002 uelum,
1180 2934 1275 2990 hoc
1303 2943 1399 2997 est,
1433 2948 1636 2987 carnem
1667 2945 1851 2995 suam;
1882 2937 1937 2983 et
1956 2941 2143 2983 rursus
2163 2968 2177 2991 ,

606 3034 670 3088 lu
701 3032 937 3087 interiora
955 3027 1053 3083 veli
1078 3027 1263 3097 (Hebr.
1297 3026 1351 3083 6.
1385 3022 1515 3095 i9);
1562 3033 1618 3079 et
1645 3036 1854 3087 rursus,
1882 3012 2184 3091 Ingredien-

607 3136 702 3179 tem
727 3124 780 3177 in
806 3131 978 3177 sancta
1005 3127 1318 3184 sanctorum,
1355 3128 1415 3173 ut
1450 3121 1707 3186 appareat
1729 3112 1898 3167 vultui
1927 3111 2037 3165 Dei.
2072 3110 2183 3165 Cur

604 3230 732 3286 ergo
778 3213 881 3269 hoc
932 3211 1096 3287 facit?
1142 3208 1211 3267 Ut
1255 3221 1353 3265 nos
1376 3205 1569 3262 doceat
1598 3201 1893 3260 secundum
1938 3200 2086 3256 aliud
2126 3210 2185 3256 et

605 3307 749 3361 aliud
781 3304 1139 3376 significatum
1168 3298 1416 3356 eumdem
1444 3310 1565 3353 esse
1592 3309 1919 3351 sermonem.
1946 3291 2182 3362 Utputa,

604 3400 780 3454 velum
810 3396 999 3452 caelum
1033 3401 1150 3449 est:
1192 3392 1332 3447 sicut
1359 3389 1501 3444 enim
1545 3386 1721 3441 velum
1753 3385 1915 3441 veluti
1946 3382 2181 3454 quodam

604 3503 756 3544 tnuro
785 3493 965 3542 sancta
991 3492 1223 3554 separat,
1246 3482 1323 3536 sic
1345 3492 1471 3533 caro
1487 3477 1715 3532 occultat
1738 3476 2067 3530 divinitatem
2083 3514 2099 3539 ,
2128 3481 2185 3530 et

606 3595 731 3634 caro
772 3578 894 3632 item
922 3585 1004 3632 est
1035 3572 1455 3634 tabernaculum,
1486 3568 1815 3624 divinitatem
1857 3566 2096 3631 habens;
2126 3573 2185 3622 et

606 3670 1007 3726 tabernaculum
1058 3681 1243 3722 rursus
1289 3665 1507 3728 celum;
1550 3661 1660 3716 illic
1709 3661 1851 3715 enim
1906 3670 1987 3717 est
2037 3659 2181 3715 intus

608 3761 863 3830 pontifex.
890 3757 1121 3816 Christus
1146 3766 1334 3823 autem,
1365 3755 1561 3825 inquit,
1590 3769 1703 3807 cum
1730 3751 2019 3807 accessisset
2046 3767 2180 3821 pon-

604 3856 743 3925 tifex.
776 3852 889 3907 Non
915 3851 1067 3916 dixit,
1098 3849 1228 3905 Cum
1261 3848 1431 3904 factus
1455 3854 1619 3913 esset,
1646 3844 1761 3907 sed.
1783 3844 1909 3898 Cum
1936 3843 2181 3898 accessis-

601 3958 708 4010 set;
737 3947 838 4001 hoc
864 3955 967 4008 est,
994 3959 1115 3998 cum
1158 3941 1225 3996 ad
1268 3941 1369 3996 hoc
1400 3941 1574 4010 ipsum
1606 3938 1863 4003 venisset,
1894 3950 1999 3990 non
2025 3933 2182 3990 alteri

600 4039 980 4095 successisset:
1016 4053 1120 4091 non
1152 4038 1296 4104 prius
1339 4036 1587 4097 accessit,
1621 4042 1674 4087 et
1705 4042 1831 4086 tunc
1853 4030 2024 4085 factus
2058 4037 2179 4096 est;

600 4130 693 4183 sed
738 4128 965 4183 simulac
1012 4127 1176 4181 venit.
1216 4126 1283 4180 Et
1331 4140 1434 4177 non
1477 4123 1609 4179 di\it
1641 4141 1653 4176 :
1683 4121 1816 4176 Cum
1867 4121 2180 4176 accessisset

603 4219 835 4289 ponitifex
874 4234 1057 4288 eorum
1085 4234 1202 4289 qua:
1249 4219 1643 4275 sacrilicantur,
1697 4213 1816 4276 sed,
1864 4211 2175 4267 Futurorum

599 4313 861 4377 bonorum,
906 4314 972 4366 eo
1011 4310 1154 4380 quod
1194 4325 1297 4364 non
1331 4318 1510 4378 posset
1557 4306 1864 4361 universum
1912 4304 2179 4375 explicare

598 4403 789 4457 oratio.
823 4402 911 4456 i2.
964 4400 1144 4475 Neque
1172 4417 1260 4472 per
1283 4400 1581 4470 sanguinem
1623 4399 1880 4452 hircorum
1917 4407 2007 4452 aut
2049 4399 2180 4453 uitu-

597 4496 780 4550 lorum.
811 4492 1001 4550 Omnia
1032 4501 1159 4547 sunt
1190 4493 1485 4546 immutata.
1512 4489 1617 4543 Sed
1650 4505 1738 4558 per
1769 4490 2033 4557 proprium
2058 4504 2181 4542 san-

596 4586 799 4657 guinem
829 4559 1052 4640 introivit
1096 4583 1251 4639 semel
1286 4583 1339 4636 in
1384 4591 1583 4636 sancta.
1627 4579 1768 4634 Ecce
1815 4579 1940 4633 illud
1975 4580 2181 4634 vocavit

595 4676 807 4731 etclam.
836 4674 1027 4743 Semel,
1064 4675 1255 4743 inquit,
1282 4672 1501 4727 introivit
1542 4672 1595 4724 in
1633 4680 1827 4735 sancta,
1877 4680 2066 4724 (eterna
2092 4686 2176 4724 re-

597 4767 883 4839 demptione
924 4769 1139 4822 inventa.
1183 4765 1250 4820 Et
1287 4764 1435 4829 illud,
1476 4764 1710 4831 Iuventa,
1738 4772 1821 4818 est
1863 4781 1928 4819 cx
1972 4766 2037 4818 iis
2056 4780 2178 4835 qum

591 4867 717 4915 sunt
744 4858 899 4912 valde
932 4858 1114 4921 dubia,
1156 4864 1210 4911 et
1240 4864 1433 4924 praeter
1462 4856 1941 4926 exspectationem,
1974 4870 2166 4925 nempe

590 4950 863 5020 quomodo
913 4965 1007 5019 per
1036 4964 1196 5003 unum
1228 4948 1503 5003 introitum
1532 4958 1789 5004 arternam
1840 4948 2043 5003 invenit
2080 4964 2162 5003 re-

590 5044 973 5112 demptionem.
1004 5042 1207 5097 Deinde
1252 5043 1493 5110 sequitur
1543 5043 1593 5096 id
1633 5043 1773 5113 quod
1802 5052 1886 5097 est
1911 5042 2166 5099 credibile

590 5145 643 5189 et
685 5134 915 5191 aﬂ‘erens
971 5134 1127 5190 [idem
1172 5135 1300 5190 :15.
1344 5132 1405 5189 Si
1456 5136 1587 5189 enim
1647 5138 1859 5207 sanguis
1912 5137 2167 5191 hircorum

593 5236 637 5279 et
660 5236 937 5283 taurorum.
957 5235 1002 5280 et
1016 5227 1144 5280 cinis
1190 5226 1361 5281 vitula:
1390 5243 1627 5297 aspersus
1672 5229 1957 5297 inquinatos
1986 5230 2173 5282 sancti-

593 5319 710 5386 ficat
738 5318 805 5371 ad
830 5319 1236 5372 emundationem
1272 5318 1479 5372 carnis:
1506 5318 1589 5373 M.
1620 5330 1806 5387 quanto
1851 5320 2009 5392 magis
2048 5338 2169 5374 sau-

591 5409 705 5479 guis
738 5408 943 5475 Christi,
999 5411 1085 5478 qui
1134 5427 1220 5479 per
1279 5409 1531 5481 Spiritum
1580 5420 1807 5464 sanctum
1851 5415 2172 5483 semetipsum

593 5504 773 5557 obtulit
830 5504 1209 5557 immaculatum
1257 5502 1365 5558 Deo
1394 5547 1409 5571 ,
1464 5504 1757 5557 emuudabit
1810 5508 2168 5560 conscientiam

592 5604 817 5647 nostram
841 5594 903 5647 ab
916 5594 1147 5663 aperibus
1168 5595 1377 5648 mortuis
1403 5595 1473 5648 ad
1490 5594 1807 5649 serviendum
1830 5595 1933 5649 Deo
1951 5599 2128 5651 viventi
2141 5599 2167 5652 .’

591 5685 647 5743 Si
670 5688 833 5753 enim,
864 5688 1054 5756 inquit,
1077 5701 1291 5741 carnem
1318 5695 1491 5757 potest
1518 5687 1777 5742 mundare
1804 5689 2020 5758 Sanguis
2052 5697 2168 5743 tau-

595 5794 795 5840 rorum,
833 5780 998 5833 inulto
1031 5778 1200 5849 magis
1221 5778 1411 5832 sordes
1440 5780 1633 5833 anima:
1664 5778 1935 5849 absterget
1955 5783 2171 5849 sanguis

592 5871 809 5928 Christi.
838 5871 973 5930 Nam
1019 5888 1085 5927 ne
1124 5886 1246 5927 cum
1276 5871 1531 5939 audieris,
1581 5872 1881 5942 Sattctiﬁcat
1923 5890 2170 5947 magnum

1320 433 1379 487 S.
1417 429 1693 488 JOANNIS
1730 430 2209 488 CHRYSOSTUMI
2245 432 2559 491 ARCHIEP.
2600 436 3138 499 CONSTANTINUP.

3776 449 3879 503 120

2290 549 2417 622 quid
2442 552 2735 616 existimes,
2770 553 2991 607 adnotat
3014 564 3067 608 et
3090 551 3327 608 ostendit
3353 556 3475 623 quid
3510 558 3723 612 intersit
3748 563 3889 613 inter

2292 652 2571 713 utramque
2600 644 3108 711 sanctificatinnem,
3140 646 3492 715 etquomodo
3522 647 3637 703 [nec
3663 649 3885 720 quidem

2290 745 2369 792 est
2397 736 2664 803 sublimis,
2696 737 2786 791 illa
2820 753 2947 791 vero
2976 735 3229 793 humilis:
3260 749 3314 795 et
3344 738 3473 795 dicit
3503 742 3701 796 merito
3730 742 3782 797 id
3813 744 3886 797 ita

2289 844 2429 895 esse,
2454 829 2719 900 siquidem
2744 830 2831 884 ille
2859 828 3078 899 quidem
3102 841 3183 885 est
3205 834 3424 902 sanguis
3449 842 3751 898 taurorum,
3795 834 3886 889 hic

2288 929 2465 975 autem
2493 919 2714 975 Christi.
2742 919 2853 975 Nec
2887 919 2985 975 fuit
3009 929 3296 977 contentus
3323 924 3565 989 nomine,
3592 925 3689 980 sed
3713 926 3881 981 etiam

2290 1013 2503 1068 modum
2536 1013 2690 1084 ponit
2724 1012 3034 1069 oblationis.
3080 1013 3183 1079 Qui
3217 1031 3306 1083 per
3333 1014 3588 1085 Spiritum
3619 1028 3882 1086 sanctum,

2288 1104 2473 1175 inquit,
2494 1104 2817 1175 semetipsum
2845 1104 3025 1158 obtulit
3058 1104 3442 1161 immaculatum
3470 1107 3615 1163 Deo:
3640 1109 3746 1165 hoc
3770 1122 3880 1177 est,

2288 1195 2514 1250 hostiam
2544 1195 2964 1262 immaculatam,
2994 1195 3249 1251 mundam
3276 1211 3305 1248 a
3338 1200 3593 1268 peccatis.
3620 1200 3755 1255 Illud
3782 1216 3884 1257 au—

2287 1298 2415 1353 tem,
2448 1287 2552 1342 Per
2579 1286 2836 1359 Spiritum
2861 1296 3116 1353 sanctum,
3150 1288 3201 1343 id
3247 1299 3350 1355 est,
3381 1306 3488 1344 non
3530 1307 3625 1361 per
3657 1294 3835 1364 ignem
3862 1339 3879 1362 ,

2285 1395 2390 1436 non
2429 1396 2523 1451 per
2550 1381 2725 1451 aliqua
2756 1381 2881 1434 alia.
2900 1379 3234 1448 Emundabit,
3275 1382 3482 1454 inquit,
3511 1388 3880 1442 conscientiam

2283 1480 2506 1526 nostram
2537 1471 2599 1525 ab
2626 1471 2861 1541 operibus
2895 1472 3125 1527 mortuis.
3159 1472 3327 1528 Recte
3356 1474 3512 1541 dixit,
3537 1476 3612 1531 Ab
3638 1480 3882 1549 aperibus

2282 1565 2511 1619 mortuis.
2535 1564 2587 1620 Si
2620 1564 2740 1632 quis
2766 1565 2909 1620 enim
2935 1575 3061 1619 tunc
3083 1566 3331 1636 tetigerat
3351 1579 3643 1635 mortuum,
3668 1570 3881 1641 pollue-

2282 1657 2468 1724 batur;
2500 1666 2555 1713 et
2599 1656 2688 1712 hic
2714 1656 2760 1712 si
2787 1657 2910 1727 quis
2944 1658 3177 1728 tetigerit
3230 1673 3368 1728 opus
3410 1670 3706 1727 mortuum,
3746 1664 3873 1733 pol-

2280 1749 2444 1804 luitur
2470 1764 2569 1821 per
2602 1749 3012 1804 conscientiam.
3058 1750 3139 1803 Ad
3164 1750 3505 1818 serviendum,
3540 1752 3729 1824 inquit,
3756 1754 3875 1809 Deo

2280 1840 2461 1893 viventi
2499 1850 2545 1894 et
2573 1856 2706 1894 uero.
2734 1839 2832 1895 ilic
2858 1839 3114 1905 ostendit,
3152 1840 3296 1911 quod
3330 1841 3447 1897 fieri
3475 1858 3582 1898 non
3610 1856 3793 1914 potest
3814 1861 3877 1903 ιιι

2276 1932 2364 1999 qui
2398 1939 2606 1986 mortua
2631 1931 2792 1986 habet
2812 1945 2999 2001 Opera,
3032 1932 3234 1986 serviat
3262 1947 3389 1987 vero
3409 1942 3462 1987 et
3491 1934 3688 1991 viventi
3718 1938 3859 1995 Deo.

2275 2018 2463 2077 Merito
2475 2021 2626 2089 dixit,
2650 2020 2754 2076 Deo
2771 2023 2949 2076 viventi
2969 2031 3016 2077 et
3032 2037 3168 2087 vero,
3183 2022 3471 2078 ostendens
3488 2024 3578 2081 illa
3595 2042 3717 2096 qua:
3737 2029 3869 2086 olfe-

2273 2122 2464 2167 runtur
2494 2113 2591 2181 ipsi
2607 2113 2731 2167 talia
2746 2127 2865 2168 esse
2885 2112 3102 2169 debere.
3131 2112 3261 2182 Qua:
3275 2129 3305 2167 a
3323 2113 3478 2170 nobis
3515 2132 3644 2188 ergo
3667 2121 3873 2187 prode-

2267 2210 2383 2267 unt,
2426 2202 2658 2258 viventia
2695 2211 2752 2260 et
2800 2218 2924 2259 vera
2949 2212 3115 2258 sunt:
3145 2202 3234 2257 illa
3263 2217 3389 2257 vero
3414 2216 3536 2274 quas
3575 2217 3606 2257 ε
3635 2201 3867 2269 Judais.

2268 2300 2320 2344 et
2355 2301 2562 2347 mortua
2587 2303 2642 2348 et
2667 2293 2837 2362 falsa;
2866 2302 2921 2349 et
2938 2293 3156 2350 merito.

2338 2385 2391 2438 5.
2412 2383 2595 2439 Nullus
2619 2387 2778 2457 igitur
2808 2387 3009 2443 habens
3030 2402 3193 2458 opera
3219 2394 3428 2443 mortua
3458 2388 3563 2443 huc
3584 2385 3869 2458 ingredia-

2271 2485 2373 2529 tur.
2409 2475 2464 2532 Si
2494 2482 2634 2532 enim
2663 2494 2785 2534 eum
2816 2480 2905 2549 qui
2933 2489 3199 2536 mortuum
3232 2495 3426 2549 corpus
3458 2480 3727 2551 tangebat,
3753 2494 3869 2536 non

2267 2570 2551 2638 oportebat
2586 2571 2812 2641 ingredi,
2846 2573 3014 2627 multo
3040 2573 3211 2643 magis
3237 2587 3360 2627 eum
3401 2572 3490 2643 qui
3511 2588 3676 2642 opera
3701 2572 3871 2628 habet

2268 2668 2477 2713 mortua
2503 2675 2516 2713 :
2551 2669 2635 2715 est
2663 2660 2806 2716 enim
2832 2661 3055 2731 pollutio
3083 2662 3426 2732 gravissima.
3447 2661 3656 2717 Mortua
3678 2673 3866 2717 autem

2265 2762 2389 2807 sunt
2416 2768 2576 2824 opera
2604 2756 2781 2810 omnia
2810 2772 2929 2827 qua:
2959 2758 3118 2811 vitam
3150 2771 3255 2811 non
3290 2757 3638 2829 babent,qn:e
3661 2764 3863 2814 tetrum

2274 2843 2484 2912 spirant
2510 2845 2751 2900 odorem.
2780 2846 2933 2902 Sit-ut
2956 2849 3099 2903 enim
3130 2862 3329 2919 corpus
3349 2860 3619 2904 mortuum
3646 2849 3712 2904 ad
3742 2848 3872 2903 nul-

2268 2931 2376 2987 lum
2405 2950 2621 2989 sensum
2651 2946 2733 2991 est
2760 2936 2911 3004 utile,
2944 2937 3039 2992 sed
3069 2938 3231 2993 etiam
3262 2940 3511 2995 molestia
3550 2939 3719 2995 allicit
3768 2955 3872 2996 eos

2264 3024 2353 3093 qui
2382 3026 2815 3096 appropinquant
2847 3046 2860 3083 :
2892 3029 2961 3083 ita
2991 3032 3152 3085 etiam
3202 3041 3482 3102 peceatum
3518 3032 3697 3086 statim
3738 3032 3871 3087 ferit

2269 3113 2573 3171 facultatem
2614 3118 2994 3181 ratiocinandi,
3020 3128 3076 3174 et
3105 3136 3205 3177 nec
3241 3122 3412 3192 ipsam
3446 3122 3662 3193 quidem
3712 3139 3873 3179 men-

2267 3214 2373 3260 tem
2405 3206 2532 3260 sinit
2557 3207 2861 3277 quiescere,
2891 3209 2985 3263 sed
3013 3211 3176 3265 etiam
3205 3212 3314 3281 ciet
3343 3213 3629 3269 tumultum
3663 3222 3718 3267 et
3740 3227 3868 3269 eam

2265 3298 2559 3365 perturbat.
2617 3298 2823 3353 Dicitur
2873 3310 3050 3356 autem
3094 3305 3263 3372 pestis
3309 3319 3526 3375 quoque
3548 3314 3707 3361 enata
3735 3320 3869 3361 cor-

2267 3404 2518 3458 rumpere
2548 3404 2794 3459 corpora.
2828 3391 2957 3448 Tale
2974 3402 3056 3448 est
3084 3395 3244 3450 etiam
3278 3406 3556 3466 peccatum
3592 3415 3606 3452 :
3638 3414 3668 3451 a
3710 3408 3872 3470 peste

2268 3479 2399 3535 nihil
2455 3481 2653 3549 differt,
2681 3500 2785 3540 non
2811 3500 2989 3541 aerem
3020 3489 3249 3556 primum
3277 3492 3871 3562 corrumpens,deinde

2264 3583 2512 3640 corpora,
2544 3574 2639 3628 sed
2671 3576 2851 3630 statim
2884 3578 2938 3631 in
2973 3578 3206 3633 animant
3234 3580 3503 3638 insiliens.

2341 3660 2513 3717 Morbi
2534 3665 2719 3719 animae
2744 3666 2933 3722 morbis
2950 3669 3178 3740 corporis
3207 3672 3427 3741 pejores.
3451 3673 3605 3727 Amor
3635 3677 3872 3743 pecunia

2267 3760 2511 3820 quantum
2538 3753 2751 3809 malum.
2776 3784 2847 3797 —-
2868 3754 2982 3811 Non
3006 3758 3152 3814 vides
3172 3773 3267 3815 eos
3294 3762 3383 3831 qui
3414 3772 3561 3832 peste
3591 3763 3868 3829 laborant,

2267 3842 2537 3911 quomodo
2559 3842 2975 3916 inﬂammantur,
2989 3850 3260 3920 quomodo
3274 3854 3546 3923 agitantur
3561 3863 3613 3909 et
3634 3856 3872 3912 circum-

2263 3932 2569 4003 volvuntur,
2588 3938 3056 4007 quomodofmtore
3071 3943 3373 4012 suntpleni,
3409 3960 3566 4015 quam
3583 3952 3751 4018 turpis
3784 3958 3873 4004 est

2270 4040 2456 4082 eorum
2485 4038 2747 4098 aspectus,
2779 4045 2937 4099 quam
2971 4033 3063 4087 toti
3088 4043 3213 4088 sunt
3233 4036 3533 4090 immundi?
3557 4036 3715 4093 Tales
3740 4052 3872 4095 sunt

2269 4119 2428 4173 etiam
2450 4121 2538 4190 qui
2561 4131 2801 4190 peccant,
2825 4124 3034 4179 etiamsi
3054 4142 3160 4181 non
3192 4127 3425 4183 videant.
3448 4128 3578 4184 Nam
3601 4130 3688 4185 dic
3708 4131 3868 4198 mibi,

2271 4226 2446 4266 annon
2477 4214 2663 4282 quovis
2681 4214 3019 4271 febricitante
3040 4227 3122 4273 est
3147 4218 3383 4275 deterior
3411 4220 3500 4291 qui
3519 4222 3757 4291 pecunia
3773 4238 3870 4279 aut

2269 4315 2553 4371 Corporum
2573 4314 2759 4374 captus
2775 4317 2856 4361 est
2872 4306 3163 4364 desiderio?
3181 4325 3358 4366 annon
3379 4312 3461 4366 his
3476 4322 3559 4368 est
3584 4314 3867 4382 impurior.

2269 4394 2359 4464 qui
2406 4396 2581 4448 omnia
2609 4398 2778 4466 turpia
2810 4398 2918 4468 agit
2959 4409 3012 4455 et
3036 4401 3271 4470 patitur?
3299 4402 3439 4471 Quid
3478 4410 3563 4459 est
3580 4403 3723 4459 enim
3748 4405 3871 4461 viro

2271 4486 2476 4555 turpius
2514 4488 2603 4556 qui
2636 4497 2847 4544 tenetur
2876 4506 3058 4547 amore
3088 4493 3501 4562 pecuniteinam
3516 4509 3871 4565 qumoumqrre

2270 4578 2603 4643 meretrices,
2635 4596 2987 4650 quaecumque
3016 4585 3243 4639 scenica)
3287 4584 3541 4640 mulieres
3567 4600 3675 4639 non
3702 4600 3869 4641 recu—

2268 4676 2388 4721 sant
2416 4668 2613 4735 facere,
2642 4687 2704 4725 ea
2733 4686 2832 4727 nec
2858 4672 2995 4738 iste;
3030 4675 3137 4730 imo
3168 4690 3292 4730 vero
3347 4685 3431 4731 est
3456 4677 3764 4745 verisimile,
3799 4680 3867 4734 il-

2270 4758 2349 4813 las
2416 4763 2585 4831 magis
2635 4780 2793 4833 quam
2846 4766 2985 4820 hunc
3034 4784 3303 4825 recusare.
3356 4769 3491 4836 Quid
3544 4771 3703 4839 dico,
3754 4787 3874 4830 non

2269 4856 2514 4909 recusat?
2569 4873 2655 4911 res
2707 4859 2908 4928 patitur
2946 4862 3192 4928 serviles,
3237 4863 3460 4920 adulans
3506 4864 3697 4935 quibus
3754 4882 3871 4923 non

2270 4959 2500 5013 oportet.
2530 4952 2700 5005 audax
2732 4968 2914 5007 rursus
2944 4963 2999 5008 et
3052 4956 3328 5010 conlidens
3361 4958 3446 5011 ubi
3492 4954 3596 5012 non
3626 4969 3869 5028 oportet,

2259 5036 2459 5108 ubique
2508 5041 2785 5110 intequalis
2814 5060 2826 5095 :
2859 5041 2985 5097 viris
3026 5057 3170 5113 saepe
3211 5044 3507 5109 sceleratis,
3550 5054 3605 5100 et
3634 5049 3853 5115 prtesti-

2258 5130 2552 5199 giatoribus
2578 5133 2845 5202 corruptis
2870 5148 2933 5187 ac
2959 5135 3157 5203 pravis,
3184 5134 3338 5205 longe
3361 5136 3475 5205 ipso
3500 5144 3554 5191 et
3574 5138 3865 5206 pauperio-

2261 5221 2409 5275 ribus
2431 5231 2484 5275 et
2512 5222 2892 5291 abjectioribus
2918 5222 3121 5279 assidet
3142 5233 3444 5292 assentans,
3472 5236 3525 5281 et
3553 5227 3671 5282 aliis
3698 5227 3861 5285 bonis

2261 5324 2313 5368 et
2334 5314 2526 5369 virtute
2556 5315 2791 5384 praeditis
2821 5317 3081 5372 insultans
3127 5329 3180 5373 et
3206 5320 3547 5376 contumeliis
3569 5330 3860 5391 appetens.

2261 5408 2455 5462 Vidisti
2490 5410 2755 5479 utrimque
2797 5411 3049 5479 probrum
3073 5422 3127 5467 et
3175 5413 3598 5483 impudentiam?
3619 5424 3699 5469 est
3728 5432 3863 5485 pero

2262 5500 2382 5554 inde
2414 5501 2629 5555 humilis
2682 5511 2879 5571 prtt‘tcr
2920 5503 3161 5571 modum,
3206 5516 3368 5577 atque
3414 5523 3693 5579 arrogans.
3748 5510 3863 5568 Sed

2260 5591 2407 5646 domi
2442 5602 2585 5646 stant
2626 5594 2963 5662 meretrices,
3011 5606 3067 5652 et
3113 5599 3215 5653 hoc
3259 5610 3341 5653 est
3392 5615 3578 5655 earum
3621 5603 3858 5673 crimen,

2263 5683 2401 5750 quod
2461 5699 2653 5754 corpus
2705 5686 2936 5740 vendant
2984 5690 3227 5757 pecuniis
3260 5710 3273 5746 :
3304 5706 3489 5747 verum
3546 5706 3859 5765 paupertas,

2265 5774 2459 5841 inquit,
2483 5777 2641 5845 cogit,
2674 5786 2727 5831 et
2758 5776 2921 5832 fames
2948 5779 3227 5849 cogit,etsi
3253 5784 3482 5838 maxime
3511 5800 3579 5839 ne
3611 5784 3710 5842 hoc
3734 5787 3861 5857 qui-

2262 5864 2383 5919 dem
2410 5864 2603 5921 sufticit
2631 5866 2697 5923 ad
2728 5869 3124 5928 excusationem
3157 5888 3169 5927 :
3203 5882 3445 5942 poterant
3473 5874 3615 5930 enim
3636 5875 3859 5950 altope-
