4068 6402
606 316 706 372 1έό

598 450 818 502 gemmis
845 452 993 510 ergo,
1026 454 1059 492 ο
1084 439 1283 505 dilecti,
1324 442 1613 512 lugeamus,
1647 453 1704 498 ut
1734 461 1858 501 rere
1889 447 2155 504 rideamus

600 541 656 581 ut
700 545 823 585 rere
868 531 1108 587 lmtemur
1150 535 1201 588 in
1246 543 1487 602 tempore
1528 536 1752 592 sincera:
1790 539 2009 596 laetitize.
2044 542 2175 599 Nam

1346 338 1401 394 S.
1442 338 1715 397 JOANNIS
1747 337 2221 397 CilliYSOS'i'Oﬂl
2258 340 2574 399 ARCHIEP.
2613 339 3141 399 CONSTANTINOP.

3758 339 3859 401 εει

2264 444 2409 498 illam
2430 455 2833 512 persequamur.
2863 440 2977 492 Alia
3006 447 3180 492 autem
3214 435 3417 491 ratione
3442 451 3549 491 non
3580 437 3701 493 lit-et
3732 455 3857 492 cani

2261 539 2503 609 assequi.
2534 551 2695 608 quam
2722 550 2789 591 eo
2823 533 2967 605 quod
3010 532 3096 588 hic
3124 532 3414 602 eligamus,
3442 544 3549 584 non
3575 546 3695 601 quae
3729 542 3863 587 sunt

599 622 713 675 ιιωο
738 622 953 691 quidem
985 624 1163 678 ltetitia
1194 632 1276 679 est
1300 625 1517 679 omnino
1542 627 1768 684 admista
1804 631 2050 697 tristitiae,
2081 651 2179 692 nec
2256 628 2527 700 jucunda.
2552 627 2649 684 sed
2671 641 2792 698 «tum
2819 624 3006 689 milia.
3035 632 3090 678 ει
3118 638 3302 693 parum
3333 619 3632 692 amittantur
3660 622 3861 677 luben-

597 730 715 769 eam
758 718 884 771 licet
928 717 1166 773 invenire
1206 732 1428 787 puram;
1472 720 1558 773 illa
1602 729 1779 776 autem
1810 734 1892 779 est
1928 726 2174 797 sincera,

597 804 798 860 fraudis
819 817 871 861 et
894 805 1001 861 doli
1033 823 1247 877 expers,
1270 825 1369 865 nec
1390 812 1678 882 quidquam
1715 814 1918 871 habens
1952 818 2175 875 insidia-

595 916 735 965 rum,
753 916 922 968 neque
938 900 1229 970 quidquam
1248 902 1537 958 admistum
1561 924 1573 959 :
1595 905 1685 959 illa
1710 906 1953 963 laetemur
1970 911 2175 975 laetitia,

2263 731 2378 788 tes,
2416 731 2471 777 et
2508 736 2629 777 eum
2668 720 2963 790 gratiarum
3004 718 3216 773 actione
3250 716 3487 772 feramus
3519 716 3700 771 omnia
3732 733 3864 786 qua:

2258 818 2524 876 accidunt.
2555 818 2644 875 Sic
2668 817 2811 871 enim
2844 818 3140 886 poterimus
3172 831 3395 887 regimm
3420 816 3679 871 ctelorum
3702 828 3866 871 asse-

2258 916 2372 985 qui,
2398 914 2563 983 gratia
2586 922 2632 966 et
2664 911 3015 982 benignitate,
3046 918 3151 963 ete.

601 991 2670 1019 Μ*

2026 1059 2360 1121 HOMILIA
2410 1058 2575 1117 XVI.

586 1135 719 1191 (λιιι.
748 1138 801 1195 9.
836 1157 885 1193 r.
919 1140 1002 1197 15.
1037 1143 1101 1198 Et
1131 1148 1245 1201 ideo
1274 1146 1388 1202 novi
1418 1150 1702 1204 testamenti
1727 1154 1973 1208 mediator
2000 1163 2100 1226 est,
2118 1164 2174 1210 ut

659 1232 1181 1302 morteintcrcedente
1218 1248 1264 1292 et
1304 1235 1697 1309 redemptionem
1733 1261 1907 1299 earum
1934 1248 2175 1315 prevari-

657 1320 934 1391 cationum,
962 1336 1239 1392 quaerant
1264 1330 1353 1383 sub
1377 1330 1535 1401 priori
1560 1342 1869 1403 testamento,
1902 1339 2175 1407 repromis-

656 1412 849 1468 sionem
878 1415 1130 1486 accipiant
1163 1422 1248 1489 qui
1286 1426 1449 1477 vocati
1484 1436 1601 1479 sunt
1630 1437 1832 1483 atterat:
1858 1430 2168 1486 hereditatis.

663 1504 744 1559 16.
779 1504 878 1559 Ubi
919 1508 1052 1563 enim
1093 1522 1442 1570 testamentum
1467 1529 1569 1583 est,
1600 1536 1735 1575 mors
1765 1538 1964 1578 necesse
1988 1534 2059 1578 est
2088 1526 2172 1578 in-

655 1596 874 1649 tercedat
908 1602 1158 1656 testatoris
1182 1604 1307 1658 :17.
1342 1612 1689 1663 testamentum
1717 1613 1849 1665 enim
1876 1614 1930 1667 in
1958 1617 2172 1669 mortuis

656 1697 727 1741 est
756 1689 1107 1760 ron/innatum
1131 1713 1149 1749 :
1170 1698 1363 1768 alioqui
1387 1704 1612 1756 ..ondum
1641 1706 1769 1758 valet
1796 1704 1916 1759 dum
1942 1708 2060 1761 vivit
2084 1710 2172 1779 qui

657 1789 865 1835 testatus
890 1794 982 1838 est.
1020 1784 1104 1841 18.
1141 1786 1289 1843 Unde
1327 1807 1417 1846 nec
1453 1796 1672 1862 primunt
1697 1798 1898 1867 quidem
1920 1801 2027 1854 sine
2050 1817 2173 1855 san-

656 1870 807 1941 guine
835 1875 1123 1933 dedicatum
1148 1891 1242 1935 est.

658 1965 706 2017 l.
745 1966 870 2019 Erat
898 1970 1183 2025 verisimile
1221 1973 1418 2030 multos
1456 1990 1521 2031 ex
1564 1977 1981 2049 inﬁrruioribus,
2010 1997 2075 2038 ex
2104 1997 2172 2040 eo

584 2053 741 2108 etiam
787 2058 1017 2114 maxime
1054 2062 1193 2131 quod
1234 2075 1473 2122 mortuos
1517 2081 1657 2123 esset
1697 2069 1976 2136 Christus,
2011 2074 2170 2129 ﬁdem

584 2157 687 2199 non
718 2144 912 2204 habere
943 2153 1241 2219 promissis.
1272 2155 1465 2211 Paulus
1486 2174 1716 2229 (ξι-ει),οκ
1745 2162 2065 2219 abundantia
2093 2176 2171 2220 ta-

583 2238 687 2292 lem
710 2240 993 2298 eonfutans
1011 2245 1341 2314 opinionem,
1369 2251 1467 2305 hoc
1492 2254 1633 2320 ponit
1658 2272 1721 2309 ex
1744 2260 2014 2312 communi
2034 2273 2173 2315 sum-

584 2339 732 2397 ptum
763 2333 1167 2392 consuetudine.
1200 2339 1521 2405 Quodnam?
1559 2344 1780 2413 Propter
1822 2348 1924 2403 hoc
1956 2350 2167 2421 ipsum,

584 2420 785 2491 inquit,
818 2436 1034 2493 oportet
1064 2426 1337 2485 cnnlidere
1372 2444 1425 2487 et
1463 2434 1604 2489 bono
1633 2452 1752 2492 esse
1780 2420 1994 2506 animo,
2027 2444 2169 2511 quod

584 2528 687 2565 non
718 2515 1041 2583 virentibus,
1076 2520 1170 2573 sed
1204 2524 1426 2575 mortuis
1458 2525 1520 2578 iis
1545 2527 1631 2595 qui
1662 2540 1786 2582 sunt
1814 2533 2011 2593 testati,
2044 2543 2169 2590 tunc

584 2603 732 2695 lirma
763 2616 816 2659 et
845 2604 1014 2662 valida
1056 2606 1163 2664 sint
1204 2622 1521 2670 testamenta
1544 2659 1557 2684 ,
1589 2628 1642 2672 et
1684 2622 1846 2675 robur
1880 2625 2166 2695 accipiant.

582 2692 648 2749 Et
696 2696 814 2751 ideo
856 2700 935 2753 sic
981 2702 1165 2772 incipit
1204 2703 1388 2759 dicens
1412 2746 1427 2771 ,
1468 2717 1522 2761 et
1563 2708 1636 2763 ait
1669 2728 1682 2763 :
1717 2710 1853 2766 Novi
1890 2692 2170 2773 testamenti

583 2786 830 2840 mediator
874 2799 966 2847 est.
1010 2791 1408 2850 Testamentum
1438 2797 1495 2852 ﬁt
1526 2800 1577 2853 in
1610 2802 1799 2857 ultimo
1830 2804 1917 2861 die
1960 2813 2167 2867 mortis.

583 2872 712 2935 Tale
738 2888 821 2935 est
847 2894 1021 2938 autem
1055 2902 1068 2938 :
1098 2881 1232 2941 alios
1276 2891 1488 2959 quidem
1534 2893 1695 2951 habet
1741 2897 1999 2968 heredes,
2037 2904 2171 2960 alios

583 2982 709 3026 Vero
766 2975 1140 3033 exheredatos.
1209 2974 1282 3035 ita
1344 2981 1429 3038 hic
1482 3000 1695 3056 quoque
1756 2988 1823 3045 de
1884 2992 2169 3049 heredibus

583 3063 754 3118 dicit:
795 3064 919 3119 Volo
978 3078 1028 3119 ut
1080 3070 1160 3123 ubi
1210 3088 1299 3141 ego
1336 3090 1466 3141 sum,
1507 3078 1677 3147 inquit
1728 3078 1994 3149 Christus,
2042 3093 2087 3139 et
2118 3085 2168 3138 lii

583 3155 680 3207 sint
713 3154 889 3223 (Joan.
924 3154 1009 3213 i7.
1049 3160 1165 3229 25).
1211 3160 1281 3215 Et
1324 3180 1513 3220 rursus
1556 3167 1623 3222 de
1666 3171 2005 3228 cxltcredatis
2046 3177 2168 3231 audi

581 3259 701 3298 eum
733 3246 999 3303 dicentem
1032 3269 1044 3305 :
1074 3249 1193 3305 Non
1225 3271 1315 3322 pro
1344 3257 1573 3312 omnibus
1602 3276 1745 3327 rogo,
1774 3263 1863 3315 sed
1882 3281 1974 3333 pro
1999 3266 2061 3319 iis
2084 3269 2170 3337 qui

581 3338 786 3391 rredunt
819 3356 908 3407 per
936 3342 1137 3397 verbum
1166 3362 1335 3400 eorum
1362 3348 1412 3402 in
1443 3366 1521 3403 me
1547 3350 1595 3418 (Ι
1604 3349 1705 3405 bid.
1738 3368 1785 3405 v.
1819 3354 1933 3425 ΞΟ).
1962 3356 2168 3413 Rursus

583 3439 957 3489 testamentum
981 3436 1085 3491 alia
1111 3439 1325 3508 quidem
1360 3440 1520 3497 habet
1548 3444 1666 3514 ejus
1691 3446 1780 3515 qui
1809 3458 1890 3501 est
1922 3459 2165 3518 testatus,

580 3523 681 3578 alia
720 3540 847 3581 vero
889 3542 1074 3584 eorum
1116 3532 1205 3601 qui
1250 3534 1582 3604 suscipiunt;
1616 3536 1687 3592 ita
1730 3548 1789 3593 ut
1824 3541 1924 3595 alia
1953 3544 2166 3612 quidem

576 3614 809 3682 capiant,
841 3614 941 3669 alia
974 3630 1103 3671 vero
1130 3616 1346 3672 faciant.
1377 3620 1451 3674 ita
1481 3621 1565 3676 hic
1594 3639 1807 3694 quoque
1840 3644 1854 3681 :
1886 3638 2161 3699 postquam

578 3706 719 3760 enim
752 3704 1070 3777 promiserat
1107 3708 1535 3778 innumerabilia,
1566 3715 1633 3769 ab
1663 3718 1741 3773 eis
1770 3721 2014 3789 quredam
2048 3728 2167 3781 exi-

575 3798 672 3890 git,
703 3798 887 3853 dicens
912 3817 926 3853 :
954 3795 1254 3855 Mandatum
1280 3821 1461 3858 novum
1487 3807 1551 3858 do
1575 3808 1709 3862 vobis
1733 3810 1910 3879 (Joan.
1941 3816 2027 3869 i7.
2054 3816 2163 3890 l3).

578 3884 782 3945 Rursus
811 3900 1183 3947 testamentum
1211 3891 1369 3949 debet
1396 3896 1591 3953 habere
1625 3908 1818 3967 testes;
1844 3904 1964 3959 audi
1991 3884 2163 3975 ipsum

576 3997 765 4036 rursus
793 3981 1057 4039 dieentem
1091 4003 1103 4038 :
1134 3981 1243 4057 Ego
1274 4003 1383 4040 sum
1424 3990 1511 4059 qui
1554 3992 1889 4048 testimonium
1931 3998 2165 4066 perlaibeo

577 4076 638 4127 de
667 4076 855 4146 meipso
875 4118 888 4139 ,
921 4088 965 4129 et
994 4078 1328 4133 testimonium
1358 4083 1582 4150 perhibet
1612 4082 1675 4137 de
1700 4102 1775 4139 me
1796 4089 1881 4157 qui
1906 4089 2038 4143 misit
2068 4089 2166 4143 Pa-

578 4176 651 4218 ter
672 4167 852 4235 (Joan.
890 4169 943 4221 8.
979 4168 1102 4240 18);
1132 4179 1184 4222 et
1210 4186 1415 4233 rursus,
1444 4167 1545 4225 Ille
1575 4176 1914 4231 testimonium
1942 4182 2167 4249 per/tibe-

579 4257 646 4308 tu't
674 4256 736 4309 de
760 4274 840 4309 me
862 4256 1038 4329 (Joan.
1072 4259 1157 4313 15.
1187 4258 1302 4329 ‘26),
1328 4262 1513 4317 dicens
1535 4264 1599 4317 de
1623 4265 1936 4330 Paracleto;
1965 4281 2015 4324 et
2039 4272 2167 4325 dnu-

578 4349 749 4402 clr-eim
794 4350 1066 4418 apostolos
1114 4352 1291 4416 misit,
1333 4351 1517 4407 dicetis
1550 4374 1561 4409 :
1601 4351 1961 4427 Testiﬁcamini
2000 4380 2170 4419 coram

580 4438 703 4494 Deo.
738 4440 799 4493 Et
834 4451 1112 4510 propterea
1145 4443 1309 4497 dicit:
1342 4443 1476 4499 Novi
1502 4452 1782 4503 testamenti
1810 4454 2053 4507 mediator
2076 4469 2168 4511 est.

578 4532 712 4595 Quid
763 4542 844 4585 est
889 4545 1065 4587 autem
1121 4535 1427 4590 mediator?
1465 4536 1721 4596 Mediator
1767 4560 1867 4597 non
1912 4546 2069 4601 habet
2118 4552 2168 4602 in

581 4634 845 4691 potestate
876 4642 986 4679 rem
1021 4628 1175 4694 cujus
1206 4640 1285 4681 ομι
1318 4630 1673 4697 intercessor;
1709 4636 1799 4688 sed
1830 4636 1927 4689 alia
1956 4640 2169 4707 quidem

582 4731 666 4769 res
698 4724 779 4770 est
800 4758 813 4779 ,
842 4718 977 4771 alius
1004 4734 1129 4773 vero
1160 4720 1486 4777 intercessor
1514 4741 1526 4775 :
1563 4727 1703 4779 velut
1731 4727 2054 4787 matrimonii
2088 4745 2172 4789 est

585 4811 943 4874 intercessor,
988 4827 1091 4865 non
1136 4814 1222 4882 qui
1270 4815 1509 4885 jungitur
1553 4821 1930 4887 matrimonio,
1960 4827 2053 4879 sed
2083 4830 2171 4895 qui

584 4915 738 4969 opem
764 4901 866 4955 fert
892 4904 937 4956 ei
962 4904 1049 4971 qui
1079 4917 1161 4958 est
1188 4906 1449 4962 ducturus
1472 4925 1715 4964 uxorem.
1747 4913 1819 4966 Ita
1851 4914 1935 4967 hic
1961 4932 2172 4987 quoque

586 4990 753 5047 Filius
785 4994 879 5048 luit
911 4997 1234 5051 intercessor
1259 4999 1429 5052 Patris
1452 5012 1503 5055 et
1525 5014 1728 5059 noster.
1765 5006 1990 5063 Nolebat
2017 5011 2174 5067 Pater

587 5087 738 5141 nobis
769 5088 1071 5158 relinquere
1106 5089 1242 5144 hanc
1276 5092 1643 5162 hereditatem,
1676 5100 1769 5153 sed
1797 5102 1949 5157 nobis
1979 5105 2174 5161 irasce-

588 5175 763 5247 batur,
786 5191 839 5236 ct
862 5193 975 5235 erat
1003 5198 1177 5237 smvus
1206 5194 1255 5238 et
1286 5200 1442 5253 asper
1466 5198 1519 5241 nt
1544 5191 1632 5257 qui
1655 5208 1897 5249 essemus
1923 5198 2171 5254 alienati:

589 5268 687 5324 fuit
716 5287 843 5341 ergo
875 5284 1056 5329 noster
1083 5289 1132 5329 et
1174 5277 1290 5345 ejus
1334 5279 1681 5352 intercessor,
1713 5296 1766 5341 et
1795 5288 1842 5343 ei
1886 5294 2173 5358 persuasit.

590 5362 657 5416 Et
697 5364 814 5417 vide
855 5367 1122 5434 quomodo
1166 5368 1262 5423 fuit
1304 5371 1627 5429 intercessor
1660 5396 1671 5431 :
1710 5381 1869 5433 verba
1911 5386 2085 5439 attulit
2124 5396 2177 5441 et

593 5456 771 5510 ii-tnlit
796 5497 810 5521 ,
852 5474 968 5526 qurr
1000 5474 1025 5511 a
1059 5459 1216 5516 Patre
1248 5476 1398 5518 erant
1437 5467 1502 5521 ad
1549 5484 1647 5523 nos
1691 5476 2089 5543 transmittens,
2124 5492 2177 5535 et

592 5558 817 5602 mortem
860 5550 1154 5618 adjicicns;
1188 5550 1611 5625 oﬂ‘enderamns,
1645 5565 1776 5617 muri
1808 5566 2173 5638 debebamus;

595 5654 689 5706 pro
718 5640 869 5694 nobis
892 5652 973 5696 est
995 5654 1252 5707 mortuus,
1276 5656 1331 5700 et
1356 5649 1478 5703 fecit
1508 5669 1603 5707 nos
1625 5655 1812 5725 dignos
1835 5668 2175 5717 testamento.

596 5732 725 5785 llinc
752 5735 913 5787 etiam
944 5747 1022 5789 est
1056 5738 1266 5792 ﬁrmmu
1300 5751 1351 5795 et
1381 5745 1565 5801 stabile
1598 5756 2005 5820 testamentum,
2034 5758 2175 5827 quod

590 5836 697 5878 lien
730 5826 781 5879 in
818 5826 1059 5896 indignos
1094 5830 1195 5899 iam
1231 5834 1422 5888 laetum
1460 5848 1560 5891 est.
1596 5843 1764 5910 Atque
1797 5845 1861 5899 ab
1890 5845 2036 5903 initio
2066 5856 2176 5922 qui~

2254 1163 2376 1217 dem
2413 1163 2786 1215 testamentum
2816 1154 2941 1210 fecit
2968 1162 3238 1221 tamquam
3272 1148 3431 1204 l‘ater
3454 1148 3507 1201 in
3542 1141 3717 1210 ﬁlios;
3747 1146 3849 1198 sed

2254 1252 2505 1325 quoniam
2550 1249 2748 1319 indigni
2791 1260 2977 1303 sumus
3022 1242 3247 1309 redditi,
3278 1256 3384 1295 non
3419 1240 3647 1310 amplius
3678 1244 3855 1290 testa-

2266 1353 2447 1400 mento
2474 1358 2608 1414 opus
2633 1350 2784 1402 erat,
2822 1341 2916 1395 sed
2957 1337 3246 1407 supplicio.
3277 1334 3413 1401 Quid
3444 1349 3573 1403 ergo
3592 1374 3606 1397 ,
3641 1332 3858 1401 inquit,

2264 1438 2331 1492 de
2372 1436 2490 1507 lege
2527 1432 2807 1505 gloriaris?
2838 1445 2957 1485 nam
2987 1431 3039 1484 in
3070 1436 3273 1483 tantum
3304 1440 3403 1481 nos
3429 1423 3639 1495 redegit
3667 1437 3864 1492 pecea-

2266 1540 2399 1595 tum,
2424 1538 2479 1583 ut
2500 1540 2789 1595 numquam
2818 1524 2949 1579 salvi
2976 1535 3219 1577 essemus
3239 1517 3405 1573 futuri
3429 1538 3442 1571 :
3468 1516 3569 1572 nisi
3595 1514 3864 1570 Dominus

2265 1628 2449 1677 uoster
2480 1634 2578 1690 pro
2608 1618 2760 1673 nobis
2788 1624 2933 1672 esset
2962 1622 3237 1680 mortuus,
3270 1613 3357 1667 lex
3390 1622 3723 1680 nequaquam
3756 1621 3860 1678 po-

2265 1714 2487 1777 tuisset;
2514 1720 2629 1765 erat
2656 1708 2798 1764 enim
2838 1706 3126 1762 imbecilla.
3152 1703 3501 1774 Nequaquam
3529 1710 3708 1755 autem
3734 1714 3861 1754 am-

2265 1806 2405 1877 plius
2439 1804 2541 1859 hoc
2567 1799 2849 1858 conﬁrmat
2874 1814 2939 1853 ex
2979 1798 3091 1853 sola
3122 1793 3539 1857 consuetudine,
3571 1791 3666 1846 sed
3695 1806 3763 1845 ex
3793 1790 3863 1845 iis

2265 1899 2426 1954 etiam
2454 1911 2576 1967 qua:
2609 1901 2903 1951 evenerunt
2931 1892 2981 1945 in
3012 1890 3192 1945 Veteri
3227 1900 3240 1943 :
3270 1887 3413 1959 quod
3440 1884 3656 1956 quidem
3688 1883 3865 1937 maxi-

2266 2006 2351 2045 me
2375 2003 2470 2044 eos
2497 1986 2723 2043 induxit.
2754 1987 2822 2040 At
2847 1983 3023 2038 nullus
3052 1980 3162 2036 illic
3185 1988 3323 2044 erat,
3354 1976 3544 2047 inquit,
3576 1981 3858 2039 mortuus;

2264 2080 2533 2152 quomodo
2556 2094 2684 2149 ergo
2711 2076 2837 2131 illud
2864 2076 3075 2129 ﬁrmum
3104 2082 3159 2128 et
3185 2069 3421 2127 stabile?
3449 2067 3553 2123 Per
3580 2065 3857 2128 eumdem,

2265 2174 2456 2244 inquit.
2478 2172 2717 2226 modum.
2738 2166 3052 2236 Quomodo?
3075 2164 3284 2220 Etenim
3313 2163 3423 2216 illic
3449 2160 3690 2231 sanguis,
3720 2158 3866 2211 sicut

2264 2280 2317 2324 et
2343 2268 2429 2323 hic
2453 2265 2698 2335 sanguis;
2724 2263 2767 2317 si
2798 2271 2975 2315 autem
3013 2274 3117 2312 non
3152 2264 3266 2311 erat
3291 2253 3492 2309 Christi
3517 2250 3758 2321 sanguis,
3793 2264 3863 2303 ne

2268 2359 2481 2415 mireris
2510 2375 2525 2413 :
2554 2365 2670 2411 erat
2704 2353 2847 2409 enim
2892 2363 3086 2423 typus:
3119 2348 3345 2414 ideoque
3380 2343 3549 2409 dicit,
3583 2340 3733 2397 Unde
3769 2356 3864 2393 nec

2267 2454 2489 2522 primum
2518 2448 2751 2519 quidem,
2794 2445 2998 2514 inquit,
3030 2442 3136 2495 sine
3167 2438 3414 2509 sanguine
3440 2436 3731 2489 dedicatum
3761 2442 3859 2487 est.

2265 2544 2402 2614 Quid
2440 2544 2540 2599 sibi
2583 2540 2697 2594 vult
2737 2537 2866 2593 illud
2889 2576 2902 2599 ,
2932 2533 3233 2588 Dedicatum
3269 2530 3379 2585 est?
3406 2526 3627 2582 Factum
3658 2535 3742 2580 est
3770 2523 3865 2577 tir-

2267 2654 2435 2703 mum,
2466 2634 2655 2691 stabile
2680 2642 2735 2687 et
2764 2640 2959 2684 ratum.
2992 2625 3162 2691 Unde,
3194 2623 3383 2693 inquit,
3425 2618 3710 2689 oportebat
3738 2631 3865 2671 esse

2267 2730 2567 2803 symbolum
2600 2722 2905 2780 testamenti
2933 2729 2986 2774 et
3016 2717 3224 2773 mortis.

2337 2823 2393 2876 2.
2435 2820 2677 2886 Quanam
2706 2816 2848 2871 enim
2892 2812 2959 2867 de
3008 2824 3191 2872 causa,
3221 2808 3309 2863 dic
3342 2802 3496 2871 mihi,
3525 2803 3663 2859 liber
3696 2808 3868 2857 testa-

2262 2911 2434 2969 menti
2465 2907 2802 2979 aspergitur?
2835 2904 2921 2959 19.
2951 2902 3102 2955 Lecto
3125 2900 3283 2964 enim,
3320 2898 3514 2967 inquit,
3540 2898 3679 2949 omni
3708 2910 3867 2947 man-

2266 3007 2387 3060 dato
2406 3004 2528 3074 legis
2544 3019 2576 3054 a
2594 2999 2772 3070 Moyse
2797 2998 3029 3051 universo
3052 3010 3113 3063 po
3123 2994 3261 3062 pulo,
3280 2991 3536 3061 accipiens
3556 2989 3870 3058 sanguinem

2267 3097 2537 3150 uitulorum
2580 3102 2624 3145 et
2655 3092 2912 3143 hircorum
2959 3104 3071 3139 cum
3118 3102 3249 3154 aqua
3278 3095 3325 3138 et
3377 3082 3497 3136 lana
3544 3082 3781 3134 coccinea
3820 3092 3871 3134 et

2268 3190 2509 3258 Ityssopo,
2531 3186 2699 3252 ipsum
2728 3182 2913 3235 librum
2939 3190 2984 3233 et
3009 3195 3207 3232 omnem
3231 3176 3476 3247 papulum
3502 3176 3749 3241 aspersit,
3766 3174 3871 3228 20.

2267 3278 2441 3331 dicens
2470 3290 2489 3328 :
2526 3273 2625 3327 llic
2666 3272 2873 3341 sanguis
2901 3268 3186 3322 testamenti
3213 3267 3348 3333 quod
3378 3264 3635 3317 mandavit
3674 3264 3745 3317 ad
3775 3280 3872 3319 vos

2274 3368 2431 3422 Deus.
2462 3366 2702 3434 Quanam
2735 3377 2865 3432 ergo
2907 3361 2973 3415 de
3020 3373 3205 3419 causa,
3231 3357 3319 3411 dic
3367 3355 3522 3420 mihi,
3554 3356 3872 3425 aspergitur

2265 3460 2403 3515 liber
2452 3457 2757 3512 teStamenti
2791 3464 2843 3509 et
2903 3453 3149 3523 populus,
3188 3466 3345 3520 quam
3390 3447 3533 3518 quod
3586 3448 3872 3517 pretiosus

2265 3551 2481 3620 sanguis
2534 3550 2717 3603 multis
2766 3546 3045 3601 retroactis
3094 3543 3307 3598 saaculis
3362 3539 3711 3611 ﬁgurabatur.
3750 3540 3872 3595 Cur

2266 3640 2541 3714 hyssopo?
2602 3639 2736 3708 Quia
2794 3638 3020 3692 densum
3078 3643 3133 3690 et
3191 3643 3433 3688 tenerum
3466 3671 3479 3695 ,
3539 3631 3866 3700 sanguinem

2262 3734 2588 3787 continebat.
2630 3729 2766 3797 Quid
2820 3744 2950 3785 vero
3003 3727 3177 3797 aqua?
3206 3724 3452 3780 Ostendit
3499 3724 3601 3777 hoc
3642 3739 3867 3795 quoque

2254 3834 2374 3889 qute
2419 3818 2477 3871 lit
2507 3833 2601 3887 per
2640 3832 2830 3885 aquam
2880 3815 3305 3871 mundationem.
3349 3814 3484 3879 Quid
3518 3829 3645 3868 vero
3696 3815 3866 3867 la‘na?

2254 3910 2324 3963 Et
2374 3908 2486 3963 haec
2514 3922 2744 3977 quoque,
2794 3916 2850 3960 ut
2888 3909 3256 3961 contineretur
3302 3906 3541 3974 sanguis.
3582 3904 3727 3957 idem
3774 3904 3865 3959 hic

2255 3998 2491 4055 ostendit
2518 4014 2639 4053 esse
2680 3998 2993 4069 sanguinem
3040 4006 3094 4051 et
3124 4012 3315 4066 aquam
3354 4014 3366 4048 :
3409 3996 3672 4063 baptisma
3712 3996 3861 4047 enim

2262 4102 2347 4146 est
2389 4092 2504 4161 ejus
2556 4092 2821 4160 passionis
2874 4089 3197 4161 symbolum.
3247 4088 3337 4144 21.
3400 4088 3570 4143 Etiam
3619 4090 3860 4141 taberna-

2268 4185 2439 4237 culum
2492 4194 2536 4237 et
2587 4184 2758 4236 omnia
2818 4200 2938 4235 vasa
2999 4184 3264 4236 ministerii
3315 4183 3564 4253 sanguine
3625 4182 3863 4235 similiter

2259 4279 2499 4347 aspergit.
2547 4275 2639 4329 22.
2676 4275 2741 4329 Et
2794 4276 2965 4329 omnia
3010 4292 3136 4345 pene
3174 4276 3226 4327 in
3272 4275 3521 4344 sanguine
3578 4274 3860 4326 secundum

2265 4370 2419 4438 legem
2448 4369 2777 4431 mandantur,
2824 4376 2869 4420 ct
2912 4369 3017 4419 sine
3062 4366 3323 4436 sanguinis
3363 4363 3610 4430 effusione
3654 4381 3756 4417 non
3805 4365 3863 4431 ﬁt

2260 4461 2507 4512 remissio.
2548 4459 2657 4513 Cur
2687 4459 2837 4524 illud,
2868 4458 3044 4512 Pene?
3088 4474 3183 4512 cur
3216 4459 3264 4511 id
3294 4458 3373 4512 sic
3413 4458 3680 4512 correxit?
3710 4457 3857 4525 Quo-

2263 4552 2403 4603 niam
2446 4551 2529 4603 illa
2570 4566 2672 4603 non
2722 4561 2876 4604 erant
2903 4549 3135 4619 perfecta
3178 4550 3480 4614 inundatio,
3526 4565 3703 4618 neque
3744 4566 3861 4618 per-

2265 4641 2400 4695 fecta
2432 4643 2701 4704 remissio,
2724 4642 2813 4695 sed
2840 4642 3238 4710 semiperfecta,
3260 4654 3314 4695 et
3346 4643 3393 4694 in
3425 4642 3643 4694 minima
3674 4651 3859 4711 parte:

2265 4733 2347 4785 hic
2377 4742 2577 4798 autem,
2635 4732 2731 4784 llic
2765 4744 2859 4797 est,
2906 4733 3100 4801 inquit,
3132 4735 3343 4802 sanguis
3389 4732 3502 4785 novi
3554 4736 3860 4800 testamenti,

2262 4825 2346 4893 qni
2397 4841 2489 4892 pro
2534 4824 2668 4877 vobis
2707 4822 2984 4890 c/funditur
3032 4826 3082 4876 in
3134 4824 3483 4877 remissionem
3532 4837 3865 4893 peccatorum

2264 4915 2476 4984 (.llatlli.
2523 4916 2613 4969 26.
2648 4916 2761 4983 ‘28).
2797 4915 2893 4969 Ubi
2930 4918 3086 4984 igitur
3118 4916 3249 4969 liber
3292 4916 3603 4971 emundavit
3651 4918 3864 4973 ilfornm

2266 5009 2514 5062 tuentes?
2546 5008 2645 5077 ipsi
2678 5016 2831 5060 erant
2858 5008 2979 5059 libri
3014 5010 3136 5060 noxi
3171 5008 3525 5063 Testamenti.
3555 5007 3656 5063 Ubi
3687 5021 3866 5064 autem

2272 5120 2393 5155 Vasa
2427 5102 2750 5154 ministerii?
2782 5101 2886 5169 Ipsi
2932 5114 3077 5155 sunt.
3112 5101 3211 5156 ilbi
3260 5102 3711 5156 tabernaculum?
3764 5104 3869 5172 Ινκί

2265 5204 2389 5247 sunt
2420 5209 2643 5247 rursus:
2682 5190 2990 5245 Inltabitabo
3024 5193 3190 5256 enim,
3222 5192 3412 5262 inquit,
3445 5193 3496 5246 in
3537 5193 3667 5259 illis,
3699 5205 3748 5248 et
3784 5199 3867 5247 in-

2268 5286 2537 5337 ambulabo
2566 5284 2653 5354 (‘2.
2682 5282 2800 5337 Cor.
2828 5282 2879 5337 6.
2916 5284 3037 5351 l6).
3078 5286 3144 5336 At
3186 5283 3304 5336 lana
3347 5284 3599 5337 coccinea
3641 5294 3695 5338 et
3739 5285 3871 5357 hys-

2267 5392 2398 5447 Sopo
2446 5377 2531 5431 hic
2578 5393 2684 5431 non
2721 5378 3035 5446 aspcrgehat
3067 5396 3077 5427 :
3114 5378 3319 5446 quare?
3364 5376 3692 5431 Emundatio
3722 5383 3870 5432 enim

2270 5485 2371 5522 non
2406 5481 2520 5523 erat
2549 5471 2864 5537 corporalis,
2892 5470 2983 5521 sed
3013 5469 3329 5535 spiritualis,
3359 5480 3411 5523 et
3454 5472 3674 5539 sanguis
3704 5473 3809 5541 spii
3830 5475 3869 5526 i-

2273 5561 2453 5613 tnalis.
2490 5560 2809 5625 Quomodo?
2836 5560 2952 5613 Non
2990 5577 3053 5613 ex
3089 5576 3314 5628 corpore
3348 5562 3499 5614 ﬂuxit
3528 5563 3875 5618 irrationabi-

2272 5652 2396 5705 litnu
2424 5695 2437 5716 ,
2476 5652 2569 5705 sed
2610 5668 2674 5705 cx
2720 5666 2945 5720 corpore
2978 5652 3119 5715 quini
3171 5663 3411 5720 paratum
3459 5652 3558 5705 luit
3586 5669 3612 5704 a
3644 5654 3866 5724 Spiritu.

2272 5748 2380 5801 llec
2420 5748 2681 5817 sanguine
2712 5760 2809 5799 nos
2840 5762 2944 5799 non
2978 5745 3215 5816 Moyses,
3244 5746 3338 5800 sed
3362 5744 3613 5799 Christus
3642 5751 3876 5816 aspersit

2273 5857 2353 5911 pt‘l
2398 5841 2613 5894 verbum
2647 5839 2785 5910 quod
2839 5840 3037 5894 dictum
3072 5850 3150 5894 est
3205 5857 3214 5891 :
3277 5839 3373 5892 llic
3405 5851 3475 5893 est
3516 5842 3726 5909 sanguis
3758 5843 3877 5896 nari
