4068 6404
615 363 703 421 I27

618 472 703 513 tur
732 459 885 515 nobis
909 472 1029 515 esse
1053 458 1188 515 adeo
1213 459 1499 525 horrenda,
1534 472 1589 515 ut
1628 478 1695 516 ne
1722 461 1942 517 relimus
1969 462 2184 532 quidem

614 564 878 623 spectare,
898 553 991 609 sed
1016 554 1311 617 timeamus,
1334 561 1386 608 et
1411 553 1475 606 ad
1500 554 1667 621 ipsum
1685 565 1955 624 aspectum
1978 566 2186 610 contre-

617 644 951 699 miscamus?
978 644 1112 713 Quid
1143 656 1319 698 autem
1344 654 1445 709 est,
1479 646 1563 699 dic
1592 646 1744 715 milii,
1772 647 1985 717 gravius
2013 648 2183 703 etdif-

618 734 811 789 ticilius
840 751 995 802 quam
1018 736 1070 788 in
1101 734 1235 789 facie
1264 746 1480 790 contum
1503 738 1806 805 suscipere;
1836 736 2030 793 deinde
2060 754 2188 808 pue-

616 841 733 881 rum
764 827 813 880 ei
837 825 1140 894 impositum
1182 824 1365 881 ludere
1388 828 1813 895 innumerabilia,
1842 839 1895 885 et
1918 829 2186 887 oblectare

616 916 984 986 spectatores?
1009 917 1137 987 quid
1164 919 1381 987 gravius
1402 928 1457 974 et
1482 919 1749 976 difﬁcilius
1775 938 1932 991 quam
1962 924 2013 978 in
2039 925 2185 979 ensi-

617 1008 715 1062 bus
740 1007 947 1077 sphtcra
971 1006 1199 1063 ludere?
1224 1008 1351 1078 quid
1374 1018 1474 1074 est,
1503 1009 1587 1064 dic
1611 1011 1761 1075 mibi,
1788 1013 2004 1081 gravius
2028 1029 2185 1083 quam

614 1098 842 1153 scrutari
870 1096 1195 1167 profundum
1228 1100 1429 1154 maris?
1456 1100 1525 1154 Et
1548 1101 1679 1155 alias
1711 1112 1854 1156 artes
1878 1104 2185 1159 innumera-

613 1190 749 1243 biles
771 1190 1006 1257 potueris
1024 1190 1204 1245 dicere
1232 1206 1247 1243 :
1274 1190 1369 1245 sed
1398 1190 1480 1245 bis
1500 1192 1747 1248 omnibus
1763 1202 1847 1247 est
1873 1195 2042 1249 virtus
2064 1193 2190 1249 faci-

572 1358 578 1366 .
614 1281 739 1345 lior,
758 1278 803 1334 si
824 1277 1067 1342 velimus,
1089 1288 1145 1335 et
1164 1281 1469 1336 ascensioin
1485 1282 1675 1337 calum
1702 1300 1716 1337 :
1746 1282 1830 1339 hic
1855 1285 1996 1339 enim
2015 1285 2186 1339 solum

627 1374 845 1433 oportet
869 1365 1010 1421 velle
1050 1374 1105 1420 et
1130 1366 1310 1421 omnia
1350 1376 1664 1436 sequuntur.
1694 1366 1808 1422 Non
1843 1368 1969 1424 licet
2006 1369 2206 1433 dicere,

624 1452 739 1509 Non
772 1468 1028 1524 possunt;
1074 1454 1125 1509 id
1155 1463 1239 1509 est
1277 1470 1531 1511 accusare
1560 1454 1817 1526 Opiilccm
1847 1476 1861 1511 :
1892 1474 2011 1511 nam
2040 1459 2083 1512 si
2112 1474 2210 1513 nos

625 1544 747 1597 fecit
776 1544 1071 1599 imbecillos
1114 1555 1167 1601 et
1195 1546 1395 1614 iubeat,
1430 1546 1596 1616 ipsius
1625 1557 1707 1602 est
1734 1550 2026 1603 acettsatio.
2065 1549 2209 1616 Quo-

626 1636 785 1692 modo
830 1654 976 1709 crgo,
1008 1637 1200 1708 inquit,
1255 1640 1406 1693 multi
1461 1657 1566 1695 non
1612 1642 1877 1711 possunt?
1926 1642 2058 1708 Quia
2112 1657 2206 1697 no-

626 1730 761 1785 lunt.
789 1728 1072 1797 Quomodo
1098 1748 1203 1785 non
1230 1733 1456 1787 volunt?
1481 1734 1596 1788 Prre
1625 1734 1827 1789 desidia
1862 1752 1876 1787 :
1906 1749 2025 1787 nam
2054 1734 2096 1789 si
2116 1750 2211 1790 ro-

625 1821 842 1887 luerint,
877 1833 1131 1891 poterunt
1181 1826 1419 1879 omnino.
1471 1825 1755 1894 Propterea
1797 1827 1990 1880 Paulus
2034 1825 2204 1879 dicit:

635 1910 762 1967 Volo
789 1929 961 1967 omnes
991 1916 1220 1969 homines
1242 1931 1348 1969 esse
1374 1916 1500 1969 sicut
1523 1916 1766 1987 meipsum
1797 1918 1841 1985 (t
1860 1958 1871 1968 .
1897 1916 2016 1971 Cor.
2039 1917 2088 1970 7.
2124 1918 2203 1988 7),

623 2005 875 2074 quoniam
904 2006 1110 2061 sciebat
1142 2022 1331 2061 omnes
1359 2022 1519 2076 posse
1572 2024 1691 2062 esse
1721 2009 1859 2061 sicut
1901 2020 2015 2062 erat
2048 2009 2158 2075 ipStt
2187 2026 2200 2060 :

624 2113 796 2166 neque
823 2098 966 2152 enim
997 2098 1098 2153 boc
1126 2098 1366 2162 dixisset,
1427 2100 1471 2152 si
1530 2100 1640 2153 fieri
1695 2116 1799 2153 non
1859 2110 2055 2169 posset.
2116 2101 2206 2156 Vis

623 2192 736 2245 fieri
797 2192 1031 2259 probus?
1067 2193 1240 2246 solum
1271 2193 1613 2262 apprehende
1656 2194 1888 2248 initium.
1937 2194 2068 2249 Nam
2117 2196 2204 2251 dic

621 2282 750 2335 mihi
777 2322 792 2346 ,
846 2282 895 2333 in
926 2282 1174 2336 omnibus
1214 2285 1455 2349 artibus,
1499 2285 1543 2338 si
1594 2284 1822 2338 velimus
1848 2301 1940 2340 eas
1966 2287 2201 2354 nS>tﬁt|ltI,

620 2373 888 2429 sufficitne
933 2374 1085 2429 nobis
1113 2376 1268 2440 velle,
1311 2392 1377 2430 an
1406 2377 1565 2429 etiam
1597 2392 1683 2431 res
1711 2379 2089 2447 aggredimur?
2140 2380 2206 2435 Ut

1312 352 1368 405 S.
1401 344 1674 405 JOANNIS
1709 333 2179 399 οιιιιίδυδτυδιί
2217 329 2534 388 ARCIIIEP.
2575 327 3101 385 CUNS’I‘ANTINOP.

3797 318 3923 375 128

2266 444 2498 513 exempli
2518 458 2676 496 causa
2708 460 2721 496 :
2756 440 3081 508 vultaliquis
3100 450 3221 493 esse
3243 432 3610 507 gubernator:
3648 444 3761 484 non
3792 426 3891 481 di-

2267 541 2359 599 cit,
2378 535 2530 598 Volo,
2549 547 2602 589 et
2634 535 2735 588 hoc
2758 534 2807 588 ei
2834 531 3051 595 sufficit,
3079 530 3173 585 sed
3195 530 3353 583 etiam
3382 540 3494 581 rem
3521 522 3879 593 aggreditur.

2271 630 2395 684 \‘ult
2445 638 2712 684 mercator
2763 640 2883 681 eSse
2925 642 2937 677 :
2983 639 3089 679 non
3137 623 3311 678 solum
3357 620 3505 682 dicit,
3553 617 3708 680 Volo,
3768 614 3880 669 sed

2267 737 2381 779 rem
2411 721 2655 789 suscipit.
2690 718 2815 773 Vult
2845 732 3066 788 peregre
3094 714 3360 785 proficisci
3388 730 3401 766 :
3427 726 3533 765 non
3559 709 3710 771 dicit,
3748 705 3878 760 νυ.

2269 812 2342 874 lo.
2374 822 2599 872 tantum.
2631 811 2725 866 sed
2759 812 2919 865 etiam
2949 824 3062 863 rem
3085 806 3418 878 aggreditur.
3447 804 3628 871 Itaque
3651 802 3704 854 in
3735 814 3877 854 om-

2278 900 2434 955 nibus
2457 914 2561 953 uon
2584 896 2781 953 sufﬁcit
2806 896 2980 949 solum
3010 894 3167 959 velle,
3194 893 3287 948 sed
3314 891 3510 947 factum
3537 904 3756 961 quoque
3792 899 3891 944 est

2276 992 2580 1051 addendum
2607 1007 2621 1044 :
2656 991 2845 1045 volens
2870 998 3049 1042 autem
3095 990 3147 1040 in
3175 986 3365 1041 carlum
3396 981 3706 1048 ascendere,
3734 979 3885 1035 dicis

2277 1085 2477 1145 solum,
2521 1082 2693 1137 Volo?
2720 1078 3003 1148 Quomodo
3040 1092 3202 1147 ergo,
3236 1076 3443 1143 inquit,
3478 1073 3694 1129 dicebas
3722 1072 3883 1143 quod

2278 1174 2475 1230 sufficit
2512 1172 2683 1227 velle?
2718 1172 2864 1226 Velle
2890 1185 3013 1225 cum
3045 1169 3217 1231 factis,
3252 1181 3363 1221 rem
3394 1176 3450 1219 et
3478 1166 3711 1220 laborem
3750 1177 3887 1218 sus-

2277 1268 2477 1337 cipere.
2506 1264 2776 1322 Habemus
2823 1262 2968 1318 enim
3009 1261 3174 1315 Deum
3218 1257 3565 1326 adjuvanlem
3605 1264 3658 1311 et
3705 1270 3880 1323 Opem

2280 1361 2542 1415 ferentem
2576 1375 2589 1411 :
2623 1358 2798 1412 solum
2846 1356 3129 1425 eligamus,
3161 1351 3336 1406 solum
3360 1350 3424 1405 ad
3457 1364 3568 1404 rem
3599 1356 3883 1415 tamquam

2279 1454 2344 1509 ad
2374 1468 2508 1523 opus
2533 1451 2854 1506 accedamus
2877 1490 2893 1515 ,
2928 1457 3132 1501 tantum
3176 1444 3349 1499 simus
3392 1441 3632 1506 solliciti,
3664 1449 3883 1494 tantum

2281 1556 2515 1601 mentem
2544 1544 2917 1603 adhibeamus,
2944 1548 3001 1596 et
3024 1538 3203 1593 omnia
3230 1546 3545 1607 sequuntur.
3576 1533 3671 1589 Siti
3693 1540 3883 1587 autem

2281 1640 2631 1704 dormiamus,
2647 1646 2703 1691 et
2729 1643 3023 1690 stcrtentes
3042 1640 3419 1702 exspectemus
3434 1628 3623 1683 emittm
3646 1624 3883 1696 ingredi,

2281 1729 2495 1801 quando
2523 1728 2819 1799 poterimus
2844 1724 3197 1780 hereditatem
3215 1722 3469 1777 calorum
3500 1712 3884 1789 apprehende-

2284 1824 2385 1878 re?
2426 1822 2665 1877 Velimus
2690 1834 2841 1890 ergo,
2870 1833 3021 1889 rogo,
3050 1816 3294 1871 velimus.
3322 1813 3432 1868 Cur
3455 1812 3521 1867 ad
3547 1811 3685 1865 hanc
3712 1810 3883 1862 vitam

2284 1914 2463 1969 omnia
2495 1926 2801 1968 mercamur
2825 1950 2841 1976 ,
2875 1924 3034 1979 quam
3081 1921 3201 1961 cras
3231 1903 3573 1960 deserimus?
3604 1901 3883 1970 Eligamus

2284 2022 2412 2079 ergo
2436 2006 2709 2069 virtutem,
2738 2019 2857 2074 qua:
2886 2003 3041 2056 nobis
3063 2001 3115 2055 in
3142 2014 3302 2054 omne
3324 1996 3579 2053 saiculuin
3609 1994 3844 2048 sufficiet
3868 2010 3882 2045 :

2285 2098 2338 2153 in
2366 2112 2471 2168 quo
2502 2104 2761 2168 perpetuo
2788 2096 3010 2154 erimus,
3060 2102 3115 2147 et
3161 2090 3318 2145 bonis
3368 2087 3586 2143 aeternis
3629 2082 3883 2156 perfrue-

2285 2209 2408 2248 mur
2435 2210 2448 2246 :
2476 2208 2594 2262 qua:
2624 2190 2827 2245 utinam
2858 2201 3047 2242 omnes
3072 2197 3460 2255 assequamur,
3493 2179 3663 2251 gratia
3696 2188 3754 2233 et
3784 2177 3878 2232 be-

2286 2284 2563 2355 nignitate,
2594 2291 2701 2337 etc.

1744 2500 3901 2523 Μ

1954 2585 2294 2648 HOMILIA
2342 2587 2546 2648 XVII.

613 2732 741 2789 CAP.
789 2732 839 2787 9.
880 2749 928 2785 ν.
959 2732 1046 2786 24.
1090 2730 1210 2785 Νοη
1241 2730 1372 2784 enim
1399 2732 1448 2783 in
1482 2732 1771 2799 manufncta
1816 2739 1993 2782 sancta
2037 2728 2196 2783 Iesus

687 2826 899 2888 introiit,
926 2825 1238 2891 exemplaria
1276 2839 1502 2877 verorum
1527 2841 1544 2886 ;
1577 2824 1663 2876 sed
1688 2824 1741 2876 in
1770 2824 1935 2890 ipsum
1974 2827 2154 2875 cretum
2178 2862 2192 2886 ,

688 2924 740 2969 ut
765 2927 1009 2985 appareat
1036 2932 1169 2969 nunc
1197 2916 1355 2969 vultui
1382 2915 1477 2970 Dei
1507 2933 1601 2982 pro
1629 2918 1771 2969 nobis
1799 2932 1817 2969 :
1836 2916 1925 2970 9.5.
1958 2932 2113 2985 neque
2143 2922 2195 2968 ut

686 3024 820 3077 stupe
839 3006 1019 3074 offerat
1047 3008 1295 3076 seipsunt,
1327 3011 1746 3077 quemadmodum
1777 3010 2008 3079 pontifex
2036 3009 2190 3061 intrat

687 3101 738 3153 in
768 3112 944 3153 sancta
970 3112 1257 3154 sanctorum
1290 3117 1377 3169 per
1421 3099 1646 3170 singulos
1672 3118 1832 3154 annos
1858 3102 1913 3153 iu
1952 3101 2199 3169 sanguine

685 3192 852 3249 alieno
884 3212 903 3249 :
922 3193 1012 3249 ‘26.
1044 3196 1233 3265 alioqui
1260 3194 1520 3264 Oportebat
1548 3211 1659 3247 eum
1691 3198 1974 3263 frequenter
2003 3194 2107 3260 pati
2136 3193 2198 3245 ab

698 3279 891 3345 origine
913 3278 1085 3327 mutuli
1119 3291 1137 3327 .'
1168 3291 1300 3325 nunc
1324 3283 1493 3325 autem
1520 3274 1671 3325 scntrl
1697 3274 1747 3325 in
1776 3272 2208 3324 consummatione

697 3368 997 3421 surculorum
1024 3365 1092 3417 tul
1115 3366 1481 3418 destitutionem
1506 3364 1695 3431 peccati
1713 3380 1800 3433 per
1823 3364 2034 3416 hostiam
2060 3379 2208 3415 suam

697 3463 955 3530 apparuit.

699 3553 749 3604 1.
776 3548 941 3603 Valde
970 3549 1065 3603 sibi
1106 3549 1384 3616 placebant
1411 3556 1461 3600 et
1487 3546 1845 3603 efferebantur
1872 3546 2039 3602 Jnilzei
2080 3564 2205 3615 pro-

627 3654 743 3714 pter
772 3642 1025 3709 templum
1067 3650 1121 3695 et
1168 3640 1563 3694 tabernaculum
1598 3656 1611 3692 :
1656 3650 1707 3693 et
1750 3641 1868 3695 ideo
1915 3640 2204 3705 dicebant,

628 3736 892 3801 Templum
956 3733 1190 3794 Domini,
1250 3732 1489 3799 templum
1543 3730 1743 3784 Domini
1794 3730 1944 3802 (Jer.
2010 3732 2061 3784 7.
2113 3732 2205 3801 5).

632 3824 901 3891 Nusquam
938 3824 1078 3876 enim
1124 3832 1383 3875 terrarmn
1413 3829 1783 3873 constructum
1814 3818 1913 3871 fuit
1943 3817 2204 3885 ejusmodi

634 3914 911 3984 templum,
941 3928 1038 3967 nec
1064 3912 1204 3981 quod
1233 3916 1423 3965 attinet
1464 3912 1529 3963 ad
1566 3922 1835 3978 sumptum
1883 3923 1943 3962 ac
1970 3908 2209 3977 magnifio

630 4005 884 4068 centiam,
918 4018 1019 4059 nec
1061 4006 1201 4073 quod
1233 4002 1297 4056 ad
1326 4001 1798 4071 pulchritudinem,
1833 4016 1929 4053 nec
1956 4000 2097 4068 quod
2140 3999 2206 4052 ad

631 4094 855 4162 quodvis
896 4095 1058 4153 aliud.
1113 4096 1250 4150 Deus
1294 4096 1434 4147 enim
1486 4092 1576 4161 qui
1617 4093 2001 4156 constituerat,
2052 4092 2209 4160 jussit

634 4188 805 4253 ipsum
853 4185 966 4240 fieri
993 4200 1110 4239 cum
1151 4186 1312 4238 multa
1346 4184 1758 4253 magnificentia,
1805 4184 2053 4253 quoniam
2096 4198 2205 4235 ma-

631 4278 711 4343 gis
756 4278 1145 4331 inducebantur
1190 4276 1261 4330 illi
1294 4284 1345 4330 et
1376 4276 1778 4328 attrahehantur
1815 4273 2203 4342 corporalibus.

634 4370 852 4423 Latercs
876 4369 1018 4423 enim
1060 4383 1252 4423 aureos
1304 4366 1532 4421 habebat
1559 4368 1608 4418 in
1659 4368 1943 4435 parietibus
1963 4408 1977 4431 ,
2007 4377 2058 4421 et
2088 4369 2209 4422 licet

633 4460 827 4514 volenti
862 4459 911 4513 id
956 4459 1163 4514 discere
1214 4460 1265 4512 in
1294 4458 1531 4513 secundo
1562 4457 1762 4527 Regum
1816 4469 1869 4511 et
1909 4458 2047 4527 apud
2080 4461 2209 4514 Eze-

630 4553 895 4617 rbielem,
952 4560 1006 4605 et
1058 4562 1189 4620 quot
1235 4552 1346 4603 auri
1409 4550 1603 4602 talenta
1660 4560 1783 4601 tunc
1840 4549 2033 4604 fuerint
2080 4566 2208 4605 con-

633 4654 862 4711 sumpta.
909 4642 1151 4697 Secunda
1203 4652 1379 4694 autem
1432 4641 1712 4693 mdiﬁcatio
1754 4641 1846 4692 fuit
1879 4642 2204 4708 przeclarior,

628 4742 682 4787 et
734 4743 954 4805 propter
1012 4731 1461 4801 pulchritudinem
1538 4740 1591 4783 et
1648 4741 1863 4800 propter
1924 4733 2025 4785 alia
2095 4748 2211 4786 om-

631 4825 737 4879 nia.
777 4822 889 4879 Nec
916 4834 1198 4893 propterea
1227 4824 1401 4876 solum
1440 4832 1556 4875 crat
1588 4823 1923 4891 magniﬁcum
1954 4834 2009 4877 et
2048 4840 2211 4880 vene-

630 4917 888 4977 randum,
941 4917 1035 4971 sed
1074 4918 1233 4969 etiam
1288 4916 1431 4986 quod
1486 4929 1627 4969 esset
1688 4934 1868 4977 unum,
1917 4928 1970 4971 et
2023 4934 2209 4975 omnes

632 5008 1031 5076 pulchritudine
1066 5008 1358 5060 attraheret
1392 5028 1405 5062 :
1441 5023 1560 5061 nam
1593 5026 1617 5059 a
1647 5010 1837 5061 finibus
1889 5018 2041 5062 terra:
2085 5012 2209 5064 illnc

632 5099 951 5163 Veniebanl,
986 5099 1099 5151 sive
1128 5113 1157 5149 a
1193 5097 1483 5167 Babylone,
1534 5100 1645 5151 sive
1698 5100 1761 5149 ab
1807 5099 2097 5169 rﬁthiopia.
2140 5102 2209 5155 Et

632 5189 731 5243 hoc
762 5189 1069 5257 signiﬁcans
1098 5189 1268 5243 Lucas
1300 5189 1509 5241 tlirclmt
1537 5191 1585 5241 in
1613 5192 1827 5242 Actibus
1863 5209 1874 5243 :
1922 5190 2079 5245 Erant
2104 5194 2208 5245 illic

631 5282 905 5333 l-abitantcs
945 5280 1121 5333 Part/ti
1151 5291 1194 5333 et
1228 5280 1363 5333 illetli
1411 5292 1456 5333 et
1492 5280 1742 5346 Elmttilu',
1794 5294 1838 5333 et
1868 5286 1951 5349 qui
1984 5284 2207 5336 habitant

631 5372 1074 5438 Mesoiwluminm,
1115 5370 1349 5424 Judwum
1385 5384 1427 5424 et
1458 5372 1831 5440 Cappadorium
1859 5416 1871 5439 ,
1914 5373 2131 5428 Pontum
2160 5387 2206 5429 et

629 5464 818 5527 Asiam,
855 5462 1131 5533 Phrygiam
1160 5472 1203 5513 et
1236 5461 1611 5531 Pamphylium,
1655 5462 1937 5532 {Egyptian
1963 5477 2009 5518 et
2040 5480 2206 5534 partes

631 5554 937 5623 Liliytequa:
983 5564 1053 5606 est
1102 5554 1234 5605 circa
1276 5553 1495 5619 Cyrenen
1548 5554 1683 5619 (Act.
1716 5556 1768 5605 El.
1818 5556 1891 5621 5).
1936 5558 2031 5622 Qui
2078 5575 2203 5626 ergo

629 5654 779 5696 erant
810 5646 858 5697 in
895 5656 1004 5697 toto
1054 5644 1185 5696 urbe
1220 5653 1395 5705 terrm,
1432 5644 1552 5698 illuc
1575 5659 1953 5709 convenerant,
1987 5663 2037 5701 et
2067 5660 2202 5702 tem-

632 5738 698 5803 pfi
732 5737 954 5791 multum
980 5746 1093 5791 erat
1124 5750 1334 5789 nomen.
1363 5735 1495 5801 Quid
1524 5751 1650 5806 ergo
1679 5735 1797 5791 facit
1835 5738 2065 5790 Paulus?
2088 5742 2199 5793 Sit:-

2307 2740 2362 2779 ut
2438 2728 2488 2779 in
2542 2723 2840 2787 sacrificiis,
2883 2722 2951 2774 ita
3008 2720 3095 2774 hic
3156 2732 3368 2789 quoque
3412 2732 3426 2768 :
3473 2715 3608 2770 sicut
3665 2713 3775 2767 illic
3820 2727 3890 2767 ex

2306 2820 2533 2872 adverso
2601 2814 2988 2869 sacrificiorum
3021 2814 3202 2881 posuit
3256 2819 3481 2863 mortem
3534 2806 3771 2869 Christi,
3816 2806 3893 2857 ita

2306 2912 2390 2967 hic
2436 2924 2649 2980 quoque
2706 2914 2873 2961 totum
2924 2906 3113 2957 ctelum
3165 2916 3228 2957 ex
3278 2899 3509 2955 adverso
3564 2898 3745 2966 templi
3795 2913 3899 2964 po-

2304 3005 2403 3058 nit.
2462 3000 2572 3055 Nec
2636 2998 2775 3051 hanc
2832 2995 3004 3048 solam
3062 2990 3299 3048 ostendit
3346 2989 3733 3051 differentiam,
3791 2989 3892 3042 sed

2303 3098 2461 3149 etiam
2507 3090 2645 3161 quod
2695 3087 2953 3156 adiecerit
2996 3082 3329 3138 sacerdotem
3374 3080 3566 3134 factum
3618 3093 3738 3133 esse
3781 3079 3898 3132 Deo

2306 3184 2739 3256 propinquiorem
2797 3196 2809 3231 :
2869 3178 3002 3233 dicit
3068 3175 3245 3239 enim,
3306 3172 3374 3228 Ut
3424 3180 3672 3242 appareat
3729 3170 3896 3225 vultui

2304 3278 2419 3331 Dei.
2450 3276 2594 3330 Fecit
2621 3276 2798 3343 itaque
2829 3286 2941 3326 rem
2971 3269 3305 3339 praeclaram,
3334 3281 3439 3320 non
3469 3265 3640 3319 solum
3669 3277 3899 3335 prapter

2293 3358 2502 3417 cielum,
2523 3356 2615 3409 sed
2638 3357 2797 3409 etiam
2841 3363 3055 3421 prepter
3082 3352 3377 3404 introitum.
3410 3349 3523 3403 Non
3546 3351 3718 3402 solum
3743 3352 3891 3405 enim

2297 3448 2382 3502 hic
2436 3461 2529 3515 per
2576 3444 2838 3515 symbolo,
2890 3442 2985 3497 sed
3025 3443 3197 3511 ipsum
3255 3442 3418 3496 Deum
3454 3440 3562 3496 illic
3600 3440 3763 3495 videt.
3800 3441 3895 3495 Vi-

2294 3537 2391 3591 des
2437 3535 2601 3606 quod,
2646 3545 2703 3587 ut
2747 3548 2805 3587 se
2847 3531 3094 3586 demittat
3142 3542 3198 3584 et
3245 3530 3654 3596 accommodet,
3686 3531 3894 3600 ubique

2297 3627 2518 3681 humilia
2574 3625 2714 3679 dicta
2761 3624 2905 3677 sint?
2948 3620 3087 3690 Quid
3136 3637 3270 3675 vero
3325 3621 3438 3691 jam
3488 3620 3704 3675 miraris
3743 3622 3892 3689 quod

2302 3719 2630 3780 intercedat,
2684 3733 2805 3791 cum
2861 3718 3033 3786 ipsum
3082 3725 3279 3769 statuat
3331 3727 3601 3785 tamquam
3670 3717 3893 3784 pontifi-

2297 3810 2455 3866 cent?
2510 3809 2687 3880 Neque
2725 3820 2777 3860 ut
2817 3824 2951 3877 sirpe
2984 3806 3164 3873 o/ferat
3190 3809 3433 3876 seipsum,
3465 3807 3896 3879 quemadmodum

2300 3903 2529 3973 pontifex
2557 3902 2710 3953 intrat
2735 3900 2785 3951 in
2807 3909 2983 3953 sancta
3010 3916 3099 3967 per
3124 3899 3353 3969 singulos
3377 3915 3537 3953 annos
3567 3899 3620 3951 in
3645 3900 3899 3968 sanguine

2298 3994 2484 4046 alieno.
2520 3990 2639 4044 Non
2689 3991 2821 4044 enim
2850 3992 2902 4042 in
2944 3995 3239 4058 manufacta
3264 4002 3440 4043 sancta
3464 3992 3614 4044 Jesus
3662 3992 3895 4057 introiit,

2300 4086 2608 4155 exemplaria
2642 4100 2891 4138 verorum.
2928 4084 3018 4137 Illa
3060 4101 3188 4153 ergo
3236 4094 3363 4138 sunt
3402 4099 3545 4149 vera,
3600 4085 3717 4140 hac
3764 4102 3898 4141 vero

2305 4180 2411 4250 typi
2452 4197 2465 4229 :
2501 4177 2755 4245 templum
2785 4177 2927 4228 enim
2961 4177 3030 4227 ita
3060 4187 3175 4229 erat
3200 4186 3590 4240 constructum,
3620 4185 3679 4229 υι
3701 4177 3897 4231 cadum

2304 4270 2441 4323 ca-li.
2474 4268 2610 4336 Quid
2644 4268 2820 4321 dicis?
2856 4268 2955 4321 nisi
3009 4268 3200 4320 cadum
3252 4268 3411 4320 fuerit
3452 4270 3742 4337 ingressus,
3789 4285 3898 4321 non

2306 4372 2524 4430 apparet
2570 4361 2658 4429 qui
2708 4360 2859 4413 adest
2906 4359 3101 4427 ubique
3128 4368 3184 4412 et
3238 4359 3423 4428 implet
3467 4360 3689 4412 nuntia?
3734 4358 3900 4413 Vides

2307 4452 2446 4522 quod
2486 4451 2803 4505 li;i:coumia
2854 4452 2961 4504 sint
3007 4450 3229 4504 carnis?
3273 4450 3343 4505 Ut
3387 4463 3651 4521 appareat,
3702 4453 3896 4523 inquit,

2309 4543 2465 4596 vultui
2492 4541 2587 4595 Dei
2626 4559 2717 4611 pro
2761 4542 2920 4596 nobis.
2964 4542 3101 4609 Quid
3138 4552 3240 4606 est,
3276 4542 3380 4595 Pro
3408 4543 3547 4597 nobis
3569 4546 3594 4597 ?
3620 4546 3898 4607 Ascendit,

2309 4635 2517 4703 inquit,
2550 4650 2667 4687 cum
2720 4632 2985 4687 sacrificio
3012 4635 3153 4702 quod
3188 4644 3365 4702 potest
3405 4636 3617 4704 placare
3661 4636 3897 4691 Patrem.

2309 4726 2418 4779 Cur
2441 4740 2587 4789 vero,
2621 4725 2708 4777 die
2730 4726 2899 4779 mihi?
2922 4725 3036 4795 ipse
3064 4735 3181 4780 erat
3208 4726 3457 4781 inimicus
3487 4726 3511 4780 ?
3539 4728 3724 4796 Angeli
3744 4740 3902 4783 erant

2311 4818 2547 4880 inimici,
2607 4822 2717 4886 ipse
2766 4833 2873 4871 non
2923 4827 3038 4872 erat
3086 4818 3335 4873 inimicus
3384 4836 3397 4870 :
3440 4835 3561 4873 nam
3610 4820 3748 4889 quod
3798 4838 3897 4875 an-

2309 4912 2413 4979 geli
2462 4910 2657 4964 fuerint
2710 4908 2931 4977 inimici,
2987 4911 3108 4964 audi
3165 4912 3291 4977 quid
3339 4911 3481 4965 dicat
3535 4931 3547 4967 :
3601 4912 3902 4982 Paciﬁrarit

2309 5018 2422 5071 qua!
2452 5004 2646 5055 suntin
2680 5012 2812 5054 terra
2859 5012 2904 5054 et
2940 5018 3053 5069 qua:
3074 5013 3191 5055 sunt
3241 5005 3295 5055 in
3340 5004 3478 5057 ctelis
3525 5005 3658 5076 (Col.
3705 5008 3751 5061 I.
3778 5008 3898 5077 ‘50).

2312 5096 2477 5151 Recte
2505 5110 2633 5165 ergo
2662 5096 2807 5156 dicit,
2840 5094 2905 5147 In
2926 5097 3106 5149 ctutum
3126 5098 3384 5166 ingressus
3405 5108 3497 5161 est,
3523 5109 3577 5152 ut
3601 5101 3758 5153 vultui
3809 5101 3901 5156 Dei

2313 5204 2442 5240 nunc
2473 5197 2718 5255 appareat
2748 5204 2839 5255 pro
2867 5189 3031 5240 nobis.
3067 5187 3216 5241 Nunc
3248 5200 3492 5259 apparet,
3538 5193 3632 5247 sed
3678 5208 3777 5261 pro
3806 5212 3899 5250 no-

2314 5279 2412 5331 bis.
2452 5276 2627 5346 chque
2655 5289 2709 5330 ut
2740 5294 2873 5347 stupe
2893 5277 3072 5345 offerat
3099 5282 3445 5349 semetipsum,
3476 5262 3901 5351 queuntdmodum

2314 5370 2541 5438 pontifex
2570 5370 2723 5421 intrat
2758 5372 2810 5422 in
2836 5382 3013 5423 sancta
3036 5384 3325 5425 sanctorum
3362 5392 3450 5443 per
3486 5376 3711 5445 singulos
3740 5399 3901 5434 annos

2311 5464 2364 5514 in
2388 5463 2631 5533 sanguine
2660 5464 2847 5517 alieno.
2884 5464 3041 5520 Vides
3072 5480 3230 5536 quam
3263 5468 3442 5521 multa:
3486 5481 3611 5525 sunt
3651 5472 3899 5531 differen-

2314 5557 2422 5609 tite.
2470 5558 2650 5611 Semel
2697 5558 2934 5613 differta
2969 5575 3142 5630 sirpe;
3175 5562 3316 5631 quod
3363 5563 3415 5617 in
3449 5567 3710 5635 sanguine
3742 5570 3900 5623 intra-

2316 5651 2448 5703 verit
2475 5650 2710 5718 proprio,
2737 5651 2911 5705 differt
2949 5654 3017 5706 ab
3046 5654 3288 5722 ingressu
3320 5656 3368 5707 in
3402 5657 3597 5710 alieno.
3634 5659 3751 5729 Ipse
3780 5678 3898 5727 ergo

2317 5752 2393 5795 est
2424 5754 2473 5795 et
2503 5740 2848 5807 sacrificium,
2886 5752 2938 5797 ct
2964 5745 3242 5808 sacerdos,
3277 5756 3329 5801 et
3354 5749 3548 5802 hostia.
3569 5748 3703 5805 Nam
3740 5755 3781 5807 si
3806 5755 3899 5809 hoc
