4068 6422
174 415 252 469 ιξῦ

179 525 267 558 non
296 516 461 568 esset,
493 517 553 561 ct
584 509 777 562 multa
807 510 1007 563 olferre.
1034 520 1307 580 oporteret
1333 511 1619 571 sacriﬁcia.
1643 527 1786 580 sape

175 610 431 668 oporteret
458 602 758 672 cruciﬁgi.
792 604 1031 674 Alioquin
1071 606 1336 675 oportebat
1361 620 1477 658 eum
1503 607 1788 675 frequenter

184 694 276 763 pati
300 695 363 747 ab
393 695 608 764 origine
651 696 860 752 mundi.
895 696 990 751 llic
1016 696 1175 751 etiam
1206 694 1459 767 quiddam
1491 692 1796 747 abscondit.

183 785 321 840 Nunc
340 795 521 839 autem
551 789 734 840 semel
770 789 826 841 in
854 784 1285 842 consummatione
1312 786 1637 841 seculorum.
1671 783 1798 847 Cur,

179 878 236 932 lu
259 882 731 934 consummatione
762 882 1065 935 saeculorum
1081 881 1107 934 Ρ
1138 880 1259 935 Post
1285 880 1451 934 multa
1478 886 1719 948 peccata.
1743 876 1800 931 Si

176 978 304 1030 enim
340 979 481 1031 tacta
508 976 761 1030 fuissent
782 977 852 1031 ab
871 978 1047 1042 initlo,
1070 992 1230 1031 nemo
1246 988 1423 1030 autem
1453 972 1797 1035 credidisset,

177 1067 342 1121 omnia
374 1084 504 1137 qua:
535 1066 611 1122 ad
644 1069 1015 1123 meonomiam
1060 1072 1336 1139 pertinent
1360 1070 1590 1124 fuissent
1631 1067 1795 1123 inuti.

172 1158 260 1217 lia:
303 1174 410 1213 non
435 1159 751 1227 Oportebat
788 1148 931 1215 enim
976 1162 1171 1215 iterum
1210 1162 1348 1216 mori
1390 1161 1687 1222 Christum,
1724 1158 1794 1212 ita

174 1264 221 1305 ut
240 1253 313 1307 sic
328 1253 500 1307 etiam
528 1252 861 1309 efﬁceretur
876 1253 1019 1323 quod
1038 1255 1412 1324 quzerebatur:
1434 1254 1689 1325 quoniam
1709 1268 1797 1307 au-

172 1356 265 1399 tem
281 1355 468 1413 postea
486 1347 674 1397 multa
693 1345 907 1399 luerunt
920 1357 1157 1415 peccata,
1176 1347 1370 1400 merito
1386 1355 1511 1399 tunc
1524 1344 1792 1415 apparuit.

169 1434 308 1503 Quod
338 1437 571 1505 quidem
608 1438 750 1491 dicit
778 1440 941 1493 etiam
966 1439 1093 1493 alibi
1138 1456 1152 1490 :
1191 1438 1289 1493 Ubi
1314 1438 1589 1493 abundavit
1615 1453 1793 1509 pecca—

170 1538 285 1593 tum,
309 1529 771 1597 superabundavit
796 1540 843 1582 et
870 1531 1036 1601 gratia
1065 1530 1243 1599 (Rom.
1274 1532 1327 1587 5.
1356 1530 1471 1601 ‘20).
1518 1530 1676 1585 Nunc
1695 1546 1792 1583 au-

169 1631 286 1682 tem,
332 1622 560 1689 inquit,
616 1619 781 1674 semel
808 1621 862 1674 in
911 1622 1345 1676 consummatione
1379 1623 1680 1677 seculorum
1724 1621 1792 1674 ad

169 1710 544 1764 destitutionem
596 1712 796 1779 peccati
842 1727 932 1781 per
960 1711 1179 1765 hostiam
1218 1729 1365 1766 suam
1401 1714 1662 1783 apparuit.
1693 1712 1785 1765 27.

171 1802 225 1855 Et
270 1805 730 1867 quemadmodum
751 1814 999 1861 statutum
1042 1815 1115 1859 est
1131 1805 1419 1860 hominibus
1442 1806 1598 1861 semel
1633 1807 1783 1872 mori,

170 1906 268 1963 post
294 1896 389 1947 hoc
416 1905 604 1950 autem
627 1896 909 1966 judicium.

226 1986 278 2039 Ξ.
310 1988 449 2041 Cum
482 1988 826 2043 ostendisset
857 1988 1005 2042 illum
1033 2002 1141 2043 non
1173 2004 1317 2058 Stepe
1346 1992 1483 2044 mori
1511 1990 1783 2055 debuisse,

169 2080 282 2135 dicit
311 2083 479 2137 etiam
514 2098 626 2137 cur
660 2082 832 2137 semel
862 2092 942 2137 est
980 2092 1226 2138 mortuus
1254 2101 1268 2139 :
1305 2100 1498 2155 nempe
1531 2086 1783 2156 quoniam

170 2176 313 2228 unius
353 2176 559 2229 mortis
608 2174 709 2228 fuit
755 2176 987 2243 pretium
1036 2175 1425 2244 redemptionis
1468 2195 1482 2231 :
1521 2178 1787 2231 Statutum

170 2277 285 2332 erat,
315 2268 517 2337 inquit,
546 2267 788 2320 omnibus
814 2267 1100 2321 hominibus
1130 2268 1284 2322 semel
1311 2270 1459 2321 mori.
1498 2270 1608 2324 lloc
1630 2285 1780 2340 ergo,

171 2362 328 2415 semel
375 2372 642 2416 mortuus
682 2370 785 2427 est,
829 2376 926 2430 pro
969 2363 1219 2418 omnibus
1264 2363 1592 2420 hominibus.
1644 2366 1782 2433 Quid

172 2453 327 2508 vero?
370 2468 568 2509 annon
614 2452 793 2509 adhuc
838 2462 1012 2510 morte
1053 2454 1142 2509 illa
1186 2456 1485 2511 morimur?
1525 2457 1784 2514 Morimur

173 2549 398 2617 quidem,
425 2550 529 2604 sed
559 2550 619 2604 in
642 2564 704 2604 ca
733 2563 839 2603 non
870 2564 1169 2613 manemus,
1193 2550 1334 2619 quod
1366 2566 1433 2606 ne
1454 2561 1537 2605 est
1562 2552 1780 2621 quidem

174 2643 318 2696 mori.
361 2642 559 2699 Mortis
610 2641 752 2697 enim
800 2642 1041 2712 tyrannis
1079 2652 1133 2697 ct
1175 2658 1301 2698 vere
1348 2654 1429 2697 est
1481 2644 1568 2697 illa
1610 2660 1778 2713 mors,

175 2736 375 2805 quando
404 2744 633 2791 mortuo
663 2750 768 2790 non
797 2744 880 2789 est
904 2734 1137 2805 amplius
1164 2750 1481 2791 concessum
1508 2746 1565 2790 ut
1597 2738 1781 2793 redeat

171 2828 228 2881 ad
257 2829 423 2882 vitam
465 2846 481 2884 :
514 2827 742 2900 quando
769 2838 947 2882 autem
983 2828 1126 2882 vivet
1170 2839 1292 2898 post
1330 2838 1583 2894 mortem,
1618 2829 1779 2900 idque

174 2920 267 2972 vita
296 2920 560 2987 meliore,
598 2919 700 2975 hoc
728 2935 835 2975 non
868 2928 950 2975 est
980 2935 1161 2986 mors,
1197 2920 1292 2975 sed
1322 2921 1593 2976 dormitio.
1630 2923 1777 2991 Quo-

171 3012 302 3069 niam
344 3029 479 3085 ergo
530 3014 778 3069 futurum
820 3022 939 3068 erat
987 3022 1043 3067 ut
1082 3027 1228 3068 mors
1264 3028 1457 3068 omnes
1487 3015 1773 3082 detineret,

174 3118 448 3177 promeres
498 3118 593 3165 est
641 3117 887 3163 mortuus
933 3116 987 3161 ut
1028 3122 1127 3162 nos
1177 3108 1454 3163 liberaret.
1484 3108 1575 3165 28.
1607 3110 1699 3165 Sic
1729 3120 1777 3164 et

174 3198 390 3257 Christus
434 3202 604 3257 semel
642 3200 842 3255 oblatus
887 3210 978 3254 est.
1020 3200 1064 3254 A
1095 3215 1202 3270 quo
1231 3200 1488 3255 oblatus?
1519 3203 1558 3255 Α
1594 3204 1776 3271 seipso

174 3292 386 3349 scilicet.
419 3293 521 3349 llic
557 3308 667 3347 non
698 3292 871 3347 solum
898 3307 1019 3345 eum
1050 3290 1179 3346 dicit
1204 3292 1563 3358 sacerdotem,
1594 3294 1689 3349 sed
1721 3305 1775 3350 et

176 3382 390 3439 hostiam
420 3395 477 3442 et
508 3384 863 3441 sacriﬁcium.
914 3383 1119 3439 Deinde
1154 3400 1371 3439 causam
1402 3384 1558 3441 aﬂ‘ert
1583 3402 1679 3441 cur
1703 3388 1775 3442 sit

176 3474 410 3531 oblatus:
438 3476 659 3541 Semel,
692 3473 887 3545 inquit,
919 3475 1117 3529 oblatus
1157 3475 1224 3528 od
1266 3474 1543 3530 multorum
1582 3480 1776 3532 exhau-

178 3554 343 3611 riendo
370 3571 603 3633 peccata.
636 3561 747 3617 Cur
772 3564 1062 3625 multorum
1088 3573 1145 3621 et
1174 3580 1280 3619 non
1310 3563 1585 3618 omnium?
1622 3562 1769 3628 Quo-

176 3646 306 3701 liam
338 3664 444 3705 non
478 3666 676 3706 omnes
704 3652 1073 3710 crediderunt.
1120 3655 1224 3711 Pro
1260 3655 1511 3709 omnibus
1549 3652 1765 3724 quidem

177 3752 248 3794 est
273 3756 537 3813 mortuus,
572 3755 630 3800 ut
669 3762 861 3803 omnes
899 3761 1161 3817 servaret,
1190 3738 1447 3821 quantum
1486 3748 1551 3801 ad
1595 3748 1769 3817 ipsum

178 3836 350 3889 attinet
371 3857 382 3890 :
403 3854 557 3894 mors
588 3840 731 3893 enim
762 3841 849 3895 illa
867 3857 933 3896 ex
955 3858 1111 3913 :equo
1142 3842 1502 3911 reSpondchat
1528 3841 1767 3895 omnium

183 3926 448 3987 interitui:
498 3948 608 3987 non
653 3933 901 3990 exhausit
947 3946 1125 3991 autem
1173 3945 1228 3991 et
1267 3936 1481 3991 sustulit
1528 3936 1770 3990 omnium

182 4033 401 4089 peccata,
438 4035 733 4095 propterea
763 4030 905 4097 quod
935 4029 1034 4100 ipsi
1064 4030 1353 4085 noluerint.
1378 4030 1515 4098 Quid
1552 4040 1635 4083 est
1662 4044 1759 4082 an-

184 4118 298 4176 tem,
351 4114 559 4170 Tollere
608 4121 857 4185 peccata?
885 4120 1037 4177 Sicut
1064 4122 1117 4177 in
1146 4122 1420 4177 oblatione
1449 4121 1771 4192 proferimus

180 4205 321 4260 etiam
346 4220 571 4278 peccata
599 4212 843 4269 dicentes
866 4233 879 4269 :
902 4215 1030 4271 Sive
1052 4218 1317 4278 volentes.
1342 4217 1456 4271 sive
1474 4215 1622 4269 inviti
1643 4230 1769 4285 pcc-

182 4300 422 4371 cavimus,
454 4303 702 4361 coudona
733 4323 747 4361 :
775 4306 877 4363 hoc
907 4317 1012 4376 est,
1043 4312 1275 4380 primmn
1308 4312 1547 4375 ipsorum
1578 4309 1770 4364 memi-

183 4389 359 4458 nimus,
398 4406 465 4452 et
487 4406 613 4452 tunc
644 4399 876 4468 petimus
921 4410 979 4457 ut
1015 4402 1430 4457 condonentur:
1466 4403 1567 4458 hoc
1597 4404 1771 4473 ipsum

186 4477 260 4537 hic
284 4499 502 4560 quoque
532 4488 609 4543 lit.
644 4488 747 4546 Ubi
778 4492 879 4547 hoc
918 4491 1047 4549 fecit
1075 4495 1355 4551 Christus?
1402 4496 1540 4550 Audi
1596 4497 1768 4565 ipsum

188 4570 442 4634 dicentem
470 4597 483 4632 :
514 4578 579 4632 Et
605 4596 697 4650 pro
724 4582 851 4652 ipsis
875 4586 1142 4655 sanctiﬁco
1170 4588 1413 4657 meipsum
1442 4588 1458 4655 (
1483 4586 1643 4641 Joan.
1686 4590 1767 4643 I7.

190 4663 286 4735 t9).
323 4669 551 4725 Peccata
582 4672 804 4729 abstulit
836 4676 903 4731 ab
928 4678 1252 4747 hominibus,
1287 4689 1341 4733 et
1374 4679 1517 4734 Patri
1547 4681 1765 4745 obtulit,

187 4770 277 4811 nOu
308 4770 361 4814 ut
387 4763 599 4833 aliquid
630 4763 889 4821 adversus
918 4768 1064 4838 ipsos
1090 4779 1382 4834 statueret,
1429 4771 1521 4827 sed
1566 4783 1622 4825 ut
1659 4772 1771 4841 ipsa

187 4852 493 4910 remitteret.
542 4856 783 4911 Secundo
823 4860 932 4914 sine
974 4872 1180 4930 peccato
1210 4862 1475 4932 apparebit
1506 4862 1769 4929 onmibus,

191 4938 358 5013 inquit,
382 4948 801 5015 exspectantibus
826 4968 939 5004 eum
964 4953 1017 5005 in
1040 4954 1272 5007 salutem.
1303 4954 1441 5021 Quid
1466 4966 1547 5011 εει
1568 4965 1771 5023 autem,

193 5031 299 5091 Sine
322 5040 578 5110 peccato?
608 5040 722 5095 Non
752 5043 816 5096 ad
850 5054 1067 5113 peccata
1099 5047 1408 5115 delendum,
1440 5064 1616 5121 neque
1646 5066 1773 5120 pro-

192 5137 293 5195 pter
316 5132 629 5203 iniquitates
658 5134 852 5190 iterum
882 5139 1098 5204 veniet,
1129 5149 1189 5194 ut
1220 5158 1433 5197 rursum
1468 5144 1729 5198 moriatur
1758 5163 1772 5199 :

192 5232 282 5274 non
309 5225 458 5279 enim
489 5225 631 5294 quod
669 5228 839 5283 semel
882 5239 1123 5285 mortuus
1158 5234 1258 5297 sit,
1294 5236 1432 5290 mori
1462 5234 1666 5291 debeus
1693 5246 1777 5292 est

194 5326 442 5372 mortuus.
476 5320 760 5385 Quomodo
786 5326 1107 5391 apparebit?
1140 5326 1395 5395 Punicns,
1438 5330 1632 5401 inquit.
1666 5331 1775 5385 Sed

196 5402 278 5461 huc
300 5428 404 5467 non
432 5412 583 5480 dixit,
609 5429 795 5469 verum
828 5417 877 5470 id
904 5419 1045 5487 quod
1072 5431 1151 5475 cst
1174 5420 1352 5476 laetum
1376 5432 1426 5477 et
1454 5424 1774 5494 jucundum,

198 5497 302 5557 Sine
326 5516 536 5576 peccato
570 5510 837 5580 apparebit
868 5512 929 5565 iis
956 5514 1047 5581 qui
1079 5514 1245 5584 ipsum
1275 5528 1569 5586 exspectant
1594 5520 1662 5572 ad
1687 5538 1777 5574 sa-

196 5592 327 5651 lutem
357 5615 376 5652 :
405 5608 465 5653 ut
490 5600 558 5655 de
584 5610 785 5657 caetero
814 5618 917 5657 non
941 5606 1169 5675 amplius
1190 5622 1325 5675 Opus
1350 5609 1579 5664 habeant
1610 5614 1778 5665 sacri-

201 5686 315 5754 ﬁcio,
343 5701 398 5744 ut
428 5691 559 5746 salvi
592 5694 722 5759 sint,
754 5694 848 5749 scd
878 5712 942 5750 ex
974 5698 1229 5766 operibus
1254 5698 1354 5754 hoc
1382 5700 1593 5755 iaciant.
1627 5703 1774 5774 (Cap.

201 5777 274 5845 ιο)
306 5784 353 5836 l.
388 5782 634 5839 Umbram
686 5788 843 5852 enim,
893 5788 1082 5859 inquit,
1132 5791 1318 5845 habens
1367 5794 1448 5847 lex
1490 5796 1781 5864 futurorum

200 5872 435 5933 imorum.
467 5895 567 5931 non
604 5879 776 5943 ipsam
822 5879 1088 5948 imaginem
1127 5898 1294 5936 rerum
1331 5899 1346 5937 :
1377 5884 1477 5939 hoc
1518 5896 1632 5952 est,
1677 5906 1779 5941 una

1011 416 1072 472 ΙΝ
1112 415 1328 471 EPIST.
1374 414 1465 469 AD
1507 411 1871 468 llEBRASUS.
1914 411 2068 467 CAP.
2113 409 2183 466 Χ.
2230 409 2465 465 ιιυιιιι,
2510 407 2674 463 XVII.

3388 411 3494 466 150

1888 512 2058 579 ipsam
2100 510 2406 565 veritatem.
2453 510 2918 578 Quemadmodum
2951 513 3095 567 cnim
3130 513 3185 568 in
3214 512 3452 586 imagine
3479 560 3493 584 ,

1885 604 2059 659 donec
2092 603 2315 672 pictura:
2345 602 2513 658 additi
2544 603 2745 658 fuerint
2770 605 2982 660 colores
3004 648 3018 671 ,
3059 622 3167 661 nou
3199 607 3382 664 videre
3413 620 3500 665 est

1885 696 1987 750 nisi
2022 694 2267 749 umbram
2302 704 2545 759 tantum;
2584 695 2671 749 ubi
2702 711 2855 763 vero,
2885 697 3165 757 coloribus
3194 700 3495 771 impositis,

1885 788 2027 843 nitor
2058 788 2392 858 supervenit,
2421 796 2547 842 tunc
2580 787 2636 841 lit
2667 787 2865 859 imago.
2912 788 3044 845 Tale
3086 792 3361 862 quidpiam
3414 793 3495 851 lex

1884 897 2099 953 quoque
2128 890 2265 937 erat.
2300 880 2344 936 U
2351 880 2544 935 mbram
2573 882 2726 948 enim,
2754 881 2948 954 inquit,
2975 883 3164 938 habens
3187 886 3269 940 les:
3296 888 3500 959 futuro-
3520 918 3542 925 -

1883 986 2003 1023 rum
2034 971 2316 1032 bonorum,
2355 986 2459 1022 non
2496 971 2668 1037 ipsam
2696 972 2983 1038 imaginem
3014 987 3224 1035 rerum;
3255 972 3361 1024 hoc
3388 978 3495 1035 est,

1881 1060 2163 1125 Sacriﬁcii,
2184 1060 2553 1115 remissionis.
2571 1060 2675 1115 Per
2697 1062 2936 1131 singulos
2961 1077 3128 1115 annos
3150 1060 3496 1132 eisdemipsis

1880 1154 2092 1219 hostiis,
2130 1169 2265 1223 quas
2308 1151 2541 1220 offerunt
2576 1153 2961 1217 indesinenter,
3001 1170 3292 1224 numquam
3322 1163 3497 1224 potest

1881 1248 2189 1301 accedentes
2214 1246 2476 1316 perfectos
2504 1246 2681 1316 facere
2701 1264 2718 1301 :
2740 1246 2796 1300 2.
2826 1248 3032 1318 alioqui
3059 1264 3164 1301 non
3192 1256 3497 1302 cessassent

1879 1339 2087 1407 o/ferri,
2118 1337 2237 1390 ideo
2265 1336 2405 1407 quod
2435 1337 2639 1390 nullam
2670 1337 2921 1392 haberent
2942 1340 3089 1392 ultra
3111 1340 3494 1394 conscientiam

1878 1432 2109 1486 cultores
2140 1434 2300 1486 semel
2332 1431 2684 1487 mundati:3.
2710 1436 2801 1487 set!
2822 1434 2875 1486 in
2898 1434 3031 1502 ipsis
3051 1436 3492 1488 commemoratio

1876 1534 2213 1594 peccatorum
2242 1540 2336 1593 per
2364 1525 2606 1595 singulos
2639 1543 2807 1581 annos
2839 1528 2921 1595 ﬁt.
2954 1526 3008 1581 4.
3045 1526 3391 1597 Impossibile
3410 1538 3491 1583 est

1877 1616 2012 1669 enim
2048 1617 2296 1685 sanguine
2338 1626 2598 1668 taurorum
2635 1625 2681 1668 et
2720 1616 2981 1669 hircorum
3020 1617 3213 1686 auferri
3249 1628 3482 1686 peccata.

1876 1709 1931 1764 5.
1964 1706 2089 1762 Ideo
2112 1708 2400 1779 ingrediens
2428 1708 2695 1771 mundum,
2728 1708 2854 1760 dicit
2883 1723 2902 1759 :
2934 1706 3172 1761 Hostiam
3200 1719 3247 1761 et
3276 1708 3487 1761 oblatio-

1878 1819 1990 1855 nem
2020 1801 2247 1867 noluisti,
2279 1817 2465 1869 corpus
2490 1809 2660 1853 autem
2690 1800 2880 1869 optasti
2908 1799 3034 1852 mihi
3061 1816 3079 1852 :
3104 1800 3157 1855 6.
3188 1800 3487 1854 holocausta

1875 1903 1922 1947 et
1953 1909 2045 1962 pro
2071 1902 2276 1963 peccato
2304 1908 2402 1945 non
2436 1892 2525 1945 tibi
2548 1892 2870 1962 placuerunt.
2907 1892 2958 1945 7.
2995 1890 3140 1945 Tunc
3168 1892 3276 1946 dixi
3310 1909 3327 1946 :
3355 1891 3489 1947 Ecce

1876 1988 2019 2042 venio
2056 1988 2136 2059 (in
2170 1987 2334 2057 capite
2362 1986 2477 2040 libri
2507 1987 2754 2056 scriptum
2781 1993 2851 2039 est
2883 1984 2946 2037 de
2976 1985 3111 2053 mc),
3151 1995 3203 2037 ut
3247 1987 3437 2056 faciam
3465 2026 3481 2050 ,

1874 2082 2016 2137 Deus
2036 2125 2048 2145 ,
2088 2081 2401 2135 voluntatem
2439 2094 2598 2133 tuam.
2632 2080 2687 2135 8.
2723 2078 2975 2147 Superius
3000 2080 3194 2143 dicens,
3225 2079 3364 2149 quod
3390 2079 3485 2132 ho-

1872 2178 2023 2243 stias,
2051 2176 2331 2230 oblationes
2360 2187 2408 2229 et
2440 2175 2853 2228 holocautomata
2879 2190 2973 2243 pro
3002 2182 3205 2242 peccato
3234 2172 3445 2227 noluisti
3464 2216 3480 2239 ,

1873 2286 1965 2323 nec
2012 2269 2203 2339 placita
2244 2279 2361 2322 sunt
2398 2267 2487 2320 tibi
2529 2282 2645 2337 qua:
2673 2266 2951 2320 secundum
2982 2268 3142 2337 legem
3170 2265 3480 2333 o/feruntur,

1873 2362 1927 2418 9.
1958 2371 2077 2414 tunc
2101 2361 2251 2415 dixi:
2282 2359 2417 2413 Ecce
2441 2360 2606 2424 venio,
2638 2370 2693 2412 ut
2725 2360 2914 2428 faciam
2936 2401 2949 2425 ,
2983 2358 3140 2423 Deus,
3172 2360 3484 2413 voluntatem

1874 2462 2036 2506 tuam.
2063 2452 2245 2523 Aufert
2276 2457 2517 2522 primum,
2545 2460 2599 2504 ut
2624 2468 2835 2522 sequens
2862 2459 3073 2505 statuat.
3106 2451 3267 2506 Vides
3296 2467 3484 2507 rursus

1873 2546 2300 2602 abundantiam?
2341 2546 2453 2601 Una
2480 2556 2582 2612 cst,
2616 2547 2818 2617 inquit,
2855 2545 2968 2600 hanc
3000 2545 3211 2612 hostia;
3244 2546 3349 2601 illa:
3380 2561 3481 2603 au-

1875 2650 1983 2698 tem
2017 2643 2201 2697 multae
2231 2660 2243 2696 :
2278 2642 2397 2697 ideo
2424 2642 2566 2697 cnim
2598 2658 2698 2698 nec
2724 2642 2936 2705 validm,
2970 2643 3095 2711 quia
3121 2651 3247 2697 sunt
3278 2644 3481 2698 multm.

1944 2738 1998 2794 5.
2034 2738 2305 2807 Sacri/icio
2325 2736 2631 2791 Iudaeorum
2658 2754 2809 2810 quam
2830 2739 3135 2807 in/irma.—
3151 2738 3288 2805 Quid
3311 2740 3481 2809 enim,

1872 2830 1961 2887 dic
1985 2846 2192 2903 quaeso,
2225 2846 2361 2901 opus
2391 2840 2503 2886 crat
2537 2831 2742 2896 multis,
2766 2847 2887 2885 cum
2919 2847 3024 2887 una
3052 2831 3323 2888 sufﬁciat?
3352 2834 3487 2888 Pro-

1874 2933 2060 2994 pterea
2102 2923 2307 2987 multm,
2340 2931 2395 2977 et
2423 2922 2567 2993 quod
2600 2937 2818 2992 semper
2840 2922 3159 2990 offerantur,
3192 2924 3487 2979 ostendunt

1872 3030 1969 3071 eos
1999 3031 2291 3086 numquam
2328 3016 2596 3071 mundari.
2646 3014 2796 3071 Sicut
2825 3019 2969 3072 enim
3000 3018 3482 3089 medicamentum,

1871 3124 1994 3164 cum
2033 3109 2198 3165 fuerit
2225 3109 2581 3183 validumtet
2611 3111 2856 3166 efﬁciens
2895 3112 3176 3173 sanitatis,
3214 3122 3268 3167 ct
3300 3113 3486 3168 valens

1873 3217 2091 3257 omnem
2123 3203 2370 3258 morbum
2404 3203 2742 3273 propulsare,
2774 3204 2946 3259 semel
2980 3206 3288 3275 impositum
3322 3206 3488 3263 efﬁcit

1875 3295 2188 3350 universum
2221 3314 2233 3349 :
2265 3296 2408 3365 quod
2453 3297 2498 3351 si
2539 3297 2707 3352 semel
2748 3298 3057 3369 impositum
3090 3308 3258 3353 totum
3288 3316 3485 3370 opera-

1876 3397 1992 3450 tur,
2023 3386 2263 3441 ostendit
2290 3388 2395 3440 vim
2423 3402 2574 3442 suam
2606 3404 2672 3443 co
2710 3390 2851 3459 quod
2893 3406 2998 3444 non
3037 3392 3269 3462 amplius
3309 3392 3486 3462 impo-

1876 3486 2055 3542 natur,
2086 3487 2140 3531 et
2168 3478 2268 3531 hoc
2294 3488 2377 3533 est
2401 3479 2570 3548 ipsius
2591 3496 2746 3547 opus,
2772 3481 2912 3549 quod
2943 3499 3048 3535 non
3074 3484 3305 3551 amplius
3329 3500 3489 3539 usur-

1876 3567 2070 3630 petur:
2098 3559 2185 3613 sin
2209 3567 2393 3613 autem
2420 3575 2641 3631 semper
2658 3562 2998 3633 imponatur,
3017 3575 3100 3619 est
3128 3568 3482 3636 perspicuum

1874 3652 2021 3723 quod
2043 3653 2249 3705 nullam
2276 3652 2383 3706 vim
2414 3653 2707 3721 habuerit;
2741 3664 2827 3710 est
2848 3657 2994 3711 enim
3026 3657 3206 3713 virtus
3237 3659 3481 3716 medica-

1876 3740 2045 3796 menti
2084 3742 2251 3796 semel
2285 3741 2521 3811 imponi,
2553 3752 2607 3797 et
2636 3760 2747 3798 non
2782 3759 2926 3814 smpe
2956 3764 2965 3797 2
3007 3745 3079 3800 ita
3108 3746 3197 3801 hic
3226 3764 3483 3820 quoque;

1874 3850 1975 3889 cur
2004 3834 2224 3888 tandem
2253 3833 2447 3889 iisdem
2476 3851 2695 3905 semper
2727 3847 2997 3893 curantur
3021 3838 3411 3896 hostiis?Nam
3437 3844 3485 3899 si

1881 3935 2068 3983 essent
2096 3927 2309 3981 liberati
2343 3926 2411 3981 ab
2439 3930 2698 3984 omnibus
2723 3930 2988 3999 peccatis,
3016 3947 3127 3987 non
3150 3932 3487 3991 oﬁ'errentur

1880 4020 2078 4075 hostia:
2109 4018 2358 4089 quotidie
2392 4038 2403 4073 :
2431 4029 2590 4073 erant
2620 4021 2765 4074 enim
2806 4022 3144 4087 constituta},
3179 4032 3239 4078 ut
3263 4040 3488 4097 semper

1876 4111 2208 4167 oﬁ‘errentur
2240 4129 2337 4183 pro
2363 4115 2566 4183 populo
2596 4114 2878 4178 universo,
2906 4123 2959 4169 et
2986 4132 3212 4184 vespere
3234 4126 3287 4170 ct
3312 4119 3487 4173 inter-

1872 4195 1984 4249 diu.
2023 4197 2151 4253 Erat
2186 4200 2364 4270 itaque
2398 4202 2447 4255 id
2476 4205 2616 4272 quod
2648 4206 2807 4259 licbat
2830 4246 2847 4273 ,
2882 4219 3227 4277 peccatorum
3259 4226 3482 4265 accusa-

1874 4290 1969 4355 tio,
2002 4305 2109 4344 non
2140 4293 2372 4359 solutio;
2408 4300 2681 4353 accusatio
2712 4300 3062 4369 inﬁrmitatis,
3096 4318 3200 4358 non
3240 4306 3483 4362 ostensio

1872 4381 2108 4436 virtutis.
2156 4382 2289 4437 Nam
2338 4388 2593 4455 quoniam
2642 4390 2808 4459 prima
2863 4392 2996 4447 nihil
3047 4395 3329 4460 valuerat,
3378 4398 3483 4453 alia

1871 4490 2086 4546 quoquc
2112 4477 2473 4545 atterebatur;
2508 4492 2563 4536 et
2592 4485 2847 4553 quoniam
2879 4485 2992 4555 ipsa
3024 4486 3159 4541 nihil
3187 4488 3487 4557 efﬁciebat,

1872 4582 2061 4623 rursus
2096 4570 2200 4623 alia
2230 4589 2243 4623 :
2277 4580 2332 4625 et
2372 4572 2493 4628 ideo
2538 4575 2627 4630 illa
2659 4586 2777 4631 erat
2809 4588 3150 4648 peccatorum
3191 4584 3482 4637 convictio.
3532 4648 3535 4653 ι

1872 4664 2048 4734 Atque
2075 4665 2219 4734 quod
2251 4665 2511 4722 offeratur
2540 4671 2791 4739 quidem,
2831 4676 3006 4743 arguit
3044 4686 3297 4745 peccata;
3336 4678 3483 4747 quod

1870 4769 2050 4814 autem
2085 4773 2332 4832 semper,
2363 4765 2539 4833 arguit
2568 4765 3014 4823 imbecillitatem.
3048 4768 3103 4824 lu
3137 4768 3354 4826 Christo
3384 4787 3482 4826 au-

1873 4866 1979 4910 tem
2008 4866 2195 4911 contra
2228 4876 2241 4911 :
2274 4858 2443 4913 semel
2476 4870 2559 4914 est
2587 4860 2821 4927 oblatus,
2855 4872 2909 4918 et
2942 4865 2996 4918 in
3030 4877 3348 4937 perpetuum
3389 4881 3481 4921 sa-

1872 4952 1939 5005 tis
1968 4950 2086 5006 l'uit.
2128 4952 2207 5007 Ac
2247 4963 2393 5008 recte
2424 4954 2560 5008 dixit
2606 4956 2695 5009 illa
2736 4958 3064 5028 exemplaria
3102 4976 3113 5012 :
3146 4976 3277 5030 ergo
3304 4962 3481 5018 solum

1874 5043 2072 5099 habent
2097 5056 2300 5117 typum,
2334 5062 2440 5100 non
2469 5048 2723 5103 virtutem
2758 5066 2769 5103 :
2803 5051 2944 5107 sicut
2973 5054 3025 5106 in
3060 5053 3384 5124 imaginibus
3416 5056 3481 5109 li-

1870 5154 2057 5209 guram
2100 5139 2337 5195 hominis
2386 5142 2550 5196 habet
2588 5144 2785 5215 imago,
2820 5161 2926 5200 non
2966 5147 3241 5202 virtutem.
3275 5149 3394 5217 Quo
3426 5150 3481 5203 ﬁt

1870 5241 1929 5285 ut
1951 5247 2136 5286 verum
2160 5242 2213 5287 ct
2238 5233 2405 5304 ﬁgura
2430 5234 2664 5290 habeant
2691 5238 2831 5292 inter
2854 5253 2911 5293 se
2933 5239 3134 5309 aliquid
3158 5256 3480 5298 commune:

1873 5340 1970 5395 par
2012 5335 2096 5380 est
2135 5328 2279 5381 enim
2328 5329 2527 5398 ﬁgura,
2564 5330 2735 5385 virtus
2778 5342 2957 5388 autem
3002 5349 3363 5406 nequaquam.
3407 5337 3483 5392 lla

1871 5421 2031 5473 etiam
2060 5421 2112 5474 in
2136 5422 2271 5476 cmlo
2294 5434 2346 5477 et
2374 5424 2424 5478 in
2456 5426 2838 5491 tabernaculo;
2874 5438 2988 5483 erat
3011 5430 3153 5485 enim
3180 5447 3275 5501 par
3300 5442 3477 5503 typus,

1871 5524 2027 5567 erant
2053 5517 2195 5569 enim
2230 5528 2448 5581 sancta;
2498 5520 2667 5572 virtus
2698 5532 2878 5575 autem
2912 5534 2965 5575 et
2996 5524 3101 5577 alia
3132 5541 3238 5579 non
3267 5526 3480 5581 eadem.

1872 5606 2007 5672 Quid
2052 5618 2154 5668 est,
2204 5610 2286 5661 Ad
2332 5610 2712 5665 destitutionem
2752 5615 2944 5678 peccati
2971 5631 3061 5685 per
3088 5617 3305 5670 hostium
3336 5637 3487 5676 suam

1870 5702 2111 5769 apparuit
2140 5702 2165 5753 Ρ
2215 5702 2342 5771 quid
2389 5713 2471 5759 est
2514 5705 2832 5761 destitutio?
2874 5708 3189 5778 Abrogatio,
3235 5721 3483 5768 contem-

1872 5797 2018 5863 ptio;
2071 5806 2350 5865 peccatum
2408 5814 2513 5853 non
2572 5798 2735 5853 habet
2775 5801 3003 5872 amplius
3044 5802 3292 5858 ﬁduciam
3338 5823 3350 5858 :
3390 5807 3485 5863 dc-

1871 5888 2113 5943 stitntum
2170 5890 2312 5944 cnim
2362 5901 2445 5946 cst
2498 5900 2801 5962 peccatum.
2860 5894 3186 5961 Quomodo?
3249 5895 3488 5954 Debebat
