4068 6410
624 449 718 507 liii

615 551 826 605 pinnam
856 535 1147 603 Suscipere,
1179 546 1282 584 non
1311 528 1544 596 suscepit
1574 535 1751 579 autem
1778 540 1788 573 :
1818 521 1918 576 hoc
1946 528 2057 584 est,
2088 517 2191 571 vim

614 638 698 683 est
742 642 955 700 passum
985 645 998 679 :
1028 624 1242 695 quando
1268 622 1613 692 exspectabat
1652 617 1768 673 fore
1810 625 1869 671 ut
1910 626 2102 669 omnes
2129 612 2196 667 de

636 716 816 771 medio
846 715 1073 776 tolleret,
1089 713 1259 781 ipsum
1286 719 1370 763 est
1394 708 1459 762 de
1485 708 1659 761 medio
1687 705 1973 759 sublatum.
1996 702 2205 756 Perha-

636 810 785 861 stimn
809 823 952 861 suam
982 804 1259 874 apparuit;
1296 802 1395 856 hoc
1421 810 1522 863 est,
1554 799 1922 852 manifestatus
1947 805 2029 850 est
2061 795 2170 849 Deo
2190 836 2204 855 .

638 901 703 954 ad
741 914 860 953 eum
897 896 1141 951 accessit.
1185 893 1301 949 Non
1340 893 1495 963 igitur
1533 891 1781 960 quoniam
1825 886 2077 941 sacerdos
2108 886 2209 940 hoc

638 1004 779 1057 sa‘pe
807 988 929 1042 facit
954 986 1005 1041 in
1028 1002 1189 1047 anno,
1214 994 1367 1054 putes
1399 983 1495 1034 hoc
1527 992 1810 1047 utcumque
1835 988 1889 1032 et
1914 991 2019 1030 non
2040 976 2109 1030 ob
2132 976 2213 1029 in-

640 1078 941 1131 firmitatem
971 1073 1086 1129 fieri
1114 1092 1127 1127 :
1156 1075 1198 1127 si
1228 1088 1330 1126 non
1353 1071 1422 1125 ob
1452 1070 1810 1122 infirmitatem
1834 1108 1845 1128 .
1878 1082 1974 1120 cur
1999 1066 2209 1119 tandem

641 1166 877 1220 fiebant?
920 1166 1144 1220 sublatis
1184 1160 1489 1217 vulneribus
1514 1202 1527 1223 ,
1568 1175 1670 1213 non
1702 1158 1930 1228 amplius
1962 1171 2096 1225 opus
2130 1166 2212 1210 est

639 1258 1060 1312 medicamentis.
1086 1256 1369 1324 Propterea
1388 1252 1565 1320 jussit.
1587 1252 1768 1318 inquit,
1800 1265 2014 1318 semper
2033 1248 2209 1302 aﬂ'erri

637 1357 857 1415 propter
885 1346 1241 1402 infirmitatem
1270 1384 1285 1408 ,
1314 1355 1475 1411 utque
1506 1351 1722 1412 peccata
1751 1349 2131 1393 revocarentur
2158 1338 2210 1390 in

640 1439 972 1494 memoriam.
1024 1435 1161 1509 Quid
1202 1434 1363 1489 vero?
1403 1448 1579 1487 annon
1623 1446 1720 1485 nos
1757 1430 1993 1499 quotidie
2032 1428 2212 1482 offeri-

642 1529 795 1583 mus?
822 1528 1102 1583 Oﬂ'erimus
1128 1526 1365 1596 quidem,
1386 1524 1477 1579 sed
1504 1523 1618 1593 ejus
1647 1534 1872 1576 mortem
1904 1535 2213 1575 revocamus

643 1624 693 1676 in
722 1621 1029 1675 memoriam
1056 1640 1069 1674 :
1093 1630 1145 1673 et
1168 1620 1277 1688 ipsa
1310 1634 1410 1671 una
1434 1629 1535 1682 est,
1563 1631 1669 1669 non
1703 1616 1903 1669 multze.
1934 1614 2213 1680 Quomodo

644 1728 743 1766 una
766 1722 866 1776 est,
889 1727 993 1765 non
1018 1709 1233 1764 multm?
1257 1708 1516 1775 Quoniam
1544 1706 1711 1761 semel
1742 1705 1835 1759 fuit
1863 1706 2057 1769 oblata,
2080 1706 2215 1758 sicut

644 1803 731 1855 illa
761 1800 857 1855 fuit
888 1802 939 1854 in
970 1810 1151 1853 sancta
1179 1806 1505 1856 sanctorum.
1542 1795 1653 1849 Hoc
1683 1805 1765 1849 est
1794 1798 1956 1861 figura
1986 1794 2144 1857 illius,
2163 1804 2216 1847 et

644 1894 754 1961 ipsa
796 1892 985 1945 istius:
1018 1889 1263 1944 eumdem
1311 1886 1452 1940 enim
1497 1900 1709 1953 semper
1750 1884 2058 1947 offerimus,
2108 1899 2212 1937 non

644 1998 779 2035 nunc
814 1980 992 2039 aliam,
1019 1994 1137 2033 cras
1163 1976 1319 2029 aliam
1345 1990 1498 2028 ovem
1520 2016 1534 2039 ,
1574 1974 1667 2028 sed
1704 1988 1917 2042 semper
1945 1973 2211 2026 eamdem.

639 2073 993 2139 Quamobrem
1019 2084 1178 2123 unum
1200 2077 1280 2122 est
1301 2066 1615 2123 sacriﬁcium
1644 2075 1860 2136 propter
1888 2066 2023 2120 hanc
2052 2068 2216 2119 ratio-

641 2180 759 2218 nein
792 2180 804 2216 ε
835 2161 1068 2230 alioquin
1108 2160 1207 2214 hac
1250 2158 1453 2212 ratione
1475 2200 1489 2223 ,
1520 2158 1770 2223 quoniam
1799 2158 1979 2211 multis
2004 2159 2055 2211 in
2086 2158 2215 2211 locis

638 2252 876 2317 offertur,
903 2251 1123 2304 multine
1150 2258 1271 2303 sunt
1301 2247 1540 2302 Christi?
1568 2246 1933 2316 Nequaquam,
1957 2246 2050 2301 sed
2079 2263 2215 2302 unus

640 2347 833 2414 ubique
862 2344 1126 2407 Christus,
1145 2342 1233 2412 qni
1259 2354 1311 2395 et
1341 2341 1426 2395 hic
1455 2351 1532 2395 est
1560 2340 1768 2409 plenus,
1794 2350 1846 2394 et
1874 2340 1981 2395 illic
2004 2340 2213 2408 plenus,

641 2452 801 2489 unum
834 2449 1045 2503 corpus.
1092 2432 1157 2488 Ut
1200 2448 1325 2501 ergo
1367 2432 1543 2485 multis
1572 2433 1620 2484 in
1650 2431 1779 2485 locis
1810 2432 2019 2485 oblatus
2050 2448 2215 2487 unum

638 2538 720 2582 est
745 2543 959 2597 corpus,
978 2536 1030 2581 et
1058 2540 1161 2579 non
1192 2526 1351 2579 multa
1372 2540 1628 2593 corpora:
1657 2525 1727 2578 ita
1755 2526 1915 2578 etiam
1944 2541 2104 2579 unum
2135 2536 2217 2580 cst

640 2617 976 2672 sacrificium.
1019 2614 1260 2670 Pontifex
1298 2625 1478 2669 noster
1522 2615 1607 2668 ille
1646 2623 1729 2669 est
1765 2617 1851 2683 qui
1890 2616 2081 2669 obtulit
2123 2617 2217 2670 ho-

642 2712 826 2773 stiam,
856 2724 973 2779 qua:
1002 2724 1098 2763 nos
1128 2706 1367 2761 mundat.
1410 2705 1554 2759 Illam
1604 2722 1742 2760 nunc
1782 2722 1993 2775 quoque
2031 2707 2215 2761 offeri-

644 2818 781 2867 mus,
804 2817 922 2871 qua:
955 2812 1078 2855 tunc
1106 2801 1203 2853 fuit
1230 2799 1406 2853 oblata
1428 2840 1441 2859 ,
1472 2814 1586 2866 quae
1617 2814 1722 2851 non
1752 2808 1926 2867 potest
1950 2801 2215 2855 consumi.

645 2897 754 2949 lloc
784 2896 839 2948 ﬁt
874 2897 924 2949 in
967 2894 1386 2950 recordationem
1414 2894 1531 2963 ejus
1555 2894 1694 2963 quod
1720 2907 1845 2950 tunc
1870 2892 2064 2950 factum
2089 2906 2171 2950 est
2199 2913 2212 2948 :

646 2989 759 3043 Hoc
798 2989 939 3043 enim
985 2988 1135 3055 facite
1155 3029 1168 3051 ,
1203 2988 1401 3056 inquit,
1432 2988 1481 3039 in
1508 3002 1666 3039 meam
1696 2987 2215 3040 commemorationem

646 3080 791 3151 (Luc.
822 3078 908 3131 9:2.
944 3078 1051 3147 l9).
1086 3077 1197 3131 Non
1223 3077 1379 3131 aliatn
1409 3076 1654 3141 hostiam,
1680 3078 1813 3131 sicut
1839 3076 2097 3146 pontifex,
2121 3077 2215 3132 sed

644 3170 883 3223 eamdem
911 3184 1121 3237 semper
1150 3167 1387 3235 facimus,
1418 3167 1499 3221 vel
1528 3168 1701 3237 potius
1723 3167 1966 3221 sacrificii
1996 3167 2218 3222 facimus

645 3264 1221 3319 commemorationem.

713 3346 765 3397 s.
802 3345 880 3396 Ad
906 3346 1150 3412 mysteria
1174 3346 1275 3398 sive
1305 3343 1681 3397 Eucharistiam
1719 3350 1964 3413 quomodo
1991 3357 2219 3415 oporteat

640 3434 1078 3487 acccdere.—Sed
1109 3434 1357 3500 quoniam
1385 3435 1602 3487 memini
1629 3434 1783 3503 hujus
1806 3437 2075 3499 sacrificii,
2095 3437 2216 3491 Volo

642 3539 805 3592 pauca
850 3523 997 3577 vobis
1019 3522 1217 3589 dicere,
1251 3524 1340 3592 qui
1381 3524 1649 3592 mysteriis
1676 3526 1807 3578 estis
1836 3525 2022 3581 initiati
2045 3566 2058 3590 ,
2097 3542 2215 3595 qua:

640 3629 893 3667 mensura
919 3612 1129 3682 quidem
1153 3623 1279 3667 sunt
1324 3629 1511 3682 pauca,
1546 3630 1790 3684 magnam
1817 3626 1994 3670 autem
2017 3616 2215 3672 habent

641 3706 745 3757 vim
775 3716 827 3758 et
859 3706 1140 3757 utilitatem
1170 3722 1183 3757 :
1216 3719 1320 3758 non
1347 3705 1489 3757 enim
1532 3716 1655 3759 sunt
1682 3716 1861 3761 nostra
1882 3750 1895 3772 ,
1928 3709 2020 3762 sed
2050 3709 2214 3763 divini

640 3793 866 3863 Spiritus
896 3811 1013 3864 qua:
1040 3794 1459 3862 dicuntur.Quid
1487 3807 1565 3850 est
1594 3799 1753 3867 ergo?
1776 3799 1921 3852 Multi
1950 3800 2106 3868 hujus
2130 3817 2212 3854 sa-

639 3886 1003 3941 crificiiscmei
1024 3897 1134 3941 toto
1149 3902 1289 3940 anno
1314 3894 1437 3940 sunt
1465 3890 1773 3957 participes,
1798 3890 1887 3942 alii
1914 3902 2091 3944 autem
2110 3892 2213 3958 bis,

639 3974 725 4029 alii
752 3992 877 4029 vero
914 3992 1076 4045 saepe.
1126 3978 1205 4030 Au
1246 3992 1433 4031 omnes
1475 3992 1602 4045 ergo
1635 3978 1858 4032 habetur
1884 3982 2078 4048 oratio,
2108 3996 2214 4034 non

639 4066 809 4121 solum
840 4066 904 4120 ad
936 4082 1027 4121 eos
1052 4068 1138 4137 qui
1181 4067 1266 4120 hic
1296 4076 1439 4132 sunt,
1471 4067 1565 4121 sed
1593 4068 1657 4122 ad
1698 4082 1793 4123 eos
1821 4070 1981 4123 etiam
2011 4072 2097 4139 qui
2122 4086 2215 4124 se.-

640 4157 766 4212 dent
796 4156 847 4209 in
874 4156 1087 4210 deserto
1118 4175 1130 4209 :
1160 4172 1281 4210 nam
1306 4157 1379 4211 illi
1408 4158 1576 4211 semel
1603 4158 1654 4211 in
1686 4173 1827 4213 anno
1850 4172 1971 4213 sunt
1995 4161 2215 4231 partici-

642 4264 756 4318 pes,
785 4264 925 4317 smpe
950 4250 1106 4302 etiam
1136 4258 1255 4316 post
1274 4249 1410 4303 duos
1434 4266 1622 4305 annos.
1654 4250 1791 4316 Quid
1821 4254 1981 4321 ergo?
2002 4256 2216 4322 quinam

639 4350 792 4393 erunt
825 4338 979 4392 nobis
1002 4340 1167 4408 magis
1185 4339 1427 4407 accepti?
1446 4356 1509 4393 an
1531 4341 1621 4409 qui
1648 4343 1837 4406 semel,
1862 4357 1929 4396 an
1946 4344 2032 4413 qui
2051 4359 2213 4412 sirpe,

639 4446 705 4482 an
733 4431 821 4499 qui
852 4429 1011 4483 raro?
1038 4429 1146 4484 Nec
1175 4430 1249 4492 bi,
1280 4445 1377 4484 nec
1421 4431 1517 4496 illi,
1543 4432 1636 4485 sed
1686 4433 1719 4486 ii
1751 4434 1839 4501 qui
1870 4448 1989 4487 cum
2023 4436 2216 4488 munda

637 4524 981 4585 conscientia,
1007 4522 1095 4589 qui
1119 4537 1238 4575 cum
1268 4522 1466 4576 mundo
1488 4523 1669 4588 corde,
1698 4523 1787 4593 qui
1817 4540 1937 4577 cum
1967 4525 2069 4579 vita
2099 4542 2217 4595 qua:

640 4617 763 4670 nulli
797 4626 877 4671 est
908 4617 1082 4671 afiiuis
1110 4618 1535 4685 reprehensioni.
1585 4618 1685 4687 Qui
1716 4628 1840 4673 sunt
1871 4618 2172 4689 hujusmodi
2200 4664 2214 4688 ,

638 4722 852 4777 semper
877 4708 1130 4761 accedant
1156 4727 1168 4761 :
1200 4709 1288 4777 qui
1320 4724 1423 4762 non
1455 4718 1577 4763 sunt
1606 4710 1929 4779 hujusmodi,
1960 4725 2027 4766 ne
2052 4714 2217 4767 semel

639 4798 873 4867 quidem.
904 4798 1124 4863 Quare?
1166 4798 1429 4866 Quoniam
1470 4801 1570 4853 sibi
1618 4811 1835 4854 sumunt
1874 4802 2134 4871 judicium
2166 4814 2221 4859 et

638 4890 1135 4945 condemnationem
1160 4901 1214 4945 et
1243 4892 1582 4961 supplicium.
1641 4892 1751 4949 Nec
1792 4895 2001 4949 mireris
2036 4914 2047 4949 :
2083 4896 2217 4951 sicut

638 4982 779 5035 enim
806 4982 955 5035 cibus
978 4992 1165 5036 natura
1205 4999 1298 5036 sua
1329 4984 1663 5049 uutritorius,
1702 4988 1744 5039 si
1788 4988 1839 5039 in
1879 5002 1997 5041 eum
2024 4989 2220 5043 incidat

640 5073 726 5142 qui
755 5073 1017 5127 stomachi
1036 5073 1161 5127 vitio
1187 5074 1409 5141 laborat,
1437 5078 1611 5130 omnia
1634 5080 1809 5147 perdit
1830 5089 1880 5132 et
1902 5083 2215 5150 corrumpit,

638 5174 688 5216 et
721 5164 887 5217 morbi
913 5164 970 5218 fit
991 5166 1203 5219 occasio
1228 5184 1240 5218 :
1264 5168 1330 5219 ita
1354 5172 1511 5220 etiam
1545 5169 1657 5223 hmo
1690 5172 1986 5224 veneranda
2018 5182 2217 5243 myste-

638 5256 734 5307 ria.
765 5255 983 5311 Frueris
1004 5273 1186 5311 mensa
1209 5259 1491 5327 spirituali,
1521 5276 1701 5315 mensa
1732 5264 1915 5331 regali,
1946 5274 1996 5318 et
2024 5265 2215 5319 iterum

637 5362 699 5400 os
748 5359 891 5401 tuum
942 5351 1052 5404 luto
1081 5350 1366 5420 inquinas?
1412 5354 1565 5422 ongis
1597 5366 1884 5423 unguento,
1931 5368 1984 5411 et
2034 5373 2219 5413 rursus

639 5440 830 5510 imples
862 5440 1087 5497 faetore?
1138 5444 1232 5499 Dic
1273 5446 1423 5511 mibi,
1455 5462 1573 5500 eum
1606 5457 1722 5517 post
1744 5465 1939 5502 annum
1968 5467 2025 5505 es
2053 5454 2218 5521 parti-

637 5547 764 5602 ceps
784 5535 1204 5602 communionis,
1238 5538 1581 5595 existimasne
1607 5541 1952 5612 quadraginta
1977 5543 2090 5597 dies
2122 5545 2217 5599 tibi

638 5624 885 5682 sufficere
912 5628 975 5682 ad
998 5629 1427 5686 emundationem
1453 5645 1793 5703 peccatorum
1823 5637 1986 5691 totius
2012 5646 2219 5707 tempo-

644 5716 755 5768 ris?
784 5727 975 5771 etcum
1009 5736 1192 5774 rursus
1225 5728 1539 5791 prmterierit
1590 5726 1939 5793 hebdomada,
1986 5739 2033 5783 te
2065 5730 2216 5787 dedis

645 5806 948 5875 prioribus?
985 5811 1075 5865 Dic
1106 5812 1253 5879 mihi,
1318 5815 1359 5870 si
1416 5832 1535 5871 cum
1578 5819 1925 5889 quadraginta
1972 5822 2157 5877 diebus
2184 5840 2214 5879 a

1359 364 1415 488 s.
1456 422 1730 482 lOA‘NNtS
1767 384 2236 476 cunt'sosroin
2277 408 2591 465 AttCttlEP.
2634 407 3169 466 (ZONSTANTINOP.

3794 406 3819 458 l
3832 402 3919 460 δ”)

2316 521 2474 588 longe
2500 521 2689 576 morbo
2716 523 3075 587 convalueris,
3108 535 3293 576 rursus
3318 528 3372 574 te
3411 516 3574 573 dedas
3613 514 3748 571 cibis
3804 516 3927 565 illis

2316 609 2404 675 qui
2446 610 2661 664 morbos
2692 621 2991 678 procreant,
3016 615 3305 665 nonetiam
3338 613 3563 679 priorem
3599 613 3780 681 perdis
3827 614 3919 667 la-

2318 699 2541 755 boran
2567 700 2697 755 Nam
2739 703 2783 755 si
2822 712 3092 756 mutantur
3116 720 3233 772 qum
3258 718 3379 758 sunt
3410 706 3691 769 naturalia,
3726 709 3920 761 multo

2318 792 2484 860 magis
2512 807 2630 861 qum
2673 794 2841 845 nostri
2889 802 3011 847 sunt
3061 794 3214 850 liberi
3261 798 3487 849 arbitrii.
3540 797 3610 853 Ut
3659 799 3918 867 exempli

2314 893 2494 943 causa,
2521 892 2708 934 natura
2737 882 2994 947 videmus,
3020 893 3073 938 et
3098 899 3256 938 sanos
3282 887 3536 940 habemus
3555 888 3777 952 oculos;
3807 888 3917 942 sed

2318 982 2460 1038 saepe
2481 988 2509 1023 a
2540 971 2677 1024 mala
2706 970 3018 1027 habitudine
3045 972 3256 1028 la‘ditur
3285 986 3465 1029 nostra
3494 977 3705 1031 videndi
3729 978 3922 1032 facul-

2319 1068 2419 1113 tas.
2444 1059 2496 1113 Si
2550 1075 2679 1128 ergo
2705 1071 2977 1114 mutantur
3005 1065 3263 1117 naturalia
3286 1106 3300 1127 ,
3330 1080 3507 1121 annon
3531 1068 3697 1120 multo
3726 1070 3919 1136 magis

2312 1164 2430 1215 qua:
2462 1151 2624 1203 nostri
2652 1160 2776 1203 sunt
2803 1151 2951 1204 liberi
2979 1152 3225 1206 arbitrii?
3252 1156 3611 1224 Quadraginta
3643 1157 3761 1211 dies
3808 1158 3918 1211 tri-

2314 1238 2429 1292 buis
2459 1241 2668 1293 sanitati
2701 1244 2909 1303 animm,
2936 1242 3177 1296 fortassis
3197 1255 3373 1298 autem
3401 1262 3500 1300 nec
3521 1248 3913 1319 quadraginta,

2312 1340 2365 1380 et
2396 1339 2445 1382 te
2467 1330 2627 1383 Deum
2650 1330 2887 1399 placasse
2914 1335 3229 1400 exsliectas?
3252 1335 3477 1401 Jocaris,
3497 1353 3531 1391 ο
3553 1339 3737 1392 homo.
3770 1340 3919 1395 ηενρ

2313 1420 2454 1482 dico,
2498 1436 2602 1475 non
2640 1422 2720 1491 ab
2767 1438 2871 1475 uno
2896 1423 3190 1493 eodemque
3234 1442 3411 1479 mmuo
3436 1442 3653 1484 acoessu
3680 1446 3780 1485 vos
3809 1448 3914 1485 ar-

2312 1526 2461 1573 cens.
2492 1513 2583 1567 sed
2617 1514 2789 1582 potius
2817 1516 2998 1569 volens
3020 1531 3113 1569 vos
3145 1528 3403 1586 perpetuo
3430 1520 3495 1574 ad
3522 1533 3706 1576 saneta
3732 1540 3916 1579 acce-

2312 1604 2463 1658 dere.
2496 1604 2781 1673 Propterea
2820 1609 3078 1660 acclamat
3127 1610 3287 1662 etiam
3327 1611 3578 1666 sacerdos
3607 1623 3734 1669 tunc
3772 1632 3914 1670 san-

2311 1700 2425 1745 ctus
2462 1708 2675 1755 vocans,
2726 1706 2776 1749 et
2810 1712 2903 1763 per
2940 1696 3074 1751 hanc
3116 1714 3297 1753 vocem
3324 1716 3512 1757 omnes
3533 1718 3805 1771 serutans,
3847 1718 3914 1762 ut

2312 1798 2470 1837 nemo
2516 1786 2734 1839 accedat
2761 1802 2864 1840 non
2915 1800 3262 1857 pra'paratus.
3305 1793 3451 1847 Sient
3495 1797 3635 1849 enim
3690 1799 3743 1853 in
3787 1816 3912 1855 uno

2312 1890 2492 1944 grege,
2525 1877 2574 1929 in
2604 1893 2707 1945 quo
2751 1879 2926 1932 multa:
2971 1882 3183 1948 quidem
3213 1898 3341 1937 ores
3380 1896 3502 1938 sunt
3551 1901 3715 1949 sanze,
3772 1891 3910 1945 alia:

2310 1975 2487 2019 autem
2508 1966 2677 2035 plena:
2708 1978 2832 2021 sunt
2856 1970 3052 2033 scabie,
3084 1986 3303 2027 necesse
3330 1984 3413 2027 est
3438 1991 3565 2030 oves
3597 1992 3689 2031 eas
3715 1982 3907 2035 arceri

2310 2071 2338 2108 a
2369 2059 2513 2110 sanis
2544 2075 2559 2113 :
2593 2060 2659 2112 ita
2690 2062 2848 2116 etiam
2882 2062 2932 2114 in
2961 2061 3231 2129 Ecclesia;
3258 2068 3506 2135 quoniam
3535 2071 3652 2125 alia:
3672 2072 3907 2143 quidem

2310 2162 2436 2203 oves
2458 2160 2582 2203 sunt
2608 2166 2770 2211 sonte.
2804 2154 2923 2208 aliae
2944 2169 3071 2209 vero
3101 2157 3235 2210 male
3259 2158 3487 2224 affectae,
3519 2176 3614 2229 per
3637 2162 3779 2219 hanc
3801 2180 3905 2220 vo.

2310 2254 2425 2294 cem
2452 2241 2546 2296 has
2570 2255 2715 2297 arcet
2736 2245 2801 2300 ab
2831 2246 2955 2312 illis,
2983 2246 3035 2300 in
3062 2261 3276 2303 omnem
3316 2260 3521 2319 partem
3552 2254 3764 2321 obiens,
3799 2273 3905 2327 per

2312 2330 2447 2387 hanc
2470 2347 2651 2387 vocem
2681 2334 2832 2389 valde
2860 2336 3150 2392 terribilem
3172 2339 3423 2395 sacerdos
3449 2351 3664 2397 sanctos
3691 2360 3908 2401 vocans

2312 2431 2365 2475 et
2391 2424 2624 2479 trahens.
2659 2426 2787 2481 Nam
2818 2430 3068 2497 quoniam
3115 2432 3229 2486 fieri
3284 2449 3388 2489 non
3418 2446 3593 2505 potest
3643 2446 3699 2491 ut
3727 2439 3905 2494 homo

2312 2514 2449 2566 norit
2477 2530 2595 2583 quae
2622 2528 2743 2571 sunt
2770 2520 3025 2587 proximi;
3053 2520 3177 2585 Quis
3203 2524 3353 2590 enim,
3401 2527 3590 2595 inquit,
3633 2544 3695 2582 ea:
3723 2528 3904 2583 fronti-

2314 2605 2458 2658 nibus
2480 2610 2612 2659 novit
2636 2625 2750 2677 qua:
2774 2621 2888 2663 sunt
2913 2612 3151 2673 hominis,
3181 2616 3280 2667 nisi
3307 2617 3517 2681 spiritus
3544 2619 3783 2685 hominis,
3808 2623 3902 2690 qui

2309 2707 2379 2748 est
2414 2698 2466 2749 in
2505 2697 2703 2753 homine
2730 2702 2747 2769 (
2775 2701 2826 2757 1.
2857 2701 2977 2758 Cor.
3007 2702 3064 2759 2.
3100 2705 3159 2758 Η
3184 2705 3240 2775 )i
3280 2707 3474 2761 emittit
3523 2708 3660 2764 hanc
3698 2727 3899 2768 vocem

2310 2800 2584 2859 postquam
2610 2804 2879 2860 peractum
2906 2794 3008 2849 fuit
3033 2798 3375 2865 sacrificium,
3410 2808 3467 2856 ut
3506 2816 3668 2858 nemo
3698 2803 3899 2859 incon-

2309 2880 2538 2935 siderate
2562 2897 2659 2937 nec
2684 2891 2885 2940 temere
2910 2886 2974 2941 ad
3009 2887 3145 2945 hunc
3169 2889 3367 2946 fontem
3389 2894 3607 2950 accedat
3631 2896 3897 2964 Spiritua-

2309 2970 2431 3025 lem.
2486 2972 2613 3025 Nam
2660 2974 2711 3030 in
2745 2992 2903 3047 grege
2931 2980 3101 3050 (nihil
3132 2982 3273 3035 enim
3304 2993 3445 3037 vetat
3470 2987 3758 3055 quominus
3790 3002 3893 3044 eo-

2307 3060 2424 3113 dem
2460 3078 2641 3119 rursus
2665 3074 2875 3122 utamur
2897 3071 3182 3140 exemplo)
3206 3073 3475 3129 morbidas
3500 3076 3711 3145 quidem
3741 3076 3893 3131 intus

2311 3149 2670 3211 includimus.
2724 3164 2778 3207 et
2826 3154 3124 3210 detinemus
3150 3157 3202 3211 in
3252 3158 3519 3225 tenebris,
3558 3172 3611 3215 et
3637 3161 3716 3216 eis
3746 3161 3897 3217 aliud

2311 3240 2497 3294 damus
2537 3243 2951 3309 nutrimentum,
3008 3262 3110 3301 non
3154 3250 3522 3317 permittentes
3581 3263 3637 3306 ut
3690 3270 3891 3322 purum

2312 3331 2559 3386 hauriant
2585 3350 2785 3399 aerem,
2828 3352 2998 3405 neque
3034 3350 3089 3392 ut
3116 3340 3277 3393 herba
3327 3352 3615 3397 vescantur
3639 3346 3855 3401 sincera
3879 3386 3895 3412 ,

2312 3438 2488 3490 neque
2517 3433 2572 3477 ut
2600 3440 2628 3477 a
2660 3424 2803 3480 fonte
2830 3429 2916 3496 qui
2949 3439 3029 3482 est
3058 3428 3185 3483 foris
3229 3432 3431 3487 bibant.
3465 3433 3606 3503 Ergo
3635 3433 3722 3490 hic
3753 3452 3895 3506 quo-

2310 3527 2414 3580 que
2441 3512 2554 3568 inec
2584 3529 2680 3568 vox
2714 3526 2795 3570 est
2826 3519 2991 3571 instar
3028 3519 3303 3586 cujusdam
3338 3523 3553 3579 vinculi.
3576 3524 3691 3578 Non
3733 3536 3897 3594 potes

2310 3600 2490 3657 dicere
2516 3621 2530 3658 :
2558 3603 2890 3669 Nesciebam,
2917 3607 3223 3676 ignorabam
3263 3610 3401 3666 hanc
3442 3628 3553 3666 rem
3594 3616 3748 3684 sequi
3799 3631 3896 3686 pe-

2311 3692 2538 3750 riculum
2566 3713 2578 3747 :
2600 3696 2827 3749 maxime
2846 3696 2943 3752 hoc
2960 3708 3287 3767 protestatus
3301 3712 3378 3756 est
3396 3703 3610 3758 Paulus.
3630 3706 3892 3763 Atdices:

2314 3782 2433 3835 Non
2459 3785 2601 3851 legi?
2642 3786 2753 3840 lloc
2800 3803 2904 3841 non
2941 3800 3023 3843 est
3071 3794 3380 3859 excusatio,
3430 3794 3522 3849 sed
3568 3801 3891 3854 accusatio:

2312 3873 2548 3941 quotidie
2572 3876 2864 3945 ingrederis
2890 3879 3173 3935 ecclesiam
3196 3923 3209 3946 ,
3243 3894 3294 3937 et
3317 3885 3419 3939 hoc
3440 3886 3614 3942 adhuc
3639 3888 3895 3957 ignoras?

2382 3964 2436 4018 5.
2470 3964 2761 4020 Sacerdotis
2791 3970 2858 4020 ad
2900 3973 3137 4040 mysteria
3177 3976 3400 4031 vocantis
3439 3978 3649 4032 clamor.
3677 3980 3893 4038 —C:2-

2313 4062 2483 4107 terum
2516 4066 2572 4109 ut
2614 4072 2681 4109 ne
2718 4056 2820 4111 hoc
2849 4060 3064 4128 quidem
3094 4064 3269 4131 possis
3312 4066 3390 4119 uti
3415 4078 3697 4136 praztextu,
3728 4086 3797 4127 ea
3828 4072 3896 4126 de

2310 4158 2467 4195 caiisa
2492 4160 2677 4215 magna
2703 4162 2851 4213 voce,
2875 4151 3098 4207 terribili
3121 4154 3374 4221 clamore,
3397 4169 3663 4229 tamquam
3688 4177 3889 4230 prmco,

2312 4248 2527 4287 manum
2559 4237 2749 4291 tollens
2781 4239 2830 4291 in
2862 4240 3047 4305 altum,
3080 4254 3227 4297 stans
3254 4248 3499 4302 excelsus
3544 4261 3597 4303 et
3639 4254 3895 4307 omnibus

2312 4322 2641 4391 manifestus,
2696 4338 2749 4380 et
2794 4330 2843 4383 in
2870 4332 3145 4385 tremendo
3188 4336 3279 4390 illo
3308 4338 3518 4392 silentio
3542 4340 3893 4397 vehementer

2311 4414 2631 4483 vociferans,
2684 4418 2813 4472 alios
2844 4421 3056 4490 quidem
3084 4435 3240 4479 vocat
3260 4471 3275 4493 ,
3316 4428 3451 4482 alios
3480 4447 3604 4483 vero
3630 4443 3780 4487 arcet
3809 4448 3892 4489 Sa-

2311 4506 2504 4561 cerdos
2534 4527 2546 4560 :
2578 4526 2684 4563 non
2717 4510 2817 4565 hoc
2844 4528 2998 4567 manu
3028 4515 3245 4581 faciens,
3277 4519 3369 4573 sed
3416 4520 3589 4590 lingua
3618 4523 3818 4579 clarius
3838 4537 3891 4578 et

2311 4600 2547 4665 apertius
2576 4616 2731 4670 quam
2770 4619 2947 4657 manu.
2976 4604 3109 4659 Nam
3135 4623 3231 4661 vox
3258 4608 3343 4661 illa
3376 4610 3428 4664 in
3476 4621 3684 4667 nostras
3726 4629 3887 4670 aures

2312 4687 2572 4754 incidens,
2623 4702 2887 4764 tamquam
2922 4710 3110 4751 manus
3162 4699 3298 4752 alios
3337 4700 3550 4769 quidem
3589 4704 3812 4774 expellit
3836 4717 3887 4759 et

2311 4780 2476 4849 ejicit,
2506 4782 2639 4837 alios
2666 4797 2839 4839 autem
2863 4789 3151 4844 introducit
3173 4792 3402 4845 etsistit.
3440 4792 3530 4848 Die
3558 4796 3705 4861 mihi,
3731 4814 3883 4869 rogo,

2313 4873 2364 4925 in
2395 4873 2684 4944 Olympit'is
2725 4881 3105 4936 certaminibus
3136 4898 3310 4938 nonne
3347 4895 3451 4939 stat
3490 4902 3664 4956 praeco
3694 4906 3883 4963 magna

2312 4974 2364 5019 et
2412 4968 2514 5019 alta
2554 4983 2685 5022 voce
2734 4971 2989 5036 clamans,
3032 4984 3081 5028 et
3138 4975 3323 5031 dicens
3354 4996 3365 5030 :
3399 4978 3662 5049 Numquid
3693 4984 3884 5054 aliquis

2314 5056 2453 5110 hunc
2482 5066 2716 5125 accusat,
2748 5061 2888 5115 sitne
2918 5078 3125 5130 servus,
3156 5075 3246 5119 aut
3288 5066 3391 5131 fur,
3422 5080 3515 5123 aut
3544 5073 3696 5126 malis
3721 5075 3872 5129 mori-

2312 5146 2445 5200 bus?
2473 5164 2786 5216 quamquam
2812 5152 2897 5206 illa
2932 5156 3217 5209 certamina
3268 5172 3374 5211 non
3401 5168 3525 5213 sunt
3568 5162 3752 5226 animi,
3789 5180 3879 5218 nec

2312 5255 2535 5303 morum,
2563 5256 2659 5294 nec
2690 5244 2903 5309 mentis,
2935 5244 3029 5298 sed
3051 5246 3253 5301 roboris
3274 5256 3327 5301 et
3356 5253 3616 5318 corporis.
3647 5252 3702 5308 Si
3731 5270 3877 5325 ergo.

2313 5333 2398 5384 ubi
2425 5344 2506 5386 est
2534 5335 2844 5390 exercitatio
2889 5351 3173 5407 corporum
3196 5380 3209 5404 ,
3244 5340 3466 5395 instituti
3498 5354 3553 5395 et
3596 5344 3879 5400 voluntatis

2312 5438 2499 5492 magna
2531 5425 2602 5477 sit
2643 5426 2930 5492 inquisitio,
2963 5438 3160 5498 quanto
3200 5432 3365 5498 magis
3396 5430 3502 5493 hic,
3533 5432 3617 5484 ubi
3651 5442 3759 5491 tota
3800 5446 3878 5488 cst

2309 5518 2471 5569 animi
2502 5516 2813 5571 deccrtatio.
2834 5519 2950 5572 Stat
2970 5536 3097 5589 ergo
3125 5538 3264 5576 nunc
3290 5536 3503 5593 quoque
3519 5527 3606 5591 qui
3637 5533 3720 5578 est
3740 5524 3873 5594 apud

2311 5625 2405 5660 nos
2438 5623 2631 5675 praeco,
2665 5624 2767 5662 non
2808 5626 3234 5683 unumquemque
3275 5614 3449 5683 capite
3493 5623 3677 5671 tenens
3704 5625 3757 5673 et
3782 5616 3872 5672 ad-

2300 5718 2535 5779 ducens.
2571 5714 2663 5770 sed
2695 5730 2883 5769 omnes
2934 5715 3090 5769 simul
3137 5714 3347 5770 interno
3394 5715 3568 5785 capite
3594 5713 3882 5771 detinens:

2302 5827 2405 5865 non
2429 5810 2563 5864 alios
2593 5810 2723 5877 ipsis
2749 5807 2888 5861 sistit
2918 5816 3277 5872 accusatores,
3312 5808 3403 5864 sed
3436 5808 3582 5877 ipsos
3603 5807 3837 5881 sibiipsis
3866 5827 3878 5859 ς
